4030 6464
313 372 419 450 an
1176 362 1536 439 comm.
1572 372 1645 433 1N
1682 302 2300 431 secessissrtctiu.
2339 401 2409 412 —
2443 366 2574 427 Lm.
2610 364 2676 426 v.
3486 353 3592 423 sis

324 514 348 556 α
389 506 497 566 me,
528 500 582 553 et
623 498 815 552 animat
846 482 1167 551 irreverenti
1191 499 1249 549 et
1288 484 1561 549 infrunitae
1596 503 1666 545 ne
1721 489 1903 546 tradas
1930 484 1984 553 Α
2008 484 2154 542 aliud
2180 483 2536 556 quodcunque
2564 472 2975 555 juramentnm;
3022 477 3095 536 sit
3133 483 3312 534 autem
3341 484 3590 534 vestrum

327 613 349 650 ι
392 604 499 650 me.
537 600 556 644 i
605 584 773 646 Deum
809 594 1017 660 patrem
1043 580 1419 641 universorum
1465 589 1520 639 et
1560 576 1823 638 factorem
1850 590 1905 638 et
2002 578 2395 650 juramentum,
2426 586 2529 644 est,
2570 582 2671 642 est,
2702 590 2833 637 non.
2865 590 2974 631 non
3009 572 3152 640 (Jac.
3178 573 3256 647 ν),
3296 593 3314 626 ι
3354 573 3481 645 quia
3508 572 3592 629 le-

323 686 718 749 dominatdreni
763 664 889 740 vita)
930 674 1183 737 iiumanre
1228 686 1383 750 rogat
1433 688 1501 733 ne
1554 689 1614 732 se
1667 678 1903 743 deserat,
2009 668 2265 727 thiferum
2302 669 2498 743 linguae
2532 669 2686 724 virus
2711 665 2780 723 ad
2806 673 3078 738 integrum
3105 666 3163 722 in
3192 665 3306 721 suis
3331 664 3594 722 auditori-

318 796 422 849 nec
449 772 507 837 in
537 770 821 835 consilium
864 770 1222 847 malignorum
1250 764 1539 843 spirituum
1566 768 1752 827 venire
1779 782 1906 841 per-
2006 760 2111 819 bus
2149 762 2445 819 exhaurire
2484 759 2777 824 desiderat,
2806 759 2897 830 qui
2940 756 3231 849 detrahere
3273 754 3595 849 alterutrum

319 847 521 945 mittat,
575 860 671 927 sed
720 868 892 943 magis
933 865 1087 923 tollat
1133 862 1202 921 ab
1247 879 1313 921 eo
1352 863 1641 920 elationem
1688 862 1905 928 mentis,
2008 856 2213 923 vetuit,
2263 855 2357 926 qui
2398 854 2647 926 judicare
2690 851 2998 945 proximum
3041 847 3355 945 interdixit,
3400 847 3497 945 qui
3536 848 3597 945 in

321 940 591 1036 omneque
630 940 957 1017 deside—rium
983 973 1211 1032 pravum
1250 955 1459 1013 auferat
1491 954 1906 1028 gastrimargiae,
2016 944 2439 1004 adversitatibus
2493 946 2815 1001 alterutrum
2855 942 3237 1036 ingemiscere
3300 940 3596 1036 prohibuit,

319 1052 426 1117 hoc
452 1033 555 1125 est,
596 1052 731 1129 gulae
771 1055 982 1121 vitium,
1028 1060 1083 1109 et
1109 1048 1390 1111 libidinem
1430 1050 1826 1115 fornicationis,
1846 1036 1913 1105 'et
2012 1054 2132 1112 quae
2158 1048 2284 1096 sunt
2312 1046 2496 1112 aperta
2524 1044 2768 1109 peccata;
2792 1034 2952 1129 addit
2980 1036 3148 1091 etiam
3177 1037 3281 1092 hoc
3308 1034 3450 1129 quod
3476 1033 3602 1105 qui-

322 1153 560 1211 maxime
585 1168 654 1207 ne
679 1151 874 1209 animm
902 1149 1222 1206 irreverenti
1250 1155 1304 1204 et
1330 1146 1612 1219 impudicae
1642 1144 1909 1213 tradatur,
2011 1134 2239 1194 busdam
2276 1137 2394 1192 leve
2418 1136 2656 1200 videtur,
2682 1138 2745 1187 ut
2782 1122 2921 1205 juris
2956 1144 3170 1202 quoque
3208 1128 3427 1200 jurandi
3465 1142 3600 1185 con-

324 1247 533 1305 sci-licet
576 1262 645 1303 ne
683 1241 991 1315 huiusmodi
1029 1243 1177 1299 vitiis
1219 1242 1465 1315 capiatur
1495 1247 1589 1295 aut
1622 1232 1907 1310 obligetur.
2014 1230 2353 1286 suetudinem
2376 1228 2549 1284 tollat.
2578 1226 2711 1281 Nam
2737 1226 2841 1281 hoc
2864 1238 3083 1295 quoque
3110 1221 3604 1315 illisrneqtraquam

322 1335 533 1397 Dicitur
562 1338 705 1393 enim
738 1309 880 1393 Deus
907 1334 1123 1392 tradere
1150 1309 1429 1391 hominem
1456 1331 1615 1389 alicui
1644 1332 1908 1407 periculo,
2010 1320 2510 1395 parvipendendum
2538 1324 2788 1390 patenter
2820 1323 3065 1388 apparet,
3100 1314 3201 1407 qui
3222 1313 3370 1407 illam
3389 1309 3606 1407 Domini

324 1428 541 1501 quando
565 1424 712 1499 justo
734 1428 939 1504 judicio
962 1428 1230 1507 permittit
1253 1444 1376 1483 eum
1408 1402 1731 1484 inciderevin
1759 1424 1909 1481 illud.
2016 1413 2341 1470 sententiam
2372 1411 2604 1468 sollicite
2637 1406 3005 1507 considerant,
3036 1422 3143 1507 qua
3175 1406 3344 1507 dicit}
3378 1420 3396 1456 ι
3433 1402 3609 1507 Omne

322 1521 449 1578 Ideo
481 1537 734 1593 rogamus
771 1521 921 1577 illum
962 1518 1017 1579 in
1054 1518 1299 1577 oratione
1322 1518 1624 1587 Dominica,
1654 1535 1723 1574 ne
1758 1518 1915 1575 indu-

2053 1507 2239 1561 erbum
2273 1506 2531 1572 otiosum,
2560 1504 2706 1575 quod
2742 1503 2910 1559 locuti
2954 1501 3157 1557 fuerint
3181 1497 3454 1563 homines,
3483 1493 3611 1552 red-

325 1620 415 1670 eat
444 1590 640 1669 nosvin
682 1611 1056 1681 tentationem,
1096 1610 1201 1669 hoc
1245 1618 1349 1679 est,
1389 1626 1457 1667 ne
1488 1608 1773 1683 permittat
1815 1623 1916 1665 nos
2019 1602 2151 1658 dent
2194 1602 2464 1657 rationem
2501 1601 2566 1655 de
2607 1615 2673 1655 eo
2721 1599 2773 1655 in
2805 1594 2892 1655 die
2924 1592 3110 1673 iudicii
3172 1593 3389 1668 (Matth.
3417 1590 3544 1683 xu),
3589 1609 3608 1643 ι

327 1702 507 1760 induci
558 1698 613 1759 in
642 1703 1018 1760 tentationem.
1071 1722 1090 1754 ι
1131 1702 1275 1757 Deus
1300 1696 1444 1758 enim
1478 1680 1752 1757 neminem
1800 1706 1918 1755 ten-
2019 1701 2081 1749 ut
2109 1709 2215 1749 non
2243 1692 2345 1749 sub
2365 1690 2571 1762 judicio
2597 1690 2879 1747 decldatis.
2931 1686 3074 1753 Ideo,
3108 1685 3303 1757 inquit,
3331 1699 3431 1740 vos
3466 1697 3493 1737 a
3516 1680 3613 1749 ju-

329 1803 430 1863 tat,
475 1816 494 1849 ι
531 1788 636 1853 hoc
660 1802 766 1863 est,
792 1795 1062 1851 neminem
1090 1793 1310 1864 decipit,
1350 1811 1369 1846 ‹
1410 1792 1538 1865 quia
1576 1792 1691 1864 ipse
1734 1792 1914 1848 inten—
1956 1862 1959 1865 Α
2022 1785 2254 1843 rationis
2297 1784 2457 1856 culpa
2504 1796 2825 1855 compesco,
2878 1795 2947 1836 ne
2988 1771 3308 1850 frequenter
3353 1788 3482 1832 vera
3528 1789 3616 1846 ju-

328 1892 478 1944 tator
504 1890 588 1946 est
616 1862 882 1945 malorum
916 1862 1377 1943 tentamentorum
1406 1862 1622 1960 (Matth.
1649 1883 1749 1960 vt).
1786 1904 1807 1939 ι
1945 1862 1995 1934 Β
2023 1878 2213 1941 rando,
2250 1874 2540 1948 aliquando
2571 1875 2738 1930 etiam
2778 1874 2834 1927 in
2871 1866 3170 1960 perjurium
3197 1865 3489 1934 decidatis;
3523 1866 3619 1921 sed

925 1999 1153 2056 CAPUT
1191 1998 1304 2057 Vm
1418 1958 1425 1960 ﬂ
1708 1958 1715 1960 ⁷
2023 1987 2090 2029 eo
2127 1971 2344 2041 longius
2377 1984 2407 2023 a
2437 1964 2718 2040 pejerandi
2759 1963 2895 2020 vitio
2927 1958 3116 2057 stetis,
3156 1974 3263 2031 quo
3303 1972 3619 2057 nee-verum

1074 2047 1221 2135 In;
1240 2047 1531 2135 Σιιιῑρηιιη,
1704 2100 1709 2105 ~
2023 2063 2275 2135 deierare
2318 2062 2423 2116 nisi
2469 2070 2571 2132 pro
2612 2058 2855 2114 maxima
2901 2052 3229 2111 necessitate
3266 2047 3466 2106 Velitis.
3515 2048 3623 2105 Sed

2024 2166 2079 2214 et
2096 2134 2197 2212 ille
2223 2156 2323 2211 sub
2344 2153 2608 2223 judicium
2636 2158 2821 2207 reatus
2848 2146 3069 2213 decidit,
3097 2140 3191 2217 qui
3218 2134 3321 2200 etsi
3346 2154 3623 2213 nunquam

2023 2248 2250 2325 pejerat,
2285 2247 2533 2304 crebrius
2571 2251 2755 2300 tamen
2788 2256 2949 2313 quam
2979 2252 3115 2312 Opus
3143 2242 3227 2296 est
3256 2248 3446 2293 verum
3477 2230 3625 2305 deje—

2027 2353 2151 2401 rat:
2178 2343 2305 2415 quia
2334 2340 2593 2397 nimirum
2633 2338 2749 2408 ipsa
2782 2333 3069 2406 superfluas
3099 2327 3391 2388 locutionis
3432 2326 3624 2383 otiosi-

2028 2444 2140 2495 tate
2182 2433 2467 2505 delinquit,
2515 2429 2848 2500 offenditque
2884 2422 3143 2495 judieern,
3196 2418 3291 2494 qui
3336 2424 3393 2477 et
3438 2416 3628 2475 inutile

2026 2532 2253 2589 verbum
2280 2536 2334 2585 et
2355 2527 2724 2598 juramentum
2752 2537 2914 2578 omne
2937 2519 3128 2576 vetuit.
3208 2578 3213 2581 _

2109 2644 2127 2677 ι
2176 2624 2327 2695 Sicut
2355 2620 2498 2677 enim
2531 2633 2723 2675 servus
2749 2617 3117 2688 interrogatus
3145 2609 3367 2669 assidue
3401 2620 3433 2663 a
3457 2602 3629 2663 livore

2040 2734 2059 2769 ι
2105 2712 2528 2772 nonminuitur
2570 2728 2583 2763 :
2619 2709 2699 2765 sic
2738 2707 2916 2764 omnis
2944 2721 3137 2776 jurans
3166 2710 3222 2761 et
3247 2702 3541 2760 nominans
3569 2697 3627 2753 in

2042 2825 2061 2859 ι
2106 2814 2221 2862 toto
2251 2819 2281 2859 a
2308 2812 2538 2876 peccato
2568 2816 2673 2856 non
2702 2798 3043 2871 purgabitur.
3082 2816 3099 2849 ι
3134 2794 3364 2853 Servum
3400 2792 3633 2848 interro-

2034 2908 2220 2974 gatum
2273 2896 2406 2956 dicit
2457 2891 2887 2964 eorreptionibus
2938 2889 3283 2962 castigatum.
3365 2881 3525 2974 Unde
3573 2881 3630 2937 in

2035 2971 2337 3065 martyrum
2366 2985 2711 3061 passionibus
2745 2982 3229 3055 interrogationem
3279 2991 3381 3053 pro
3409 2971 3637 3046 ﬂagellis

2038 3092 2094 3138 et
2122 3079 2408 3137 tormentis
2437 3079 2675 3151 positum
2704 3075 3033 3132 invenimus.
3077 3071 3229 3128 Sicut
3271 3069 3418 3126 enim
3448 3079 3639 3124 servus

2042 3175 2257 3232 assidue
2287 3181 2571 3245 correptus
2600 3186 2629 3225 a
2656 3169 2845 3226 livoris
2874 3165 3103 3223 crimine
3146 3178 3255 3219 non
3281 3158 3635 3225 abstrahitur,

1965 3244 2011 3314 (ἶ
2043 3266 2138 3324 sed
2171 3264 2343 3339 magis
2373 3263 2441 3319 ad
2468 3262 2651 3319 odium
2671 3265 3021 3332 provocatur,
3055 3256 3134 3311 sic
3159 3253 3337 3310 omnis
3362 3250 3556 3323 jurans
3581 3256 3639 3304 et

2042 3359 2333 3417 nominans
2358 3373 2498 3428 saepe
2530 3357 2584 3411 in
2609 3352 2923 3424 iuramento
2943 3364 3042 3406 suo
3065 3363 3260 3403 nomen
3280 3344 3376 3402 Dei
3404 3354 3637 3399 nomen-

2044 3469 2149 3526 que
2177 3459 2491 3508 sanctorum
2520 3446 2637 3518 ejtis
2666 3445 2791 3502 inde
2820 3460 2851 3500 a
2879 3441 3123 3518 peccatis
3168 3454 3275 3496 non
3299 3434 3642 3515 purgabitur,

2045 3545 2141 3602 sed
2157 3545 2329 3617 magis
2352 3541 2631 3613 polluitur.

2124 3657 2142 3687 ι
2179 3635 2279 3691 Vir
2310 3632 2539 3689 multum
2557 3629 2751 3701 jurans
2774 3624 3085 3700 implebitur
3115 3622 3423 3697 iniquitate,
3449 3626 3504 3676 et
3533 3633 3645 3675 non

2054 3751 2073 3784 (
2119 3728 2362 3786 discedet
2415 3742 2446 3781 a
2485 3725 2646 3781 domo
2693 3723 2838 3780 illius
2862 3721 3039 3799 plaga.
3089 3718 3158 3775 Et
3202 3717 3247 3775 si
3277 3710 3645 3778 frustraverit,

2054 3844 2073 3878 ‹
2121 3823 2377 3881 delictum
2409 3819 2579 3892 ipsius
2605 3834 2767 3891 supra
2818 3817 2995 3891 ipsum
3028 3809 3133 3871 erit
3156 3830 3171 3870 :
3196 3821 3251 3867 et
3275 3806 3320 3866 si
3348 3807 3642 3865 simulave-

2057 3936 2075 3970 ι
2124 3916 2217 3982 rit,
2246 3913 2525 3987 delinquat
2556 3909 2863 3982 dupliciter.
2916 3907 2984 3971 Et
3009 3900 3052 3962 si
3088 3904 3143 3960 in
3170 3916 3402 3959 vacuum
3427 3899 3649 3987 jureve-

2056 4030 2076 4063 ι
2124 4010 2213 4077 rit,
2253 4024 2363 4069 non
2383 3982 2789 4078 justiﬁeabitur.
2829 4022 2848 4055 ι
2896 3990 2988 4056 ille
3014 4013 3146 4071 ergo
3175 3994 3268 4068 qui
3297 4007 3455 4049 usum
3483 3982 3652 4046 habet

2051 4103 2175 4179 plus
2200 4117 2367 4177 quam
2397 4090 2555 4156 decet
2601 4095 2846 4170 jurandi,
2879 4091 3194 4165 gravabitur
3225 4084 3421 4145 delicto
3472 4091 3653 4179 trans-

2053 4174 2379 4270 gressionis,
2428 4209 2536 4266 quo
2586 4189 2986 4262 transgreditur
3038 4185 3354 4249 mandatum
3400 4174 3518 4249 Dei,
3558 4179 3653 4254 qui

2054 4287 2315 4363 praecepit
2355 4286 2579 4345 omnino
2627 4299 2734 4341 non
2773 4283 2981 4356 iurare.
3033 4279 3188 4337 Unde
3213 4293 3323 4337 non
3352 4270 3595 4333 discedet
3619 4288 3689 4359 a_

2057 4384 2219 4441 domo
2259 4379 2504 4453 corporis
2531 4377 2649 4450 ejus
2678 4376 2835 4450 plaga
2859 4373 3138 4442 vindictae,
3163 4370 3293 4443 quia
3316 4386 3415 4441 per
3437 4380 3652 4440 praeva-

362 4462 1834 4573 i;.';;;;’.;s;i:';'::.i°i'.;';.:’.;;t.ii“ﬂgiti“?
1867 4462 1954 4484 ’Ψ
2058 4474 2379 4532 “mm”
2415 4468 2843 4573 ¹ί“ε“³⁸.⁵¹³Ρίδίί
2883 4464 3047 4573 ἓί¹¹ἷ¹¹¹
3075 4480 3201 4573 οξιω
3228 4462 3654 4573 “ww”?

750 4552 766 4583 s
799 4525 1010 4683 itionesC
1010 4516 1355 4683 2113:3211;
1391 4516 1445 4590 (I
1466 4516 1631 4574 learn.
1653 4518 1737 4591 ιι)ι
1786 4538 1807 4572 ι
1981 4619 2036 4679 D
2062 4570 2342 4642 gehennze.
2375 4565 2435 4622 Si
2463 4516 2594 4637 e;go
2621 4563 2676 4618 in
2700 4561 2935 4637 iurando
2964 4559 3212 4621 fraudem
3239 4516 3654 4634 perpeti-merit,

1332 4664 1349 4682 ’
2063 4668 2341 4683 ’μω-ω
2369 4658 2477 4683 Αε--κ
2506 4671 2664 4683 mnu
2701 4656 2874 4683 ξηαπ-η
2906 4652 3040 4683 η-ςα.
3085 4650 3126 4683 ος
3162 4656 3340 4683 ...ηοω
3369 4645 3654 4683 “nam”...

968 4650 1147 4683 ωπυ
1166 4650 1195 4682 ι
1254 4650 1349 4683 ιλιι
1986 4650 2036 4679 υ
2098 4668 2344 4719 cacatum
2366 4658 2481 4729 ejus
2504 4671 2667 4727 supra
2700 4656 2876 4726 ipsum
2905 4652 3043 4720 erit;
3084 4650 3129 4706 si
3160 4656 3342 4704 autem
3369 4650 3658 4707 veritatem

366 4714 523 4785 Quod
553 4718 839 4774 cauendum
864 4721 931 4775 sit
969 4732 1001 4775 η
1017 4712 1346 4792 furantento,
1370 4714 1477 4778 sive
1497 4721 1630 4777 bona
1659 4714 1764 4779 sive
1792 4722 1951 4779 malo.
2062 4678 2165 4802 Em.
2202 4755 2568 4802 iummenmm
2617 4747 2972 4802 manifestam
3007 4740 3456 4802 dissimulaverit.
3486 4734 3659 4802 dupli-

2065 4770 2165 4829 per
2197 4755 2568 4825 juramentum
2617 4747 2972 4805 manifestare
3007 4741 3456 4806 dissimulaverit,
3486 4741 3594 4808 dup

442 4856 460 4886 ι
508 4826 777 4891 Jurationi
806 4852 912 4891 non
956 4846 1237 4892 assuescat
1259 4851 1322 4892 os
1351 4844 1535 4906 tuum;
1576 4834 1778 4893 multus
1809 4828 1957 4894 enim
2064 4817 2216 4905 ξείιειῖ
2240 4845 2523 4916 delinquit,
2563 4844 2668 4899 hoc
2699 4849 2817 4908 est,
2838 4840 2970 4912 quia
3004 4852 3103 4909 per
3140 4833 3541 4892 simulationem
3566 4842 3659 4883 ve-

373 4946 392 4980 (
437 4943 596 4984 casus
627 4924 681 4983 in
712 4919 823 4983 illa.
863 4924 1173 4984 Nominatio
1201 4944 1332 4985 vero
1360 4927 1457 4985 Dei
1504 4946 1611 4986 non
1638 4931 1710 4986 sit
1740 4931 1959 4987 assidua
2070 4941 2287 4995 ritatem
2326 4895 2541 5001 certavit,
2582 4942 2638 4991 et
2673 4934 2809 4991 alios
2847 4895 2944 5005 per
2981 4928 3277 4987 falsitatem
3314 4924 3370 4979 in
3411 4895 3708 5004 ert-eremi.

375 5043 393 5075 ι
439 5023 493 5080 in
532 5039 626 5083 ore
668 5030 778 5089 tuo,
825 5030 881 5078 et
918 5020 1228 5079 nominibus
1272 5030 1584 5079 sanctorum
1631 5040 1740 5079 non
1790 5024 1962 5080 admi-
2068 5033 2302 5090 seduxit.
2326 5031 2497 5091 Porro
2531 5029 2576 5085 si
2605 5030 2661 5097 in
2688 5001 2920 5083 vacuum
2956 5030 3011 5078 et
3033 5020 3152 5076 sine
3184 5017 3297 5073 ulla
3326 5012 3655 5071 necessitate

376 5137 393 5168 α
440 5118 642 5175 scearis
667 5132 683 5173 :
714 5117 969 5190 quoniam
998 5132 1104 5173 non
1136 5117 1245 5177 eris
1271 5116 1527 5173 immunis
1554 5116 1623 5172 ab
1649 5118 1746 5174 eis.
1787 5138 1807 5172 ι
1838 5118 1937 5179 ωε.

2071 5127 2127 5183 in
2150 5126 2325 5183 otiosa
2361 5123 2633 5179 locutione
2662 5134 2803 5192 saepe
2821 5117 3012 5190 jurare
3046 5129 3155 5170 non
3184 5110 3411 5179 caverit,
3430 5105 3659 5180 iustitiae

373 5212 518 5267 enim
547 5219 695 5267 vetat
714 5210 1107 5282 juramentum,
1138 5228 1206 5268 ne
1235 5212 1330 5269 fiat
1362 5211 1679 5284 periurium,
1709 5213 1937 5283 quonian

2073 5218 2326 5275 meritum
2357 5217 2559 5272 habere
2588 5230 2698 5271 non
2722 5209 2943 5284 poterit,
2975 5208 3073 5264 sed
3100 5219 3229 5263 reus
3250 5199 3435 5263 delicti
3476 5199 3532 5255 in
3557 5212 3660 5252 no-

375 5306 468 5378 qui
499 5322 639 5379 saepe
662 5304 831 5375 iurat,
863 5306 1154 5379 aliquando
1177 5305 1404 5381 pejerat.
1439 5302 1594 5363 Unde
1620 5305 1883 5365 Dominus
1908 5307 1963 5363 in
2072 5310 2297 5366 vissima
2340 5306 2701 5365 retributione
2744 5308 3017 5363 tormenta
3061 5292 3369 5357 sustinebit.
3410 5288 3544 5349 Inde
3572 5303 3632 5347 se

378 5398 671 5473 Evangelia
690 5403 1002 5474 iuramenta
1022 5401 1320 5474 prohibuit,
1345 5401 1601 5474 quoniam
1630 5401 1788 5457 noxia
1814 5409 1964 5468 sunt,
2074 5404 2258 5476 quitur
2288 5421 2303 5457 :

379 5506 436 5552 et
461 5495 515 5555 in
542 5493 841 5567 periurium
869 5494 1145 5550 hominem
1176 5495 1397 5553 mittunt
1428 5493 1645 5567 (Matth.
1690 5493 1762 5568 ν).
1812 5493 1967 5549 Sicut
2149 5515 2168 5546 ι
2215 5492 2535 5564 Replebitur
2588 5488 2734 5549 enim
2786 5486 3144 5549 retributione
3190 5482 3426 5558 pessima
3471 5478 3665 5568 domus

382 5563 752 5646 enim—falsum
782 5586 925 5658 loqui
953 5602 1061 5642 non
1089 5594 1287 5658 potest,
1325 5586 1418 5659 qui
1436 5563 1561 5643 non
1595 5563 1860 5657 loquitur,
1888 5585 1971 5641 sic
2076 5603 2094 5636 ι
2140 5563 2333 5639 illius.»
2366 5582 2478 5638 Nec
2502 5588 2588 5641 est
2614 5579 2719 5635 alia
2747 5576 3033 5637 retributio
3053 5573 3211 5649 pejor
3238 5570 3431 5631 inferni
3459 5563 3664 5637 διφρη-

381 5678 628 5755 pejerare
656 5694 763 5736 non
793 5685 994 5751 potest,
1029 5679 1121 5751 qui
1151 5695 1256 5737 non
1282 5677 1449 5750 jurat.
1480 5679 1634 5737 Unde
1663 5686 1717 5735 et
1736 5679 1971 5737 Jacobus
2073 5675 2159 5732 cio
2183 5692 2197 5729 :
2224 5674 2316 5730 ubi
2343 5673 2546 5731 vermis
2574 5671 2831 5731 mordens
2858 5685 2970 5727 non
3016 5669 3249 5734 noritur,
3281 5671 3338 5723 et
3365 5660 3506 5734 ignis
3532 5671 3663 5717 οω-

385 5767 664 5851 apostolus
693 5776 819 5824 ait:
867 5790 886 5823 ι
919 5769 1061 5828 Ante
1107 5771 1308 5837 omnia,
1358 5769 1557 5828 fratres
1603 5772 1752 5839 mei,
1805 5770 1973 5827 nolite
2075 5767 2228 5824 eians
2263 5782 2373 5823 non
2398 5764 2782 5836 exstinguitur.

380 5840 591 5936 iurare,
626 5873 804 5934 neque
824 5877 922 5936 per
958 5863 1179 5931 omium,
1208 5878 1383 5936 neque
1407 5878 1506 5937 per
1539 5875 1767 5934 terram,
1795 5878 1973 5939 neque
2152 5880 2173 5916 ι
2219 5861 2315 5921 Est
2333 5867 2392 5919 et
2416 5858 2523 5917 alia
2542 5858 2760 5934 loquela
2780 5856 3056 5916 contraria
3074 5852 3257 5918 morti,
3286 5863 3396 5906 non
3423 5840 3669 5905 iuvetis-

721 2090 801 2155 De
828 2091 1073 2149 doctrina
1110 2092 1219 2146 oris
1244 2090 1533 2153 audienda.

416 2224 437 2259 ι
479 2206 795 2263 Doctrinatn
850 2206 965 2261 oris
992 2206 1198 2272 audite,
1246 2205 1362 2272 ﬁlii,
1397 2212 1453 2261 et
1478 2201 1571 2275 qui
1605 2201 1925 2263 custodierit

341 2316 364 2352 s
408 2298 577 2365 illam,
610 2314 717 2355 non
746 2299 943 2369 peribit
990 2298 1149 2354 labiis
1178 2298 1311 2363 suis,
1339 2311 1441 2352 nee
1471 2295 1925 2353 scandalissbitur

341 2410 363 2445 ι
406 2393 462 2447 in
488 2393 745 2463 operibus
769 2391 1135 2462 nequissimis.
1168 2410 1188 2445 ι
1216 2390 1528 2446 Doctrinam
1555 2390 1669 2446 oris
1691 2388 1928 2460 appellat

335 2485 677 2555 disciplinam
705 2486 1019 2541 verborum.
1066 2486 1220 2547 Hanc
1264 2485 1476 2552 audire,
1526 2486 1630 2540 hoc
1674 2493 1762 2540 est
1800 2482 1923 2539 dili-

335 2584 529 2649 genter
549 2579 770 2634 discere
805 2587 862 2634 et
904 2592 1127 2634 servare
1173 2579 1346 2649 jubet,
1381 2578 1640 2648 quoniam
1666 2577 1758 2647 qui
1785 2577 1929 2632 hanc

338 2670 680 2736 custodierit,
712 2684 819 2725 non
847 2678 1038 2742 peccat
1070 2672 1126 2726 in
1156 2669 1316 2726 labiis
1356 2670 1490 2736 suis,
1519 2685 1625 2725 nec
1651 2668 1927 2725 scandali-

337 2758 551 2816 sabitur
578 2761 635 2816 in
660 2761 911 2833 opertus
940 2762 1311 2833 nequissimis,
1345 2762 1450 2817 hoc
1475 2768 1584 2827 est,
1610 2762 1666 2816 in
1693 2759 1931 2817 factione

338 2854 448 2912 doli
485 2861 541 2911 et
574 2854 850 2926 nequitia,
898 2854 1178 2922 falsitatis,
1219 2853 1641 2918 msicdietionis,
1676 2851 1926 2923 periurii,

338 2944 729 3012 detractionis,
783 2958 906 3015 qua:
949 2958 1117 3016 opera
1174 2952 1302 3001 sunt
1360 2943 1474 3000 oris
1522 2942 1928 3013 indisciplinati.

340 3038 449 3108 Qui
487 3038 635 3095 enim
679 3039 915 3095 custodit
947 3052 1015 3095 es
1058 3052 1242 3106 suum,
1286 3037 1529 3103 custodit
1568 3038 1637 3092 ab
1667 3034 1934 3107 angustiis

343 3131 585 3186 animum
613 3144 789 3186 suam.

422 3242 440 3274 ι
483 3222 546 3277 ιιι
572 3222 814 3277 vanitate
849 3236 948 3277 sua
979 3222 1400 3292 apprehenditur
1443 3227 1719 3291 peccator,
1750 3227 1807 3275 et
1841 3212 1938 3275 sti-

349 3331 370 3365 ι
414 3314 636 3384 perbus,
682 3316 739 3368 et
780 3313 1080 3371 maledicus
1122 3312 1583 3369 scandalizabitur
1625 3312 1683 3367 in
1734 3311 1861 3368 illis.
1908 3331 1928 3365 ι

345 3405 403 3460 1n
436 3406 676 3461 vanitate
712 3421 809 3461 sua
849 3406 1275 3477 apprehenditur
1319 3414 1593 3476 peccator,
1632 3406 1849 3475 quando
1880 3404 1937 3460 in

348 3497 633 3553 desideriis
681 3508 737 3553 et
765 3497 1133 3568 voluptatibus
1158 3496 1323 3569 hujus
1367 3498 1494 3553 vitae
1532 3497 1856 3567 captivatur,
1882 3497 1940 3552 in

347 3606 456 3661 qua
491 3592 759 3660 superbus
784 3599 841 3645 et
870 3590 1171 3647 maledicus
1208 3590 1686 3655 scandulimbitur',
1723 3589 1940 3660 quando

328 3682 522 3762 gamori
550 3682 644 3740 Dei
682 3688 739 3740 et
768 3684 1037 3742 desidet-io
1070 3684 1265 3740 futura:
1306 3682 1516 3755 patrias,
1560 3678 1705 3740 illam
1732 3696 1941 3754 praepo-

347 3790 483 3832 nere
510 3790 617 3831 non
641 3784 880 3831 veretur.
912 3776 1148 3834 Proinde
1175 3774 1432 3833 admonet
1454 3774 1693 3833 Joannes
1720 3784 1941 3847 aposto-

350 3869 438 3923 lus
474 3869 528 3923 in
559 3868 799 3937 Epistula
828 3882 945 3936 sua,
976 3869 1163 3925 dicens
1189 3885 1202 3922 ι
1252 3884 1273 3921 t
1308 3867 1488 3925 Nolite
1513 3869 1740 3941 diligere
1781 3882 1943 3923 mun-

353 3963 505 4030 dum,
533 3972 709 4034 neque
736 3974 802 4019 ea
836 3978 959 4034 qua:
1001 3965 1057 4019 in
1100 3964 1303 4020 mundo
1333 3973 1477 4021 sunt.
1524 3964 1584 4021 8i
1622 3966 1745 4035 quis
1772 3965 1948 4036 diligit

353 4054 640 4119 mundum,
685 4064 793 4110 non
837 4062 924 4112 est
961 4055 1204 4111 eharitas
1230 4055 1409 4112 Patris
1458 4056 1516 4111 in
1544 4070 1630 4112 eo.
1679 4055 1947 4125 Quoniam

354 4160 518 4202 omne
543 4146 686 4217 quod
723 4148 780 4201 in
814 4147 1019 4202 mundo
1043 4154 1148 4212 est,
1180 4147 1618 4217 concupiscentia
1663 4149 1866 4216 carnis,
1892 4154 1949 4204 et

357 4242 792 4311 concupiscentia
820 4241 1101 4298 neruorum
1130 4250 1235 4310 est,
1266 4250 1323 4298 et
1351 4244 1756 4313 superbiavitte
1784 4262 1797 4299 :
1827 4254 1947 4314 quae

358 4342 467 4386 non
509 4341 591 4387 est
626 4346 695 4386 ex
720 4332 902 4398 Patre,
953 4333 1051 4389 sed
1094 4344 1161 4390 ex
1210 4334 1412 4390 mundo
1450 4342 1567 4401 est;
1616 4341 1673 4391 et
1717 4336 1951 4392 mundus

359 4422 579 4486 transit,
607 4426 662 4477 et
687 4424 1129 4495 concupiscentia
1163 4422 1282 4493 ejus
1306 4443 1320 4480 ς
1362 4425 1457 4496 qui
1486 4434 1670 4487 autem
1700 4424 1834 4483 facit
1858 4442 1954 4484 vo-
