4030 6480
459 356 564 418 919
1094 353 1158 411 Β.
1199 353 1458 412 MBAN!
1489 353 1711 414 MA‘URI
1746 351 2031 414 ARCHIEF

2137 349 2423 415 IOGUN’I‘.
2460 350 2754 416 OPERUM
2785 350 2972 414 PARS
3003 342 3050 410 Ι.
3619 351 3736 410 930

463 491 510 531 ι,
531 468 1040 531 turin-hmeditate
1064 466 1251 525 Jacob.
1294 469 1505 526 Etenim
1535 483 1566 523 a
1598 468 2036 526 misericordibus
2062 467 2120 534 Α
2140 469 2335 522 ardens
2363 485 2382 519 ι
2435 481 2590 522 mens
2635 465 2808 534 avari,
2857 481 2975 538 quae
3015 464 3172 522 ardet
3205 461 3262 522 in
3286 463 3739 538 concupiscentia

463 582 483 614 ‹
527 576 708 617 omnia
745 575 862 616 meo
903 558 1238 627 auferentur,
1274 569 1330 615 et
1364 561 1420 615 in
1458 560 1666 616 delictis
1695 575 1803 616 non.
1831 560 2043 616 voluta-
2149 566 2488 614 terrenarum
2517 572 2704 613 rerum
2736 574 2750 613 :
2780 558 2936 630 cujus
2962 558 3174 615 ardoris
3198 556 3418 613 ﬂamma
3447 572 3560 614 non
3585 559 3742 614 miti-

463 671 483 704 ι
529 653 749 708 buntur.
786 670 804 702 ι
856 651 1032 707 Aliam
1080 651 1350 723 loquelam
1397 653 1727 708 contrariam
1753 653 2043 724 praeceptis
2145 657 2321 721 gatur,
2353 651 2520 706 donec
2551 649 2704 705 luem
2731 657 2952 706 terreno
2974 649 3267 721 repleatur.
3309 646 3418 704 Sed
3448 649 3579 720 quia
3607 664 3742 705 ava-

456 742 574 806 Dei,
607 749 663 796 et
708 742 871 797 morti
919 743 1229 811 obnoxiam,
1265 734 1345 798 'ut
1385 758 1530 811 reor,
1575 745 1884 818 signiﬁcem
1926 746 2043 801 vult
2145 742 2284 798 ritiae
2315 742 2482 814 pestis
2521 741 2710 798 morbo
2734 742 3013 814 hydropise
3033 749 3119 798 est
3137 740 3349 809 similis,
3376 755 3487 813 quo
3520 741 3617 813 qui
3650 741 3746 798 la-

456 836 870 907 blasphemiam,
901 852 1022 906 quae
1056 837 1221 892 etiam
1257 839 1469 895 caeteris
1499 855 1634 910 quas
1661 849 1786 896 ante
1815 854 2040 895 enume-
2145 832 2328 899 borat,
2381 840 2586 902 quanto
2631 833 2752 902 plus
2780 833 2936 900 bibit,
2990 839 3143 888 tanto
3189 832 3311 903 plus
3367 821 3532 900 sitit,’
3553 832 3638 888 sic
3686 840 3752 888 et

457 929 602 983 ravit
626 929 799 999 magis
823 929 987 984 noxia
1017 939 1122 985 est.
1153 929 1308 986 Unde
1339 939 1492 1001 optat
1512 939 1572 985 ut
1598 947 1706 987 non
1738 930 2043 986 inveniatur
2145 925 2324 979 anima
2353 926 2528 990 avari,
2552 932 2753 994 quanto
2777 923 2933 995 plura
2955 923 3012 979 in
3039 924 3393 994 pecuniarum
3413 931 3628 993 quaestu
3654 938 3753 979 ae-

459 1020 514 1074 in
541 1018 854 1074 haereditate
873 1017 1061 1087 Jacob,
1090 1021 1194 1076 hoc
1217 1029 1321 1088 est,
1351 1021 1408 1076 in
1432 1021 1628 1092 populo
1651 1021 2040 1088 ecclesiastico,
2145 1016 2337 1091 quirit,
2371 1024 2521 1071 tanto
2547 1017 2667 1089 plus
2695 1017 2751 1072 in
2777 1031 2968 1073 eorum
2990 1017 3147 1073 ardet
3179 1017 3500 1073 ambitione.
3531 1017 3751 1073 Idcirco

462 1111 555 1182 qui
595 1111 789 1167 merito
816 1111 983 1167 Jacob
1011 1112 1340 1177 nominatur,
1387 1114 1513 1183 quia
1545 1113 1856 1183 supplantat
1889 1112 2040 1178 vitia,
2149 1109 2280 1164 dum
2305 1108 2521 1176 dicitur,
2555 1128 2576 1161 ‹
2604 1123 2713 1165 non
2739 1109 3116 1181 exstinguetur
3153 1112 3329 1165 donec
3373 1109 3582 1179 aliquid
3625 1109 3753 1180 glu-

461 1210 517 1257 et
545 1201 782 1258 deservit
823 1203 879 1258 in
904 1203 1196 1258 virtutibus
1218 1205 1348 1260 Deo.
1380 1203 1595 1259 Etenim
1624 1219 1655 1258 a
1682 1203 2047 1260 misericordi-
2143 1203 2265 1269 tiat,
2301 1222 2321 1256 ι
2355 1218 2464 1258 ιιοιι
2491 1202 2610 1273 ejus
2635 1203 2813 1259 morbi
2843 1206 2900 1260 in
2925 1219 2991 1259 eo
3019 1203 3351 1274 exprimitur
3378 1204 3616 1270 curatio,
3647 1203 3750 1259 sed

459 1291 581 1357 bus,
609 1293 716 1348 hoc
743 1300 828 1348 est
849 1292 1031 1348 electis
1053 1293 1168 1359 Dei,
1197 1293 1380 1348 omnia
1407 1294 1524 1350 haec
1557 1293 1886 1360 auferentur,
1916 1295 2045 1365 quia
2143 1293 2385 1364 perversi
2409 1309 2540 1349 usus
2569 1295 2858 1350 denotatur
2881 1293 3260 1364 multiplicatio
3287 1311 3300 1347 :
3324 1303 3386 1348 ut
3410 1293 3542 1347 dum
3575 1308 3752 1364 appe-

462 1381 586 1438 inde
616 1382 890 1454 refugiunt
916 1392 972 1439 et
996 1385 1053 1440 in
1081 1385 1401 1441 delictorum
1435 1385 1684 1442 sordibus
1710 1401 1820 1441 non
1849 1400 1908 1441 se
1956 1386 2042 1441 in-
2145 1385 2304 1441 titum
2342 1385 2552 1441 lucrum
2587 1385 2838 1455 acquirit,
2880 1386 3008 1441 inde
3031 1385 3191 1455 quasi
3221 1386 3338 1456 jam
3367 1384 3650 1440 absolutus
3679 1385 3754 1439 ad

461 1473 783 1542 (lninabunt.
2145 1482 2251 1538 alia
2295 1481 2598 1554 appetenda
2644 1482 2890 1553 paratior
2932 1482 3215 1538 reddatur.
3261 1480 3439 1537 Homo
3487 1497 3625 1537 vero
3651 1497 3756 1536 ne-

539 1584 559 1618 ι
604 1565 1022 1637 lndisciplinataa
1058 1568 1288 1640 loquelae
1313 1585 1423 1625 non
1455 1580 1734 1628 assuescat
1759 1582 1821 1628 os
1858 1579 2031 1640 tuum;

2146 1589 2309 1645 quam
2341 1574 2396 1628 in
2420 1588 2516 1630 ore
2541 1573 2722 1629 carnis
2749 1587 2860 1628 suae
2887 1589 2996 1629 non
3029 1573 3249 1639 desinit,
3279 1575 3455 1628 donec
3491 1573 3753 1628 incendat

467 1677 485 1706 ι
532 1665 616 1711 est
660 1657 805 1712 enim
842 1658 896 1712 in
933 1658 1022 1713 illa
1055 1659 1280 1715 verbum
1313 1662 1544 1730 peccati.
1584 1682 1603 1716 ι
1653 1663 1766 1719 Hoc
1802 1663 2048 1733 praecipit
2146 1665 2353 1738 ignem,
2391 1665 2520 1721 dum
2564 1667 2831 1737 superbus
2871 1666 3102 1737 quisque
3129 1664 3366 1720 elatione
3395 1663 3582 1720 cordis
3625 1680 3753 1718 car-

458 1765 526 1803 ne
561 1751 781 1806 omnino
813 1752 1155 1822 disciplinam
1185 1755 1500 1812 deseramus
1543 1763 1600 1812 et
1645 1757 2044 1828 indisciplinato
2147 1757 2286 1814 nalis
2339 1765 2650 1814 tumescens
2671 1797 2690 1824 ,
2736 1758 2926 1812 tandiu
2977 1763 3170 1812 contra
3217 1756 3528 1826 proximum
3577 1755 3752 1810 verba

457 1858 552 1895 ore
605 1857 880 1899 sermones
928 1853 1144 1901 nostros
1190 1846 1436 1917 proferre
1484 1863 1591 1904 non
1643 1863 2039 1916 assuescamus,
2070 1834 2120 1902 Β
2145 1843 2484 1907 contumeliae
2529 1849 2717 1916 latrat,
2761 1849 2933 1905 donec
2977 1847 3309 1920 ignem‘odii
3348 1856 3404 1904 et
3443 1847 3754 1902 inimicitiae

456 1933 583 2000 quia
628 1933 752 1989 inde
779 1936 1005 1991 verbum
1041 1939 1249 2007 peccati
1286 1955 1512 2010 prorsus
1536 1940 1695 1995 nobis
1722 1940 2040 2008 adhaerebit,
2145 1941 2202 1996 in
2225 1955 2291 1997 eo
2316 1941 2585 1996 incendat.
2610 1939 2771 1997 Omni
2800 1954 3016 2010 quoque
3050 1938 3347 1995 fornicario
3375 1939 3558 1994 omnis
3588 1938 3753 2009 panis

457 2023 560 2077 hoc
588 2031 700 2090 est,
732 2024 860 2092 doli,
899 2027 1270 2096 detractionis,
1311 2031 1536 2097 erroris,
1577 2039 1632 2087 et
1671 2031 2039 2102 blasphemiae.

456 2115 610 2174 Unde
634 2118 830 2175 futurae
852 2123 1044 2179 mortis
1064 2123 1297 2194 perditio
1325 2133 1678 2196 praeparatur.

529 2225 550 2259 ι
595 2207 865 2267 Memento
901 2214 1073 2283 patris
1113 2223 1168 2270 et
1198 2216 1390 2272 matris
1425 2224 1550 2282 tuae,
1587 2217 1642 2272 in
1682 2218 1861 2274 medio
1895 2219 2042 2275 enim

455 2320 475 2352 σ
518 2310 898 2372 magnatorum
946 2307 1199 2363 consistis
1242 2326 1256 2362 :
1299 2323 1367 2363 ne
1409 2308 1551 2364 forte
1592 2309 1944 2365 obliviscatur
1987 2319 2042 2366 te

456 2412 474 2443 ι
522 2395 666 2451 Deus
703 2397 760 2452 in
786 2406 1083 2470 conspectu
1131 2400 1368 2467 illorum,
1398 2411 1452 2457 et
1487 2402 1802 2458 assiduitate
1835 2413 1925 2458 tua
1953 2404 2038 2458 in-

457 2501 477 2535 ι
525 2484 766 2543 fatuatus
809 2488 1197 2560 improperium
1232 2492 1478 2561 patiaris,
1509 2501 1566 2548 et
1602 2493 1884 2549 maluisses
1930 2510 2041 2550 non

460 2592 480 2626 ι
526 2576 699 2641 nasci,
734 2585 790 2632 et
817 2579 963 2634 diem
999 2581 1299 2637 nativitatis
1333 2591 1436 2637 tuae
1466 2583 1775 2638 maledicas.
1812 2604 1832 2636 ›
1880 2582 2041 2638 Pater

452 2673 641 2722 noster
666 2666 810 2723 Deus
839 2679 939 2734 est,
973 2679 1028 2724 et
1068 2679 1243 2728 mater
1288 2681 1474 2728 nostra
1502 2672 1768 2738 Ecclesia,
1799 2674 2040 2744 magnati

447 2766 506 2813 et
531 2816 533 2818 ,
546 2759 820 2830 principes
866 2761 1049 2830 populi
1099 2770 1226 2818 sunt
1263 2763 1616 2833 patriarchae,
1654 2764 1946 2835 prophetae,
1984 2773 2040 2821 et

448 2848 700 2917 apostoli,
732 2849 787 2904 in
813 2866 1045 2920 quorum
1076 2854 1257 2909 medio
1283 2855 1646 2919 consistimus,
1682 2855 1812 2925 quia
1848 2870 2039 2912 eorum

448 2939 712 2999 doctrinis
759 2949 815 2995 et
841 2941 999 2997 bonis
1043 2945 1308 3016 exemplis
1347 2946 1585 3016 undique
1613 2945 1797 3000 vallati
1826 2962 2034 3012 sumus,

447 3044 548 3086 nec
588 3030 706 3100 jam
741 3031 881 3092 ultra
919 3036 1180 3091 terminos
1226 3036 1351 3092 ﬁdei
1393 3047 1449 3094 et
1497 3038 1800 3094 traditionis
1844 3053 2036 3094 eorum

445 3122 606 3184 nobis
645 3122 771 3180 licet
807 3127 1087 3182 excedere.
1132 3127 1286 3185 Unde
1312 3131 1484 3197 decet,
1525 3139 1585 3185 ut
1615 3131 1762 3187 omni
1792 3139 2035 3201 tempore

2144 2038 2229 2089 est
2258 2031 2453 2098 dulcis,
2495 2030 2602 2087 hoc
2637 2038 2742 2098 est,
2800 2030 2980 2086 omnis
3024 2030 3260 2086 mtechia
3307 2038 3366 2087 et
3403 2029 3754 2100 impudicitia

2142 2137 2240 2194 per
2267 2121 2549 2178 libidinem
2577 2121 2720 2178 male
2750 2129 2835 2178 est
2873 2122 3076 2188 suavis,
3117 2128 3173 2176 et
3207 2136 3318 2177 non
3346 2128 3531 2176 cessat
3560 2128 3750 2174 trans-

2145 2211 2416 2284 grediens,
2464 2212 2637 2269 donec
2689 2211 2890 2268 lethale
2943 2219 3232 2283 peccatum
3276 2225 3444 2284 opere
3493 2212 3752 2283 perﬁciat

2144 2301 2548 2359 fornicationis.
2582 2302 2807 2376 Mystice
2844 2312 3027 2358 autem
3054 2302 3296 2359 haeretici
3326 2311 3383 2358 et
3407 2303 3748 2359 schismatici

2144 2397 2377 2453 calidam
2411 2405 2468 2452 et
2502 2395 2788 2452 ardentem
2814 2397 3020 2452 habent
3057 2397 3316 2463 animam,
3348 2397 3477 2451 dum
3503 2411 3606 2467 per
3632 2412 3748 2451 am-

2145 2488 2408 2544 bitionem
2438 2488 2642 2545 favoris
2671 2487 2887 2544 laudem
2914 2496 3164 2558 quaerunt
3191 2489 3516 2552 humanam;
3550 2488 3608 2541 hi
3636 2488 3744 2543 sci-

2143 2577 2271 2634 licet
2296 2593 2568 2648 perversae
2594 2578 2798 2635 mentis
2826 2593 2980 2634 more
3003 2578 3189 2634 carnis
3216 2579 3514 2635 incendunt
3536 2580 3743 2648 ignem,

2143 2671 2272 2726 dum
2300 2672 2562 2728 doctrinae
2595 2688 2831 2744 nequam
2868 2672 2925 2728 in
2951 2673 3259 2729 auditorum
3295 2686 3522 2727 suorum
3557 2670 3739 2725 cordi-

2141 2765 2244 2819 bus
2273 2766 2476 2820 erroris
2520 2764 2822 2821 immittunt
2848 2763 3142 2819 ardorem:
3183 2762 3287 2834 ipsi
3321 2770 3448 2818 sunt
3486 2761 3742 2817 homines

2141 2853 2444 2921 fornicarii,
2469 2855 2594 2928 quia
2618 2862 2839 2926 pactum
2861 2852 3007 2924 quod
3027 2869 3152 2909 cum
3172 2852 3284 2910 Deo
3309 2853 3363 2908 in
3390 2852 3742 2923 baptismatis

2141 2946 2486 3016 perceptione
2543 2945 2785 3001 inierunt
2832 2960 2943 3001 non
2988 2951 3360 3009 servaverunt,
3414 2944 3510 2999 sed
3558 2943 3741 2998 virum

2142 3038 2380 3108 priorem
2429 3037 2798 3110 relinquentes
2820 3079 2837 3106 ,
2892 3053 3142 3096 errorum
3191 3052 3415 3094 suorum
3473 3037 3637 3093 idolis
3684 3053 3742 3093 se

2144 3133 2549 3191 commiscendo
2595 3133 2890 3190 adulterati
2942 3142 3069 3190 sunt
3094 3149 3109 3188 :
3134 3134 3191 3190 in
3218 3149 3327 3206 quo
3352 3133 3584 3189 crimine
3613 3141 3737 3187 tan-

443 3215 771 3274 oblivionem
809 3229 1199 3291 praeceptorum
1229 3223 1326 3278 Dei
1363 3224 1653 3295 fugiamus,
1681 3233 1739 3282 et
1780 3225 2041 3284 doctrina:
2067 3205 2122 3270 Ο·
2143 3226 2236 3283 diu
2284 3236 2588 3294 morantur,
2643 3225 2820 3283 donec
2884 3227 3068 3284 carnis
3119 3226 3374 3283 claustris
3437 3227 3587 3282 exuti
3642 3241 3742 3297 per

449 3322 556 3378 qua
602 3316 778 3364 mater
805 3309 1047 3367 Ecclesia
1103 3314 1343 3383 quotidie
1387 3331 1487 3372 nos
1534 3317 1692 3371 docet
1734 3325 1788 3372 et
1830 3319 2034 3384 nutrit;

444 3399 579 3468 quin
626 3401 811 3469 potius
843 3416 1059 3472 semper
1099 3405 1353 3460 mandata
1382 3406 1564 3461 divina
1611 3407 1820 3463 intente
1867 3410 2040 3465 medi-

445 3492 575 3558 tari,
609 3501 663 3548 et
686 3491 848 3552 factis
898 3496 1194 3567 adimplere
1244 3499 1580 3566 Studeamus,
1624 3501 1866 3560 dicentes
1913 3519 2039 3559 cum

443 3582 756 3656 Propheta:
789 3603 810 3638 ι
845 3585 996 3642 Tunc
1034 3601 1141 3644 non
1181 3588 1510 3655 confundar,
1546 3590 1675 3647 dum
1712 3593 1945 3663 respicio
1981 3595 2038 3649 in

443 3674 628 3730 omnia
664 3675 920 3729 mandata
964 3682 1054 3730 tua
1114 3674 1287 3748 (Paul.
1317 3679 1546 3751 cxvm):
1586 3700 1606 3732 ι
1675 3696 1743 3736 ne
1769 3681 1910 3738 forte
1937 3699 2036 3754 pro

443 3765 825 3835 iniquitatibus
881 3767 1086 3822 nostris
1130 3767 1484 3825 obliviscatur
1532 3771 1706 3827 nostri
1755 3772 1928 3838 Deus,
1981 3783 2038 3828 et

442 3855 695 3928 projiciat
723 3857 779 3918 in
804 3865 1088 3924 tartarum,
1131 3858 1225 3914 ubi
1269 3869 1493 3931 propter
1531 3863 1831 3918 cruciatum
1871 3872 2032 3922 aeter-

442 3964 575 4004 num
619 3949 880 4020 poeniteat
929 3964 1030 4006 nos
1063 3951 1236 4018 nasci,
1265 3959 1320 4006 ct
1351 3952 1457 4008 diei
1491 3954 1789 4011 nativitatis
1833 3964 2034 4014 nostra:

441 4038 850 4105 maledicamus,
876 4040 964 4094 cui
991 4038 1093 4097 Job
1131 4049 1189 4097 et
1211 4040 1479 4098 Jeremias
1508 4045 1785 4115 prophetae
1813 4046 2035 4102 maledi-

442 4143 572 4185 cere
597 4129 876 4195 videntur;
896 4129 1149 4188 videlicet
1174 4141 1382 4204 tempus
1409 4134 1777 4204 mortalitatis,
1807 4144 1862 4194 et
1890 4151 2030 4206 prae-

441 4220 790 4276 varicationis
821 4223 1074 4279 humanae
1103 4232 1286 4280 actum
1315 4225 1668 4285 detestantes.

516 4333 560 4366 «ο
582 4313 754 4371 Homo
793 4323 1044 4372 assuetus
1087 4316 1144 4372 in
1167 4317 1349 4374 verbis
1395 4317 1730 4390 improperii,
1762 4319 1818 4375 in
1857 4322 2032 4377 omni-

445 4423 474 4469 ι,
511 4406 613 4460 bus
639 4406 830 4462 diebus
860 4407 973 4462 suis
1003 4422 1116 4464 non
1142 4409 1440 4464 erudietur.
1483 4429 1501 4462 ›
1554 4410 1729 4467 Homo
1779 4422 2032 4470 assuetus

2143 3324 2374 3372 mortem
2433 3325 2761 3387 praesentem
2823 3319 2883 3374 in
2930 3326 3167 3376 mortem
3220 3317 3464 3374 incidant
3531 3320 3736 3390 sempi-

2141 3416 2376 3466 ternam.

2769 3501 3000 3560 CAPUT
3035 3501 3106 3560 Χ.

2141 3593 2416 3669 Sapientia
2443 3593 2630 3669 udi-rut
2653 3595 2810 3669 uerba
2843 3597 3028 3666 injusti
3055 3596 3378 3669 disponentis
3397 3613 3616 3669 peccare
3638 3612 3658 3652 :
3679 3606 3735 3650 at

2211 3665 2287 3720 est
2319 3665 2474 3732 illud,
2499 3667 2635 3722 dixit
2659 3666 2859 3737 justus,
2889 3665 2948 3722 ut
2978 3665 3247 3740 delimjuat
3277 3669 3335 3723 in
3359 3665 3639 3738 semetipso

2215 3791 2235 3828 ι
2281 3774 2472 3833 Omnis
2513 3777 2677 3834 homo
2715 3777 2808 3848 qui
2854 3777 3255 3849 transgreditur
3300 3776 3503 3832 lectum
3548 3792 3730 3842 suum,

2143 3887 2164 3923 ι
2209 3877 2560 3926 contemnens
2607 3869 2849 3925 animam
2893 3885 3072 3938 suam,
3101 3879 3158 3926 et
3183 3870 3371 3928 dicens
3419 3888 3432 3924 :
3481 3869 3617 3938 Quis
3649 3885 3736 3925 me

2143 3979 2164 4013 ι
2208 3960 2395 4016 videt?
2440 3961 2679 4018 tenebrae
2719 3962 3060 4018 circumdant
3106 3957 3214 4028 me;
3261 3969 3317 4016 et
3358 3961 3599 4033 parietes
3643 3976 3734 4016 co-

2141 4067 2161 4102 (
2205 4049 2459 4118 operiunt
2499 4065 2608 4116 me,
2653 4058 2709 4105 et
2760 4065 2922 4106 nemo
2971 4050 3346 4122 circumspicit
3375 4065 3466 4105 me
3511 4069 3524 4105 :
3571 4065 3733 4120 quem

2139 4160 2160 4194 ι
2197 4141 2434 4197 vereor?
2481 4141 2804 4198 delictorum
2860 4155 3108 4198 meorum
3167 4157 3280 4198 non
3336 4141 3733 4198 memorabitur

2140 4253 2159 4287 ι
2204 4235 2536 4291 Altissimus.
2588 4236 2657 4291 Et
2696 4250 2805 4291 non
2846 4235 3100 4307 intelligit
3148 4235 3406 4306 quoniam
3439 4236 3626 4292 omnia
3651 4235 3732 4289 vi-

2139 4349 2159 4383 (
2203 4331 2294 4388 det
2329 4331 2519 4387 oculus
2562 4330 2728 4396 illius,
2757 4330 3019 4401 quoniam
3045 4329 3269 4401 expellit
3304 4345 3338 4384 a
3364 4344 3425 4384 se
3472 4328 3732 4384 timorem

2138 4442 2156 4476 ς
2201 4425 2296 4480 Dei
2321 4423 2631 4497 huiusmodi
2661 4425 2896 4481 hominis
2939 4425 3124 4492 timor,
3172 4433 3229 4480 et
3273 4424 3416 4481 oculi
3446 4424 3730 4479 hominum

438 4498 518 4613 in‘
539 4497 720 4553 verbis
775 4498 1090 4613 ἰαξρξιξρεξπίί
1128 4507 1214 4613 θεξ
1261 4502 1569 4613 Ιιεενεξιίϐξιξ,
1621 4505 1777 4613 cuius
1809 4520 1872 4560 os
1913 4505 2028 4562 bla-
2049 4552 2105 4613 Β
2135 4531 2155 4564 ι
2202 4513 2456 4570 timentes
2509 4515 2658 4569 illum
2685 4532 2698 4568 :
2725 4522 2783 4570 et
2827 4529 2936 4570 non
2983 4515 3235 4586 cognovit
3279 4514 3535 4584 quoniam
3582 4512 3730 4569 oculi

436 4589 722 4657 sphemum
745 4589 1128 4646 maledictione
1155 4597 1211 4645 et
1237 4593 1602 4650 amaritudine
1654 4596 1873 4666 plenum
1915 4607 2020 4654 est.

435 4680 536 4734 Hic
570 4681 628 4734 in
650 4681 902 4736 omnibus
941 4681 1152 4748 diebus,
1185 4684 1380 4753 quibus
1406 4685 1462 4741 in
1491 4700 1677 4743 errore
1716 4703 1814 4744 suo
1841 4703 2025 4760 perse-

436 4784 628 4824 verare
667 4769 943 4835 discernit,
991 4787 1100 4827 non
1147 4774 1428 4828 erudietur
1452 4776 1698 4832 doctrina
1744 4778 2025 4836 catholicae

434 4863 582 4928 fidei,
613 4864 708 4919 sed
735 4879 926 4920 errans
961 4872 1016 4920 et
1059 4866 1116 4921 in
1143 4882 1390 4924 errorem
1435 4870 1656 4926 mittens
1700 4873 1769 4928 ad
1812 4870 2025 4928 foveam

431 4955 776 5026 perditionis,
809 4965 864 5011 et
892 4957 1146 5028 laqueum
1170 4960 1362 5016 mortis
1389 4971 1664 5032 properat.

507 5068 528 5099 ι
574 5049 692 5105 Duo
737 5065 939 5120 genera
992 5052 1269 5108 abundant
1320 5053 1378 5108 in
1425 5055 1683 5125 peccatis,
1716 5065 1772 5112 et
1798 5057 2020 5114 tertium

439 5160 457 5191 ε
500 5140 720 5196 adducit
761 5140 900 5196 iram
935 5149 990 5198 et
1015 5144 1396 5213 perditionem.
1442 5145 1638 5202 Anima
1667 5149 1839 5204 calida
1865 5153 2022 5222 quasi

439 5250 460 5283 ι
508 5232 646 5301 ignis
674 5232 871 5288 ardens
893 5248 1004 5288 non
1030 5234 1429 5306 exstinguetur,
1459 5237 1632 5292 donec
1663 5239 1866 5308 aliquid
1900 5240 2021 5311 glu-

439 5342 458 5374 ι
505 5323 640 5389 tiat;
683 5332 739 5379 et
764 5324 928 5382 homo
957 5342 1194 5397 nequam
1233 5328 1288 5382 in
1317 5342 1412 5384 ore
1442 5331 1621 5385 carnis
1646 5347 1756 5386 suae
1791 5349 1899 5387 non
1927 5335 2022 5390 de-

437 5433 459 5468 ι
506 5415 670 5482 sinet,
705 5415 882 5472 donec
915 5417 1173 5474 incendat
1213 5418 1413 5489 ignem.
1469 5419 1684 5476 Homini
1726 5422 2020 5482 fornicario

437 5524 457 5557 ι
501 5505 678 5562 omnis
705 5508 866 5578 panis
891 5507 1086 5575 dulcis,
1111 5522 1221 5564 non
1255 5509 1570 5582 fatigabitur
1615 5515 2020 5586 transgrediens

437 5615 458 5650 ι
502 5599 677 5668 usque
722 5601 792 5656 ad
828 5599 1013 5656 tinem.
1067 5619 1087 5654 ι
1137 5599 1199 5656 ιιι
1243 5602 1328 5658 his
1364 5605 1538 5661 tribus
1581 5607 1864 5676 speciebus
1914 5610 2018 5665 tria

433 5691 752 5762 principalia
789 5694 923 5749 vitia
962 5694 1307 5763 denotantur,
1349 5696 1455 5754 hoc
1494 5708 1598 5764 est,
1641 5702 1892 5766 avaritia,
1923 5719 2016 5758 su-

432 5783 618 5850 perbia
675 5790 732 5839 et
767 5782 1072 5842 fornicatio.
1113 5805 1134 5840 ‹
1157 5785 1354 5843 Anima
1382 5789 1556 5848 calida
1582 5803 1668 5849 est
1693 5796 1850 5864 quasi
1876 5796 2017 5868 ignis

2102 4631 2108 4658 ;
2137 4625 2155 4658 (
2200 4605 2418 4661 Domini
2465 4605 2636 4661 multo
2681 4605 2804 4678 plus
2840 4606 3132 4664 lucidiores
3169 4614 3297 4662 sunt
3333 4621 3500 4677 super
3529 4605 3726 4672 solem,

2135 4713 2156 4746 ‹
2199 4694 2705 4765 circumspicientes
2753 4710 2944 4753 omnes
2988 4697 3104 4753 vias
3144 4696 3448 4763 hominum,
3494 4704 3551 4751 et
3596 4711 3727 4766 pro-

2135 4805 2153 4840 ι
2200 4787 2428 4844 fundum
2475 4788 2677 4860 abyssi,
2714 4797 2771 4844 et
2809 4791 3090 4846 hominum
3133 4791 3294 4846 corda
3339 4791 3615 4846 intuentes
3665 4790 3724 4844 in

2134 4899 2153 4932 ι
2200 4881 2547 4937 absconditas
2574 4891 2778 4951 partes.
2813 4903 2832 4935 ι
2863 4881 2967 4950 Qui
2997 4881 3143 4937 enim
3169 4882 3437 4938 castitatis
3459 4881 3726 4936 virtutem

2126 4972 2325 5043 perdit,
2359 4981 2414 5028 et
2441 4973 2793 5044 impudicitia:
2841 4988 2900 5030 se
2923 4973 3057 5028 vitio
3087 4975 3272 5040 tradit,
3321 4988 3446 5030 cum
3480 4975 3599 5044 ipse
3638 4982 3722 5030 te-

2125 5063 2372 5120 nebrosae
2416 5064 2488 5119 sit
2534 5065 2752 5131 mentis,
2803 5064 3150 5120 tenebrarum
3199 5079 3364 5136 opera
3408 5064 3528 5120 sine
3582 5079 3722 5120 con-

2124 5153 2349 5209 scientia
2401 5153 2627 5209 alterius
2672 5155 2905 5210 aestimat
2934 5169 2994 5210 se
3022 5169 3219 5224 agere;
3268 5162 3324 5211 et
3352 5155 3482 5225 quia
3511 5153 3609 5210 Dei
3651 5155 3722 5209 ti-

2126 5259 2335 5300 morem
2365 5261 2396 5298 a
2423 5259 2483 5301 se
2509 5245 2752 5317 expellit,
2778 5247 2833 5301 in
2865 5262 2931 5303 eo
2959 5248 3197 5304 maxime
3225 5247 3523 5314 deluditur,
3570 5248 3716 5318 quod

2124 5335 2460 5392 occultorum
2486 5337 2730 5392 omnium
2766 5338 3104 5394 conditorem
3130 5353 3189 5395 se
3214 5337 3403 5395 fallere
3429 5355 3592 5410 posse
3619 5355 3713 5394 ar-

2122 5427 2354 5483 bitratur
2381 5445 2394 5485 :
2425 5443 2549 5483 cum
2590 5429 2858 5500 PrOpheta
2913 5437 3146 5486 testante
3191 5431 3519 5501 didicimus,
3569 5433 3715 5503 quod

2129 5537 2148 5571 ‹
2194 5520 2372 5576 vultus
2400 5521 2613 5577 Domini
2642 5522 2714 5577 sit
2739 5538 2901 5592 super
2928 5523 3191 5579 facientes
3237 5524 3398 5590 mala,
3425 5533 3488 5581 ut
3513 5526 3710 5597 perdat

2120 5611 2189 5668 de
2215 5621 2360 5668 terra
2385 5613 2702 5669 memoriam
2730 5629 2920 5669 eorum
2946 5613 3120 5685 (Paul.
3150 5616 3368 5688 χχχιιι).
3402 5637 3420 5669 ›
3451 5616 3522 5672 Ει
3548 5635 3569 5668 ι
3607 5617 3713 5673 Do-

2121 5703 2300 5758 minus
2331 5703 2628 5776 interrogat
2650 5704 2858 5773 justum
2884 5712 2940 5760 et
2969 5704 3194 5776 impium
3223 5725 3236 5760 :
3261 5707 3354 5776 qui
3375 5715 3557 5763 autem
3587 5706 3708 5764 dili-

2121 5797 2199 5865 git
2226 5797 2588 5867 iniquitatem,
2618 5798 2730 5854 odit
2755 5799 2994 5856 animam
3035 5814 3187 5856 suam
3216 5799 3390 5870 (Prol.
3425 5801 3502 5873 x).
3538 5820 3557 5855 ι
3601 5800 3708 5859 60'-
