  <div class='ocr_page' id='page_1' title='image "/cluster/home/n/w/nwhite01/storage/ocr_20150623/109/hvd.32044015466857/464.png"; bbox 0 0 4030 6516; ppageno 0'>
   <div class='ocr_carea' id='block_1_1' title="bbox 351 394 3607 464">
    <p class='ocr_par' dir='ltr' id='par_1_1' title="bbox 351 394 3607 464">
     <span class='ocr_line' id='line_1_1' title="bbox 351 394 3607 464; baseline -0.002 0"><span class='ocrx_word' id='word_1_1' title='bbox 351 399 456 464; x_wconf 70' lang='grc'><strong>’921</strong></span> <span class='ocrx_word' id='word_1_2' title='bbox 1213 397 1561 460; x_wconf 79' lang='lat' dir='ltr'><strong>COMMENT.</strong></span> <span class='ocrx_word' id='word_1_3' title='bbox 1597 396 1667 456; x_wconf 82' lang='lat' dir='ltr'><strong>IN</strong></span> <span class='ocrx_word' id='word_1_4' title='bbox 1704 394 2309 456; x_wconf 81' lang='lat' dir='ltr'><strong>ECCLESIASTICUM.</strong></span> <span class='ocrx_word' id='word_1_5' title='bbox 2349 427 2421 442; x_wconf 83' lang='lat'><strong>--</strong></span> <span class='ocrx_word' id='word_1_6' title='bbox 2454 396 2690 457; x_wconf 73' lang='lat' dir='ltr'><strong>LIBJV.</strong></span> <span class='ocrx_word' id='word_1_7' title='bbox 3501 401 3607 459; x_wconf 73' lang='lat'><strong>922</strong></span> 
     </span>
    </p>
   </div>
   <div class='ocr_carea' id='block_1_2' title="bbox 359 517 3604 596">
    <p class='ocr_par' dir='ltr' id='par_1_2' title="bbox 359 517 3604 596">
     <span class='ocr_line' id='line_1_2' title="bbox 359 517 3604 596; baseline 0.001 -17"><span class='ocrx_word' id='word_1_8' title='bbox 359 539 474 580; x_wconf 84' lang='lat' dir='ltr'><strong>ram</strong></span> <span class='ocrx_word' id='word_1_9' title='bbox 519 523 632 578; x_wconf 89' lang='lat' dir='ltr'><strong>sole</strong></span> <span class='ocrx_word' id='word_1_10' title='bbox 663 520 886 590; x_wconf 70' lang='lat' dir='ltr'><strong>iustitiae</strong></span> <span class='ocrx_word' id='word_1_11' title='bbox 913 520 1044 576; x_wconf 87' lang='lat' dir='ltr'><strong>nihil</strong></span> <span class='ocrx_word' id='word_1_12' title='bbox 1086 520 1255 578; x_wconf 81' lang='lat' dir='ltr'><strong>latere</strong></span> <span class='ocrx_word' id='word_1_13' title='bbox 1288 529 1475 592; x_wconf 85' lang='lat' dir='ltr'><strong>potest</strong></span> <span class='ocrx_word' id='word_1_14' title='bbox 1505 539 1518 574; x_wconf 91' lang='lat'><strong>:</strong></span> <span class='ocrx_word' id='word_1_15' title='bbox 1556 533 1745 574; x_wconf 89' lang='lat' dir='ltr'><strong>omnes</strong></span> <span class='ocrx_word' id='word_1_16' title='bbox 1787 517 1939 573; x_wconf 23' lang='lat' dir='ltr'><strong>enim!</strong></span> <span class='ocrx_word' id='word_1_17' title='bbox 1957 521 2012 581; x_wconf 81' lang='grc' dir='ltr'><strong>Α</strong></span> <span class='ocrx_word' id='word_1_18' title='bbox 2034 519 2131 585; x_wconf 89' lang='lat' dir='ltr'><strong>vit,</strong></span> <span class='ocrx_word' id='word_1_19' title='bbox 2161 529 2217 574; x_wconf 91' lang='lat' dir='ltr'><strong>et</strong></span> <span class='ocrx_word' id='word_1_20' title='bbox 2242 535 2390 576; x_wconf 89' lang='lat' dir='ltr'><strong>ream</strong></span> <span class='ocrx_word' id='word_1_21' title='bbox 2417 535 2484 576; x_wconf 87' lang='lat' dir='ltr'><strong>ex</strong></span> <span class='ocrx_word' id='word_1_22' title='bbox 2512 521 2659 578; x_wconf 91' lang='lat' dir='ltr'><strong>omni</strong></span> <span class='ocrx_word' id='word_1_23' title='bbox 2685 530 2838 593; x_wconf 89' lang='lat' dir='ltr'><strong>parte</strong></span> <span class='ocrx_word' id='word_1_24' title='bbox 2866 521 3013 579; x_wconf 89' lang='lat' dir='ltr'><strong>fecit.</strong></span> <span class='ocrx_word' id='word_1_25' title='bbox 3043 540 3062 576; x_wconf 71' lang='grc' dir='ltr'><strong><em>ι</em></strong></span> <span class='ocrx_word' id='word_1_26' title='bbox 3099 522 3254 582; x_wconf 86' lang='lat' dir='ltr'><strong>Unde</strong></span> <span class='ocrx_word' id='word_1_27' title='bbox 3272 523 3404 580; x_wconf 84' lang='lat' dir='ltr'><strong>dicit</strong></span> <span class='ocrx_word' id='word_1_28' title='bbox 3426 528 3604 596; x_wconf 88' lang='lat' dir='ltr'><strong>primo</strong></span> 
     </span>
    </p>
   </div>
   <div class='ocr_carea' id='block_1_3' title="bbox 358 610 3603 688">
    <p class='ocr_par' dir='ltr' id='par_1_3' title="bbox 358 610 3603 688">
     <span class='ocr_line' id='line_1_3' title="bbox 358 610 3603 688; baseline -0 -15"><span class='ocrx_word' id='word_1_29' title='bbox 358 620 458 675; x_wconf 69' lang='lat' dir='ltr'><strong>viae</strong></span> <span class='ocrx_word' id='word_1_30' title='bbox 499 617 773 673; x_wconf 83' lang='lat' dir='ltr'><strong>hominum</strong></span> <span class='ocrx_word' id='word_1_31' title='bbox 818 626 1004 688; x_wconf 88' lang='lat' dir='ltr'><strong>patent</strong></span> <span class='ocrx_word' id='word_1_32' title='bbox 1047 616 1216 674; x_wconf 92' lang='lat' dir='ltr'><strong>oculis</strong></span> <span class='ocrx_word' id='word_1_33' title='bbox 1258 617 1373 672; x_wconf 88' lang='lat' dir='ltr'><strong>Dei.</strong></span> <span class='ocrx_word' id='word_1_34' title='bbox 1434 635 1453 667; x_wconf 87' lang='grc'><strong>‹</strong></span> <span class='ocrx_word' id='word_1_35' title='bbox 1487 615 1759 672; x_wconf 69' lang='lat' dir='ltr'><strong>Coelorum</strong></span> <span class='ocrx_word' id='word_1_36' title='bbox 1812 615 1927 684; x_wconf 90' lang='lat' dir='ltr'><strong>ipse</strong></span> <span class='ocrx_word' id='word_1_37' title='bbox 2030 611 2175 666; x_wconf 86' lang='lat' dir='ltr'><strong>illam</strong></span> <span class='ocrx_word' id='word_1_38' title='bbox 2212 610 2520 683; x_wconf 88' lang='lat' dir='ltr'><strong>deliquisse,</strong></span> <span class='ocrx_word' id='word_1_39' title='bbox 2557 628 2623 668; x_wconf 90' lang='lat' dir='ltr'><strong>eo</strong></span> <span class='ocrx_word' id='word_1_40' title='bbox 2650 615 2793 684; x_wconf 92' lang='lat' dir='ltr'><strong>quod</strong></span> <span class='ocrx_word' id='word_1_41' title='bbox 2842 614 3231 686; x_wconf 84' lang='lat' dir='ltr'><strong>legiAltissimi</strong></span> <span class='ocrx_word' id='word_1_42' title='bbox 3274 615 3603 672; x_wconf 82' lang='lat' dir='ltr'><strong>incredibilis</strong></span> 
     </span>
    </p>
   </div>
   <div class='ocr_carea' id='block_1_4' title="bbox 359 703 1922 780">
    <p class='ocr_par' dir='ltr' id='par_1_4' title="bbox 359 703 1922 780">
     <span class='ocr_line' id='line_1_4' title="bbox 359 703 1922 780; baseline -0.005 -14"><span class='ocrx_word' id='word_1_43' title='bbox 359 710 600 766; x_wconf 91' lang='lat' dir='ltr'><strong>continet</strong></span> <span class='ocrx_word' id='word_1_44' title='bbox 628 709 901 775; x_wconf 78' lang='lat' dir='ltr'><strong>thronum,</strong></span> <span class='ocrx_word' id='word_1_45' title='bbox 928 719 982 764; x_wconf 89' lang='lat' dir='ltr'><strong>et</strong></span> <span class='ocrx_word' id='word_1_46' title='bbox 1010 708 1263 780; x_wconf 86' lang='lat' dir='ltr'><strong>abyssum</strong></span> <span class='ocrx_word' id='word_1_47' title='bbox 1308 707 1547 762; x_wconf 78' lang='lat' dir='ltr'><strong>intuetur</strong></span> <span class='ocrx_word' id='word_1_48' title='bbox 1577 704 1759 777; x_wconf 84' lang='lat' dir='ltr'><strong>(Prov.</strong></span> <span class='ocrx_word' id='word_1_49' title='bbox 1787 703 1922 776; x_wconf 75' lang='lat' dir='ltr'><strong>xvr).</strong></span> 
     </span>
    </p>
   </div>
   <div class='ocr_carea' id='block_1_5' title="bbox 358 795 1922 872">
    <p class='ocr_par' dir='ltr' id='par_1_5' title="bbox 358 795 1922 872">
     <span class='ocr_line' id='line_1_5' title="bbox 358 795 1922 872; baseline -0.004 -16"><span class='ocrx_word' id='word_1_50' title='bbox 358 800 564 856; x_wconf 63' lang='lat' dir='ltr'><strong>Caelum</strong></span> <span class='ocrx_word' id='word_1_51' title='bbox 605 799 782 872; x_wconf 91' lang='lat' dir='ltr'><strong>palmo</strong></span> <span class='ocrx_word' id='word_1_52' title='bbox 805 800 1047 864; x_wconf 85' lang='lat' dir='ltr'><strong>metitur,</strong></span> <span class='ocrx_word' id='word_1_53' title='bbox 1077 808 1133 854; x_wconf 91' lang='lat' dir='ltr'><strong>et</strong></span> <span class='ocrx_word' id='word_1_54' title='bbox 1158 807 1360 854; x_wconf 90' lang='lat' dir='ltr'><strong>terram</strong></span> <span class='ocrx_word' id='word_1_55' title='bbox 1391 797 1588 869; x_wconf 82' lang='lat' dir='ltr'><strong>pugillo</strong></span> <span class='ocrx_word' id='word_1_56' title='bbox 1624 795 1922 852; x_wconf 89' lang='lat' dir='ltr'><strong>concludit:</strong></span> 
     </span>
    </p>
   </div>
   <div class='ocr_carea' id='block_1_6' title="bbox 357 887 1926 964">
    <p class='ocr_par' dir='ltr' id='par_1_6' title="bbox 357 887 1926 964">
     <span class='ocr_line' id='line_1_6' title="bbox 357 887 1926 964; baseline -0.003 -16"><span class='ocrx_word' id='word_1_57' title='bbox 357 895 471 964; x_wconf 88' lang='lat' dir='ltr'><strong>ipse</strong></span> <span class='ocrx_word' id='word_1_58' title='bbox 537 893 689 948; x_wconf 90' lang='lat' dir='ltr'><strong>novit</strong></span> <span class='ocrx_word' id='word_1_59' title='bbox 740 892 1093 964; x_wconf 81' lang='lat' dir='ltr'><strong>cogitationes</strong></span> <span class='ocrx_word' id='word_1_60' title='bbox 1137 889 1414 946; x_wconf 85' lang='lat' dir='ltr'><strong>hominum</strong></span> <span class='ocrx_word' id='word_1_61' title='bbox 1467 887 1720 959; x_wconf 91' lang='lat' dir='ltr'><strong>quoniam</strong></span> <span class='ocrx_word' id='word_1_62' title='bbox 1774 901 1926 944; x_wconf 73' lang='lat' dir='ltr'><strong>vanae</strong></span> 
     </span>
    </p>
   </div>
   <div class='ocr_carea' id='block_1_7' title="bbox 355 977 1918 1055">
    <p class='ocr_par' dir='ltr' id='par_1_7' title="bbox 355 977 1918 1055">
     <span class='ocr_line' id='line_1_7' title="bbox 355 977 1918 1055; baseline -0.004 -17"><span class='ocrx_word' id='word_1_63' title='bbox 355 984 581 1051; x_wconf 81' lang='lat' dir='ltr'><strong>sunt,&#39;et</strong></span> <span class='ocrx_word' id='word_1_64' title='bbox 628 984 961 1055; x_wconf 82' lang='lat' dir='ltr'><strong>singulorum</strong></span> <span class='ocrx_word' id='word_1_65' title='bbox 1008 981 1364 1053; x_wconf 77' lang='lat' dir='ltr'><strong>cogitationes</strong></span> <span class='ocrx_word' id='word_1_66' title='bbox 1401 978 1647 1050; x_wconf 85' lang='lat' dir='ltr'><strong>intelligit</strong></span> <span class='ocrx_word' id='word_1_67' title='bbox 1674 977 1918 1048; x_wconf 84' lang='lat' dir='ltr'><strong>alonge:</strong></span> 
     </span>
    </p>
   </div>
   <div class='ocr_carea' id='block_1_8' title="bbox 352 1069 1925 1140">
    <p class='ocr_par' dir='ltr' id='par_1_8' title="bbox 352 1069 1925 1140">
     <span class='ocr_line' id='line_1_8' title="bbox 352 1069 1925 1140; baseline -0.004 -9"><span class='ocrx_word' id='word_1_68' title='bbox 352 1077 514 1131; x_wconf 88' lang='lat' dir='ltr'><strong>homo</strong></span> <span class='ocrx_word' id='word_1_69' title='bbox 562 1075 708 1130; x_wconf 89' lang='lat' dir='ltr'><strong>enim</strong></span> <span class='ocrx_word' id='word_1_70' title='bbox 755 1075 899 1130; x_wconf 83' lang='lat' dir='ltr'><strong>videt</strong></span> <span class='ocrx_word' id='word_1_71' title='bbox 953 1075 1010 1130; x_wconf 91' lang='lat' dir='ltr'><strong>in</strong></span> <span class='ocrx_word' id='word_1_72' title='bbox 1056 1073 1225 1140; x_wconf 91' lang='lat' dir='ltr'><strong>facie,</strong></span> <span class='ocrx_word' id='word_1_73' title='bbox 1271 1073 1412 1129; x_wconf 89' lang='lat' dir='ltr'><strong>Deus</strong></span> <span class='ocrx_word' id='word_1_74' title='bbox 1457 1079 1636 1126; x_wconf 90' lang='lat' dir='ltr'><strong>autem</strong></span> <span class='ocrx_word' id='word_1_75' title='bbox 1683 1069 1925 1125; x_wconf 84' lang='lat' dir='ltr'><strong>intuetur</strong></span> 
     </span>
    </p>
   </div>
   <div class='ocr_carea' id='block_1_9' title="bbox 351 1165 758 1240">
    <p class='ocr_par' dir='ltr' id='par_1_9' title="bbox 351 1165 758 1240">
     <span class='ocr_line' id='line_1_9' title="bbox 351 1165 758 1240; baseline -0.007 -16"><span class='ocrx_word' id='word_1_76' title='bbox 351 1183 446 1224; x_wconf 91' lang='lat' dir='ltr'><strong>cor</strong></span> <span class='ocrx_word' id='word_1_77' title='bbox 475 1167 610 1240; x_wconf 75' lang='lat' dir='ltr'><strong>(Iaa.</strong></span> <span class='ocrx_word' id='word_1_78' title='bbox 646 1165 758 1240; x_wconf 78' lang='lat' dir='ltr'><strong>XL).</strong></span> 
     </span>
    </p>
   </div>
   <div class='ocr_carea' id='block_1_10' title="bbox 969 1257 1321 1316">
    <p class='ocr_par' dir='ltr' id='par_1_10' title="bbox 969 1257 1321 1316">
     <span class='ocr_line' id='line_1_10' title="bbox 969 1257 1321 1316; baseline -0.006 -1"><span class='ocrx_word' id='word_1_79' title='bbox 969 1258 1195 1316; x_wconf 87' lang='lat' dir='ltr'><strong>CAPUT</strong></span> <span class='ocrx_word' id='word_1_80' title='bbox 1231 1257 1321 1314; x_wconf 84' lang='lat' dir='ltr'><strong>XI.</strong></span> 
     </span>
    </p>
   </div>
   <div class='ocr_carea' id='block_1_11' title="bbox 348 1349 1918 1424">
    <p class='ocr_par' dir='ltr' id='par_1_11' title="bbox 348 1349 1918 1424">
     <span class='ocr_line' id='line_1_11' title="bbox 348 1349 1918 1424; baseline -0.002 -17"><span class='ocrx_word' id='word_1_81' title='bbox 348 1351 682 1424; x_wconf 62' lang='lat' dir='ltr'><strong>Prospiciat;</strong></span> <span class='ocrx_word' id='word_1_82' title='bbox 711 1352 889 1424; x_wconf 76' lang='lat' dir='ltr'><strong>omnia</strong></span> <span class='ocrx_word' id='word_1_83' title='bbox 916 1352 1171 1424; x_wconf 75' lang='lat' dir='ltr'><strong>sapientia</strong></span> <span class='ocrx_word' id='word_1_84' title='bbox 1205 1350 1451 1424; x_wconf 81' lang='lat' dir='ltr'><strong>loquitur,</strong></span> <span class='ocrx_word' id='word_1_85' title='bbox 1466 1350 1596 1424; x_wconf 71' lang='lat' dir='ltr'><strong>quia</strong></span> <span class='ocrx_word' id='word_1_86' title='bbox 1624 1365 1800 1424; x_wconf 57' lang='lat' dir='ltr'><strong>omttes</strong></span> <span class='ocrx_word' id='word_1_87' title='bbox 1823 1349 1918 1404; x_wconf 76' lang='lat' dir='ltr'><strong>via:</strong></span> 
     </span>
    </p>
   </div>
   <div class='ocr_carea' id='block_1_12' title="bbox 419 1419 1843 1494">
    <p class='ocr_par' dir='ltr' id='par_1_12' title="bbox 419 1419 1843 1494">
     <span class='ocr_line' id='line_1_12' title="bbox 419 1419 1843 1494; baseline -0.003 -18"><span class='ocrx_word' id='word_1_88' title='bbox 419 1419 673 1490; x_wconf 73' lang='lat' dir='ltr'><strong>facientis,</strong></span> <span class='ocrx_word' id='word_1_89' title='bbox 701 1419 986 1494; x_wconf 59' lang='lat' dir='ltr'><strong>loquentis,</strong></span> <span class='ocrx_word' id='word_1_90' title='bbox 1007 1419 1298 1493; x_wconf 68' lang='lat' dir='ltr'><strong>cogitantis,</strong></span> <span class='ocrx_word' id='word_1_91' title='bbox 1328 1419 1545 1491; x_wconf 69' lang='lat' dir='ltr'><strong>cognitae</strong></span> <span class='ocrx_word' id='word_1_92' title='bbox 1573 1429 1692 1474; x_wconf 80' lang='lat' dir='ltr'><strong>sunt</strong></span> <span class='ocrx_word' id='word_1_93' title='bbox 1712 1419 1843 1474; x_wconf 89' lang='lat' dir='ltr'><strong>Deo.</strong></span> 
     </span>
    </p>
   </div>
   <div class='ocr_carea' id='block_1_13' title="bbox 422 1531 1915 1603">
    <p class='ocr_par' dir='ltr' id='par_1_13' title="bbox 422 1531 1915 1603">
     <span class='ocr_line' id='line_1_13' title="bbox 422 1531 1915 1603; baseline 0.002 -19"><span class='ocrx_word' id='word_1_94' title='bbox 422 1553 439 1584; x_wconf 74' lang='grc' dir='ltr'><strong><em>ι</em></strong></span> <span class='ocrx_word' id='word_1_95' title='bbox 485 1533 712 1589; x_wconf 88' lang='lat' dir='ltr'><strong>Domino</strong></span> <span class='ocrx_word' id='word_1_96' title='bbox 744 1535 888 1590; x_wconf 91' lang='lat' dir='ltr'><strong>enim</strong></span> <span class='ocrx_word' id='word_1_97' title='bbox 913 1535 1024 1590; x_wconf 89' lang='lat' dir='ltr'><strong>Deo</strong></span> <span class='ocrx_word' id='word_1_98' title='bbox 1052 1542 1342 1603; x_wconf 88' lang='lat' dir='ltr'><strong>antequam</strong></span> <span class='ocrx_word' id='word_1_99' title='bbox 1369 1539 1706 1598; x_wconf 83' lang='lat' dir='ltr'><strong>crearentur,</strong></span> <span class='ocrx_word' id='word_1_100' title='bbox 1733 1531 1915 1587; x_wconf 88' lang='lat' dir='ltr'><strong>omnia</strong></span> 
     </span>
    </p>
   </div>
   <div class='ocr_carea' id='block_1_14' title="bbox 348 1622 1907 1699">
    <p class='ocr_par' dir='ltr' id='par_1_14' title="bbox 348 1622 1907 1699">
     <span class='ocr_line' id='line_1_14' title="bbox 348 1622 1907 1699; baseline 0 -24"><span class='ocrx_word' id='word_1_101' title='bbox 348 1644 366 1675; x_wconf 83' lang='grc'><em>‹</em></span> <span class='ocrx_word' id='word_1_102' title='bbox 415 1634 541 1681; x_wconf 91' lang='lat' dir='ltr'><strong>sunt</strong></span> <span class='ocrx_word' id='word_1_103' title='bbox 562 1627 762 1699; x_wconf 89' lang='lat' dir='ltr'><strong>agnita:</strong></span> <span class='ocrx_word' id='word_1_104' title='bbox 782 1628 859 1682; x_wconf 90' lang='lat' dir='ltr'><strong>sic</strong></span> <span class='ocrx_word' id='word_1_105' title='bbox 884 1635 940 1682; x_wconf 92' lang='lat' dir='ltr'><strong>et</strong></span> <span class='ocrx_word' id='word_1_106' title='bbox 960 1634 1083 1697; x_wconf 89' lang='lat' dir='ltr'><strong>post</strong></span> <span class='ocrx_word' id='word_1_107' title='bbox 1103 1624 1402 1696; x_wconf 88' lang='lat' dir='ltr'><strong>perfectum</strong></span> <span class='ocrx_word' id='word_1_108' title='bbox 1429 1622 1652 1692; x_wconf 89' lang='lat' dir='ltr'><strong>respicit</strong></span> <span class='ocrx_word' id='word_1_109' title='bbox 1674 1623 1907 1677; x_wconf 64' lang='lat' dir='ltr'><strong>omnia.»</strong></span> 
     </span>
    </p>
   </div>
   <div class='ocr_carea' id='block_1_15' title="bbox 341 1715 1916 1788">
    <p class='ocr_par' dir='ltr' id='par_1_15' title="bbox 341 1715 1916 1788">
     <span class='ocr_line' id='line_1_15' title="bbox 341 1715 1916 1788; baseline -0.001 -17"><span class='ocrx_word' id='word_1_110' title='bbox 341 1716 536 1772; x_wconf 84' lang='lat' dir='ltr'><strong>Notum</strong></span> <span class='ocrx_word' id='word_1_111' title='bbox 567 1727 650 1773; x_wconf 89' lang='lat' dir='ltr'><strong>est</strong></span> <span class='ocrx_word' id='word_1_112' title='bbox 675 1718 786 1774; x_wconf 92' lang='lat' dir='ltr'><strong>Deo</strong></span> <span class='ocrx_word' id='word_1_113' title='bbox 817 1719 886 1773; x_wconf 90' lang='lat' dir='ltr'><strong>ab</strong></span> <span class='ocrx_word' id='word_1_114' title='bbox 933 1718 1086 1774; x_wconf 90' lang='lat' dir='ltr'><strong>initio</strong></span> <span class='ocrx_word' id='word_1_115' title='bbox 1118 1733 1252 1788; x_wconf 84' lang='lat' dir='ltr'><strong>Opus</strong></span> <span class='ocrx_word' id='word_1_116' title='bbox 1285 1717 1422 1788; x_wconf 87' lang='lat' dir='ltr'><strong>ejus,</strong></span> <span class='ocrx_word' id='word_1_117' title='bbox 1463 1731 1564 1771; x_wconf 91' lang='lat' dir='ltr'><strong>nec</strong></span> <span class='ocrx_word' id='word_1_118' title='bbox 1594 1715 1794 1785; x_wconf 89' lang='lat' dir='ltr'><strong>aliquid</strong></span> <span class='ocrx_word' id='word_1_119' title='bbox 1822 1729 1916 1770; x_wconf 85' lang='lat' dir='ltr'><strong>no-</strong></span> 
     </span>
    </p>
   </div>
   <div class='ocr_carea' id='block_1_16' title="bbox 340 1806 1912 1880">
    <p class='ocr_par' dir='ltr' id='par_1_16' title="bbox 340 1806 1912 1880">
     <span class='ocr_line' id='line_1_16' title="bbox 340 1806 1912 1880; baseline 0 -19"><span class='ocrx_word' id='word_1_120' title='bbox 340 1824 465 1862; x_wconf 84' lang='lat' dir='ltr'><strong>vum</strong></span> <span class='ocrx_word' id='word_1_121' title='bbox 497 1809 546 1862; x_wconf 89' lang='lat' dir='ltr'><strong>ei</strong></span> <span class='ocrx_word' id='word_1_122' title='bbox 577 1810 825 1866; x_wconf 88' lang='lat' dir='ltr'><strong>accidere</strong></span> <span class='ocrx_word' id='word_1_123' title='bbox 852 1817 1052 1880; x_wconf 88' lang='lat' dir='ltr'><strong>potest,</strong></span> <span class='ocrx_word' id='word_1_124' title='bbox 1078 1809 1202 1880; x_wconf 85' lang='lat' dir='ltr'><strong>quia</strong></span> <span class='ocrx_word' id='word_1_125' title='bbox 1229 1816 1354 1863; x_wconf 87' lang='lat' dir='ltr'><strong>ante</strong></span> <span class='ocrx_word' id='word_1_126' title='bbox 1381 1808 1564 1862; x_wconf 87' lang='lat' dir='ltr'><strong>omnia</strong></span> <span class='ocrx_word' id='word_1_127' title='bbox 1593 1806 1912 1877; x_wconf 68' lang='lat' dir='ltr'><strong>praesciebat</strong></span> 
     </span>
    </p>
   </div>
   <div class='ocr_carea' id='block_1_17' title="bbox 2026 701 3602 774">
    <p class='ocr_par' dir='ltr' id='par_1_17' title="bbox 2026 701 3602 774">
     <span class='ocr_line' id='line_1_17' title="bbox 2026 701 3602 774; baseline 0.005 -18"><span class='ocrx_word' id='word_1_128' title='bbox 2026 701 2150 770; x_wconf 86' lang='lat' dir='ltr'><strong>fuit,</strong></span> <span class='ocrx_word' id='word_1_129' title='bbox 2197 705 2411 774; x_wconf 89' lang='lat' dir='ltr'><strong>quando</strong></span> <span class='ocrx_word' id='word_1_130' title='bbox 2455 714 2764 761; x_wconf 90' lang='lat' dir='ltr'><strong>sanctorum</strong></span> <span class='ocrx_word' id='word_1_131' title='bbox 2807 705 3030 762; x_wconf 86' lang='lat' dir='ltr'><strong>Patrum</strong></span> <span class='ocrx_word' id='word_1_132' title='bbox 3080 707 3241 764; x_wconf 89' lang='lat' dir='ltr'><strong>ﬁdem</strong></span> <span class='ocrx_word' id='word_1_133' title='bbox 3269 717 3325 764; x_wconf 91' lang='lat' dir='ltr'><strong>et</strong></span> <span class='ocrx_word' id='word_1_134' title='bbox 3354 709 3602 764; x_wconf 87' lang='lat' dir='ltr'><strong>traditio-</strong></span> 
     </span>
    </p>
   </div>
   <div class='ocr_carea' id='block_1_18' title="bbox 2027 785 3601 869">
    <p class='ocr_par' dir='ltr' id='par_1_18' title="bbox 2027 785 3601 869">
     <span class='ocr_line' id='line_1_18' title="bbox 2027 785 3601 869; baseline 0.003 -20"><span class='ocrx_word' id='word_1_135' title='bbox 2027 808 2152 850; x_wconf 88' lang='lat' dir='ltr'><strong>nem</strong></span> <span class='ocrx_word' id='word_1_136' title='bbox 2195 795 2252 851; x_wconf 92' lang='lat' dir='ltr'><strong>in</strong></span> <span class='ocrx_word' id='word_1_137' title='bbox 2292 796 2462 852; x_wconf 88' lang='lat' dir='ltr'><strong>sacris</strong></span> <span class='ocrx_word' id='word_1_138' title='bbox 2489 796 2788 867; x_wconf 90' lang='lat' dir='ltr'><strong>Scripturis</strong></span> <span class='ocrx_word' id='word_1_139' title='bbox 2821 798 2974 869; x_wconf 88' lang='lat' dir='ltr'><strong>sequi</strong></span> <span class='ocrx_word' id='word_1_140' title='bbox 3023 798 3213 855; x_wconf 82' lang='lat' dir='ltr'><strong>noluit.</strong></span> <span class='ocrx_word' id='word_1_141' title='bbox 3244 785 3491 856; x_wconf 79' lang='lat' dir='ltr'><strong>secundo</strong></span> <span class='ocrx_word' id='word_1_142' title='bbox 3516 798 3601 854; x_wconf 89' lang='lat' dir='ltr'><strong>vi-</strong></span> 
     </span>
    </p>
   </div>
   <div class='ocr_carea' id='block_1_19' title="bbox 2025 887 3599 961">
    <p class='ocr_par' dir='ltr' id='par_1_19' title="bbox 2025 887 3599 961">
     <span class='ocr_line' id='line_1_19' title="bbox 2025 887 3599 961; baseline 0.004 -21"><span class='ocrx_word' id='word_1_143' title='bbox 2025 899 2148 940; x_wconf 89' lang='lat' dir='ltr'><strong>rum</strong></span> <span class='ocrx_word' id='word_1_144' title='bbox 2199 901 2356 942; x_wconf 92' lang='lat' dir='ltr'><strong>suum</strong></span> <span class='ocrx_word' id='word_1_145' title='bbox 2405 887 2714 958; x_wconf 88' lang='lat' dir='ltr'><strong>dereliquit,</strong></span> <span class='ocrx_word' id='word_1_146' title='bbox 2741 889 2866 958; x_wconf 88' lang='lat' dir='ltr'><strong>quia</strong></span> <span class='ocrx_word' id='word_1_147' title='bbox 2914 889 3234 946; x_wconf 87' lang='lat' dir='ltr'><strong>charitatem</strong></span> <span class='ocrx_word' id='word_1_148' title='bbox 3260 891 3356 946; x_wconf 90' lang='lat' dir='ltr'><strong>Dei</strong></span> <span class='ocrx_word' id='word_1_149' title='bbox 3391 899 3446 945; x_wconf 92' lang='lat' dir='ltr'><strong>et</strong></span> <span class='ocrx_word' id='word_1_150' title='bbox 3470 905 3599 961; x_wconf 91' lang='lat' dir='ltr'><strong>pro-</strong></span> 
     </span>
    </p>
   </div>
   <div class='ocr_carea' id='block_1_20' title="bbox 2024 974 3600 1048">
    <p class='ocr_par' dir='ltr' id='par_1_20' title="bbox 2024 974 3600 1048">
     <span class='ocr_line' id='line_1_20' title="bbox 2024 974 3600 1048; baseline 0.005 -19"><span class='ocrx_word' id='word_1_151' title='bbox 2024 974 2156 1030; x_wconf 84' lang='lat' dir='ltr'><strong>ximi</strong></span> <span class='ocrx_word' id='word_1_152' title='bbox 2191 975 2391 1032; x_wconf 87' lang='lat' dir='ltr'><strong>habere</strong></span> <span class='ocrx_word' id='word_1_153' title='bbox 2427 977 2690 1048; x_wconf 82' lang='lat' dir='ltr'><strong>despexit.</strong></span> <span class='ocrx_word' id='word_1_154' title='bbox 2725 977 2909 1034; x_wconf 90' lang='lat' dir='ltr'><strong>Tertio</strong></span> <span class='ocrx_word' id='word_1_155' title='bbox 2956 980 3013 1034; x_wconf 90' lang='lat' dir='ltr'><strong>in</strong></span> <span class='ocrx_word' id='word_1_156' title='bbox 3041 981 3307 1037; x_wconf 85' lang='lat' dir='ltr'><strong>adulterio</strong></span> <span class='ocrx_word' id='word_1_157' title='bbox 3335 980 3600 1038; x_wconf 81' lang='lat' dir='ltr'><strong>fornicata</strong></span> 
     </span>
    </p>
   </div>
   <div class='ocr_carea' id='block_1_21' title="bbox 2025 1074 3602 1147">
    <p class='ocr_par' dir='ltr' id='par_1_21' title="bbox 2025 1074 3602 1147">
     <span class='ocr_line' id='line_1_21' title="bbox 2025 1074 3602 1147; baseline 0.002 -18"><span class='ocrx_word' id='word_1_158' title='bbox 2025 1081 2124 1139; x_wconf 90' lang='lat' dir='ltr'><strong>est,</strong></span> <span class='ocrx_word' id='word_1_159' title='bbox 2157 1075 2372 1144; x_wconf 89' lang='lat' dir='ltr'><strong>quando</strong></span> <span class='ocrx_word' id='word_1_160' title='bbox 2419 1074 2622 1132; x_wconf 86' lang='lat' dir='ltr'><strong>foedere</strong></span> <span class='ocrx_word' id='word_1_161' title='bbox 2664 1077 2976 1147; x_wconf 90' lang='lat' dir='ltr'><strong>turpissimo</strong></span> <span class='ocrx_word' id='word_1_162' title='bbox 3028 1090 3126 1146; x_wconf 85' lang='lat' dir='ltr'><strong>per</strong></span> <span class='ocrx_word' id='word_1_163' title='bbox 3154 1091 3398 1133; x_wconf 84' lang='lat' dir='ltr'><strong>errorem</strong></span> <span class='ocrx_word' id='word_1_164' title='bbox 3452 1091 3602 1132; x_wconf 89' lang='lat' dir='ltr'><strong>asso-</strong></span> 
     </span>
    </p>
   </div>
   <div class='ocr_carea' id='block_1_22' title="bbox 2024 1165 3598 1239">
    <p class='ocr_par' dir='ltr' id='par_1_22' title="bbox 2024 1165 3598 1239">
     <span class='ocr_line' id='line_1_22' title="bbox 2024 1165 3598 1239; baseline 0.001 -19"><span class='ocrx_word' id='word_1_165' title='bbox 2024 1165 2165 1220; x_wconf 83' lang='lat' dir='ltr'><strong>ciata</strong></span> <span class='ocrx_word' id='word_1_166' title='bbox 2209 1175 2292 1221; x_wconf 89' lang='lat' dir='ltr'><strong>est</strong></span> <span class='ocrx_word' id='word_1_167' title='bbox 2337 1167 2590 1232; x_wconf 87' lang='lat' dir='ltr'><strong>diabolo,</strong></span> <span class='ocrx_word' id='word_1_168' title='bbox 2637 1183 2669 1222; x_wconf 90' lang='lat' dir='ltr'><strong>a</strong></span> <span class='ocrx_word' id='word_1_169' title='bbox 2716 1183 2822 1238; x_wconf 91' lang='lat' dir='ltr'><strong>quo</strong></span> <span class='ocrx_word' id='word_1_170' title='bbox 2869 1167 3008 1223; x_wconf 92' lang='lat' dir='ltr'><strong>ﬁlios</strong></span> <span class='ocrx_word' id='word_1_171' title='bbox 3047 1168 3323 1239; x_wconf 53' lang='lat' dir='ltr'><strong>ignobiles</strong></span> <span class='ocrx_word' id='word_1_172' title='bbox 3366 1167 3598 1238; x_wconf 86' lang='lat' dir='ltr'><strong>accepit,</strong></span> 
     </span>
    </p>
   </div>
   <div class='ocr_carea' id='block_1_23' title="bbox 2022 1259 3600 1331">
    <p class='ocr_par' dir='ltr' id='par_1_23' title="bbox 2022 1259 3600 1331">
     <span class='ocr_line' id='line_1_23' title="bbox 2022 1259 3600 1331; baseline 0.002 -20"><span class='ocrx_word' id='word_1_173' title='bbox 2022 1259 2236 1328; x_wconf 88' lang='lat' dir='ltr'><strong>quando</strong></span> <span class='ocrx_word' id='word_1_174' title='bbox 2248 1272 2416 1327; x_wconf 90' lang='lat' dir='ltr'><strong>prava</strong></span> <span class='ocrx_word' id='word_1_175' title='bbox 2438 1259 2688 1327; x_wconf 76' lang='lat' dir='ltr'><strong>dogmata</strong></span> <span class='ocrx_word' id='word_1_176' title='bbox 2711 1269 2765 1315; x_wconf 90' lang='lat' dir='ltr'><strong>et</strong></span> <span class='ocrx_word' id='word_1_177' title='bbox 2784 1273 3040 1330; x_wconf 90' lang='lat' dir='ltr'><strong>perversa</strong></span> <span class='ocrx_word' id='word_1_178' title='bbox 3057 1273 3221 1330; x_wconf 88' lang='lat' dir='ltr'><strong>opera</strong></span> <span class='ocrx_word' id='word_1_179' title='bbox 3235 1259 3352 1330; x_wconf 88' lang='lat' dir='ltr'><strong>ejus</strong></span> <span class='ocrx_word' id='word_1_180' title='bbox 3367 1259 3600 1331; x_wconf 91' lang='lat' dir='ltr'><strong>maligno</strong></span> 
     </span>
    </p>
   </div>
   <div class='ocr_carea' id='block_1_24' title="bbox 2021 1346 3597 1420">
    <p class='ocr_par' dir='ltr' id='par_1_24' title="bbox 2021 1346 3597 1420">
     <span class='ocr_line' id='line_1_24' title="bbox 2021 1346 3597 1420; baseline 0.003 -20"><span class='ocrx_word' id='word_1_181' title='bbox 2021 1346 2276 1402; x_wconf 89' lang='lat' dir='ltr'><strong>instinctu</strong></span> <span class='ocrx_word' id='word_1_182' title='bbox 2303 1349 2611 1420; x_wconf 83' lang='lat' dir='ltr'><strong>generavit:</strong></span> <span class='ocrx_word' id='word_1_183' title='bbox 2631 1351 2746 1405; x_wconf 82' lang='lat' dir='ltr'><strong>haec</strong></span> <span class='ocrx_word' id='word_1_184' title='bbox 2773 1350 2826 1404; x_wconf 93' lang='lat' dir='ltr'><strong>in</strong></span> <span class='ocrx_word' id='word_1_185' title='bbox 2852 1349 3091 1406; x_wconf 88' lang='lat' dir='ltr'><strong>Ecclesia</strong></span> <span class='ocrx_word' id='word_1_186' title='bbox 3117 1350 3433 1415; x_wconf 88' lang='lat' dir='ltr'><strong>adducetur,</strong></span> <span class='ocrx_word' id='word_1_187' title='bbox 3462 1358 3516 1404; x_wconf 91' lang='lat' dir='ltr'><strong>et</strong></span> <span class='ocrx_word' id='word_1_188' title='bbox 3543 1351 3597 1404; x_wconf 92' lang='lat' dir='ltr'><strong>in</strong></span> 
     </span>
    </p>
   </div>
   <div class='ocr_carea' id='block_1_25' title="bbox 2020 1435 3596 1512">
    <p class='ocr_par' dir='ltr' id='par_1_25' title="bbox 2020 1435 3596 1512">
     <span class='ocr_line' id='line_1_25' title="bbox 2020 1435 3596 1512; baseline 0.003 -22"><span class='ocrx_word' id='word_1_189' title='bbox 2020 1435 2160 1492; x_wconf 90' lang='lat' dir='ltr'><strong>ﬁlios</strong></span> <span class='ocrx_word' id='word_1_190' title='bbox 2182 1436 2299 1505; x_wconf 89' lang='lat' dir='ltr'><strong>ejus</strong></span> <span class='ocrx_word' id='word_1_191' title='bbox 2325 1439 2662 1510; x_wconf 88' lang='lat' dir='ltr'><strong>respicietur,</strong></span> <span class='ocrx_word' id='word_1_192' title='bbox 2694 1456 2814 1496; x_wconf 90' lang='lat' dir='ltr'><strong>cum</strong></span> <span class='ocrx_word' id='word_1_193' title='bbox 2857 1440 2973 1510; x_wconf 88' lang='lat' dir='ltr'><strong>ejus</strong></span> <span class='ocrx_word' id='word_1_194' title='bbox 3019 1441 3349 1512; x_wconf 84' lang='lat' dir='ltr'><strong>perversitas</strong></span> <span class='ocrx_word' id='word_1_195' title='bbox 3395 1439 3596 1510; x_wconf 89' lang='lat' dir='ltr'><strong>ubique</strong></span> 
     </span>
    </p>
   </div>
   <div class='ocr_carea' id='block_1_26' title="bbox 2019 1515 3597 1603">
    <p class='ocr_par' dir='ltr' id='par_1_26' title="bbox 2019 1515 3597 1603">
     <span class='ocr_line' id='line_1_26' title="bbox 2019 1515 3597 1603; baseline 0.001 -20"><span class='ocrx_word' id='word_1_196' title='bbox 2019 1515 2073 1584; x_wconf 84' lang='lat' dir='ltr'><strong>in</strong></span> <span class='ocrx_word' id='word_1_197' title='bbox 2104 1539 2367 1585; x_wconf 86' lang='lat' dir='ltr'><strong>conventu</strong></span> <span class='ocrx_word' id='word_1_198' title='bbox 2394 1531 2630 1587; x_wconf 92' lang='lat' dir='ltr'><strong>ﬁdelium</strong></span> <span class='ocrx_word' id='word_1_199' title='bbox 2659 1547 2756 1603; x_wconf 93' lang='lat' dir='ltr'><strong>per</strong></span> <span class='ocrx_word' id='word_1_200' title='bbox 2783 1541 3089 1588; x_wconf 88' lang='lat' dir='ltr'><strong>sanctorum</strong></span> <span class='ocrx_word' id='word_1_201' title='bbox 3118 1533 3398 1588; x_wconf 87' lang='lat' dir='ltr'><strong>doctorum</strong></span> <span class='ocrx_word' id='word_1_202' title='bbox 3428 1531 3597 1586; x_wconf 89' lang='lat' dir='ltr'><strong>soler-</strong></span> 
     </span>
    </p>
   </div>
   <div class='ocr_carea' id='block_1_27' title="bbox 2019 1619 3596 1694">
    <p class='ocr_par' dir='ltr' id='par_1_27' title="bbox 2019 1619 3596 1694">
     <span class='ocr_line' id='line_1_27' title="bbox 2019 1619 3596 1694; baseline 0.001 -20"><span class='ocrx_word' id='word_1_203' title='bbox 2019 1619 2153 1675; x_wconf 89' lang='lat' dir='ltr'><strong>tiam</strong></span> <span class='ocrx_word' id='word_1_204' title='bbox 2179 1620 2510 1688; x_wconf 90' lang='lat' dir='ltr'><strong>declaratur,</strong></span> <span class='ocrx_word' id='word_1_205' title='bbox 2541 1629 2596 1676; x_wconf 89' lang='lat' dir='ltr'><strong>et</strong></span> <span class='ocrx_word' id='word_1_206' title='bbox 2631 1623 2876 1679; x_wconf 87' lang='lat' dir='ltr'><strong>doctrina</strong></span> <span class='ocrx_word' id='word_1_207' title='bbox 2903 1623 3020 1694; x_wconf 85' lang='lat' dir='ltr'><strong>ejus</strong></span> <span class='ocrx_word' id='word_1_208' title='bbox 3047 1623 3245 1694; x_wconf 89' lang='lat' dir='ltr'><strong>ubique</strong></span> <span class='ocrx_word' id='word_1_209' title='bbox 3290 1623 3596 1688; x_wconf 85' lang='lat' dir='ltr'><strong>damnatur,</strong></span> 
     </span>
    </p>
   </div>
   <div class='ocr_carea' id='block_1_28' title="bbox 2017 1715 3599 1787">
    <p class='ocr_par' dir='ltr' id='par_1_28' title="bbox 2017 1715 3599 1787">
     <span class='ocr_line' id='line_1_28' title="bbox 2017 1715 3599 1787; baseline 0.004 -21"><span class='ocrx_word' id='word_1_210' title='bbox 2017 1727 2118 1768; x_wconf 91' lang='lat' dir='ltr'><strong>nec</strong></span> <span class='ocrx_word' id='word_1_211' title='bbox 2160 1721 2307 1770; x_wconf 85' lang='lat' dir='ltr'><strong>secta</strong></span> <span class='ocrx_word' id='word_1_212' title='bbox 2354 1715 2520 1782; x_wconf 93' lang='lat' dir='ltr'><strong>illius,</strong></span> <span class='ocrx_word' id='word_1_213' title='bbox 2565 1717 2693 1787; x_wconf 89' lang='lat' dir='ltr'><strong>quia</strong></span> <span class='ocrx_word' id='word_1_214' title='bbox 2737 1716 3146 1773; x_wconf 89' lang='lat' dir='ltr'><strong>fundamentum</strong></span> <span class='ocrx_word' id='word_1_215' title='bbox 3188 1718 3438 1772; x_wconf 84' lang='lat' dir='ltr'><strong>veritatis</strong></span> <span class='ocrx_word' id='word_1_216' title='bbox 3490 1732 3599 1772; x_wconf 90' lang='lat' dir='ltr'><strong>non</strong></span> 
     </span>
    </p>
   </div>
   <div class='ocr_carea' id='block_1_29' title="bbox 2019 1803 3599 1879">
    <p class='ocr_par' dir='ltr' id='par_1_29' title="bbox 2019 1803 3599 1879">
     <span class='ocr_line' id='line_1_29' title="bbox 2019 1803 3599 1879; baseline 0.003 -21"><span class='ocrx_word' id='word_1_217' title='bbox 2019 1803 2196 1868; x_wconf 90' lang='lat' dir='ltr'><strong>habet,</strong></span> <span class='ocrx_word' id='word_1_218' title='bbox 2228 1814 2668 1875; x_wconf 87' lang='lat' dir='ltr'><strong>perseverantem</strong></span> <span class='ocrx_word' id='word_1_219' title='bbox 2696 1807 2962 1862; x_wconf 90' lang='lat' dir='ltr'><strong>honorum</strong></span> <span class='ocrx_word' id='word_1_220' title='bbox 2987 1822 3212 1878; x_wconf 90' lang='lat' dir='ltr'><strong>operum</strong></span> <span class='ocrx_word' id='word_1_221' title='bbox 3246 1807 3480 1863; x_wconf 88' lang='lat' dir='ltr'><strong>fructum</strong></span> <span class='ocrx_word' id='word_1_222' title='bbox 3519 1808 3599 1879; x_wconf 86' lang='lat' dir='ltr'><strong>gi-</strong></span> 
     </span>
    </p>
   </div>
   <div class='ocr_carea' id='block_1_30' title="bbox 341 1876 3601 1972">
    <p class='ocr_par' dir='ltr' id='par_1_30' title="bbox 341 1876 3601 1972">
     <span class='ocr_line' id='line_1_30' title="bbox 341 1876 3601 1972; baseline 0.001 -18"><span class='ocrx_word' id='word_1_223' title='bbox 341 1908 604 1969; x_wconf 90' lang='lat' dir='ltr'><strong>tempora,</strong></span> <span class='ocrx_word' id='word_1_224' title='bbox 654 1916 773 1970; x_wconf 68' lang='lat' dir='ltr'><strong>quae</strong></span> <span class='ocrx_word' id='word_1_225' title='bbox 811 1876 870 1955; x_wconf 79' lang='lat' dir='ltr'><strong>in</strong></span> <span class='ocrx_word' id='word_1_226' title='bbox 899 1876 1142 1970; x_wconf 70' lang='lat' dir='ltr'><strong>tempore</strong></span> <span class='ocrx_word' id='word_1_227' title='bbox 1191 1898 1363 1954; x_wconf 88' lang='lat' dir='ltr'><strong>voluit</strong></span> <span class='ocrx_word' id='word_1_228' title='bbox 1394 1896 1571 1953; x_wconf 90' lang='lat' dir='ltr'><strong>facere</strong></span> <span class='ocrx_word' id='word_1_229' title='bbox 1599 1876 1808 1967; x_wconf 9' lang='lat' dir='ltr'><strong>ropera;</strong></span> <span class='ocrx_word' id='word_1_230' title='bbox 1863 1905 1918 1952; x_wconf 91' lang='lat' dir='ltr'><strong>et</strong></span> <span class='ocrx_word' id='word_1_231' title='bbox 1945 1876 1991 1936; x_wconf 83' lang='grc' dir='ltr'><strong>Β</strong></span> <span class='ocrx_word' id='word_1_232' title='bbox 2019 1910 2182 1967; x_wconf 89' lang='lat' dir='ltr'><strong>gnere</strong></span> <span class='ocrx_word' id='word_1_233' title='bbox 2226 1897 2502 1967; x_wconf 79' lang='lat' dir='ltr'><strong>praevalet,</strong></span> <span class='ocrx_word' id='word_1_234' title='bbox 2551 1900 2646 1954; x_wconf 92' lang='lat' dir='ltr'><strong>sed</strong></span> <span class='ocrx_word' id='word_1_235' title='bbox 2692 1899 3100 1970; x_wconf 84' lang='lat' dir='ltr'><strong>ignominiosam</strong></span> <span class='ocrx_word' id='word_1_236' title='bbox 3126 1901 3444 1957; x_wconf 90' lang='lat' dir='ltr'><strong>memoriam</strong></span> <span class='ocrx_word' id='word_1_237' title='bbox 3478 1909 3601 1972; x_wconf 92' lang='lat' dir='ltr'><strong>post</strong></span> 
     </span>
    </p>
   </div>
   <div class='ocr_carea' id='block_1_31' title="bbox 335 1989 1914 2067">
    <p class='ocr_par' dir='ltr' id='par_1_31' title="bbox 335 1989 1914 2067">
     <span class='ocr_line' id='line_1_31' title="bbox 335 1989 1914 2067; baseline -0.004 -19"><span class='ocrx_word' id='word_1_238' title='bbox 335 2002 455 2063; x_wconf 91' lang='lat' dir='ltr'><strong>post</strong></span> <span class='ocrx_word' id='word_1_239' title='bbox 479 1992 778 2064; x_wconf 85' lang='lat' dir='ltr'><strong>perfectum</strong></span> <span class='ocrx_word' id='word_1_240' title='bbox 803 2009 938 2064; x_wconf 91' lang='lat' dir='ltr'><strong>opus</strong></span> <span class='ocrx_word' id='word_1_241' title='bbox 984 1991 1115 2047; x_wconf 90' lang='lat' dir='ltr'><strong>nihil</strong></span> <span class='ocrx_word' id='word_1_242' title='bbox 1161 1990 1238 2045; x_wconf 92' lang='lat' dir='ltr'><strong>illi</strong></span> <span class='ocrx_word' id='word_1_243' title='bbox 1283 1989 1587 2067; x_wconf 83' lang='lat' dir='ltr'><strong>defuit_aut</strong></span> <span class='ocrx_word' id='word_1_244' title='bbox 1633 1989 1914 2059; x_wconf 86' lang='lat' dir='ltr'><strong>praeteriit,</strong></span> 
     </span>
    </p>
   </div>
   <div class='ocr_carea' id='block_1_32' title="bbox 334 2079 1916 2154">
    <p class='ocr_par' dir='ltr' id='par_1_32' title="bbox 334 2079 1916 2154">
     <span class='ocr_line' id='line_1_32' title="bbox 334 2079 1916 2154; baseline -0.002 -17"><span class='ocrx_word' id='word_1_245' title='bbox 334 2084 458 2152; x_wconf 84' lang='lat' dir='ltr'><strong>quia</strong></span> <span class='ocrx_word' id='word_1_246' title='bbox 503 2098 675 2154; x_wconf 92' lang='lat' dir='ltr'><strong>neque</strong></span> <span class='ocrx_word' id='word_1_247' title='bbox 704 2083 1036 2154; x_wconf 83' lang='lat' dir='ltr'><strong>praeteritum</strong></span> <span class='ocrx_word' id='word_1_248' title='bbox 1082 2097 1260 2153; x_wconf 88' lang='lat' dir='ltr'><strong>neque</strong></span> <span class='ocrx_word' id='word_1_249' title='bbox 1306 2080 1546 2135; x_wconf 90' lang='lat' dir='ltr'><strong>futurum</strong></span> <span class='ocrx_word' id='word_1_250' title='bbox 1592 2079 1795 2149; x_wconf 87' lang='lat' dir='ltr'><strong>aliquid</strong></span> <span class='ocrx_word' id='word_1_251' title='bbox 1841 2079 1916 2134; x_wconf 89' lang='lat' dir='ltr'><strong>illi</strong></span> 
     </span>
    </p>
   </div>
   <div class='ocr_carea' id='block_1_33' title="bbox 331 2171 1916 2246">
    <p class='ocr_par' dir='ltr' id='par_1_33' title="bbox 331 2171 1916 2246">
     <span class='ocr_line' id='line_1_33' title="bbox 331 2171 1916 2246; baseline 0 -18"><span class='ocrx_word' id='word_1_252' title='bbox 331 2183 433 2240; x_wconf 89' lang='lat' dir='ltr'><strong>est,</strong></span> <span class='ocrx_word' id='word_1_253' title='bbox 491 2175 584 2230; x_wconf 91' lang='lat' dir='ltr'><strong>sed</strong></span> <span class='ocrx_word' id='word_1_254' title='bbox 637 2176 816 2230; x_wconf 87' lang='lat' dir='ltr'><strong>omnia</strong></span> <span class='ocrx_word' id='word_1_255' title='bbox 863 2173 1276 2246; x_wconf 73' lang='lat' dir='ltr'><strong>prmsentialiter</strong></span> <span class='ocrx_word' id='word_1_256' title='bbox 1322 2187 1507 2227; x_wconf 89' lang='lat' dir='ltr'><strong>coram</strong></span> <span class='ocrx_word' id='word_1_257' title='bbox 1549 2185 1613 2226; x_wconf 89' lang='lat' dir='ltr'><strong>eo</strong></span> <span class='ocrx_word' id='word_1_258' title='bbox 1664 2181 1806 2226; x_wconf 93' lang='lat' dir='ltr'><strong>sunt.</strong></span> <span class='ocrx_word' id='word_1_259' title='bbox 1855 2171 1916 2228; x_wconf 86' lang='lat' dir='ltr'><strong>In</strong></span> 
     </span>
    </p>
   </div>
   <div class='ocr_carea' id='block_1_34' title="bbox 330 2266 1914 2337">
    <p class='ocr_par' dir='ltr' id='par_1_34' title="bbox 330 2266 1914 2337">
     <span class='ocr_line' id='line_1_34' title="bbox 330 2266 1914 2337; baseline -0.002 -17"><span class='ocrx_word' id='word_1_260' title='bbox 330 2266 700 2337; x_wconf 89' lang='lat' dir='ltr'><strong>omnipotente</strong></span> <span class='ocrx_word' id='word_1_261' title='bbox 741 2267 886 2322; x_wconf 90' lang='lat' dir='ltr'><strong>enim</strong></span> <span class='ocrx_word' id='word_1_262' title='bbox 915 2267 1025 2321; x_wconf 90' lang='lat' dir='ltr'><strong>Deo</strong></span> <span class='ocrx_word' id='word_1_263' title='bbox 1059 2281 1122 2322; x_wconf 91' lang='lat' dir='ltr'><strong>ea</strong></span> <span class='ocrx_word' id='word_1_264' title='bbox 1151 2280 1272 2335; x_wconf 63' lang='lat' dir='ltr'><strong>quae</strong></span> <span class='ocrx_word' id='word_1_265' title='bbox 1311 2273 1566 2320; x_wconf 89' lang='lat' dir='ltr'><strong>secutura</strong></span> <span class='ocrx_word' id='word_1_266' title='bbox 1611 2271 1736 2318; x_wconf 87' lang='lat' dir='ltr'><strong>sunt</strong></span> <span class='ocrx_word' id='word_1_267' title='bbox 1780 2272 1914 2318; x_wconf 91' lang='lat' dir='ltr'><strong>tem-</strong></span> 
     </span>
    </p>
   </div>
   <div class='ocr_carea' id='block_1_35' title="bbox 330 2355 1912 2427">
    <p class='ocr_par' dir='ltr' id='par_1_35' title="bbox 330 2355 1912 2427">
     <span class='ocr_line' id='line_1_35' title="bbox 330 2355 1912 2427; baseline 0 -16"><span class='ocrx_word' id='word_1_268' title='bbox 330 2372 486 2426; x_wconf 91' lang='lat' dir='ltr'><strong>pora,</strong></span> <span class='ocrx_word' id='word_1_269' title='bbox 517 2358 804 2427; x_wconf 83' lang='lat' dir='ltr'><strong>praesentia</strong></span> <span class='ocrx_word' id='word_1_270' title='bbox 850 2372 1063 2427; x_wconf 88' lang='lat' dir='ltr'><strong>semper</strong></span> <span class='ocrx_word' id='word_1_271' title='bbox 1105 2357 1427 2420; x_wconf 90' lang='lat' dir='ltr'><strong>consistunt,</strong></span> <span class='ocrx_word' id='word_1_272' title='bbox 1471 2355 1557 2411; x_wconf 91' lang='lat' dir='ltr'><strong>cui</strong></span> <span class='ocrx_word' id='word_1_273' title='bbox 1604 2370 1705 2410; x_wconf 91' lang='lat' dir='ltr'><strong>nec</strong></span> <span class='ocrx_word' id='word_1_274' title='bbox 1732 2355 1912 2411; x_wconf 85' lang='lat' dir='ltr'><strong>futura</strong></span> 
     </span>
    </p>
   </div>
   <div class='ocr_carea' id='block_1_36' title="bbox 334 2447 1908 2518">
    <p class='ocr_par' dir='ltr' id='par_1_36' title="bbox 334 2447 1908 2518">
     <span class='ocr_line' id='line_1_36' title="bbox 334 2447 1908 2518; baseline 0.002 -18"><span class='ocrx_word' id='word_1_275' title='bbox 334 2448 578 2511; x_wconf 86' lang='lat' dir='ltr'><strong>veniunt,</strong></span> <span class='ocrx_word' id='word_1_276' title='bbox 608 2462 706 2503; x_wconf 93' lang='lat' dir='ltr'><strong>nec</strong></span> <span class='ocrx_word' id='word_1_277' title='bbox 733 2448 1007 2518; x_wconf 85' lang='lat' dir='ltr'><strong>praeterita</strong></span> <span class='ocrx_word' id='word_1_278' title='bbox 1057 2447 1360 2511; x_wconf 88' lang='lat' dir='ltr'><strong>discedunt,</strong></span> <span class='ocrx_word' id='word_1_279' title='bbox 1391 2447 1483 2501; x_wconf 91' lang='lat' dir='ltr'><strong>sed</strong></span> <span class='ocrx_word' id='word_1_280' title='bbox 1508 2455 1702 2501; x_wconf 88' lang='lat' dir='ltr'><strong>cuncta</strong></span> <span class='ocrx_word' id='word_1_281' title='bbox 1745 2447 1908 2503; x_wconf 89' lang='lat' dir='ltr'><strong>simul</strong></span> 
     </span>
    </p>
   </div>
   <div class='ocr_carea' id='block_1_37' title="bbox 330 2537 1911 2607">
    <p class='ocr_par' dir='ltr' id='par_1_37' title="bbox 330 2537 1911 2607">
     <span class='ocr_line' id='line_1_37' title="bbox 330 2537 1911 2607; baseline 0.001 -14"><span class='ocrx_word' id='word_1_282' title='bbox 330 2547 455 2593; x_wconf 89' lang='lat' dir='ltr'><strong>ante</strong></span> <span class='ocrx_word' id='word_1_283' title='bbox 479 2537 594 2607; x_wconf 86' lang='lat' dir='ltr'><strong>ejus</strong></span> <span class='ocrx_word' id='word_1_284' title='bbox 623 2539 808 2595; x_wconf 89' lang='lat' dir='ltr'><strong>oculos</strong></span> <span class='ocrx_word' id='word_1_285' title='bbox 851 2540 1146 2605; x_wconf 85' lang='lat' dir='ltr'><strong>assistunt;</strong></span> <span class='ocrx_word' id='word_1_286' title='bbox 1192 2539 1360 2594; x_wconf 89' lang='lat' dir='ltr'><strong>fuisse</strong></span> <span class='ocrx_word' id='word_1_287' title='bbox 1388 2538 1474 2592; x_wconf 88' lang='lat' dir='ltr'><strong>vel</strong></span> <span class='ocrx_word' id='word_1_288' title='bbox 1522 2537 1760 2592; x_wconf 86' lang='lat' dir='ltr'><strong>futurum</strong></span> <span class='ocrx_word' id='word_1_289' title='bbox 1790 2551 1911 2594; x_wconf 89' lang='lat' dir='ltr'><strong>esse</strong></span> 
     </span>
    </p>
   </div>
   <div class='ocr_carea' id='block_1_38' title="bbox 328 2629 1910 2699">
    <p class='ocr_par' dir='ltr' id='par_1_38' title="bbox 328 2629 1910 2699">
     <span class='ocr_line' id='line_1_38' title="bbox 328 2629 1910 2699; baseline -0.002 -13"><span class='ocrx_word' id='word_1_290' title='bbox 328 2631 604 2686; x_wconf 62' lang='lat' dir='ltr'><strong>aeternitas</strong></span> <span class='ocrx_word' id='word_1_291' title='bbox 647 2645 756 2686; x_wconf 92' lang='lat' dir='ltr'><strong>non</strong></span> <span class='ocrx_word' id='word_1_292' title='bbox 801 2631 1002 2686; x_wconf 90' lang='lat' dir='ltr'><strong>habet:</strong></span> <span class='ocrx_word' id='word_1_293' title='bbox 1043 2630 1129 2686; x_wconf 91' lang='lat' dir='ltr'><strong>cui</strong></span> <span class='ocrx_word' id='word_1_294' title='bbox 1184 2630 1438 2684; x_wconf 86' lang='lat' dir='ltr'><strong>nimirum</strong></span> <span class='ocrx_word' id='word_1_295' title='bbox 1491 2643 1593 2684; x_wconf 89' lang='lat' dir='ltr'><strong>nec</strong></span> <span class='ocrx_word' id='word_1_296' title='bbox 1631 2629 1910 2699; x_wconf 85' lang='lat' dir='ltr'><strong>praeterita</strong></span> 
     </span>
    </p>
   </div>
   <div class='ocr_carea' id='block_1_39' title="bbox 329 2719 1905 2794">
    <p class='ocr_par' dir='ltr' id='par_1_39' title="bbox 329 2719 1905 2794">
     <span class='ocr_line' id='line_1_39' title="bbox 329 2719 1905 2794; baseline 0 -18"><span class='ocrx_word' id='word_1_297' title='bbox 329 2730 630 2788; x_wconf 90' lang='lat' dir='ltr'><strong>transeunt,</strong></span> <span class='ocrx_word' id='word_1_298' title='bbox 664 2738 840 2794; x_wconf 91' lang='lat' dir='ltr'><strong>neque</strong></span> <span class='ocrx_word' id='word_1_299' title='bbox 886 2723 1067 2778; x_wconf 88' lang='lat' dir='ltr'><strong>futura</strong></span> <span class='ocrx_word' id='word_1_300' title='bbox 1114 2719 1521 2792; x_wconf 86' lang='lat' dir='ltr'><strong>superveniunt,</strong></span> <span class='ocrx_word' id='word_1_301' title='bbox 1565 2720 1656 2791; x_wconf 91' lang='lat' dir='ltr'><strong>qui</strong></span> <span class='ocrx_word' id='word_1_302' title='bbox 1707 2726 1905 2776; x_wconf 84' lang='lat' dir='ltr'><strong>cuncta</strong></span> 
     </span>
    </p>
   </div>
   <div class='ocr_carea' id='block_1_40' title="bbox 327 2813 760 2884">
    <p class='ocr_par' dir='ltr' id='par_1_40' title="bbox 327 2813 760 2884">
     <span class='ocr_line' id='line_1_40' title="bbox 327 2813 760 2884; baseline -0.002 -15"><span class='ocrx_word' id='word_1_303' title='bbox 327 2828 566 2884; x_wconf 66' lang='lat' dir='ltr'><strong>praesens</strong></span> <span class='ocrx_word' id='word_1_304' title='bbox 592 2813 760 2868; x_wconf 88' lang='lat' dir='ltr'><strong>videt.</strong></span> 
     </span>
    </p>
   </div>
   <div class='ocr_carea' id='block_1_41' title="bbox 395 2901 1906 2974">
    <p class='ocr_par' dir='ltr' id='par_1_41' title="bbox 395 2901 1906 2974">
     <span class='ocr_line' id='line_1_41' title="bbox 395 2901 1906 2974; baseline 0.001 -19"><span class='ocrx_word' id='word_1_305' title='bbox 395 2923 413 2955; x_wconf 85' lang='grc'><em>‹</em></span> <span class='ocrx_word' id='word_1_306' title='bbox 459 2904 558 2959; x_wconf 90' lang='lat' dir='ltr'><strong>Hic</strong></span> <span class='ocrx_word' id='word_1_307' title='bbox 605 2905 660 2958; x_wconf 90' lang='lat' dir='ltr'><strong>in</strong></span> <span class='ocrx_word' id='word_1_308' title='bbox 708 2903 901 2974; x_wconf 89' lang='lat' dir='ltr'><strong>plateis</strong></span> <span class='ocrx_word' id='word_1_309' title='bbox 943 2902 1180 2959; x_wconf 88' lang='lat' dir='ltr'><strong>civitatis</strong></span> <span class='ocrx_word' id='word_1_310' title='bbox 1221 2901 1606 2968; x_wconf 88' lang='lat' dir='ltr'><strong>vindicabitur,</strong></span> <span class='ocrx_word' id='word_1_311' title='bbox 1655 2908 1712 2957; x_wconf 91' lang='lat' dir='ltr'><strong>et</strong></span> <span class='ocrx_word' id='word_1_312' title='bbox 1751 2901 1906 2971; x_wconf 90' lang='lat' dir='ltr'><strong>quasi</strong></span> 
     </span>
    </p>
   </div>
   <div class='ocr_carea' id='block_1_42' title="bbox 332 2993 1907 3075">
    <p class='ocr_par' dir='ltr' id='par_1_42' title="bbox 332 2993 1907 3075">
     <span class='ocr_line' id='line_1_42' title="bbox 332 2993 1907 3075; baseline 0.001 -29"><span class='ocrx_word' id='word_1_313' title='bbox 332 3013 350 3046; x_wconf 87' lang='grc'><em>‹</em></span> <span class='ocrx_word' id='word_1_314' title='bbox 395 2995 574 3066; x_wconf 89' lang='lat' dir='ltr'><strong>pullus</strong></span> <span class='ocrx_word' id='word_1_315' title='bbox 600 2996 828 3065; x_wconf 91' lang='lat' dir='ltr'><strong>equinus</strong></span> <span class='ocrx_word' id='word_1_316' title='bbox 858 2995 1159 3066; x_wconf 79' lang='lat' dir='ltr'><strong>fugabitur;</strong></span> <span class='ocrx_word' id='word_1_317' title='bbox 1193 3004 1247 3051; x_wconf 91' lang='lat' dir='ltr'><strong>et</strong></span> <span class='ocrx_word' id='word_1_318' title='bbox 1273 2995 1363 3050; x_wconf 90' lang='lat' dir='ltr'><strong>ubi</strong></span> <span class='ocrx_word' id='word_1_319' title='bbox 1390 3010 1497 3050; x_wconf 92' lang='lat' dir='ltr'><strong>non</strong></span> <span class='ocrx_word' id='word_1_320' title='bbox 1519 2993 1782 3065; x_wconf 87' lang='lat' dir='ltr'><strong>speravit,</strong></span> <span class='ocrx_word' id='word_1_321' title='bbox 1813 3008 1907 3075; x_wconf 84' lang='lat' dir='ltr'><strong>ap-</strong></span> 
     </span>
    </p>
   </div>
   <div class='ocr_carea' id='block_1_43' title="bbox 329 3084 1906 3158">
    <p class='ocr_par' dir='ltr' id='par_1_43' title="bbox 329 3084 1906 3158">
     <span class='ocr_line' id='line_1_43' title="bbox 329 3084 1906 3158; baseline 0 -18"><span class='ocrx_word' id='word_1_322' title='bbox 329 3107 347 3140; x_wconf 75' lang='grc' dir='ltr'>ι</span> <span class='ocrx_word' id='word_1_323' title='bbox 392 3087 772 3158; x_wconf 87' lang='lat' dir='ltr'><strong>prehendetur.</strong></span> <span class='ocrx_word' id='word_1_324' title='bbox 823 3086 891 3143; x_wconf 86' lang='lat' dir='ltr'><strong>Et</strong></span> <span class='ocrx_word' id='word_1_325' title='bbox 936 3088 1042 3143; x_wconf 90' lang='lat' dir='ltr'><strong>erit</strong></span> <span class='ocrx_word' id='word_1_326' title='bbox 1067 3087 1301 3143; x_wconf 90' lang='lat' dir='ltr'><strong>dedecus</strong></span> <span class='ocrx_word' id='word_1_327' title='bbox 1350 3084 1622 3151; x_wconf 90' lang='lat' dir='ltr'><strong>omnibus,</strong></span> <span class='ocrx_word' id='word_1_328' title='bbox 1667 3101 1732 3141; x_wconf 91' lang='lat' dir='ltr'><strong>eo</strong></span> <span class='ocrx_word' id='word_1_329' title='bbox 1760 3084 1906 3155; x_wconf 90' lang='lat' dir='ltr'><strong>quod</strong></span> 
     </span>
    </p>
   </div>
   <div class='ocr_carea' id='block_1_44' title="bbox 329 3176 1904 3246">
    <p class='ocr_par' dir='ltr' id='par_1_44' title="bbox 329 3176 1904 3246">
     <span class='ocr_line' id='line_1_44' title="bbox 329 3176 1904 3246; baseline 0.003 -19"><span class='ocrx_word' id='word_1_330' title='bbox 329 3196 347 3227; x_wconf 72' lang='grc' dir='ltr'><strong>ε</strong></span> <span class='ocrx_word' id='word_1_331' title='bbox 393 3192 501 3233; x_wconf 90' lang='lat' dir='ltr'><strong>non</strong></span> <span class='ocrx_word' id='word_1_332' title='bbox 533 3178 859 3234; x_wconf 86' lang='lat' dir='ltr'><strong>intellexerit</strong></span> <span class='ocrx_word' id='word_1_333' title='bbox 906 3178 1157 3234; x_wconf 90' lang='lat' dir='ltr'><strong>timorem</strong></span> <span class='ocrx_word' id='word_1_334' title='bbox 1187 3178 1305 3233; x_wconf 89' lang='lat' dir='ltr'><strong>Dei.</strong></span> <span class='ocrx_word' id='word_1_335' title='bbox 1342 3197 1360 3230; x_wconf 71' lang='grc' dir='ltr'><strong><em>ι</em></strong></span> <span class='ocrx_word' id='word_1_336' title='bbox 1411 3176 1487 3232; x_wconf 92' lang='lat' dir='ltr'><strong>De</strong></span> <span class='ocrx_word' id='word_1_337' title='bbox 1519 3191 1584 3232; x_wconf 91' lang='lat' dir='ltr'><strong>eo</strong></span> <span class='ocrx_word' id='word_1_338' title='bbox 1612 3191 1719 3246; x_wconf 93' lang='lat' dir='ltr'><strong>quo</strong></span> <span class='ocrx_word' id='word_1_339' title='bbox 1745 3190 1904 3246; x_wconf 85' lang='lat' dir='ltr'><strong>supe-</strong></span> 
     </span>
    </p>
   </div>
   <div class='ocr_carea' id='block_1_45' title="bbox 2017 1986 3595 2062">
    <p class='ocr_par' dir='ltr' id='par_1_45' title="bbox 2017 1986 3595 2062">
     <span class='ocr_line' id='line_1_45' title="bbox 2017 1986 3595 2062; baseline 0.004 -22"><span class='ocrx_word' id='word_1_340' title='bbox 2017 2001 2076 2040; x_wconf 89' lang='lat' dir='ltr'><strong>se</strong></span> <span class='ocrx_word' id='word_1_341' title='bbox 2103 1986 2434 2058; x_wconf 80' lang='lat' dir='ltr'><strong>relinquens</strong></span> <span class='ocrx_word' id='word_1_342' title='bbox 2507 1988 2824 2046; x_wconf 83' lang='lat' dir='ltr'><strong>confusione</strong></span> <span class='ocrx_word' id='word_1_343' title='bbox 2893 1998 3154 2062; x_wconf 88' lang='lat' dir='ltr'><strong>perpetua</strong></span> <span class='ocrx_word' id='word_1_344' title='bbox 3218 1991 3595 2048; x_wconf 83' lang='lat' dir='ltr'><strong>confundetur.</strong></span> 
     </span>
    </p>
   </div>
   <div class='ocr_carea' id='block_1_46' title="bbox 2017 2074 3598 2150">
    <p class='ocr_par' dir='ltr' id='par_1_46' title="bbox 2017 2074 3598 2150">
     <span class='ocr_line' id='line_1_46' title="bbox 2017 2074 3598 2150; baseline 0.004 -19"><span class='ocrx_word' id='word_1_345' title='bbox 2017 2074 2171 2131; x_wconf 91' lang='lat' dir='ltr'><strong>Unde</strong></span> <span class='ocrx_word' id='word_1_346' title='bbox 2197 2084 2253 2131; x_wconf 91' lang='lat' dir='ltr'><strong>et</strong></span> <span class='ocrx_word' id='word_1_347' title='bbox 2277 2076 2462 2133; x_wconf 89' lang='lat' dir='ltr'><strong>ﬁdeles</strong></span> <span class='ocrx_word' id='word_1_348' title='bbox 2509 2079 2710 2149; x_wconf 89' lang='lat' dir='ltr'><strong>quique</strong></span> <span class='ocrx_word' id='word_1_349' title='bbox 2755 2079 2872 2150; x_wconf 87' lang='lat' dir='ltr'><strong>ejus</strong></span> <span class='ocrx_word' id='word_1_350' title='bbox 2914 2081 3315 2138; x_wconf 87' lang='lat' dir='ltr'><strong>damnationem</strong></span> <span class='ocrx_word' id='word_1_351' title='bbox 3363 2083 3598 2138; x_wconf 90' lang='lat' dir='ltr'><strong>futuram</strong></span> 
     </span>
    </p>
   </div>
   <div class='ocr_carea' id='block_1_47' title="bbox 2015 2169 3600 2245">
    <p class='ocr_par' dir='ltr' id='par_1_47' title="bbox 2015 2169 3600 2245">
     <span class='ocr_line' id='line_1_47' title="bbox 2015 2169 3600 2245; baseline 0.004 -25"><span class='ocrx_word' id='word_1_352' title='bbox 2015 2175 2371 2235; x_wconf 85' lang='lat' dir='ltr'><strong>agnoscentes</strong></span> <span class='ocrx_word' id='word_1_353' title='bbox 2419 2178 2678 2240; x_wconf 90' lang='lat' dir='ltr'><strong>spernunt</strong></span> <span class='ocrx_word' id='word_1_354' title='bbox 2724 2169 2840 2240; x_wconf 88' lang='lat' dir='ltr'><strong>ejus</strong></span> <span class='ocrx_word' id='word_1_355' title='bbox 2883 2172 3234 2239; x_wconf 90' lang='lat' dir='ltr'><strong>societatem,</strong></span> <span class='ocrx_word' id='word_1_356' title='bbox 3286 2180 3342 2227; x_wconf 91' lang='lat' dir='ltr'><strong>et</strong></span> <span class='ocrx_word' id='word_1_357' title='bbox 3393 2172 3600 2245; x_wconf 88' lang='lat' dir='ltr'><strong>eligunt</strong></span> 
     </span>
    </p>
   </div>
   <div class='ocr_carea' id='block_1_48' title="bbox 2015 2256 3598 2320">
    <p class='ocr_par' dir='ltr' id='par_1_48' title="bbox 2015 2256 3598 2320">
     <span class='ocr_line' id='line_1_48' title="bbox 2015 2256 3598 2320; baseline 0.005 -9"><span class='ocrx_word' id='word_1_358' title='bbox 2015 2256 2292 2314; x_wconf 82' lang='lat' dir='ltr'><strong>catholicae</strong></span> <span class='ocrx_word' id='word_1_359' title='bbox 2341 2258 2466 2315; x_wconf 90' lang='lat' dir='ltr'><strong>ﬁdei</strong></span> <span class='ocrx_word' id='word_1_360' title='bbox 2492 2268 2679 2318; x_wconf 90' lang='lat' dir='ltr'><strong>tenere</strong></span> <span class='ocrx_word' id='word_1_361' title='bbox 2727 2261 2784 2317; x_wconf 91' lang='lat' dir='ltr'><strong>in</strong></span> <span class='ocrx_word' id='word_1_362' title='bbox 2831 2262 3082 2320; x_wconf 87' lang='lat' dir='ltr'><strong>omnibus</strong></span> <span class='ocrx_word' id='word_1_363' title='bbox 3124 2262 3458 2320; x_wconf 89' lang='lat' dir='ltr'><strong>ﬁrmitatem.</strong></span> <span class='ocrx_word' id='word_1_364' title='bbox 3507 2263 3598 2320; x_wconf 88' lang='lat' dir='ltr'><strong>Sic</strong></span> 
     </span>
    </p>
   </div>
   <div class='ocr_carea' id='block_1_49' title="bbox 2011 2350 2487 2421">
    <p class='ocr_par' dir='ltr' id='par_1_49' title="bbox 2011 2350 2487 2421">
     <span class='ocr_line' id='line_1_49' title="bbox 2011 2350 2487 2421; baseline 0.002 -16"><span class='ocrx_word' id='word_1_365' title='bbox 2011 2350 2160 2407; x_wconf 89' lang='lat' dir='ltr'><strong>enim</strong></span> <span class='ocrx_word' id='word_1_366' title='bbox 2195 2352 2442 2421; x_wconf 87' lang='lat' dir='ltr'><strong>sequitur</strong></span> <span class='ocrx_word' id='word_1_367' title='bbox 2474 2369 2487 2406; x_wconf 85' lang='lat'><strong>:</strong></span> 
     </span>
    </p>
   </div>
   <div class='ocr_carea' id='block_1_50' title="bbox 2086 2435 3594 2521">
    <p class='ocr_par' dir='ltr' id='par_1_50' title="bbox 2086 2435 3594 2521">
     <span class='ocr_line' id='line_1_50' title="bbox 2086 2435 3594 2521; baseline 0.004 -24"><span class='ocrx_word' id='word_1_368' title='bbox 2086 2462 2108 2496; x_wconf 73' lang='grc' dir='ltr'>ι</span> <span class='ocrx_word' id='word_1_369' title='bbox 2140 2445 2209 2500; x_wconf 87' lang='lat' dir='ltr'><strong>Et</strong></span> <span class='ocrx_word' id='word_1_370' title='bbox 2235 2455 2528 2517; x_wconf 86' lang='lat' dir='ltr'><strong>agnoscent</strong></span> <span class='ocrx_word' id='word_1_371' title='bbox 2558 2448 2650 2518; x_wconf 92' lang='lat' dir='ltr'><strong>qui</strong></span> <span class='ocrx_word' id='word_1_372' title='bbox 2689 2447 2929 2506; x_wconf 89' lang='lat' dir='ltr'><strong>derelicti</strong></span> <span class='ocrx_word' id='word_1_373' title='bbox 2968 2457 3120 2519; x_wconf 89' lang='lat' dir='ltr'><strong>sunt,</strong></span> <span class='ocrx_word' id='word_1_374' title='bbox 3165 2435 3594 2521; x_wconf 22' lang='lat' dir='ltr'><strong>quoniam-nihil</strong></span> 
     </span>
    </p>
   </div>
   <div class='ocr_carea' id='block_1_51' title="bbox 2016 2537 3589 2611">
    <p class='ocr_par' dir='ltr' id='par_1_51' title="bbox 2016 2537 3589 2611">
     <span class='ocr_line' id='line_1_51' title="bbox 2016 2537 3589 2611; baseline 0.004 -23"><span class='ocrx_word' id='word_1_375' title='bbox 2016 2553 2038 2588; x_wconf 72' lang='grc' dir='ltr'><strong><em>ι</em></strong></span> <span class='ocrx_word' id='word_1_376' title='bbox 2074 2537 2270 2593; x_wconf 91' lang='lat' dir='ltr'><strong>melius</strong></span> <span class='ocrx_word' id='word_1_377' title='bbox 2299 2553 2460 2607; x_wconf 92' lang='lat' dir='ltr'><strong>quam</strong></span> <span class='ocrx_word' id='word_1_378' title='bbox 2492 2539 2654 2594; x_wconf 89' lang='lat' dir='ltr'><strong>timor</strong></span> <span class='ocrx_word' id='word_1_379' title='bbox 2679 2540 2798 2606; x_wconf 89' lang='lat' dir='ltr'><strong>Dei,</strong></span> <span class='ocrx_word' id='word_1_380' title='bbox 2827 2547 2881 2596; x_wconf 92' lang='lat' dir='ltr'><strong>et</strong></span> <span class='ocrx_word' id='word_1_381' title='bbox 2907 2541 3042 2596; x_wconf 84' lang='lat' dir='ltr'><strong>nihil</strong></span> <span class='ocrx_word' id='word_1_382' title='bbox 3068 2540 3279 2596; x_wconf 89' lang='lat' dir='ltr'><strong>dulcius</strong></span> <span class='ocrx_word' id='word_1_383' title='bbox 3305 2554 3469 2611; x_wconf 90' lang='lat' dir='ltr'><strong>quam</strong></span> <span class='ocrx_word' id='word_1_384' title='bbox 3500 2555 3589 2594; x_wconf 86' lang='lat' dir='ltr'><strong>re-</strong></span> 
     </span>
    </p>
   </div>
   <div class='ocr_carea' id='block_1_52' title="bbox 2017 2631 3596 2708">
    <p class='ocr_par' dir='ltr' id='par_1_52' title="bbox 2017 2631 3596 2708">
     <span class='ocr_line' id='line_1_52' title="bbox 2017 2631 3596 2708; baseline 0.004 -23"><span class='ocrx_word' id='word_1_385' title='bbox 2017 2647 2037 2682; x_wconf 85' lang='grc'><strong>‹</strong></span> <span class='ocrx_word' id='word_1_386' title='bbox 2075 2631 2284 2700; x_wconf 89' lang='lat' dir='ltr'><strong>spicere</strong></span> <span class='ocrx_word' id='word_1_387' title='bbox 2309 2631 2364 2686; x_wconf 91' lang='lat' dir='ltr'><strong>in</strong></span> <span class='ocrx_word' id='word_1_388' title='bbox 2395 2632 2664 2688; x_wconf 88' lang='lat' dir='ltr'><strong>mandatis</strong></span> <span class='ocrx_word' id='word_1_389' title='bbox 2692 2633 2926 2690; x_wconf 89' lang='lat' dir='ltr'><strong>Domini.</strong></span> <span class='ocrx_word' id='word_1_390' title='bbox 2958 2635 3141 2691; x_wconf 84' lang='lat' dir='ltr'><strong>Gloria</strong></span> <span class='ocrx_word' id='word_1_391' title='bbox 3175 2651 3370 2708; x_wconf 89' lang='lat' dir='ltr'><strong>magna</strong></span> <span class='ocrx_word' id='word_1_392' title='bbox 3399 2643 3484 2691; x_wconf 89' lang='lat' dir='ltr'><strong>est</strong></span> <span class='ocrx_word' id='word_1_393' title='bbox 3512 2649 3596 2691; x_wconf 88' lang='lat' dir='ltr'><strong>se-</strong></span> 
     </span>
    </p>
   </div>
   <div class='ocr_carea' id='block_1_53' title="bbox 2015 2723 3595 2796">
    <p class='ocr_par' dir='ltr' id='par_1_53' title="bbox 2015 2723 3595 2796">
     <span class='ocr_line' id='line_1_53' title="bbox 2015 2723 3595 2796; baseline 0.003 -20"><span class='ocrx_word' id='word_1_394' title='bbox 2015 2744 2034 2776; x_wconf 83' lang='grc'><strong><em>‹</em></strong></span> <span class='ocrx_word' id='word_1_395' title='bbox 2071 2723 2165 2794; x_wconf 91' lang='lat' dir='ltr'><strong>qui</strong></span> <span class='ocrx_word' id='word_1_396' title='bbox 2203 2724 2376 2779; x_wconf 90' lang='lat' dir='ltr'><strong>Deum</strong></span> <span class='ocrx_word' id='word_1_397' title='bbox 2410 2742 2422 2778; x_wconf 91' lang='lat'><strong>:</strong></span> <span class='ocrx_word' id='word_1_398' title='bbox 2456 2724 2735 2796; x_wconf 82' lang='lat' dir='ltr'><strong>longitudo</strong></span> <span class='ocrx_word' id='word_1_399' title='bbox 2763 2727 2909 2782; x_wconf 90' lang='lat' dir='ltr'><strong>enim</strong></span> <span class='ocrx_word' id='word_1_400' title='bbox 2949 2727 3158 2783; x_wconf 90' lang='lat' dir='ltr'><strong>dierum</strong></span> <span class='ocrx_word' id='word_1_401' title='bbox 3197 2736 3499 2783; x_wconf 90' lang='lat' dir='ltr'><strong>assumetur</strong></span> <span class='ocrx_word' id='word_1_402' title='bbox 3527 2727 3595 2781; x_wconf 86' lang='lat' dir='ltr'><strong>ab</strong></span> 
     </span>
    </p>
   </div>
   <div class='ocr_carea' id='block_1_54' title="bbox 2014 2813 3594 2888">
    <p class='ocr_par' dir='ltr' id='par_1_54' title="bbox 2014 2813 3594 2888">
     <span class='ocr_line' id='line_1_54' title="bbox 2014 2813 3594 2888; baseline 0.003 -22"><span class='ocrx_word' id='word_1_403' title='bbox 2014 2831 2034 2866; x_wconf 84' lang='grc'><strong>‹</strong></span> <span class='ocrx_word' id='word_1_404' title='bbox 2076 2827 2161 2870; x_wconf 94' lang='lat' dir='ltr'><strong>eo.</strong></span> <span class='ocrx_word' id='word_1_405' title='bbox 2199 2833 2220 2867; x_wconf 74' lang='grc' dir='ltr'><strong><em>ι</em></strong></span> <span class='ocrx_word' id='word_1_406' title='bbox 2247 2813 2393 2870; x_wconf 82' lang='lat' dir='ltr'><strong>Nihil</strong></span> <span class='ocrx_word' id='word_1_407' title='bbox 2417 2815 2562 2870; x_wconf 92' lang='lat' dir='ltr'><strong>enim</strong></span> <span class='ocrx_word' id='word_1_408' title='bbox 2592 2815 2786 2873; x_wconf 90' lang='lat' dir='ltr'><strong>melius</strong></span> <span class='ocrx_word' id='word_1_409' title='bbox 2806 2816 3023 2888; x_wconf 90' lang='lat' dir='ltr'><strong>proﬁcit</strong></span> <span class='ocrx_word' id='word_1_410' title='bbox 3043 2819 3249 2874; x_wconf 90' lang='lat' dir='ltr'><strong>homini</strong></span> <span class='ocrx_word' id='word_1_411' title='bbox 3275 2819 3342 2873; x_wconf 92' lang='lat' dir='ltr'><strong>ad</strong></span> <span class='ocrx_word' id='word_1_412' title='bbox 3367 2817 3594 2873; x_wconf 89' lang='lat' dir='ltr'><strong>salutem</strong></span> 
     </span>
    </p>
   </div>
   <div class='ocr_carea' id='block_1_55' title="bbox 2006 2906 3594 2976">
    <p class='ocr_par' dir='ltr' id='par_1_55' title="bbox 2006 2906 3594 2976">
     <span class='ocr_line' id='line_1_55' title="bbox 2006 2906 3594 2976; baseline 0.001 -18"><span class='ocrx_word' id='word_1_413' title='bbox 2006 2910 2322 2974; x_wconf 89' lang='lat' dir='ltr'><strong>perpetuam</strong></span> <span class='ocrx_word' id='word_1_414' title='bbox 2349 2906 2794 2974; x_wconf 87' lang='lat' dir='ltr'><strong>promerendam,</strong></span> <span class='ocrx_word' id='word_1_415' title='bbox 2828 2921 2991 2976; x_wconf 89' lang='lat' dir='ltr'><strong>quam</strong></span> <span class='ocrx_word' id='word_1_416' title='bbox 3017 2907 3182 2962; x_wconf 90' lang='lat' dir='ltr'><strong>timor</strong></span> <span class='ocrx_word' id='word_1_417' title='bbox 3216 2908 3313 2962; x_wconf 91' lang='lat' dir='ltr'><strong>Dei</strong></span> <span class='ocrx_word' id='word_1_418' title='bbox 3333 2915 3433 2972; x_wconf 89' lang='lat' dir='ltr'><strong>;.et</strong></span> <span class='ocrx_word' id='word_1_419' title='bbox 3459 2906 3594 2960; x_wconf 92' lang='lat' dir='ltr'><strong>nihil</strong></span> 
     </span>
    </p>
   </div>
   <div class='ocr_carea' id='block_1_56' title="bbox 2008 2995 3592 3070">
    <p class='ocr_par' dir='ltr' id='par_1_56' title="bbox 2008 2995 3592 3070">
     <span class='ocr_line' id='line_1_56' title="bbox 2008 2995 3592 3070; baseline -0.001 -19"><span class='ocrx_word' id='word_1_420' title='bbox 2008 2995 2250 3063; x_wconf 89' lang='lat' dir='ltr'><strong>dulcius,</strong></span> <span class='ocrx_word' id='word_1_421' title='bbox 2280 3011 2444 3066; x_wconf 91' lang='lat' dir='ltr'><strong>quam</strong></span> <span class='ocrx_word' id='word_1_422' title='bbox 2483 2996 2756 3068; x_wconf 88' lang='lat' dir='ltr'><strong>respicere</strong></span> <span class='ocrx_word' id='word_1_423' title='bbox 2794 2998 2850 3054; x_wconf 91' lang='lat' dir='ltr'><strong>in</strong></span> <span class='ocrx_word' id='word_1_424' title='bbox 2887 2997 3156 3053; x_wconf 89' lang='lat' dir='ltr'><strong>mandatis</strong></span> <span class='ocrx_word' id='word_1_425' title='bbox 3184 2998 3323 3070; x_wconf 87' lang='lat' dir='ltr'><strong>ejus.</strong></span> <span class='ocrx_word' id='word_1_426' title='bbox 3353 2997 3508 3053; x_wconf 91' lang='lat' dir='ltr'><strong>Unde</strong></span> <span class='ocrx_word' id='word_1_427' title='bbox 3537 3006 3592 3051; x_wconf 89' lang='lat' dir='ltr'><strong>et</strong></span> 
     </span>
    </p>
   </div>
   <div class='ocr_carea' id='block_1_57' title="bbox 2006 3087 3590 3156">
    <p class='ocr_par' dir='ltr' id='par_1_57' title="bbox 2006 3087 3590 3156">
     <span class='ocr_line' id='line_1_57' title="bbox 2006 3087 3590 3156; baseline -0.002 -13"><span class='ocrx_word' id='word_1_428' title='bbox 2006 3087 2294 3144; x_wconf 86' lang='lat' dir='ltr'><strong>Psalmista</strong></span> <span class='ocrx_word' id='word_1_429' title='bbox 2326 3088 2404 3143; x_wconf 85' lang='lat' dir='ltr'><strong>ait</strong></span> <span class='ocrx_word' id='word_1_430' title='bbox 2433 3103 2448 3143; x_wconf 89' lang='lat'><strong>:</strong></span> <span class='ocrx_word' id='word_1_431' title='bbox 2483 3107 2502 3139; x_wconf 85' lang='grc'><strong><em>‹</em></strong></span> <span class='ocrx_word' id='word_1_432' title='bbox 2530 3088 2704 3156; x_wconf 82' lang='lat' dir='ltr'><strong>Quam</strong></span> <span class='ocrx_word' id='word_1_433' title='bbox 2730 3088 2907 3146; x_wconf 87' lang='lat' dir='ltr'><strong>dulcia</strong></span> <span class='ocrx_word' id='word_1_434' title='bbox 2934 3089 3183 3145; x_wconf 85' lang='lat' dir='ltr'><strong>faucibus</strong></span> <span class='ocrx_word' id='word_1_435' title='bbox 3210 3088 3346 3144; x_wconf 90' lang='lat' dir='ltr'><strong>meis</strong></span> <span class='ocrx_word' id='word_1_436' title='bbox 3377 3087 3590 3156; x_wconf 89' lang='lat' dir='ltr'><strong>eloquia</strong></span> 
     </span>
    </p>
   </div>
   <div class='ocr_carea' id='block_1_58' title="bbox 2008 3179 3594 3251">
    <p class='ocr_par' dir='ltr' id='par_1_58' title="bbox 2008 3179 3594 3251">
     <span class='ocr_line' id='line_1_58' title="bbox 2008 3179 3594 3251; baseline -0.001 -16"><span class='ocrx_word' id='word_1_437' title='bbox 2008 3191 2124 3247; x_wconf 89' lang='lat' dir='ltr'><strong>tua,</strong></span> <span class='ocrx_word' id='word_1_438' title='bbox 2169 3179 2395 3236; x_wconf 90' lang='lat' dir='ltr'><strong>Domine</strong></span> <span class='ocrx_word' id='word_1_439' title='bbox 2440 3198 2454 3236; x_wconf 89' lang='lat'><strong>:</strong></span> <span class='ocrx_word' id='word_1_440' title='bbox 2500 3196 2664 3251; x_wconf 89' lang='lat' dir='ltr'><strong>super</strong></span> <span class='ocrx_word' id='word_1_441' title='bbox 2698 3181 2805 3236; x_wconf 91' lang='lat' dir='ltr'><strong>mel</strong></span> <span class='ocrx_word' id='word_1_442' title='bbox 2847 3187 2901 3237; x_wconf 89' lang='lat' dir='ltr'><strong>et</strong></span> <span class='ocrx_word' id='word_1_443' title='bbox 2942 3180 3127 3237; x_wconf 87' lang='lat' dir='ltr'><strong>favum</strong></span> <span class='ocrx_word' id='word_1_444' title='bbox 3164 3181 3244 3238; x_wconf 92' lang='lat' dir='ltr'><strong>ori</strong></span> <span class='ocrx_word' id='word_1_445' title='bbox 3289 3195 3428 3236; x_wconf 92' lang='lat' dir='ltr'><strong>meo.</strong></span> <span class='ocrx_word' id='word_1_446' title='bbox 3475 3199 3494 3232; x_wconf 83' lang='grc'><strong>›</strong></span> <span class='ocrx_word' id='word_1_447' title='bbox 3526 3179 3594 3234; x_wconf 87' lang='lat' dir='ltr'><strong>Et</strong></span> 
     </span>
    </p>
   </div>
   <div class='ocr_carea' id='block_1_59' title="bbox 323 3266 3590 3342">
    <p class='ocr_par' dir='ltr' id='par_1_59' title="bbox 323 3266 3590 3342">
     <span class='ocr_line' id='line_1_59' title="bbox 323 3266 3590 3342; baseline 0.001 -20"><span class='ocrx_word' id='word_1_448' title='bbox 323 3269 456 3334; x_wconf 91' lang='lat' dir='ltr'><strong>rius,</strong></span> <span class='ocrx_word' id='word_1_449' title='bbox 488 3269 593 3325; x_wconf 92' lang='lat' dir='ltr'><strong>hoc</strong></span> <span class='ocrx_word' id='word_1_450' title='bbox 619 3278 722 3335; x_wconf 92' lang='lat' dir='ltr'><strong>est,</strong></span> <span class='ocrx_word' id='word_1_451' title='bbox 750 3269 992 3324; x_wconf 90' lang='lat' dir='ltr'><strong>adultero</strong></span> <span class='ocrx_word' id='word_1_452' title='bbox 1019 3277 1074 3324; x_wconf 90' lang='lat' dir='ltr'><strong>et</strong></span> <span class='ocrx_word' id='word_1_453' title='bbox 1103 3269 1391 3324; x_wconf 88' lang='lat' dir='ltr'><strong>libidinoso</strong></span> <span class='ocrx_word' id='word_1_454' title='bbox 1418 3268 1571 3334; x_wconf 90' lang='lat' dir='ltr'><strong>dicit,</strong></span> <span class='ocrx_word' id='word_1_455' title='bbox 1605 3268 1699 3338; x_wconf 90' lang='lat' dir='ltr'><strong>qui</strong></span> <span class='ocrx_word' id='word_1_456' title='bbox 1743 3266 1910 3321; x_wconf 88' lang='lat' dir='ltr'><strong>infre-</strong></span> <span class='ocrx_word' id='word_1_457' title='bbox 1935 3267 1981 3330; x_wconf 90' lang='lat' dir='ltr'><strong>C</strong></span> <span class='ocrx_word' id='word_1_458' title='bbox 2012 3270 2143 3326; x_wconf 89' lang='lat' dir='ltr'><strong>item</strong></span> <span class='ocrx_word' id='word_1_459' title='bbox 2175 3289 2189 3325; x_wconf 90' lang='lat'><strong>:</strong></span> <span class='ocrx_word' id='word_1_460' title='bbox 2225 3288 2245 3322; x_wconf 75' lang='grc' dir='ltr'>ι</span> <span class='ocrx_word' id='word_1_461' title='bbox 2280 3270 2427 3338; x_wconf 91' lang='lat' dir='ltr'><strong>ldeo,</strong></span> <span class='ocrx_word' id='word_1_462' title='bbox 2463 3271 2661 3342; x_wconf 90' lang='lat' dir='ltr'><strong>inquit,</strong></span> <span class='ocrx_word' id='word_1_463' title='bbox 2690 3271 2856 3328; x_wconf 79' lang='lat' dir='ltr'><strong>dilexi</strong></span> <span class='ocrx_word' id='word_1_464' title='bbox 2885 3273 3143 3329; x_wconf 89' lang='lat' dir='ltr'><strong>mandata</strong></span> <span class='ocrx_word' id='word_1_465' title='bbox 3173 3280 3264 3326; x_wconf 89' lang='lat' dir='ltr'><strong>tua</strong></span> <span class='ocrx_word' id='word_1_466' title='bbox 3294 3285 3456 3342; x_wconf 89' lang='lat' dir='ltr'><strong>super</strong></span> <span class='ocrx_word' id='word_1_467' title='bbox 3490 3285 3590 3324; x_wconf 85' lang='lat' dir='ltr'><strong>au-</strong></span> 
     </span>
    </p>
   </div>
   <div class='ocr_carea' id='block_1_60' title="bbox 322 3357 1903 3430">
    <p class='ocr_par' dir='ltr' id='par_1_60' title="bbox 322 3357 1903 3430">
     <span class='ocr_line' id='line_1_60' title="bbox 322 3357 1903 3430; baseline -0.001 -18"><span class='ocrx_word' id='word_1_468' title='bbox 322 3359 406 3413; x_wconf 88' lang='lat' dir='ltr'><strong>nis</strong></span> <span class='ocrx_word' id='word_1_469' title='bbox 434 3361 589 3430; x_wconf 90' lang='lat' dir='ltr'><strong>quasi</strong></span> <span class='ocrx_word' id='word_1_470' title='bbox 617 3374 788 3430; x_wconf 91' lang='lat' dir='ltr'><strong>equus</strong></span> <span class='ocrx_word' id='word_1_471' title='bbox 811 3368 866 3415; x_wconf 84' lang='lat' dir='ltr'><strong>et</strong></span> <span class='ocrx_word' id='word_1_472' title='bbox 893 3359 1067 3415; x_wconf 88' lang='lat' dir='ltr'><strong>mulus</strong></span> <span class='ocrx_word' id='word_1_473' title='bbox 1099 3360 1378 3414; x_wconf 90' lang='lat' dir='ltr'><strong>insaniens</strong></span> <span class='ocrx_word' id='word_1_474' title='bbox 1409 3359 1478 3413; x_wconf 89' lang='lat' dir='ltr'><strong>ad</strong></span> <span class='ocrx_word' id='word_1_475' title='bbox 1509 3357 1790 3414; x_wconf 90' lang='lat' dir='ltr'><strong>libidinem</strong></span> <span class='ocrx_word' id='word_1_476' title='bbox 1821 3357 1903 3410; x_wconf 91' lang='lat' dir='ltr'><strong>la-</strong></span> 
     </span>
    </p>
   </div>
   <div class='ocr_carea' id='block_1_61' title="bbox 322 3446 1906 3519">
    <p class='ocr_par' dir='ltr' id='par_1_61' title="bbox 322 3446 1906 3519">
     <span class='ocr_line' id='line_1_61' title="bbox 322 3446 1906 3519; baseline -0.001 -17"><span class='ocrx_word' id='word_1_477' title='bbox 322 3448 595 3504; x_wconf 89' lang='lat' dir='ltr'><strong>sciviendo</strong></span> <span class='ocrx_word' id='word_1_478' title='bbox 626 3448 896 3513; x_wconf 89' lang='lat' dir='ltr'><strong>discurrit,</strong></span> <span class='ocrx_word' id='word_1_479' title='bbox 929 3456 986 3504; x_wconf 91' lang='lat' dir='ltr'><strong>et</strong></span> <span class='ocrx_word' id='word_1_480' title='bbox 1013 3449 1069 3502; x_wconf 90' lang='lat' dir='ltr'><strong>in</strong></span> <span class='ocrx_word' id='word_1_481' title='bbox 1099 3448 1298 3519; x_wconf 87' lang='lat' dir='ltr'><strong>platea,</strong></span> <span class='ocrx_word' id='word_1_482' title='bbox 1338 3447 1444 3503; x_wconf 92' lang='lat' dir='ltr'><strong>hoc</strong></span> <span class='ocrx_word' id='word_1_483' title='bbox 1473 3456 1578 3514; x_wconf 89' lang='lat' dir='ltr'><strong>est,</strong></span> <span class='ocrx_word' id='word_1_484' title='bbox 1610 3447 1666 3502; x_wconf 92' lang='lat' dir='ltr'><strong>in</strong></span> <span class='ocrx_word' id='word_1_485' title='bbox 1717 3446 1824 3501; x_wconf 88' lang='lat' dir='ltr'><strong>lata</strong></span> <span class='ocrx_word' id='word_1_486' title='bbox 1849 3454 1906 3501; x_wconf 90' lang='lat' dir='ltr'><strong>et</strong></span> 
     </span>
    </p>
   </div>
   <div class='ocr_carea' id='block_1_62' title="bbox 321 3536 1906 3608">
    <p class='ocr_par' dir='ltr' id='par_1_62' title="bbox 321 3536 1906 3608">
     <span class='ocr_line' id='line_1_62' title="bbox 321 3536 1906 3608; baseline 0 -15"><span class='ocrx_word' id='word_1_487' title='bbox 321 3539 559 3608; x_wconf 90' lang='lat' dir='ltr'><strong>spatiosa</strong></span> <span class='ocrx_word' id='word_1_488' title='bbox 598 3539 686 3594; x_wconf 85' lang='lat' dir='ltr'><strong>via</strong></span> <span class='ocrx_word' id='word_1_489' title='bbox 714 3553 834 3608; x_wconf 68' lang='lat' dir='ltr'><strong>quae</strong></span> <span class='ocrx_word' id='word_1_490' title='bbox 863 3538 1012 3594; x_wconf 91' lang='lat' dir='ltr'><strong>ducit</strong></span> <span class='ocrx_word' id='word_1_491' title='bbox 1055 3538 1124 3593; x_wconf 87' lang='lat' dir='ltr'><strong>ad</strong></span> <span class='ocrx_word' id='word_1_492' title='bbox 1157 3546 1387 3593; x_wconf 91' lang='lat' dir='ltr'><strong>mortem</strong></span> <span class='ocrx_word' id='word_1_493' title='bbox 1438 3545 1698 3593; x_wconf 89' lang='lat' dir='ltr'><strong>moratur.</strong></span> <span class='ocrx_word' id='word_1_494' title='bbox 1752 3536 1906 3594; x_wconf 83' lang='lat' dir='ltr'><strong>Unde</strong></span> 
     </span>
    </p>
   </div>
   <div class='ocr_carea' id='block_1_63' title="bbox 320 3631 1908 3703">
    <p class='ocr_par' dir='ltr' id='par_1_63' title="bbox 320 3631 1908 3703">
     <span class='ocr_line' id='line_1_63' title="bbox 320 3631 1908 3703; baseline 0.001 -19"><span class='ocrx_word' id='word_1_495' title='bbox 320 3631 411 3686; x_wconf 91' lang='lat' dir='ltr'><strong>ubi</strong></span> <span class='ocrx_word' id='word_1_496' title='bbox 442 3631 742 3702; x_wconf 88' lang='lat' dir='ltr'><strong>decipulam</strong></span> <span class='ocrx_word' id='word_1_497' title='bbox 776 3649 885 3689; x_wconf 93' lang='lat' dir='ltr'><strong>non</strong></span> <span class='ocrx_word' id='word_1_498' title='bbox 911 3641 1145 3699; x_wconf 90' lang='lat' dir='ltr'><strong>veretur,</strong></span> <span class='ocrx_word' id='word_1_499' title='bbox 1186 3633 1437 3703; x_wconf 89' lang='lat' dir='ltr'><strong>laqueum</strong></span> <span class='ocrx_word' id='word_1_500' title='bbox 1482 3631 1803 3703; x_wconf 90' lang='lat' dir='ltr'><strong>perditionis</strong></span> <span class='ocrx_word' id='word_1_501' title='bbox 1828 3631 1908 3686; x_wconf 91' lang='lat' dir='ltr'><strong>in-</strong></span> 
     </span>
    </p>
   </div>
   <div class='ocr_carea' id='block_1_64' title="bbox 320 3723 1906 3795">
    <p class='ocr_par' dir='ltr' id='par_1_64' title="bbox 320 3723 1906 3795">
     <span class='ocr_line' id='line_1_64' title="bbox 320 3723 1906 3795; baseline 0.003 -20"><span class='ocrx_word' id='word_1_502' title='bbox 320 3723 528 3790; x_wconf 89' lang='lat' dir='ltr'><strong>veniet;</strong></span> <span class='ocrx_word' id='word_1_503' title='bbox 579 3731 634 3779; x_wconf 91' lang='lat' dir='ltr'><strong>et</strong></span> <span class='ocrx_word' id='word_1_504' title='bbox 667 3725 793 3795; x_wconf 88' lang='lat' dir='ltr'><strong>quia</strong></span> <span class='ocrx_word' id='word_1_505' title='bbox 836 3726 1084 3780; x_wconf 88' lang='lat' dir='ltr'><strong>timorem</strong></span> <span class='ocrx_word' id='word_1_506' title='bbox 1109 3725 1206 3780; x_wconf 90' lang='lat' dir='ltr'><strong>Dei</strong></span> <span class='ocrx_word' id='word_1_507' title='bbox 1245 3725 1446 3779; x_wconf 86' lang='lat' dir='ltr'><strong>habere</strong></span> <span class='ocrx_word' id='word_1_508' title='bbox 1491 3723 1747 3794; x_wconf 83' lang='lat' dir='ltr'><strong>neglexit,</strong></span> <span class='ocrx_word' id='word_1_509' title='bbox 1787 3737 1906 3779; x_wconf 85' lang='lat' dir='ltr'><strong>sor-</strong></span> 
     </span>
    </p>
   </div>
   <div class='ocr_carea' id='block_1_65' title="bbox 319 3815 1903 3888">
    <p class='ocr_par' dir='ltr' id='par_1_65' title="bbox 319 3815 1903 3888">
     <span class='ocr_line' id='line_1_65' title="bbox 319 3815 1903 3888; baseline 0.003 -20"><span class='ocrx_word' id='word_1_510' title='bbox 319 3815 477 3870; x_wconf 91' lang='lat' dir='ltr'><strong>dibus</strong></span> <span class='ocrx_word' id='word_1_511' title='bbox 501 3815 754 3871; x_wconf 85' lang='lat' dir='ltr'><strong>vitiorum</strong></span> <span class='ocrx_word' id='word_1_512' title='bbox 793 3817 1029 3888; x_wconf 90' lang='lat' dir='ltr'><strong>pollutus</strong></span> <span class='ocrx_word' id='word_1_513' title='bbox 1055 3832 1238 3873; x_wconf 91' lang='lat' dir='ltr'><strong>coram</strong></span> <span class='ocrx_word' id='word_1_514' title='bbox 1285 3815 1458 3872; x_wconf 91' lang='lat' dir='ltr'><strong>oculis</strong></span> <span class='ocrx_word' id='word_1_515' title='bbox 1499 3824 1815 3872; x_wconf 88' lang='lat' dir='ltr'><strong>sanctorum</strong></span> <span class='ocrx_word' id='word_1_516' title='bbox 1845 3817 1903 3872; x_wconf 89' lang='lat' dir='ltr'><strong>in</strong></span> 
     </span>
    </p>
   </div>
   <div class='ocr_carea' id='block_1_66' title="bbox 321 3904 1542 3978">
    <p class='ocr_par' dir='ltr' id='par_1_66' title="bbox 321 3904 1542 3978">
     <span class='ocr_line' id='line_1_66' title="bbox 321 3904 1542 3978; baseline 0.001 -19"><span class='ocrx_word' id='word_1_517' title='bbox 321 3904 504 3961; x_wconf 89' lang='lat' dir='ltr'><strong>futuro</strong></span> <span class='ocrx_word' id='word_1_518' title='bbox 529 3906 731 3976; x_wconf 90' lang='lat' dir='ltr'><strong>judicio</strong></span> <span class='ocrx_word' id='word_1_519' title='bbox 763 3907 999 3964; x_wconf 89' lang='lat' dir='ltr'><strong>dedecus</strong></span> <span class='ocrx_word' id='word_1_520' title='bbox 1025 3915 1081 3964; x_wconf 91' lang='lat' dir='ltr'><strong>et</strong></span> <span class='ocrx_word' id='word_1_521' title='bbox 1109 3907 1394 3978; x_wconf 86' lang='lat' dir='ltr'><strong>despectus</strong></span> <span class='ocrx_word' id='word_1_522' title='bbox 1419 3907 1542 3962; x_wconf 87' lang='lat' dir='ltr'><strong>erit.</strong></span> 
     </span>
    </p>
   </div>
   <div class='ocr_carea' id='block_1_67' title="bbox 399 3998 1906 4072">
    <p class='ocr_par' dir='ltr' id='par_1_67' title="bbox 399 3998 1906 4072">
     <span class='ocr_line' id='line_1_67' title="bbox 399 3998 1906 4072; baseline 0.005 -21"><span class='ocrx_word' id='word_1_523' title='bbox 399 4018 417 4050; x_wconf 85' lang='grc'><strong>‹</strong></span> <span class='ocrx_word' id='word_1_524' title='bbox 463 3998 554 4053; x_wconf 89' lang='lat' dir='ltr'><strong>Sic</strong></span> <span class='ocrx_word' id='word_1_525' title='bbox 586 4007 640 4054; x_wconf 90' lang='lat' dir='ltr'><strong>et</strong></span> <span class='ocrx_word' id='word_1_526' title='bbox 665 4000 862 4056; x_wconf 90' lang='lat' dir='ltr'><strong>mulier</strong></span> <span class='ocrx_word' id='word_1_527' title='bbox 887 4001 1063 4056; x_wconf 90' lang='lat' dir='ltr'><strong>omnis</strong></span> <span class='ocrx_word' id='word_1_528' title='bbox 1098 4001 1413 4072; x_wconf 90' lang='lat' dir='ltr'><strong>relinquens</strong></span> <span class='ocrx_word' id='word_1_529' title='bbox 1437 4001 1614 4056; x_wconf 88' lang='lat' dir='ltr'><strong>virum</strong></span> <span class='ocrx_word' id='word_1_530' title='bbox 1643 4015 1819 4065; x_wconf 89' lang='lat' dir='ltr'><strong>suum,</strong></span> <span class='ocrx_word' id='word_1_531' title='bbox 1849 4009 1906 4059; x_wconf 90' lang='lat' dir='ltr'><strong>et</strong></span> 
     </span>
    </p>
   </div>
   <div class='ocr_carea' id='block_1_68' title="bbox 326 4093 1904 4166">
    <p class='ocr_par' dir='ltr' id='par_1_68' title="bbox 326 4093 1904 4166">
     <span class='ocr_line' id='line_1_68' title="bbox 326 4093 1904 4166; baseline 0.004 -22"><span class='ocrx_word' id='word_1_532' title='bbox 326 4110 345 4143; x_wconf 76' lang='grc' dir='ltr'>ι</span> <span class='ocrx_word' id='word_1_533' title='bbox 393 4097 636 4148; x_wconf 90' lang='lat' dir='ltr'><strong>statuens</strong></span> <span class='ocrx_word' id='word_1_534' title='bbox 655 4093 1022 4148; x_wconf 82' lang='lat' dir='ltr'><strong>haereditatem</strong></span> <span class='ocrx_word' id='word_1_535' title='bbox 1046 4108 1112 4148; x_wconf 82' lang='lat' dir='ltr'><strong>ex</strong></span> <span class='ocrx_word' id='word_1_536' title='bbox 1133 4093 1308 4148; x_wconf 92' lang='lat' dir='ltr'><strong>alieno</strong></span> <span class='ocrx_word' id='word_1_537' title='bbox 1329 4093 1679 4149; x_wconf 87' lang='lat' dir='ltr'><strong>matrimonio</strong></span> <span class='ocrx_word' id='word_1_538' title='bbox 1694 4094 1904 4166; x_wconf 75' lang='lat' dir='ltr'><strong>:primo</strong></span> 
     </span>
    </p>
   </div>
   <div class='ocr_carea' id='block_1_69' title="bbox 326 4183 1904 4256">
    <p class='ocr_par' dir='ltr' id='par_1_69' title="bbox 326 4183 1904 4256">
     <span class='ocr_line' id='line_1_69' title="bbox 326 4183 1904 4256; baseline 0.004 -21"><span class='ocrx_word' id='word_1_539' title='bbox 326 4201 345 4234; x_wconf 70' lang='grc' dir='ltr'><strong>ε</strong></span> <span class='ocrx_word' id='word_1_540' title='bbox 390 4183 533 4238; x_wconf 92' lang='lat' dir='ltr'><strong>enim</strong></span> <span class='ocrx_word' id='word_1_541' title='bbox 559 4184 614 4238; x_wconf 91' lang='lat' dir='ltr'><strong>in</strong></span> <span class='ocrx_word' id='word_1_542' title='bbox 635 4183 750 4256; x_wconf 89' lang='lat' dir='ltr'><strong>lege</strong></span> <span class='ocrx_word' id='word_1_543' title='bbox 771 4183 1034 4240; x_wconf 86' lang='lat' dir='ltr'><strong>Altissimi</strong></span> <span class='ocrx_word' id='word_1_544' title='bbox 1067 4185 1398 4241; x_wconf 88' lang='lat' dir='ltr'><strong>incredibilis</strong></span> <span class='ocrx_word' id='word_1_545' title='bbox 1426 4184 1556 4252; x_wconf 89' lang='lat' dir='ltr'><strong>fuit;</strong></span> <span class='ocrx_word' id='word_1_546' title='bbox 1588 4194 1643 4241; x_wconf 90' lang='lat' dir='ltr'><strong>et</strong></span> <span class='ocrx_word' id='word_1_547' title='bbox 1666 4185 1904 4242; x_wconf 90' lang='lat' dir='ltr'><strong>secundo</strong></span> 
     </span>
    </p>
   </div>
   <div class='ocr_carea' id='block_1_70' title="bbox 329 4273 1902 4345">
    <p class='ocr_par' dir='ltr' id='par_1_70' title="bbox 329 4273 1902 4345">
     <span class='ocr_line' id='line_1_70' title="bbox 329 4273 1902 4345; baseline 0.004 -21"><span class='ocrx_word' id='word_1_548' title='bbox 329 4292 348 4323; x_wconf 77' lang='grc' dir='ltr'>ι</span> <span class='ocrx_word' id='word_1_549' title='bbox 396 4273 452 4327; x_wconf 90' lang='lat' dir='ltr'><strong>in</strong></span> <span class='ocrx_word' id='word_1_550' title='bbox 521 4274 698 4328; x_wconf 88' lang='lat' dir='ltr'><strong>virum</strong></span> <span class='ocrx_word' id='word_1_551' title='bbox 743 4290 898 4330; x_wconf 91' lang='lat' dir='ltr'><strong>suum</strong></span> <span class='ocrx_word' id='word_1_552' title='bbox 947 4275 1261 4345; x_wconf 88' lang='lat' dir='ltr'><strong>dereliquit;</strong></span> <span class='ocrx_word' id='word_1_553' title='bbox 1313 4276 1494 4342; x_wconf 89' lang='lat' dir='ltr'><strong>tertio,</strong></span> <span class='ocrx_word' id='word_1_554' title='bbox 1543 4277 1597 4330; x_wconf 92' lang='lat' dir='ltr'><strong>in</strong></span> <span class='ocrx_word' id='word_1_555' title='bbox 1639 4276 1902 4331; x_wconf 90' lang='lat' dir='ltr'><strong>adulterio</strong></span> 
     </span>
    </p>
   </div>
   <div class='ocr_carea' id='block_1_71' title="bbox 327 4360 1900 4430">
    <p class='ocr_par' dir='ltr' id='par_1_71' title="bbox 327 4360 1900 4430">
     <span class='ocr_line' id='line_1_71' title="bbox 327 4360 1900 4430; baseline 0.005 -17"><span class='ocrx_word' id='word_1_556' title='bbox 327 4380 344 4412; x_wconf 75' lang='grc' dir='ltr'>ι</span> <span class='ocrx_word' id='word_1_557' title='bbox 393 4361 659 4418; x_wconf 83' lang='lat' dir='ltr'><strong>fornicata</strong></span> <span class='ocrx_word' id='word_1_558' title='bbox 700 4374 804 4430; x_wconf 92' lang='lat' dir='ltr'><strong>est,</strong></span> <span class='ocrx_word' id='word_1_559' title='bbox 842 4373 898 4420; x_wconf 90' lang='lat' dir='ltr'><strong>et</strong></span> <span class='ocrx_word' id='word_1_560' title='bbox 934 4360 1000 4420; x_wconf 78' lang='lat' dir='ltr'><strong>ex</strong></span> <span class='ocrx_word' id='word_1_561' title='bbox 1040 4365 1146 4420; x_wconf 91' lang='lat' dir='ltr'><strong>alio</strong></span> <span class='ocrx_word' id='word_1_562' title='bbox 1189 4365 1309 4421; x_wconf 89' lang='lat' dir='ltr'><strong>viro</strong></span> <span class='ocrx_word' id='word_1_563' title='bbox 1355 4365 1495 4421; x_wconf 88' lang='lat' dir='ltr'><strong>ﬁlios</strong></span> <span class='ocrx_word' id='word_1_564' title='bbox 1542 4366 1732 4422; x_wconf 87' lang='lat' dir='ltr'><strong>statuit</strong></span> <span class='ocrx_word' id='word_1_565' title='bbox 1778 4367 1900 4422; x_wconf 92' lang='lat' dir='ltr'><strong>sibi.</strong></span> 
     </span>
    </p>
   </div>
   <div class='ocr_carea' id='block_1_72' title="bbox 326 4454 1902 4531">
    <p class='ocr_par' dir='ltr' id='par_1_72' title="bbox 326 4454 1902 4531">
     <span class='ocr_line' id='line_1_72' title="bbox 326 4454 1902 4531; baseline 0.005 -25"><span class='ocrx_word' id='word_1_566' title='bbox 326 4472 345 4506; x_wconf 76' lang='grc' dir='ltr'>ι</span> <span class='ocrx_word' id='word_1_567' title='bbox 391 4454 516 4512; x_wconf 64' lang='grc' dir='ltr'>Ηωο</span> <span class='ocrx_word' id='word_1_568' title='bbox 553 4457 607 4511; x_wconf 88' lang='lat' dir='ltr'><strong>in</strong></span> <span class='ocrx_word' id='word_1_569' title='bbox 637 4458 920 4514; x_wconf 88' lang='lat' dir='ltr'><strong>ecclesiam</strong></span> <span class='ocrx_word' id='word_1_570' title='bbox 951 4459 1266 4526; x_wconf 90' lang='lat' dir='ltr'><strong>adducetur,</strong></span> <span class='ocrx_word' id='word_1_571' title='bbox 1305 4467 1360 4513; x_wconf 90' lang='lat' dir='ltr'><strong>et</strong></span> <span class='ocrx_word' id='word_1_572' title='bbox 1400 4460 1455 4513; x_wconf 94' lang='lat' dir='ltr'><strong>in</strong></span> <span class='ocrx_word' id='word_1_573' title='bbox 1492 4459 1630 4514; x_wconf 92' lang='lat' dir='ltr'><strong>ﬁlios</strong></span> <span class='ocrx_word' id='word_1_574' title='bbox 1658 4460 1775 4531; x_wconf 90' lang='lat' dir='ltr'><strong>ejus</strong></span> <span class='ocrx_word' id='word_1_575' title='bbox 1811 4474 1902 4514; x_wconf 90' lang='lat' dir='ltr'><strong>re-</strong></span> 
     </span>
    </p>
   </div>
   <div class='ocr_carea' id='block_1_73' title="bbox 327 4550 1900 4622">
    <p class='ocr_par' dir='ltr' id='par_1_73' title="bbox 327 4550 1900 4622">
     <span class='ocr_line' id='line_1_73' title="bbox 327 4550 1900 4622; baseline 0.004 -20"><span class='ocrx_word' id='word_1_576' title='bbox 327 4567 344 4602; x_wconf 72' lang='grc'><strong>(</strong></span> <span class='ocrx_word' id='word_1_577' title='bbox 390 4551 668 4621; x_wconf 89' lang='lat' dir='ltr'><strong>spicietur.</strong></span> <span class='ocrx_word' id='word_1_578' title='bbox 717 4550 837 4608; x_wconf 83' lang='lat' dir='ltr'><strong>Non</strong></span> <span class='ocrx_word' id='word_1_579' title='bbox 883 4553 1093 4609; x_wconf 89' lang='lat' dir='ltr'><strong>tradent</strong></span> <span class='ocrx_word' id='word_1_580' title='bbox 1118 4552 1215 4608; x_wconf 88' lang='lat' dir='ltr'><strong>ﬁlii</strong></span> <span class='ocrx_word' id='word_1_581' title='bbox 1262 4551 1378 4622; x_wconf 88' lang='lat' dir='ltr'><strong>ejus</strong></span> <span class='ocrx_word' id='word_1_582' title='bbox 1406 4553 1639 4619; x_wconf 90' lang='lat' dir='ltr'><strong>radices,</strong></span> <span class='ocrx_word' id='word_1_583' title='bbox 1675 4561 1730 4610; x_wconf 91' lang='lat' dir='ltr'><strong>et</strong></span> <span class='ocrx_word' id='word_1_584' title='bbox 1765 4553 1900 4608; x_wconf 91' lang='lat' dir='ltr'><strong>rami</strong></span> 
     </span>
    </p>
   </div>
   <div class='ocr_carea' id='block_1_74' title="bbox 2007 3359 3593 3436">
    <p class='ocr_par' dir='ltr' id='par_1_74' title="bbox 2007 3359 3593 3436">
     <span class='ocr_line' id='line_1_74' title="bbox 2007 3359 3593 3436; baseline 0.001 -22"><span class='ocrx_word' id='word_1_585' title='bbox 2007 3375 2129 3415; x_wconf 91' lang='lat' dir='ltr'><strong>rum</strong></span> <span class='ocrx_word' id='word_1_586' title='bbox 2163 3368 2219 3416; x_wconf 89' lang='lat' dir='ltr'><strong>et</strong></span> <span class='ocrx_word' id='word_1_587' title='bbox 2259 3362 2509 3432; x_wconf 88' lang='lat' dir='ltr'><strong>topaziou</strong></span> <span class='ocrx_word' id='word_1_588' title='bbox 2545 3359 2726 3433; x_wconf 75' lang='lat' dir='ltr'><strong>(Psal.</strong></span> <span class='ocrx_word' id='word_1_589' title='bbox 2749 3363 2970 3436; x_wconf 84' lang='lat' dir='ltr'><strong>cxvm).</strong></span> <span class='ocrx_word' id='word_1_590' title='bbox 3015 3383 3034 3417; x_wconf 75' lang='grc' dir='ltr'><strong><em>ι</em></strong></span> <span class='ocrx_word' id='word_1_591' title='bbox 3073 3362 3256 3419; x_wconf 78' lang='lat' dir='ltr'><strong>Gloria</strong></span> <span class='ocrx_word' id='word_1_592' title='bbox 3283 3377 3480 3434; x_wconf 87' lang='lat' dir='ltr'><strong>magna</strong></span> <span class='ocrx_word' id='word_1_593' title='bbox 3507 3370 3593 3418; x_wconf 90' lang='lat' dir='ltr'><strong>est</strong></span> 
     </span>
    </p>
   </div>
   <div class='ocr_carea' id='block_1_75' title="bbox 2007 3449 3588 3522">
    <p class='ocr_par' dir='ltr' id='par_1_75' title="bbox 2007 3449 3588 3522">
     <span class='ocr_line' id='line_1_75' title="bbox 2007 3449 3588 3522; baseline 0.001 -17"><span class='ocrx_word' id='word_1_594' title='bbox 2007 3450 2158 3520; x_wconf 80' lang='lat' dir='ltr'><strong>sequi</strong></span> <span class='ocrx_word' id='word_1_595' title='bbox 2182 3449 2352 3505; x_wconf 88' lang='lat' dir='ltr'><strong>Deum</strong></span> <span class='ocrx_word' id='word_1_596' title='bbox 2387 3469 2401 3504; x_wconf 90' lang='lat'><strong>:</strong></span> <span class='ocrx_word' id='word_1_597' title='bbox 2433 3451 2689 3521; x_wconf 88' lang='lat' dir='ltr'><strong>quoniam</strong></span> <span class='ocrx_word' id='word_1_598' title='bbox 2714 3452 2808 3522; x_wconf 90' lang='lat' dir='ltr'><strong>qui</strong></span> <span class='ocrx_word' id='word_1_599' title='bbox 2833 3453 2890 3508; x_wconf 94' lang='lat' dir='ltr'><strong>in</strong></span> <span class='ocrx_word' id='word_1_600' title='bbox 2914 3452 3034 3508; x_wconf 88' lang='lat' dir='ltr'><strong>luce</strong></span> <span class='ocrx_word' id='word_1_601' title='bbox 3068 3451 3328 3519; x_wconf 91' lang='lat' dir='ltr'><strong>ambulat,</strong></span> <span class='ocrx_word' id='word_1_602' title='bbox 3365 3467 3471 3507; x_wconf 92' lang='lat' dir='ltr'><strong>non</strong></span> <span class='ocrx_word' id='word_1_603' title='bbox 3503 3451 3588 3507; x_wconf 87' lang='lat' dir='ltr'><strong>of-</strong></span> 
     </span>
    </p>
   </div>
   <div class='ocr_carea' id='block_1_76' title="bbox 2005 3537 3584 3614">
    <p class='ocr_par' dir='ltr' id='par_1_76' title="bbox 2005 3537 3584 3614">
     <span class='ocr_line' id='line_1_76' title="bbox 2005 3537 3584 3614; baseline 0.003 -21"><span class='ocrx_word' id='word_1_604' title='bbox 2005 3537 2196 3593; x_wconf 87' lang='lat' dir='ltr'><strong>fendit.</strong></span> <span class='ocrx_word' id='word_1_605' title='bbox 2238 3537 2392 3596; x_wconf 89' lang='lat' dir='ltr'><strong>Unde</strong></span> <span class='ocrx_word' id='word_1_606' title='bbox 2427 3540 2544 3610; x_wconf 90' lang='lat' dir='ltr'><strong>ipsa</strong></span> <span class='ocrx_word' id='word_1_607' title='bbox 2582 3541 2796 3598; x_wconf 80' lang='lat' dir='ltr'><strong>Veritas</strong></span> <span class='ocrx_word' id='word_1_608' title='bbox 2829 3543 2907 3598; x_wconf 88' lang='lat' dir='ltr'><strong>ait</strong></span> <span class='ocrx_word' id='word_1_609' title='bbox 2950 3562 2962 3598; x_wconf 91' lang='lat'><strong>:</strong></span> <span class='ocrx_word' id='word_1_610' title='bbox 3012 3561 3032 3596; x_wconf 85' lang='grc'><strong><em>‹</em></strong></span> <span class='ocrx_word' id='word_1_611' title='bbox 3065 3543 3168 3612; x_wconf 86' lang='lat' dir='ltr'><strong>Qui</strong></span> <span class='ocrx_word' id='word_1_612' title='bbox 3198 3542 3444 3614; x_wconf 87' lang='lat' dir='ltr'><strong>sequitur</strong></span> <span class='ocrx_word' id='word_1_613' title='bbox 3478 3557 3584 3610; x_wconf 89' lang='lat' dir='ltr'><strong>me,</strong></span> 
     </span>
    </p>
   </div>
   <div class='ocr_carea' id='block_1_77' title="bbox 2005 3632 3580 3702">
    <p class='ocr_par' dir='ltr' id='par_1_77' title="bbox 2005 3632 3580 3702">
     <span class='ocr_line' id='line_1_77' title="bbox 2005 3632 3580 3702; baseline 0.001 -16"><span class='ocrx_word' id='word_1_614' title='bbox 2005 3647 2116 3688; x_wconf 89' lang='lat' dir='ltr'><strong>non</strong></span> <span class='ocrx_word' id='word_1_615' title='bbox 2140 3632 2379 3689; x_wconf 86' lang='lat' dir='ltr'><strong>ambulat</strong></span> <span class='ocrx_word' id='word_1_616' title='bbox 2407 3633 2464 3688; x_wconf 90' lang='lat' dir='ltr'><strong>in</strong></span> <span class='ocrx_word' id='word_1_617' title='bbox 2489 3634 2758 3702; x_wconf 84' lang='lat' dir='ltr'><strong>tenebris,</strong></span> <span class='ocrx_word' id='word_1_618' title='bbox 2788 3634 2883 3691; x_wconf 87' lang='lat' dir='ltr'><strong>sed</strong></span> <span class='ocrx_word' id='word_1_619' title='bbox 2921 3634 3144 3691; x_wconf 87' lang='lat' dir='ltr'><strong>habebit</strong></span> <span class='ocrx_word' id='word_1_620' title='bbox 3167 3633 3351 3690; x_wconf 89' lang='lat' dir='ltr'><strong>lumen</strong></span> <span class='ocrx_word' id='word_1_621' title='bbox 3377 3634 3521 3689; x_wconf 64' lang='lat' dir='ltr'><strong>vitae.</strong></span> <span class='ocrx_word' id='word_1_622' title='bbox 3561 3654 3580 3687; x_wconf 76' lang='grc' dir='ltr'><strong><em>ι</em></strong></span> 
     </span>
    </p>
   </div>
   <div class='ocr_carea' id='block_1_78' title="bbox 2005 3721 3588 3799">
    <p class='ocr_par' dir='ltr' id='par_1_78' title="bbox 2005 3721 3588 3799">
     <span class='ocr_line' id='line_1_78' title="bbox 2005 3721 3588 3799; baseline 0.004 -21"><span class='ocrx_word' id='word_1_623' title='bbox 2005 3721 2104 3778; x_wconf 81' lang='lat' dir='ltr'><strong>Cui</strong></span> <span class='ocrx_word' id='word_1_624' title='bbox 2129 3725 2291 3779; x_wconf 90' lang='lat' dir='ltr'><strong>etiam</strong></span> <span class='ocrx_word' id='word_1_625' title='bbox 2333 3725 2612 3796; x_wconf 88' lang='lat' dir='ltr'><strong>longitudo</strong></span> <span class='ocrx_word' id='word_1_626' title='bbox 2646 3727 2858 3782; x_wconf 90' lang='lat' dir='ltr'><strong>dierum</strong></span> <span class='ocrx_word' id='word_1_627' title='bbox 2897 3727 3074 3796; x_wconf 90' lang='lat' dir='ltr'><strong>datur,</strong></span> <span class='ocrx_word' id='word_1_628' title='bbox 3111 3727 3240 3799; x_wconf 91' lang='lat' dir='ltr'><strong>quia</strong></span> <span class='ocrx_word' id='word_1_629' title='bbox 3275 3727 3588 3798; x_wconf 85' lang='lat' dir='ltr'><strong>perennitas</strong></span> 
     </span>
    </p>
   </div>
   <div class='ocr_carea' id='block_1_79' title="bbox 2006 3814 3589 3886">
    <p class='ocr_par' dir='ltr' id='par_1_79' title="bbox 2006 3814 3589 3886">
     <span class='ocr_line' id='line_1_79' title="bbox 2006 3814 3589 3886; baseline 0.005 -18"><span class='ocrx_word' id='word_1_630' title='bbox 2006 3814 2061 3869; x_wconf 91' lang='lat' dir='ltr'><strong>in</strong></span> <span class='ocrx_word' id='word_1_631' title='bbox 2087 3824 2290 3870; x_wconf 68' lang='lat' dir='ltr'><strong>aeterna</strong></span> <span class='ocrx_word' id='word_1_632' title='bbox 2317 3817 2650 3873; x_wconf 88' lang='lat' dir='ltr'><strong>beatitudine</strong></span> <span class='ocrx_word' id='word_1_633' title='bbox 2680 3817 2756 3873; x_wconf 92' lang='lat' dir='ltr'><strong>illi</strong></span> <span class='ocrx_word' id='word_1_634' title='bbox 2789 3817 3086 3886; x_wconf 88' lang='lat' dir='ltr'><strong>confertur,</strong></span> <span class='ocrx_word' id='word_1_635' title='bbox 3115 3819 3208 3876; x_wconf 88' lang='lat' dir='ltr'><strong>ubi</strong></span> <span class='ocrx_word' id='word_1_636' title='bbox 3233 3834 3356 3875; x_wconf 91' lang='lat' dir='ltr'><strong>cum</strong></span> <span class='ocrx_word' id='word_1_637' title='bbox 3383 3819 3589 3876; x_wconf 84' lang='lat' dir='ltr'><strong>sanctis</strong></span> 
     </span>
    </p>
   </div>
   <div class='ocr_carea' id='block_1_80' title="bbox 2004 3908 3587 3978">
    <p class='ocr_par' dir='ltr' id='par_1_80' title="bbox 2004 3908 3587 3978">
     <span class='ocr_line' id='line_1_80' title="bbox 2004 3908 3587 3978; baseline 0.004 -17"><span class='ocrx_word' id='word_1_638' title='bbox 2004 3908 2211 3978; x_wconf 87' lang='lat' dir='ltr'><strong>angelis</strong></span> <span class='ocrx_word' id='word_1_639' title='bbox 2238 3909 2295 3963; x_wconf 88' lang='lat' dir='ltr'><strong>in</strong></span> <span class='ocrx_word' id='word_1_640' title='bbox 2322 3908 2578 3966; x_wconf 64' lang='lat' dir='ltr'><strong>secutum</strong></span> <span class='ocrx_word' id='word_1_641' title='bbox 2599 3910 2784 3966; x_wconf 61' lang='lat' dir='ltr'><strong>saculi</strong></span> <span class='ocrx_word' id='word_1_642' title='bbox 2805 3920 3108 3969; x_wconf 87' lang='lat' dir='ltr'><strong>creatorem</strong></span> <span class='ocrx_word' id='word_1_643' title='bbox 3136 3927 3292 3968; x_wconf 87' lang='lat' dir='ltr'><strong>suum</strong></span> <span class='ocrx_word' id='word_1_644' title='bbox 3319 3911 3587 3968; x_wconf 89' lang='lat' dir='ltr'><strong>laudando</strong></span> 
     </span>
    </p>
   </div>
   <div class='ocr_carea' id='block_1_81' title="bbox 2004 3998 2371 4057">
    <p class='ocr_par' dir='ltr' id='par_1_81' title="bbox 2004 3998 2371 4057">
     <span class='ocr_line' id='line_1_81' title="bbox 2004 3998 2371 4057; baseline -0.005 0"><span class='ocrx_word' id='word_1_645' title='bbox 2004 3998 2371 4057; x_wconf 89' lang='lat' dir='ltr'><strong>conﬁtebitur.</strong></span> 
     </span>
    </p>
   </div>
   <div class='ocr_carea' id='block_1_82' title="bbox 2601 4093 2982 4152">
    <p class='ocr_par' dir='ltr' id='par_1_82' title="bbox 2601 4093 2982 4152">
     <span class='ocr_line' id='line_1_82' title="bbox 2601 4093 2982 4152; baseline 0.005 -3"><span class='ocrx_word' id='word_1_646' title='bbox 2601 4093 2830 4151; x_wconf 80' lang='lat' dir='ltr'><strong>CAPUT</strong></span> <span class='ocrx_word' id='word_1_647' title='bbox 2868 4093 2982 4152; x_wconf 81' lang='lat' dir='ltr'><strong>XII.</strong></span> 
     </span>
    </p>
   </div>
   <div class='ocr_carea' id='block_1_83' title="bbox 2134 4181 3449 4257">
    <p class='ocr_par' dir='ltr' id='par_1_83' title="bbox 2134 4181 3449 4257">
     <span class='ocr_line' id='line_1_83' title="bbox 2134 4181 3449 4257; baseline 0.003 -21"><span class='ocrx_word' id='word_1_648' title='bbox 2134 4181 2278 4237; x_wconf 77' lang='lat' dir='ltr'><strong>Laus</strong></span> <span class='ocrx_word' id='word_1_649' title='bbox 2305 4183 2598 4253; x_wconf 67' lang='lat' dir='ltr'><strong>sapientiae,</strong></span> <span class='ocrx_word' id='word_1_650' title='bbox 2627 4201 2718 4255; x_wconf 81' lang='lat' dir='ltr'><strong>per</strong></span> <span class='ocrx_word' id='word_1_651' title='bbox 2739 4201 2898 4257; x_wconf 85' lang='lat' dir='ltr'><strong>quam</strong></span> <span class='ocrx_word' id='word_1_652' title='bbox 2925 4185 3070 4256; x_wconf 83' lang='lat' dir='ltr'><strong>facta</strong></span> <span class='ocrx_word' id='word_1_653' title='bbox 3099 4194 3222 4243; x_wconf 72' lang='lat' dir='ltr'><strong>sunt</strong></span> <span class='ocrx_word' id='word_1_654' title='bbox 3252 4187 3449 4242; x_wconf 86' lang='lat' dir='ltr'><strong>omnia.</strong></span> 
     </span>
    </p>
   </div>
   <div class='ocr_carea' id='block_1_84' title="bbox 2076 4268 3584 4342">
    <p class='ocr_par' dir='ltr' id='par_1_84' title="bbox 2076 4268 3584 4342">
     <span class='ocr_line' id='line_1_84' title="bbox 2076 4268 3584 4342; baseline 0.003 -14"><span class='ocrx_word' id='word_1_655' title='bbox 2076 4268 2226 4340; x_wconf 64' lang='lat' dir='ltr'><strong>(Car.</strong></span> <span class='ocrx_word' id='word_1_656' title='bbox 2263 4270 2438 4342; x_wconf 74' lang='lat' dir='ltr'><strong>XXIV.)</strong></span> <span class='ocrx_word' id='word_1_657' title='bbox 2475 4290 2493 4323; x_wconf 87' lang='grc'><strong>‹</strong></span> <span class='ocrx_word' id='word_1_658' title='bbox 2532 4271 2810 4342; x_wconf 89' lang='lat' dir='ltr'><strong>Sapientia</strong></span> <span class='ocrx_word' id='word_1_659' title='bbox 2852 4273 3092 4329; x_wconf 87' lang='lat' dir='ltr'><strong>laudabit</strong></span> <span class='ocrx_word' id='word_1_660' title='bbox 3129 4275 3364 4330; x_wconf 90' lang='lat' dir='ltr'><strong>animam</strong></span> <span class='ocrx_word' id='word_1_661' title='bbox 3407 4289 3584 4342; x_wconf 84' lang='lat' dir='ltr'><strong>suam,</strong></span> 
     </span>
    </p>
   </div>
   <div class='ocr_carea' id='block_1_85' title="bbox 2009 4363 3588 4438">
    <p class='ocr_par' dir='ltr' id='par_1_85' title="bbox 2009 4363 3588 4438">
     <span class='ocr_line' id='line_1_85' title="bbox 2009 4363 3588 4438; baseline 0.004 -22"><span class='ocrx_word' id='word_1_662' title='bbox 2009 4383 2028 4415; x_wconf 84' lang='grc'><strong><em>‹</em></strong></span> <span class='ocrx_word' id='word_1_663' title='bbox 2066 4371 2120 4418; x_wconf 92' lang='lat' dir='ltr'><strong>et</strong></span> <span class='ocrx_word' id='word_1_664' title='bbox 2158 4363 2212 4417; x_wconf 92' lang='lat' dir='ltr'><strong>in</strong></span> <span class='ocrx_word' id='word_1_665' title='bbox 2244 4365 2352 4419; x_wconf 90' lang='lat' dir='ltr'><strong>Deo</strong></span> <span class='ocrx_word' id='word_1_666' title='bbox 2381 4364 2758 4431; x_wconf 88' lang='lat' dir='ltr'><strong>honorabitur,</strong></span> <span class='ocrx_word' id='word_1_667' title='bbox 2785 4373 2841 4420; x_wconf 90' lang='lat' dir='ltr'><strong>et</strong></span> <span class='ocrx_word' id='word_1_668' title='bbox 2877 4366 2933 4420; x_wconf 91' lang='lat' dir='ltr'><strong>in</strong></span> <span class='ocrx_word' id='word_1_669' title='bbox 2955 4366 3134 4421; x_wconf 91' lang='lat' dir='ltr'><strong>medio</strong></span> <span class='ocrx_word' id='word_1_670' title='bbox 3157 4367 3339 4437; x_wconf 89' lang='lat' dir='ltr'><strong>populi</strong></span> <span class='ocrx_word' id='word_1_671' title='bbox 3362 4368 3446 4422; x_wconf 92' lang='lat' dir='ltr'><strong>sui</strong></span> <span class='ocrx_word' id='word_1_672' title='bbox 3474 4367 3588 4438; x_wconf 87' lang='lat' dir='ltr'><strong>glo-</strong></span> 
     </span>
    </p>
   </div>
   <div class='ocr_carea' id='block_1_86' title="bbox 2010 4455 3583 4526">
    <p class='ocr_par' dir='ltr' id='par_1_86' title="bbox 2010 4455 3583 4526">
     <span class='ocr_line' id='line_1_86' title="bbox 2010 4455 3583 4526; baseline 0.007 -21"><span class='ocrx_word' id='word_1_673' title='bbox 2010 4471 2029 4505; x_wconf 82' lang='grc'><em>‹</em></span> <span class='ocrx_word' id='word_1_674' title='bbox 2066 4455 2313 4521; x_wconf 90' lang='lat' dir='ltr'><strong>riabitur,</strong></span> <span class='ocrx_word' id='word_1_675' title='bbox 2347 4463 2403 4511; x_wconf 92' lang='lat' dir='ltr'><strong>et</strong></span> <span class='ocrx_word' id='word_1_676' title='bbox 2429 4456 2485 4512; x_wconf 92' lang='lat' dir='ltr'><strong>in</strong></span> <span class='ocrx_word' id='word_1_677' title='bbox 2516 4456 2763 4513; x_wconf 90' lang='lat' dir='ltr'><strong>ecclesiis</strong></span> <span class='ocrx_word' id='word_1_678' title='bbox 2787 4456 3052 4512; x_wconf 84' lang='lat' dir='ltr'><strong>Altissimi</strong></span> <span class='ocrx_word' id='word_1_679' title='bbox 3083 4459 3288 4526; x_wconf 88' lang='lat' dir='ltr'><strong>aperiet</strong></span> <span class='ocrx_word' id='word_1_680' title='bbox 3311 4472 3374 4513; x_wconf 90' lang='lat' dir='ltr'><strong>os</strong></span> <span class='ocrx_word' id='word_1_681' title='bbox 3403 4473 3583 4526; x_wconf 87' lang='lat' dir='ltr'><strong>suum,</strong></span> 
     </span>
    </p>
   </div>
   <div class='ocr_carea' id='block_1_87' title="bbox 2008 4543 3586 4622">
    <p class='ocr_par' dir='ltr' id='par_1_87' title="bbox 2008 4543 3586 4622">
     <span class='ocr_line' id='line_1_87' title="bbox 2008 4543 3586 4622; baseline 0.003 -21"><span class='ocrx_word' id='word_1_682' title='bbox 2008 4566 2030 4600; x_wconf 85' lang='grc'><strong><em>‹</em></strong></span> <span class='ocrx_word' id='word_1_683' title='bbox 2064 4555 2119 4603; x_wconf 90' lang='lat' dir='ltr'><strong>et</strong></span> <span class='ocrx_word' id='word_1_684' title='bbox 2140 4548 2194 4602; x_wconf 90' lang='lat' dir='ltr'><strong>in</strong></span> <span class='ocrx_word' id='word_1_685' title='bbox 2219 4556 2510 4619; x_wconf 90' lang='lat' dir='ltr'><strong>conspectu</strong></span> <span class='ocrx_word' id='word_1_686' title='bbox 2526 4548 2744 4604; x_wconf 90' lang='lat' dir='ltr'><strong>virtutis</strong></span> <span class='ocrx_word' id='word_1_687' title='bbox 2770 4543 2917 4604; x_wconf 67' lang='lat' dir='ltr'><strong>illius</strong></span> <span class='ocrx_word' id='word_1_688' title='bbox 2938 4549 3275 4621; x_wconf 86' lang='lat' dir='ltr'><strong>gloriabitur.</strong></span> <span class='ocrx_word' id='word_1_689' title='bbox 3306 4569 3326 4603; x_wconf 74' lang='grc' dir='ltr'><strong><em>ι</em></strong></span> <span class='ocrx_word' id='word_1_690' title='bbox 3358 4549 3586 4622; x_wconf 89' lang='lat' dir='ltr'><strong>Sapien-</strong></span> 
     </span>
    </p>
   </div>
   <div class='ocr_carea' id='block_1_88' title="bbox 324 4637 3580 4714">
    <p class='ocr_par' dir='ltr' id='par_1_88' title="bbox 324 4637 3580 4714">
     <span class='ocr_line' id='line_1_88' title="bbox 324 4637 3580 4714; baseline 0.003 -21"><span class='ocrx_word' id='word_1_691' title='bbox 324 4661 342 4692; x_wconf 72' lang='grc' dir='ltr'>ί</span> <span class='ocrx_word' id='word_1_692' title='bbox 387 4641 504 4710; x_wconf 90' lang='lat' dir='ltr'><strong>ejus</strong></span> <span class='ocrx_word' id='word_1_693' title='bbox 533 4658 638 4697; x_wconf 88' lang='lat' dir='ltr'><strong>non</strong></span> <span class='ocrx_word' id='word_1_694' title='bbox 666 4643 869 4697; x_wconf 90' lang='lat' dir='ltr'><strong>dabunt</strong></span> <span class='ocrx_word' id='word_1_695' title='bbox 906 4643 1171 4710; x_wconf 90' lang='lat' dir='ltr'><strong>fructum;</strong></span> <span class='ocrx_word' id='word_1_696' title='bbox 1229 4643 1601 4714; x_wconf 89' lang='lat' dir='ltr'><strong>derelinquent</strong></span> <span class='ocrx_word' id='word_1_697' title='bbox 1638 4645 1693 4700; x_wconf 89' lang='lat' dir='ltr'><strong>in</strong></span> <span class='ocrx_word' id='word_1_698' title='bbox 1732 4645 1901 4699; x_wconf 89' lang='lat' dir='ltr'><strong>male-</strong></span> <span class='ocrx_word' id='word_1_699' title='bbox 1928 4643 1981 4702; x_wconf 91' lang='lat' dir='ltr'><strong>D</strong></span> <span class='ocrx_word' id='word_1_700' title='bbox 2007 4637 2080 4694; x_wconf 71' lang='grc' dir='ltr'><strong>ῐὶα</strong></span> <span class='ocrx_word' id='word_1_701' title='bbox 2111 4639 2225 4694; x_wconf 65' lang='grc' dir='ltr'><strong>ἱπωο</strong></span> <span class='ocrx_word' id='word_1_702' title='bbox 2264 4653 2371 4693; x_wconf 80' lang='lat' dir='ltr'><strong>non</strong></span> <span class='ocrx_word' id='word_1_703' title='bbox 2406 4647 2490 4694; x_wconf 65' lang='lat' dir='ltr'><strong>est</strong></span> <span class='ocrx_word' id='word_1_704' title='bbox 2517 4639 2658 4705; x_wconf 69' lang='lat' dir='ltr'><strong>alia,</strong></span> <span class='ocrx_word' id='word_1_705' title='bbox 2689 4639 2792 4694; x_wconf 79' lang='lat' dir='ltr'><strong>niSi</strong></span> <span class='ocrx_word' id='word_1_706' title='bbox 2832 4641 2898 4695; x_wconf 79' lang='lat' dir='ltr'><strong>de</strong></span> <span class='ocrx_word' id='word_1_707' title='bbox 2935 4655 3042 4710; x_wconf 83' lang='lat' dir='ltr'><strong>qua</strong></span> <span class='ocrx_word' id='word_1_708' title='bbox 3076 4640 3212 4695; x_wconf 74' lang='lat' dir='ltr'><strong>diXit</strong></span> <span class='ocrx_word' id='word_1_709' title='bbox 3237 4640 3531 4712; x_wconf 71' lang='lat' dir='ltr'><strong>Apostolus</strong></span> <span class='ocrx_word' id='word_1_710' title='bbox 3564 4656 3580 4696; x_wconf 73' lang='grc' dir='ltr'><strong>ε</strong></span> 
     </span>
    </p>
   </div>
   <div class='ocr_carea' id='block_1_89' title="bbox 325 4732 1897 4801">
    <p class='ocr_par' dir='ltr' id='par_1_89' title="bbox 325 4732 1897 4801">
     <span class='ocr_line' id='line_1_89' title="bbox 325 4732 1897 4801; baseline 0.006 -18"><span class='ocrx_word' id='word_1_711' title='bbox 325 4750 342 4782; x_wconf 83' lang='grc'>‹</span> <span class='ocrx_word' id='word_1_712' title='bbox 391 4732 593 4787; x_wconf 91' lang='lat' dir='ltr'><strong>dictum</strong></span> <span class='ocrx_word' id='word_1_713' title='bbox 623 4734 941 4790; x_wconf 89' lang='lat' dir='ltr'><strong>memoriam</strong></span> <span class='ocrx_word' id='word_1_714' title='bbox 966 4735 1125 4801; x_wconf 89' lang='lat' dir='ltr'><strong>illius,</strong></span> <span class='ocrx_word' id='word_1_715' title='bbox 1157 4743 1210 4790; x_wconf 90' lang='lat' dir='ltr'><strong>et</strong></span> <span class='ocrx_word' id='word_1_716' title='bbox 1235 4735 1468 4791; x_wconf 89' lang='lat' dir='ltr'><strong>dedecus</strong></span> <span class='ocrx_word' id='word_1_717' title='bbox 1493 4735 1636 4792; x_wconf 76' lang='lat' dir='ltr'><strong>illius</strong></span> <span class='ocrx_word' id='word_1_718' title='bbox 1660 4751 1768 4791; x_wconf 91' lang='lat' dir='ltr'><strong>non</strong></span> <span class='ocrx_word' id='word_1_719' title='bbox 1800 4737 1897 4792; x_wconf 89' lang='lat' dir='ltr'><strong>de-</strong></span> 
     </span>
    </p>
   </div>
   <div class='ocr_carea' id='block_1_90' title="bbox 326 4820 1896 4895">
    <p class='ocr_par' dir='ltr' id='par_1_90' title="bbox 326 4820 1896 4895">
     <span class='ocr_line' id='line_1_90' title="bbox 326 4820 1896 4895; baseline 0.006 -25"><span class='ocrx_word' id='word_1_720' title='bbox 326 4839 342 4870; x_wconf 74' lang='grc' dir='ltr'><strong>ε</strong></span> <span class='ocrx_word' id='word_1_721' title='bbox 391 4820 608 4876; x_wconf 87' lang='lat' dir='ltr'><strong>lebitur.</strong></span> <span class='ocrx_word' id='word_1_722' title='bbox 649 4842 667 4873; x_wconf 77' lang='grc' dir='ltr'><strong><em>ι</em></strong></span> <span class='ocrx_word' id='word_1_723' title='bbox 723 4823 1024 4893; x_wconf 65' lang='lat' dir='ltr'><strong>Equaliter</strong></span> <span class='ocrx_word' id='word_1_724' title='bbox 1063 4825 1262 4895; x_wconf 91' lang='lat' dir='ltr'><strong>quippe</strong></span> <span class='ocrx_word' id='word_1_725' title='bbox 1299 4825 1353 4878; x_wconf 92' lang='lat' dir='ltr'><strong>in</strong></span> <span class='ocrx_word' id='word_1_726' title='bbox 1384 4826 1501 4879; x_wconf 92' lang='lat' dir='ltr'><strong>viro</strong></span> <span class='ocrx_word' id='word_1_727' title='bbox 1526 4833 1583 4880; x_wconf 89' lang='lat' dir='ltr'><strong>et</strong></span> <span class='ocrx_word' id='word_1_728' title='bbox 1618 4826 1674 4880; x_wconf 91' lang='lat' dir='ltr'><strong>in</strong></span> <span class='ocrx_word' id='word_1_729' title='bbox 1695 4825 1896 4880; x_wconf 89' lang='lat' dir='ltr'><strong>femina</strong></span> 
     </span>
    </p>
   </div>
   <div class='ocr_carea' id='block_1_91' title="bbox 319 4909 1896 4985">
    <p class='ocr_par' dir='ltr' id='par_1_91' title="bbox 319 4909 1896 4985">
     <span class='ocr_line' id='line_1_91' title="bbox 319 4909 1896 4985; baseline 0.003 -21"><span class='ocrx_word' id='word_1_730' title='bbox 319 4909 560 4965; x_wconf 91' lang='lat' dir='ltr'><strong>divinum</strong></span> <span class='ocrx_word' id='word_1_731' title='bbox 599 4911 860 4982; x_wconf 89' lang='lat' dir='ltr'><strong>judicium</strong></span> <span class='ocrx_word' id='word_1_732' title='bbox 909 4914 1128 4968; x_wconf 89' lang='lat' dir='ltr'><strong>damnat</strong></span> <span class='ocrx_word' id='word_1_733' title='bbox 1178 4914 1533 4980; x_wconf 90' lang='lat' dir='ltr'><strong>adulterium,</strong></span> <span class='ocrx_word' id='word_1_734' title='bbox 1578 4921 1635 4968; x_wconf 91' lang='lat' dir='ltr'><strong>et</strong></span> <span class='ocrx_word' id='word_1_735' title='bbox 1678 4929 1896 4985; x_wconf 88' lang='lat' dir='ltr'><strong>germen</strong></span> 
     </span>
    </p>
   </div>
   <div class='ocr_carea' id='block_1_92' title="bbox 321 5001 1899 5073">
    <p class='ocr_par' dir='ltr' id='par_1_92' title="bbox 321 5001 1899 5073">
     <span class='ocr_line' id='line_1_92' title="bbox 321 5001 1899 5073; baseline 0.001 -17"><span class='ocrx_word' id='word_1_736' title='bbox 321 5001 624 5072; x_wconf 90' lang='lat' dir='ltr'><strong>hujusmodi</strong></span> <span class='ocrx_word' id='word_1_737' title='bbox 664 5004 868 5073; x_wconf 72' lang='lat' dir='ltr'><strong>copulae</strong></span> <span class='ocrx_word' id='word_1_738' title='bbox 891 5020 997 5058; x_wconf 93' lang='lat' dir='ltr'><strong>non</strong></span> <span class='ocrx_word' id='word_1_739' title='bbox 1022 5013 1105 5060; x_wconf 91' lang='lat' dir='ltr'><strong>est</strong></span> <span class='ocrx_word' id='word_1_740' title='bbox 1129 5004 1358 5060; x_wconf 90' lang='lat' dir='ltr'><strong>Domino</strong></span> <span class='ocrx_word' id='word_1_741' title='bbox 1386 5003 1635 5068; x_wconf 90' lang='lat' dir='ltr'><strong>amabile,</strong></span> <span class='ocrx_word' id='word_1_742' title='bbox 1674 5018 1776 5059; x_wconf 88' lang='lat' dir='ltr'><strong>uec</strong></span> <span class='ocrx_word' id='word_1_743' title='bbox 1803 5019 1899 5073; x_wconf 83' lang='lat' dir='ltr'><strong>po-</strong></span> 
     </span>
    </p>
   </div>
   <div class='ocr_carea' id='block_1_93' title="bbox 321 5092 1896 5166">
    <p class='ocr_par' dir='ltr' id='par_1_93' title="bbox 321 5092 1896 5166">
     <span class='ocr_line' id='line_1_93' title="bbox 321 5092 1896 5166; baseline -0.001 -16"><span class='ocrx_word' id='word_1_744' title='bbox 321 5101 423 5150; x_wconf 87' lang='lat' dir='ltr'><strong>test</strong></span> <span class='ocrx_word' id='word_1_745' title='bbox 447 5095 496 5149; x_wconf 91' lang='lat' dir='ltr'><strong>ei</strong></span> <span class='ocrx_word' id='word_1_746' title='bbox 518 5109 654 5164; x_wconf 91' lang='lat' dir='ltr'><strong>opus</strong></span> <span class='ocrx_word' id='word_1_747' title='bbox 683 5095 918 5165; x_wconf 89' lang='lat' dir='ltr'><strong>placere,</strong></span> <span class='ocrx_word' id='word_1_748' title='bbox 942 5095 1086 5164; x_wconf 91' lang='lat' dir='ltr'><strong>quod</strong></span> <span class='ocrx_word' id='word_1_749' title='bbox 1122 5111 1188 5150; x_wconf 80' lang='lat' dir='ltr'><strong>ex</strong></span> <span class='ocrx_word' id='word_1_750' title='bbox 1216 5095 1424 5166; x_wconf 89' lang='lat' dir='ltr'><strong>peccati</strong></span> <span class='ocrx_word' id='word_1_751' title='bbox 1471 5092 1720 5162; x_wconf 85' lang='lat' dir='ltr'><strong>contagio</strong></span> <span class='ocrx_word' id='word_1_752' title='bbox 1767 5108 1896 5149; x_wconf 87' lang='lat' dir='ltr'><strong>con-</strong></span> 
     </span>
    </p>
   </div>
   <div class='ocr_carea' id='block_1_94' title="bbox 320 5187 1895 5260">
    <p class='ocr_par' dir='ltr' id='par_1_94' title="bbox 320 5187 1895 5260">
     <span class='ocr_line' id='line_1_94' title="bbox 320 5187 1895 5260; baseline 0.001 -18"><span class='ocrx_word' id='word_1_753' title='bbox 320 5195 426 5242; x_wconf 83' lang='lat' dir='ltr'><strong>stat</strong></span> <span class='ocrx_word' id='word_1_754' title='bbox 450 5187 715 5258; x_wconf 89' lang='lat' dir='ltr'><strong>prolatum</strong></span> <span class='ocrx_word' id='word_1_755' title='bbox 743 5205 882 5244; x_wconf 88' lang='lat' dir='ltr'><strong>esse.</strong></span> <span class='ocrx_word' id='word_1_756' title='bbox 913 5188 1134 5260; x_wconf 79' lang='lat' dir='ltr'><strong>Mystice</strong></span> <span class='ocrx_word' id='word_1_757' title='bbox 1155 5199 1335 5244; x_wconf 90' lang='lat' dir='ltr'><strong>autem</strong></span> <span class='ocrx_word' id='word_1_758' title='bbox 1356 5188 1733 5243; x_wconf 71' lang='lat' dir='ltr'><strong>haereticorum</strong></span> <span class='ocrx_word' id='word_1_759' title='bbox 1765 5203 1895 5258; x_wconf 86' lang='lat' dir='ltr'><strong>syn-</strong></span> 
     </span>
    </p>
   </div>
   <div class='ocr_carea' id='block_1_95' title="bbox 320 5278 1894 5349">
    <p class='ocr_par' dir='ltr' id='par_1_95' title="bbox 320 5278 1894 5349">
     <span class='ocr_line' id='line_1_95' title="bbox 320 5278 1894 5349; baseline -0.001 -16"><span class='ocrx_word' id='word_1_760' title='bbox 320 5293 489 5349; x_wconf 88' lang='lat' dir='ltr'><strong>agoga</strong></span> <span class='ocrx_word' id='word_1_761' title='bbox 507 5319 524 5346; x_wconf 95' lang='lat'><strong>,</strong></span> <span class='ocrx_word' id='word_1_762' title='bbox 548 5279 634 5335; x_wconf 89' lang='lat' dir='ltr'><strong>vel</strong></span> <span class='ocrx_word' id='word_1_763' title='bbox 658 5281 832 5335; x_wconf 91' lang='lat' dir='ltr'><strong>omnis</strong></span> <span class='ocrx_word' id='word_1_764' title='bbox 857 5281 1041 5335; x_wconf 90' lang='lat' dir='ltr'><strong>anima</strong></span> <span class='ocrx_word' id='word_1_765' title='bbox 1065 5280 1320 5334; x_wconf 85' lang='lat' dir='ltr'><strong>haeretica</strong></span> <span class='ocrx_word' id='word_1_766' title='bbox 1342 5278 1608 5348; x_wconf 90' lang='lat' dir='ltr'><strong>pravitate</strong></span> <span class='ocrx_word' id='word_1_767' title='bbox 1641 5278 1862 5347; x_wconf 90' lang='lat' dir='ltr'><strong>decepta</strong></span> <span class='ocrx_word' id='word_1_768' title='bbox 1879 5317 1894 5345; x_wconf 95' lang='lat'><strong>,</strong></span> 
     </span>
    </p>
   </div>
   <div class='ocr_carea' id='block_1_96' title="bbox 323 5371 1897 5445">
    <p class='ocr_par' dir='ltr' id='par_1_96' title="bbox 323 5371 1897 5445">
     <span class='ocr_line' id='line_1_96' title="bbox 323 5371 1897 5445; baseline -0.001 -18"><span class='ocrx_word' id='word_1_769' title='bbox 323 5374 432 5427; x_wconf 89' lang='lat' dir='ltr'><strong>Deo</strong></span> <span class='ocrx_word' id='word_1_770' title='bbox 468 5372 584 5442; x_wconf 88' lang='lat' dir='ltr'><strong>jam</strong></span> <span class='ocrx_word' id='word_1_771' title='bbox 634 5389 742 5430; x_wconf 91' lang='lat' dir='ltr'><strong>non</strong></span> <span class='ocrx_word' id='word_1_772' title='bbox 785 5375 890 5430; x_wconf 89' lang='lat' dir='ltr'><strong>erit</strong></span> <span class='ocrx_word' id='word_1_773' title='bbox 937 5374 1152 5445; x_wconf 90' lang='lat' dir='ltr'><strong>placita,</strong></span> <span class='ocrx_word' id='word_1_774' title='bbox 1193 5372 1320 5442; x_wconf 91' lang='lat' dir='ltr'><strong>quia</strong></span> <span class='ocrx_word' id='word_1_775' title='bbox 1371 5371 1680 5440; x_wconf 90' lang='lat' dir='ltr'><strong>relinquens</strong></span> <span class='ocrx_word' id='word_1_776' title='bbox 1720 5371 1897 5426; x_wconf 87' lang='lat' dir='ltr'><strong>virum</strong></span> 
     </span>
    </p>
   </div>
   <div class='ocr_carea' id='block_1_97' title="bbox 320 5461 1899 5537">
    <p class='ocr_par' dir='ltr' id='par_1_97' title="bbox 320 5461 1899 5537">
     <span class='ocr_line' id='line_1_97' title="bbox 320 5461 1899 5537; baseline -0.001 -20"><span class='ocrx_word' id='word_1_777' title='bbox 320 5464 557 5533; x_wconf 86' lang='lat' dir='ltr'><strong>priorem</strong></span> <span class='ocrx_word' id='word_1_778' title='bbox 583 5472 640 5520; x_wconf 91' lang='lat' dir='ltr'><strong>et</strong></span> <span class='ocrx_word' id='word_1_779' title='bbox 666 5468 857 5521; x_wconf 91' lang='lat' dir='ltr'><strong>ducem</strong></span> <span class='ocrx_word' id='word_1_780' title='bbox 896 5465 1196 5537; x_wconf 89' lang='lat' dir='ltr'><strong>pubertatis</strong></span> <span class='ocrx_word' id='word_1_781' title='bbox 1239 5478 1370 5529; x_wconf 81' lang='lat' dir='ltr'><strong>suae,</strong></span> <span class='ocrx_word' id='word_1_782' title='bbox 1399 5462 1493 5533; x_wconf 88' lang='lat' dir='ltr'><strong>qui</strong></span> <span class='ocrx_word' id='word_1_783' title='bbox 1538 5476 1658 5517; x_wconf 90' lang='lat' dir='ltr'><strong>eam</strong></span> <span class='ocrx_word' id='word_1_784' title='bbox 1693 5461 1797 5516; x_wconf 89' lang='lat' dir='ltr'><strong>sibi</strong></span> <span class='ocrx_word' id='word_1_785' title='bbox 1843 5461 1899 5516; x_wconf 89' lang='lat' dir='ltr'><strong>in</strong></span> 
     </span>
    </p>
   </div>
   <div class='ocr_carea' id='block_1_98' title="bbox 321 5555 1902 5627">
    <p class='ocr_par' dir='ltr' id='par_1_98' title="bbox 321 5555 1902 5627">
     <span class='ocr_line' id='line_1_98' title="bbox 321 5555 1902 5627; baseline 0.001 -17"><span class='ocrx_word' id='word_1_786' title='bbox 321 5557 464 5610; x_wconf 89' lang='lat' dir='ltr'><strong>sacri</strong></span> <span class='ocrx_word' id='word_1_787' title='bbox 490 5557 830 5627; x_wconf 89' lang='lat' dir='ltr'><strong>baptismatis</strong></span> <span class='ocrx_word' id='word_1_788' title='bbox 879 5557 1082 5613; x_wconf 63' lang='lat' dir='ltr'><strong>foedere</strong></span> <span class='ocrx_word' id='word_1_789' title='bbox 1127 5556 1414 5627; x_wconf 89' lang='lat' dir='ltr'><strong>copulavit,</strong></span> <span class='ocrx_word' id='word_1_790' title='bbox 1463 5555 1902 5624; x_wconf 89' lang='lat' dir='ltr'><strong>ornamentisque</strong></span> 
     </span>
    </p>
   </div>
   <div class='ocr_carea' id='block_1_99' title="bbox 320 5647 1903 5718">
    <p class='ocr_par' dir='ltr' id='par_1_99' title="bbox 320 5647 1903 5718">
     <span class='ocr_line' id='line_1_99' title="bbox 320 5647 1903 5718; baseline 0.001 -16"><span class='ocrx_word' id='word_1_791' title='bbox 320 5650 597 5704; x_wconf 88' lang='lat' dir='ltr'><strong>variarum</strong></span> <span class='ocrx_word' id='word_1_792' title='bbox 638 5651 899 5706; x_wconf 89' lang='lat' dir='ltr'><strong>virtutum</strong></span> <span class='ocrx_word' id='word_1_793' title='bbox 945 5650 1239 5706; x_wconf 86' lang='lat' dir='ltr'><strong>decoravit.</strong></span> <span class='ocrx_word' id='word_1_794' title='bbox 1286 5650 1362 5704; x_wconf 88' lang='lat' dir='ltr'><strong>De</strong></span> <span class='ocrx_word' id='word_1_795' title='bbox 1385 5664 1492 5718; x_wconf 92' lang='lat' dir='ltr'><strong>quo</strong></span> <span class='ocrx_word' id='word_1_796' title='bbox 1534 5649 1589 5703; x_wconf 88' lang='lat' dir='ltr'><strong>in</strong></span> <span class='ocrx_word' id='word_1_797' title='bbox 1619 5647 1903 5703; x_wconf 88' lang='lat' dir='ltr'><strong>Ezechiele</strong></span> 
     </span>
    </p>
   </div>
   <div class='ocr_carea' id='block_1_100' title="bbox 320 5737 1901 5814">
    <p class='ocr_par' dir='ltr' id='par_1_100' title="bbox 320 5737 1901 5814">
     <span class='ocr_line' id='line_1_100' title="bbox 320 5737 1901 5814; baseline -0.001 -19"><span class='ocrx_word' id='word_1_798' title='bbox 320 5741 635 5811; x_wconf 88' lang='lat' dir='ltr'><strong>plenissime</strong></span> <span class='ocrx_word' id='word_1_799' title='bbox 658 5744 918 5814; x_wconf 90' lang='lat' dir='ltr'><strong>scriptum</strong></span> <span class='ocrx_word' id='word_1_800' title='bbox 947 5750 1067 5799; x_wconf 89' lang='lat' dir='ltr'><strong>est:</strong></span> <span class='ocrx_word' id='word_1_801' title='bbox 1099 5759 1118 5793; x_wconf 76' lang='grc' dir='ltr'>ι</span> <span class='ocrx_word' id='word_1_802' title='bbox 1145 5740 1332 5797; x_wconf 83' lang='lat' dir='ltr'><strong>Junxit</strong></span> <span class='ocrx_word' id='word_1_803' title='bbox 1359 5756 1417 5796; x_wconf 90' lang='lat' dir='ltr'><strong>se</strong></span> <span class='ocrx_word' id='word_1_804' title='bbox 1443 5740 1534 5794; x_wconf 87' lang='lat' dir='ltr'><strong>alii</strong></span> <span class='ocrx_word' id='word_1_805' title='bbox 1561 5739 1698 5804; x_wconf 90' lang='lat' dir='ltr'><strong>viro,</strong></span> <span class='ocrx_word' id='word_1_806' title='bbox 1734 5757 1754 5790; x_wconf 74' lang='grc' dir='ltr'><strong><em>ι</em></strong></span> <span class='ocrx_word' id='word_1_807' title='bbox 1785 5737 1901 5793; x_wconf 90' lang='lat' dir='ltr'><strong>dia-</strong></span> 
     </span>
    </p>
   </div>
   <div class='ocr_carea' id='block_1_101' title="bbox 321 5829 1897 5904">
    <p class='ocr_par' dir='ltr' id='par_1_101' title="bbox 321 5829 1897 5904">
     <span class='ocr_line' id='line_1_101' title="bbox 321 5829 1897 5904; baseline -0.001 -16"><span class='ocrx_word' id='word_1_808' title='bbox 321 5831 447 5889; x_wconf 88' lang='lat' dir='ltr'><strong>bolo</strong></span> <span class='ocrx_word' id='word_1_809' title='bbox 473 5833 744 5900; x_wconf 87' lang='lat' dir='ltr'><strong>videlicet,</strong></span> <span class='ocrx_word' id='word_1_810' title='bbox 776 5853 794 5888; x_wconf 74' lang='lat' dir='ltr'><strong>c</strong></span> <span class='ocrx_word' id='word_1_811' title='bbox 831 5836 922 5904; x_wconf 91' lang='lat' dir='ltr'><strong>qui</strong></span> <span class='ocrx_word' id='word_1_812' title='bbox 950 5849 1072 5892; x_wconf 89' lang='lat' dir='ltr'><strong>eam</strong></span> <span class='ocrx_word' id='word_1_813' title='bbox 1102 5833 1327 5892; x_wconf 88' lang='lat' dir='ltr'><strong>diversis</strong></span> <span class='ocrx_word' id='word_1_814' title='bbox 1355 5832 1632 5887; x_wconf 89' lang='lat' dir='ltr'><strong>erroribus</strong></span> <span class='ocrx_word' id='word_1_815' title='bbox 1658 5829 1897 5886; x_wconf 89' lang='lat' dir='ltr'><strong>macula-</strong></span> 
     </span>
    </p>
   </div>
   <div class='ocr_carea' id='block_1_102' title="bbox 2006 4729 3581 4804">
    <p class='ocr_par' dir='ltr' id='par_1_102' title="bbox 2006 4729 3581 4804">
     <span class='ocr_line' id='line_1_102' title="bbox 2006 4729 3581 4804; baseline 0.003 -23"><span class='ocrx_word' id='word_1_816' title='bbox 2006 4747 2026 4780; x_wconf 70' lang='grc' dir='ltr'><strong>ε</strong></span> <span class='ocrx_word' id='word_1_817' title='bbox 2062 4729 2335 4784; x_wconf 89' lang='lat' dir='ltr'><strong>Christum</strong></span> <span class='ocrx_word' id='word_1_818' title='bbox 2375 4730 2532 4796; x_wconf 88' lang='lat' dir='ltr'><strong>dico,</strong></span> <span class='ocrx_word' id='word_1_819' title='bbox 2577 4729 2672 4785; x_wconf 89' lang='lat' dir='ltr'><strong>Dei</strong></span> <span class='ocrx_word' id='word_1_820' title='bbox 2714 4730 2971 4786; x_wconf 90' lang='lat' dir='ltr'><strong>virtutem</strong></span> <span class='ocrx_word' id='word_1_821' title='bbox 3015 4740 3070 4787; x_wconf 93' lang='lat' dir='ltr'><strong>et</strong></span> <span class='ocrx_word' id='word_1_822' title='bbox 3113 4731 3210 4786; x_wconf 91' lang='lat' dir='ltr'><strong>Dei</strong></span> <span class='ocrx_word' id='word_1_823' title='bbox 3260 4732 3581 4804; x_wconf 87' lang='lat' dir='ltr'><strong>sapientiam</strong></span> 
     </span>
    </p>
   </div>
   <div class='ocr_carea' id='block_1_103' title="bbox 2001 4815 3579 4890">
    <p class='ocr_par' dir='ltr' id='par_1_103' title="bbox 2001 4815 3579 4890">
     <span class='ocr_line' id='line_1_103' title="bbox 2001 4815 3579 4890; baseline 0.001 -18"><span class='ocrx_word' id='word_1_824' title='bbox 2001 4817 2053 4888; x_wconf 94' lang='lat' dir='ltr'><strong>(I</strong></span> <span class='ocrx_word' id='word_1_825' title='bbox 2084 4815 2206 4872; x_wconf 88' lang='lat' dir='ltr'><strong>Cor.</strong></span> <span class='ocrx_word' id='word_1_826' title='bbox 2238 4818 2298 4888; x_wconf 83' lang='grc' dir='ltr'><strong>ι).</strong></span> <span class='ocrx_word' id='word_1_827' title='bbox 2347 4837 2366 4871; x_wconf 74' lang='grc' dir='ltr'><strong><em>ι</em></strong></span> <span class='ocrx_word' id='word_1_828' title='bbox 2400 4817 2519 4888; x_wconf 83' lang='lat' dir='ltr'><strong>Ipse</strong></span> <span class='ocrx_word' id='word_1_829' title='bbox 2554 4837 2574 4870; x_wconf 84' lang='grc'>‹</span> <span class='ocrx_word' id='word_1_830' title='bbox 2611 4818 2852 4874; x_wconf 91' lang='lat' dir='ltr'><strong>laudavit</strong></span> <span class='ocrx_word' id='word_1_831' title='bbox 2888 4821 3125 4876; x_wconf 90' lang='lat' dir='ltr'><strong>animam</strong></span> <span class='ocrx_word' id='word_1_832' title='bbox 3165 4835 3354 4889; x_wconf 87' lang='lat' dir='ltr'><strong>suam,</strong></span> <span class='ocrx_word' id='word_1_833' title='bbox 3392 4841 3411 4874; x_wconf 75' lang='grc' dir='ltr'><strong><em>ι</em></strong></span> <span class='ocrx_word' id='word_1_834' title='bbox 3455 4821 3579 4890; x_wconf 90' lang='lat' dir='ltr'><strong>quia</strong></span> 
     </span>
    </p>
   </div>
   <div class='ocr_carea' id='block_1_104' title="bbox 1998 4907 3582 4976">
    <p class='ocr_par' dir='ltr' id='par_1_104' title="bbox 1998 4907 3582 4976">
     <span class='ocr_line' id='line_1_104' title="bbox 1998 4907 3582 4976; baseline 0.002 -15"><span class='ocrx_word' id='word_1_835' title='bbox 1998 4907 2248 4962; x_wconf 89' lang='lat' dir='ltr'><strong>omnibus</strong></span> <span class='ocrx_word' id='word_1_836' title='bbox 2273 4909 2511 4962; x_wconf 86' lang='lat' dir='ltr'><strong>ostendit</strong></span> <span class='ocrx_word' id='word_1_837' title='bbox 2538 4908 2862 4964; x_wconf 88' lang='lat' dir='ltr'><strong>laudabilem</strong></span> <span class='ocrx_word' id='word_1_838' title='bbox 2895 4926 3016 4965; x_wconf 89' lang='lat' dir='ltr'><strong>esse</strong></span> <span class='ocrx_word' id='word_1_839' title='bbox 3044 4911 3210 4964; x_wconf 89' lang='lat' dir='ltr'><strong>vitam</strong></span> <span class='ocrx_word' id='word_1_840' title='bbox 3241 4926 3392 4965; x_wconf 90' lang='lat' dir='ltr'><strong>suam</strong></span> <span class='ocrx_word' id='word_1_841' title='bbox 3418 4927 3434 4976; x_wconf 90' lang='lat'><strong>;</strong></span> <span class='ocrx_word' id='word_1_842' title='bbox 3471 4929 3490 4961; x_wconf 74' lang='grc' dir='ltr'><strong><em>ι</em></strong></span> <span class='ocrx_word' id='word_1_843' title='bbox 3525 4919 3582 4964; x_wconf 91' lang='lat' dir='ltr'><strong>et</strong></span> 
     </span>
    </p>
   </div>
   <div class='ocr_carea' id='block_1_105' title="bbox 1998 4999 3582 5070">
    <p class='ocr_par' dir='ltr' id='par_1_105' title="bbox 1998 4999 3582 5070">
     <span class='ocr_line' id='line_1_105' title="bbox 1998 4999 3582 5070; baseline 0.001 -16"><span class='ocrx_word' id='word_1_844' title='bbox 1998 5000 2054 5054; x_wconf 92' lang='lat' dir='ltr'><strong>in</strong></span> <span class='ocrx_word' id='word_1_845' title='bbox 2095 4999 2206 5054; x_wconf 90' lang='lat' dir='ltr'><strong>Deo</strong></span> <span class='ocrx_word' id='word_1_846' title='bbox 2245 5000 2620 5066; x_wconf 88' lang='lat' dir='ltr'><strong>honorabitur,</strong></span> <span class='ocrx_word' id='word_1_847' title='bbox 2654 5019 2674 5052; x_wconf 77' lang='grc' dir='ltr'><strong><em>ι</em></strong></span> <span class='ocrx_word' id='word_1_848' title='bbox 2709 5002 2834 5070; x_wconf 91' lang='lat' dir='ltr'><strong>quia</strong></span> <span class='ocrx_word' id='word_1_849' title='bbox 2863 5001 3022 5056; x_wconf 89' lang='lat' dir='ltr'><strong>simul</strong></span> <span class='ocrx_word' id='word_1_850' title='bbox 3051 5017 3175 5058; x_wconf 90' lang='lat' dir='ltr'><strong>cum</strong></span> <span class='ocrx_word' id='word_1_851' title='bbox 3203 5002 3314 5057; x_wconf 89' lang='lat' dir='ltr'><strong>Deo</strong></span> <span class='ocrx_word' id='word_1_852' title='bbox 3342 5001 3502 5056; x_wconf 87' lang='lat' dir='ltr'><strong>Patre</strong></span> <span class='ocrx_word' id='word_1_853' title='bbox 3526 5008 3582 5058; x_wconf 88' lang='lat' dir='ltr'><strong>et</strong></span> 
     </span>
    </p>
   </div>
   <div class='ocr_carea' id='block_1_106' title="bbox 2000 5088 3580 5159">
    <p class='ocr_par' dir='ltr' id='par_1_106' title="bbox 2000 5088 3580 5159">
     <span class='ocr_line' id='line_1_106' title="bbox 2000 5088 3580 5159; baseline 0.003 -16"><span class='ocrx_word' id='word_1_854' title='bbox 2000 5088 2207 5159; x_wconf 88' lang='lat' dir='ltr'><strong>Spiritu</strong></span> <span class='ocrx_word' id='word_1_855' title='bbox 2233 5097 2420 5143; x_wconf 88' lang='lat' dir='ltr'><strong>sancto</strong></span> <span class='ocrx_word' id='word_1_856' title='bbox 2448 5089 2504 5144; x_wconf 90' lang='lat' dir='ltr'><strong>in</strong></span> <span class='ocrx_word' id='word_1_857' title='bbox 2537 5090 2689 5146; x_wconf 66' lang='lat' dir='ltr'><strong>caelis</strong></span> <span class='ocrx_word' id='word_1_858' title='bbox 2722 5099 2778 5146; x_wconf 91' lang='lat' dir='ltr'><strong>et</strong></span> <span class='ocrx_word' id='word_1_859' title='bbox 2812 5091 2867 5146; x_wconf 89' lang='lat' dir='ltr'><strong>in</strong></span> <span class='ocrx_word' id='word_1_860' title='bbox 2896 5100 3043 5147; x_wconf 86' lang='lat' dir='ltr'><strong>terra</strong></span> <span class='ocrx_word' id='word_1_861' title='bbox 3067 5090 3356 5158; x_wconf 86' lang='lat' dir='ltr'><strong>adoratur;</strong></span> <span class='ocrx_word' id='word_1_862' title='bbox 3390 5111 3409 5144; x_wconf 75' lang='grc' dir='ltr'><strong><em>ι</em></strong></span> <span class='ocrx_word' id='word_1_863' title='bbox 3436 5100 3492 5147; x_wconf 86' lang='lat' dir='ltr'><strong>et</strong></span> <span class='ocrx_word' id='word_1_864' title='bbox 3524 5093 3580 5147; x_wconf 91' lang='lat' dir='ltr'><strong>in</strong></span> 
     </span>
    </p>
   </div>
   <div class='ocr_carea' id='block_1_107' title="bbox 2002 5181 3579 5255">
    <p class='ocr_par' dir='ltr' id='par_1_107' title="bbox 2002 5181 3579 5255">
     <span class='ocr_line' id='line_1_107' title="bbox 2002 5181 3579 5255; baseline 0.002 -19"><span class='ocrx_word' id='word_1_865' title='bbox 2002 5182 2180 5237; x_wconf 89' lang='lat' dir='ltr'><strong>medio</strong></span> <span class='ocrx_word' id='word_1_866' title='bbox 2208 5181 2389 5252; x_wconf 92' lang='lat' dir='ltr'><strong>populi</strong></span> <span class='ocrx_word' id='word_1_867' title='bbox 2425 5182 2507 5237; x_wconf 89' lang='lat' dir='ltr'><strong>sui</strong></span> <span class='ocrx_word' id='word_1_868' title='bbox 2546 5183 2883 5255; x_wconf 88' lang='lat' dir='ltr'><strong>gloriabitur,</strong></span> <span class='ocrx_word' id='word_1_869' title='bbox 2919 5202 2942 5238; x_wconf 72' lang='grc' dir='ltr'><strong><em>ι</em></strong></span> <span class='ocrx_word' id='word_1_870' title='bbox 2971 5185 3073 5240; x_wconf 91' lang='lat' dir='ltr'><strong>hoc</strong></span> <span class='ocrx_word' id='word_1_871' title='bbox 3106 5191 3220 5250; x_wconf 88' lang='lat' dir='ltr'><strong>est,</strong></span> <span class='ocrx_word' id='word_1_872' title='bbox 3263 5184 3318 5238; x_wconf 88' lang='lat' dir='ltr'><strong>in</strong></span> <span class='ocrx_word' id='word_1_873' title='bbox 3351 5185 3579 5240; x_wconf 72' lang='lat' dir='ltr'><strong>cmtibus</strong></span> 
     </span>
    </p>
   </div>
   <div class='ocr_carea' id='block_1_108' title="bbox 2003 5273 3582 5347">
    <p class='ocr_par' dir='ltr' id='par_1_108' title="bbox 2003 5273 3582 5347">
     <span class='ocr_line' id='line_1_108' title="bbox 2003 5273 3582 5347; baseline 0.004 -21"><span class='ocrx_word' id='word_1_874' title='bbox 2003 5274 2264 5344; x_wconf 89' lang='lat' dir='ltr'><strong>angelicis</strong></span> <span class='ocrx_word' id='word_1_875' title='bbox 2298 5281 2354 5328; x_wconf 91' lang='lat' dir='ltr'><strong>et</strong></span> <span class='ocrx_word' id='word_1_876' title='bbox 2387 5273 2444 5327; x_wconf 91' lang='lat' dir='ltr'><strong>in</strong></span> <span class='ocrx_word' id='word_1_877' title='bbox 2480 5274 2691 5343; x_wconf 90' lang='lat' dir='ltr'><strong>populis</strong></span> <span class='ocrx_word' id='word_1_878' title='bbox 2732 5274 3058 5331; x_wconf 88' lang='lat' dir='ltr'><strong>Christianis</strong></span> <span class='ocrx_word' id='word_1_879' title='bbox 3095 5275 3362 5347; x_wconf 84' lang='lat' dir='ltr'><strong>gloriosus</strong></span> <span class='ocrx_word' id='word_1_880' title='bbox 3387 5277 3582 5347; x_wconf 65' lang='lat' dir='ltr'><strong>praedi-</strong></span> 
     </span>
    </p>
   </div>
   <div class='ocr_carea' id='block_1_109' title="bbox 2004 5364 3578 5442">
    <p class='ocr_par' dir='ltr' id='par_1_109' title="bbox 2004 5364 3578 5442">
     <span class='ocr_line' id='line_1_109' title="bbox 2004 5364 3578 5442; baseline 0.005 -22"><span class='ocrx_word' id='word_1_881' title='bbox 2004 5372 2177 5420; x_wconf 88' lang='lat' dir='ltr'><strong>catur.</strong></span> <span class='ocrx_word' id='word_1_882' title='bbox 2212 5364 2363 5422; x_wconf 89' lang='lat' dir='ltr'><strong>Unde</strong></span> <span class='ocrx_word' id='word_1_883' title='bbox 2403 5374 2458 5421; x_wconf 94' lang='lat' dir='ltr'><strong>et</strong></span> <span class='ocrx_word' id='word_1_884' title='bbox 2496 5367 2552 5421; x_wconf 89' lang='lat' dir='ltr'><strong>in</strong></span> <span class='ocrx_word' id='word_1_885' title='bbox 2581 5366 2862 5422; x_wconf 86' lang='lat' dir='ltr'><strong>nativitate</strong></span> <span class='ocrx_word' id='word_1_886' title='bbox 2891 5369 3007 5438; x_wconf 88' lang='lat' dir='ltr'><strong>ejus</strong></span> <span class='ocrx_word' id='word_1_887' title='bbox 3041 5369 3218 5442; x_wconf 87' lang='lat' dir='ltr'><strong>angeli</strong></span> <span class='ocrx_word' id='word_1_888' title='bbox 3245 5370 3578 5428; x_wconf 54' lang='lat' dir='ltr'><strong>cecinerunt.</strong></span> 
     </span>
    </p>
   </div>
   <div class='ocr_carea' id='block_1_110' title="bbox 2004 5455 3579 5532">
    <p class='ocr_par' dir='ltr' id='par_1_110' title="bbox 2004 5455 3579 5532">
     <span class='ocr_line' id='line_1_110' title="bbox 2004 5455 3579 5532; baseline 0.003 -20"><span class='ocrx_word' id='word_1_889' title='bbox 2004 5457 2244 5512; x_wconf 91' lang='lat' dir='ltr'><strong>dicentes</strong></span> <span class='ocrx_word' id='word_1_890' title='bbox 2282 5475 2296 5510; x_wconf 91' lang='lat'><strong>:</strong></span> <span class='ocrx_word' id='word_1_891' title='bbox 2331 5475 2350 5508; x_wconf 87' lang='grc'><strong><em>‹</em></strong></span> <span class='ocrx_word' id='word_1_892' title='bbox 2387 5455 2570 5512; x_wconf 89' lang='lat' dir='ltr'><strong>Gloria</strong></span> <span class='ocrx_word' id='word_1_893' title='bbox 2607 5458 2662 5512; x_wconf 91' lang='lat' dir='ltr'><strong>in</strong></span> <span class='ocrx_word' id='word_1_894' title='bbox 2693 5458 2922 5514; x_wconf 86' lang='lat' dir='ltr'><strong>excelsis</strong></span> <span class='ocrx_word' id='word_1_895' title='bbox 2958 5459 3099 5527; x_wconf 91' lang='lat' dir='ltr'><strong>Deo,</strong></span> <span class='ocrx_word' id='word_1_896' title='bbox 3127 5470 3182 5516; x_wconf 92' lang='lat' dir='ltr'><strong>et</strong></span> <span class='ocrx_word' id='word_1_897' title='bbox 3207 5461 3264 5517; x_wconf 92' lang='lat' dir='ltr'><strong>in</strong></span> <span class='ocrx_word' id='word_1_898' title='bbox 3291 5469 3435 5518; x_wconf 86' lang='lat' dir='ltr'><strong>terra</strong></span> <span class='ocrx_word' id='word_1_899' title='bbox 3472 5476 3579 5532; x_wconf 78' lang='lat' dir='ltr'><strong>pax</strong></span> 
     </span>
    </p>
   </div>
   <div class='ocr_carea' id='block_1_111' title="bbox 1997 5549 3578 5618">
    <p class='ocr_par' dir='ltr' id='par_1_111' title="bbox 1997 5549 3578 5618">
     <span class='ocr_line' id='line_1_111' title="bbox 1997 5549 3578 5618; baseline -0.001 -13"><span class='ocrx_word' id='word_1_900' title='bbox 1997 5549 2306 5606; x_wconf 89' lang='lat' dir='ltr'><strong>hominibus</strong></span> <span class='ocrx_word' id='word_1_901' title='bbox 2344 5551 2498 5606; x_wconf 83' lang='lat' dir='ltr'><strong>bonae</strong></span> <span class='ocrx_word' id='word_1_902' title='bbox 2544 5549 2865 5618; x_wconf 87' lang='lat' dir='ltr'><strong>voluntatis;</strong></span> <span class='ocrx_word' id='word_1_903' title='bbox 2924 5552 2981 5607; x_wconf 91' lang='lat' dir='ltr'><strong>in</strong></span> <span class='ocrx_word' id='word_1_904' title='bbox 3027 5553 3272 5610; x_wconf 89' lang='lat' dir='ltr'><strong>ecclesiis</strong></span> <span class='ocrx_word' id='word_1_905' title='bbox 3316 5552 3578 5608; x_wconf 88' lang='lat' dir='ltr'><strong>Altissimi</strong></span> 
     </span>
    </p>
   </div>
   <div class='ocr_carea' id='block_1_112' title="bbox 1999 5639 3578 5712">
    <p class='ocr_par' dir='ltr' id='par_1_112' title="bbox 1999 5639 3578 5712">
     <span class='ocr_line' id='line_1_112' title="bbox 1999 5639 3578 5712; baseline -0.001 -16"><span class='ocrx_word' id='word_1_906' title='bbox 1999 5642 2202 5711; x_wconf 89' lang='lat' dir='ltr'><strong>aperiet</strong></span> <span class='ocrx_word' id='word_1_907' title='bbox 2225 5656 2288 5696; x_wconf 93' lang='lat' dir='ltr'><strong>os</strong></span> <span class='ocrx_word' id='word_1_908' title='bbox 2313 5657 2492 5707; x_wconf 91' lang='lat' dir='ltr'><strong>suum,</strong></span> <span class='ocrx_word' id='word_1_909' title='bbox 2530 5660 2548 5694; x_wconf 75' lang='grc' dir='ltr'><strong><em>ι</em></strong></span> <span class='ocrx_word' id='word_1_910' title='bbox 2587 5642 2715 5712; x_wconf 88' lang='lat' dir='ltr'><strong>quia</strong></span> <span class='ocrx_word' id='word_1_911' title='bbox 2744 5642 2799 5697; x_wconf 92' lang='lat' dir='ltr'><strong>in</strong></span> <span class='ocrx_word' id='word_1_912' title='bbox 2829 5651 3095 5699; x_wconf 89' lang='lat' dir='ltr'><strong>conventu</strong></span> <span class='ocrx_word' id='word_1_913' title='bbox 3122 5644 3357 5699; x_wconf 89' lang='lat' dir='ltr'><strong>ﬁdelium</strong></span> <span class='ocrx_word' id='word_1_914' title='bbox 3385 5639 3578 5712; x_wconf 66' lang='lat' dir='ltr'><strong>pradi-</strong></span> 
     </span>
    </p>
   </div>
   <div class='ocr_carea' id='block_1_113' title="bbox 1995 5733 3578 5808">
    <p class='ocr_par' dir='ltr' id='par_1_113' title="bbox 1995 5733 3578 5808">
     <span class='ocr_line' id='line_1_113' title="bbox 1995 5733 3578 5808; baseline 0 -20"><span class='ocrx_word' id='word_1_915' title='bbox 1995 5742 2086 5789; x_wconf 89' lang='lat' dir='ltr'><strong>cat</strong></span> <span class='ocrx_word' id='word_1_916' title='bbox 2117 5733 2462 5804; x_wconf 82' lang='lat' dir='ltr'><strong>Evangelium</strong></span> <span class='ocrx_word' id='word_1_917' title='bbox 2505 5749 2694 5802; x_wconf 90' lang='lat' dir='ltr'><strong>suum,</strong></span> <span class='ocrx_word' id='word_1_918' title='bbox 2737 5736 2804 5791; x_wconf 91' lang='lat' dir='ltr'><strong>de</strong></span> <span class='ocrx_word' id='word_1_919' title='bbox 2842 5752 2950 5808; x_wconf 91' lang='lat' dir='ltr'><strong>quo</strong></span> <span class='ocrx_word' id='word_1_920' title='bbox 2986 5738 3246 5807; x_wconf 88' lang='lat' dir='ltr'><strong>scriptum</strong></span> <span class='ocrx_word' id='word_1_921' title='bbox 3282 5744 3405 5791; x_wconf 88' lang='lat' dir='ltr'><strong>est:</strong></span> <span class='ocrx_word' id='word_1_922' title='bbox 3451 5751 3471 5785; x_wconf 72' lang='grc' dir='ltr'>ι</span> <span class='ocrx_word' id='word_1_923' title='bbox 3511 5733 3578 5788; x_wconf 86' lang='lat' dir='ltr'><strong>Et</strong></span> 
     </span>
    </p>
   </div>
   <div class='ocr_carea' id='block_1_114' title="bbox 1997 5827 3576 5897">
    <p class='ocr_par' dir='ltr' id='par_1_114' title="bbox 1997 5827 3576 5897">
     <span class='ocr_line' id='line_1_114' title="bbox 1997 5827 3576 5897; baseline -0.01 -1"><span class='ocrx_word' id='word_1_924' title='bbox 1997 5827 2245 5896; x_wconf 64' lang='lat' dir='ltr'><strong>alleriens</strong></span> <span class='ocrx_word' id='word_1_925' title='bbox 2271 5843 2334 5884; x_wconf 89' lang='lat' dir='ltr'><strong>os</strong></span> <span class='ocrx_word' id='word_1_926' title='bbox 2362 5843 2518 5884; x_wconf 88' lang='lat' dir='ltr'><strong>suum</strong></span> <span class='ocrx_word' id='word_1_927' title='bbox 2544 5828 2774 5886; x_wconf 88' lang='lat' dir='ltr'><strong>docebat</strong></span> <span class='ocrx_word' id='word_1_928' title='bbox 2797 5845 2912 5897; x_wconf 92' lang='lat' dir='ltr'><strong>eos,</strong></span> <span class='ocrx_word' id='word_1_929' title='bbox 2942 5830 3130 5887; x_wconf 78' lang='lat' dir='ltr'><strong>dicens</strong></span> <span class='ocrx_word' id='word_1_930' title='bbox 3161 5846 3175 5884; x_wconf 89' lang='lat'><strong>:</strong></span> <span class='ocrx_word' id='word_1_931' title='bbox 3205 5828 3355 5884; x_wconf 88' lang='lat' dir='ltr'><strong>Beati</strong></span> <span class='ocrx_word' id='word_1_932' title='bbox 3378 5839 3576 5896; x_wconf 85' lang='lat' dir='ltr'><strong>paupe-</strong></span> 
     </span>
    </p>
   </div>
  </div>
