4030 6480
491 419 600 480 925

1129 411 1192 468 B.
1231 362 1489 468 RABAi‘iI
1529 399 1750 467 MAURI
1783 405 2100 466 ARCIIIEP.
2141 401 2452 465 MOGUNT.
2493 399 2779 464 OPERUM
2811 396 2994 465 PARS
3009 405 3070 468 J.

3644 399 3768 466 Μ

489 549 580 592 res
603 532 816 603 spiritu,
846 537 950 584 etc.
978 519 1193 602 (Matth.
1223 523 1310 598 v);
1343 531 1398 580 et
1427 524 1484 578 in
1521 529 1812 594 conspectu
1850 520 2065 576 virtutis
2091 521 2144 583 Α
2167 519 2471 589 vestigatio,
2497 515 2674 574 nullus
2693 532 2886 575 sensus
2906 517 3077 590 possit
3095 519 3379 588 attingere.
3400 521 3540 576 Nam
3559 531 3769 590 quem-

486 631 630 688 illius
657 625 996 700 gloriabitur,
1034 642 1051 676 )
1084 622 1212 696 quia
1249 622 1306 676 in
1343 620 1655 676 ostensione
1683 617 2067 674 miraculorum

485 735 705 783 suorum
743 719 812 780 ad
840 715 1166 774 laudandum
1197 713 1367 770 Deum
1405 710 1948 784 provocabatturbas
1972 724 2069 783 po-

482 813 754 884 pulorum.
782 811 858 868 De
883 825 991 888 quo
1016 809 1275 880 scriptum
1301 815 1422 869 est;
1455 825 1472 858 ι
1505 805 1788 862 Multitudo
1812 804 2068 875 languen-

484 905 617 962 tium
637 943 652 971 ,
681 910 740 965 et
764 902 854 978 qui
883 901 1217 962 vexabantur
1244 897 1314 955 ab
1341 899 1622 970 spiritibus
1651 896 1951 952 immundis
1977 912 2068 952 cu-

481 997 762 1058 rabantur.
811 1015 832 1058 )
875 993 971 1060 Ει,
1005 1012 1023 1044 ‹
1063 993 1240 1048 omnis
1276 991 1434 1046 turba
1473 991 1746 1062 quaerebat
1780 1006 1903 1046 eum
1951 999 2068 1044 tan-

481 1106 640 1164 gere,
681 1089 810 1162 quia
849 1089 1022 1146 virtus
1058 1087 1122 1142 de
1164 1083 1256 1140 illo
1297 1084 1510 1150 exibat,
1537 1091 1590 1138 et
1618 1077 1842 1142 sanabat
1877 1099 2066 1138 omnes

481 1186 631 1257 (Luc.
665 1185 763 1258 γι).
789 1205 808 1238 ι
843 1185 912 1242 Ει
938 1183 1069 1244 alibi
1103 1201 1116 1238 :
1157 1203 1175 1234 ι
1208 1181 1395 1239 Omnis
1422 1183 1592 1252 plebs,
1631 1191 1688 1236 ut
1717 1183 1886 1250 vidit,
1919 1179 2065 1235 dedit

477 1278 692 1334 laudem
731 1278 842 1332 Deo
866 1275 1032 1350 (Luc.
1071 1273 1259 1346 xvut).
1299 1295 1318 1327 ι
1354 1275 1422 1330 Ει
1448 1275 1577 1330 item
1613 1293 1624 1328 :
1664 1292 1682 1324 ι
1718 1273 1943 1344 Accepit
1969 1289 2066 1328 au-

478 1376 587 1422 tem
615 1382 804 1423 omnes
834 1367 1018 1432 timor,
1053 1373 1108 1421 et
1147 1365 1567 1436 magniﬁcabant
1602 1365 1771 1420 Deum
1800 1365 2061 1434 dicentes,

475 1461 602 1530 quia
653 1461 918 1530 propheta
955 1475 1184 1537 magnus
1219 1458 1455 1517 surrexit
1495 1458 1548 1514 in
1595 1459 1780 1526 nobis,
1835 1467 1890 1513 et
1936 1459 2061 1529 quia

475 1554 618 1610 Deus
658 1554 898 1612 visitavit
941 1554 1152 1626 plebem
1191 1571 1342 1610 suam
1383 1553 1546 1626 (Luc.
1582 1553 1750 1624 xvu).
1787 1574 1806 1608 ι
1839 1555 1906 1612 Ει
1935 1571 2058 1613 rur-

473 1661 591 1700 sum
627 1662 642 1700 :
676 1665 695 1698 ί
731 1647 986 1704 Videutes
1011 1657 1192 1705 autem
1221 1646 1392 1702 turba:
1431 1647 1728 1708 timuerunt
1763 1655 1819 1702 et
1851 1646 2058 1718 'gloriti-

469 1745 730 1792 caverunt
757 1737 950 1806 Deum,
981 1739 1074 1814 qui
1101 1739 1248 1797 dedit
1271 1746 1600 1814 potestatem
1627 1739 1788 1796 talem
1818 1740 2055 1796 homini-

467 1827 567 1882 l.us
597 1827 814 1898 (Matth.
845 1828 944 1901 ut).
983 1850 1001 1882 ι

2172 613 2458 670 admodum
2483 611 2627 669 valet
2655 613 3066 686 comprehendi,
3099 614 3168 669 de
3196 627 3303 685 quo
3329 612 3592 684 scriptum
3617 621 3712 669 est
3747 631 3765 668 :

2177 723 2194 756 ι
2237 703 2650 760 Generationem
2698 711 2878 759 autem
2925 703 3039 774 ejus
3086 706 3208 776 quis
3253 704 3533 761 enarrabit
3571 702 3595 778 (
3615 704 3768 760 Ιεεὲ.

2169 797 2330 869 Lm)?
2370 815 2388 850 ›
2429 798 2564 853 mira
2595 796 2830 853 brevitas
2857 789 3210 854 et'suiiicieus
3236 812 3338 869 pro
3366 807 3558 854 nostra
3594 798 3773 854 inﬁr-

2169 891 2360 948 mitate
2387 905 2671 958 mensura,
2706 893 2828 964 quia
2859 907 2960 948 nec
2987 893 3106 964 plus
3131 907 3418 966 possumus
3447 905 3670 966 capere,
3710 902 3775 951 et

2168 983 2270 1038 hoc
2293 978 2505 1040 abunde
2527 983 2718 1039 suilicit
2742 983 2927 1055 utique
2951 979 3266 1051 credidisse,
3287 991 3342 1040 et
3361 985 3491 1056 quia
3514 979 3772 1042 Verbum

2167 1071 2297 1140 Dei,
2329 1074 2384 1130 id
2415 1083 2496 1130 est
2521 1075 2692 1132 Filius
2721 1083 2777 1132 et
2804 1072 3069 1146 sapientia
3097 1075 3190 1133 Dei
3227 1079 3574 1144 nominatur,
3607 1087 3774 1135 recte

2167 1165 2300 1220 dicit
2327 1183 2340 1218 :
2379 1184 2398 1216 ι
2432 1166 2544 1237 Ego
2573 1183 2641 1222 ex
2671 1183 2767 1220 ore
2794 1168 3054 1223 Altissimi
3085 1169 3318 1238 prodivi,
3347 1184 3366 1222 ι
3400 1178 3460 1224 ιιι
3487 1169 3776 1240 intelliga-

2169 1266 2258 1312 tur
2281 1273 2378 1327 per
2411 1259 2649 1316 Verbum
2685 1270 2738 1314 et
2767 1261 3084 1331 sapientiam
3115 1260 3210 1317 Dei
3241 1263 3421 1317 omnia
3455 1279 3580 1319 esse
3605 1280 3774 1318 crea-

2167 1356 2242 1404 ta.
2263 1368 2283 1400 (
2301 1349 2490 1406 Omnia
2509 1351 2652 1406 enim
2681 1367 2778 1423 per
2804 1353 2975 1423 ipsum
3003 1353 3143 1408 facta
3160 1361 3304 1419 sunt,
3323 1362 3377 1409 et
3403 1354 3520 1409 sine
3547 1355 3664 1424 ipso
3689 1355 3776 1410 fa-

2165 1449 2310 1496 ctum
2333 1453 2415 1497 est
2443 1444 2573 1499 nihil
2592 1444 2772 1516 (Joan.
2799 1446 2859 1517 ι).
2889 1467 2907 1499 ι
2929 1447 3081 1514 Quod
3110 1456 3290 1503 autem
3319 1435 3452 1502 dicit
3474 1463 3533 1502 se
3561 1449 3774 1518 primo-

2164 1534 2396 1604 genitum
2427 1543 2549 1590 ante
2569 1551 2782 1591 omnem
2813 1545 3121 1593 creaturam
3154 1540 3391 1593 ostendit
3419 1555 3479 1594 se
3502 1555 3610 1593 non
3639 1555 3772 1594 esse

2163 1645 2285 1684 eum
2303 1635 2548 1684 creatura
2561 1628 2662 1689 ,vci
2677 1638 2803 1684 ante
2816 1637 3120 1686 creaturam
3135 1639 3396 1696 creatam,
3411 1631 3506 1685 sed
3520 1631 3590 1684 ab
3607 1631 3772 1684 initio

2161 1734 2226 1772 ex
2258 1718 2420 1774 Patre
2455 1719 2691 1790 genitam
2734 1739 2746 1775 :
2784 1723 2909 1792 quia
2947 1717 3062 1793 ipse
3096 1730 3179 1778 est
3219 1724 3370 1794 origo
3403 1722 3571 1777 totius
3609 1722 3767 1786 boni,

2162 1810 2253 1880 qui
2289 1826 2412 1866 cum
2455 1809 2616 1867 Patre
2655 1819 2710 1867 ct
2745 1811 2952 1883 Spiritu
2989 1822 3181 1871 sancto
3214 1815 3333 1870 sine
3360 1813 3516 1870 initio
3543 1830 3772 1885 semper

543 1939 560 1969 ι
599 1897 657 1974 1η
698 1921 876 1974 medio
903 1897 1092 1990 ’ρορυιί
1135 1920 1496 1988 emirabitur,
1530 1929 1587 1976 ει
1625 1921 1682 1977 in
1723 1921 2056 1994 plenitudine
2085 1897 2135 1962 Β
2159 1903 2370 1968 existit,
2415 1917 2514 1975 per
2547 1919 2706 1974 quem
2739 1920 2957 1960 omnem
2987 1912 3295 1960 creaturam
3331 1903 3514 1969 Pater,
3540 1905 3771 1974 quando

473 2027 490 2060 ι
528 2018 714 2064 sancta
757 2012 1148 2080 admirabitur,
1191 2021 1246 2068 et
1287 2013 1342 2069 in
1379 2012 1723 2070 multitudine
1758 2013 2054 2070 electorum

469 2118 488 2150 ι
527 2100 747 2156 habebit
776 2101 1022 2172 laudem,
1063 2113 1118 2159 et
1149 2105 1293 2162 inter
1325 2106 1644 2164 benedictos
1676 2107 2052 2164 benediectur.

468 2209 488 2244 ι
523 2192 578 2252 lu
609 2195 816 2264 medio,
841 2197 1048 2268 inquit,
1079 2199 1260 2270 pepuli
1285 2201 1632 2269 exaltabitur,
1669 2221 1688 2254 ι
1723 2202 1830 2258 hoc
1852 2215 1968 2271 est,
1997 2203 2054 2262 in

460 2287 638 2342 medio
663 2287 960 2345 Christiani
983 2292 1169 2363 populi
1191 2294 1396 2348 honore
1419 2294 1815 2352 sublimabitur.
1845 2297 1922 2352 De
1946 2313 2055 2368 quo

458 2375 746 2436 Psalmista
774 2381 850 2436 ait
879 2400 892 2436 :
929 2383 1231 2440 ttExaltate
1269 2385 1558 2442 Dominum
1585 2386 1757 2442 Deu‘m
1784 2397 2051 2455 nostrum,

457 2473 512 2524 et
539 2468 761 2526 adorato
789 2471 1082 2528 scabellum
1110 2476 1309 2546 pedum
1337 2475 1485 2545 ejus,
1514 2479 1774 2549 quoniam
1801 2490 2052 2541 sanctum

457 2567 542 2614 est
568 2557 752 2630 (Psal,
788 2563 1011 2638 xevm).
1050 2583 1070 2618 ι
1101 2565 1171 2620 Ει
1201 2567 1255 2625 in
1291 2567 1626 2638 plenitudine
1655 2579 1843 2630 sancta
1873 2572 2050 2628 admi-

458 2648 702 2717 rabitur,
731 2652 990 2724 quoniam
1027 2655 1083 2710 in
1125 2655 1242 2726 ipso
1280 2656 1645 2734 Redemptore
1681 2670 1870 2734 nostro
1904 2678 2053 2718 eom-

455 2739 661 2810 plaeuit
687 2755 906 2800 omnem
937 2745 1329 2816 plenitudinem
1371 2749 1644 2820 habitare,
1677 2754 1804 2824 quia
1831 2755 1944 2826 ipse
1970 2763 2054 2818 est

457 2839 586 2888 ante
621 2847 843 2908 omnes,
881 2845 938 2898 et
961 2839 1147 2896 omnia
1175 2841 1232 2895 in
1275 2841 1395 2913 ipso
1421 2851 1704 2911 constant,
1733 2855 1788 2901 et
1824 2846 1941 2918 ipse
1969 2857 2054 2902 est

461 2933 626 2995 caput
659 2929 904 2999 corporis
932 2930 1218 2998 Ecclesiae,
1247 2935 1340 3004 qui
1374 2941 1461 2992 est
1495 2935 1822 3008 principium
1849 2946 1907 2994 et
1941 2939 2053 3010 pri-

457 3019 763 3086 mogenitus
792 3036 860 3076 ex
887 3023 1140 3092 mortuis,
1161 3033 1218 3080 ut
1245 3026 1318 3084 sit
1345 3027 1403 3084 in
1429 3028 1684 3084 omnibus
1709 3030 1823 3100 ipse
1850 3031 2052 3102 prima»

456 3115 573 3164 tum
616 3119 827 3170 tenens.
865 3113 1022 3173 Unde
1067 3116 1200 3174 dicit
1236 3116 1476 3184 Joannes
1516 3134 1531 3180 :
1583 3140 1602 3172 ε
1651 3122 1887 3180 Verbum
1921 3139 2050 3178 caro

457 3198 664 3260 factum
685 3213 788 3273 est,
813 3214 871 3267 et
893 3208 1158 3266 habitavit
1180 3211 1235 3266 in
1255 3213 1413 3270 nobis
1443 3232 1457 3270 :
1485 3223 1544 3270 et
1560 3216 1798 3273 vidimus
1818 3217 2049 3289 gloriam

457 3297 614 3366 quasi
653 3299 916 3369 unigeniti
952 3316 986 3358 a
1015 3301 1213 3372 Patre,
1250 3304 1468 3376 plenum
1496 3308 1684 3378 gratia:
1722 3317 1778 3363 et
1801 3309 2049 3364 veritatis

457 3385 644 3460 (Joau.
685 3388 750 3462 ι).
789 3409 810 3446 ι
843 3391 913 3450 ΕΛ
939 3393 1006 3448 de
1039 3393 1374 3464 plenitudine
1398 3395 1518 3466 ejus
1543 3413 1644 3454 nos
1677 3413 1867 3457 omnes
1891 3413 2049 3454 acce-

455 3480 635 3552 pimus
665 3483 897 3552 gratiam
928 3499 1030 3555 pro
1059 3487 1256 3557 gratia.
1289 3508 1308 3544 ι
1345 3489 1404 3547 in
1437 3489 1806 3560 plenitudine.
1847 3491 2043 3562 inquit,

455 3583 648 3630 sancta
673 3576 1054 3644 admirabitor,
1081 3599 1102 3633 ι
1129 3580 1256 3649 quia
1284 3581 1548 3644 mirabilis
1563 3590 1649 3638 est
1675 3584 1818 3640 Deus
1843 3584 1898 3640 in
1922 3599 2048 3640 san-

454 3669 559 3723 ctis
587 3668 720 3724 suis.
753 3669 906 3728 Unde
929 3680 983 3726 et
1005 3691 1025 3724 ι
1056 3673 1114 3728 in
1133 3673 1478 3732 multitudine
1501 3677 1801 3733 electorum
1826 3677 2049 3738 habebit

454 3757 690 3825 laudem,
720 3769 778 3815 et
805 3761 948 3820 inter
971 3764 1286 3824 benedictus
1305 3766 1672 3826 benedicatur.
1705 3790 1724 3824 ι
1758 3769 1878 3840 ipse
1899 3770 2046 3828 enim

457 3851 607 3908 dabit
633 3851 892 3912 virtutem
917 3862 974 3910 et
1016 3855 1390 3914 fortitudinem
1416 3860 1559 3929 plebi
1591 3876 1703 3918 sua:
1727 3861 2046 3918 benedictus

454 3940 616 3999 Deus.
660 3961 679 3996 ι
715 3944 774 3999 In
803 3946 1009 4002 semine
1039 3949 1184 4002 enim
1208 3950 1462 4016 Abrahae,
1485 3951 1589 4006 hoc
1614 3960 1698 4009 est
1721 3953 1778 4007 in
1801 3951 2044 4021 Christo,

453 4035 845 4093 benedicentur
884 4055 1076 4096 omnes
1115 4043 1362 4099 nationes
1399 4053 1591 4110 tortae,
1631 4066 1650 4098 ι
1692 4061 1854 4115 quem
1880 4047 2046 4104 bene-

457 4127 645 4182 dicunt
675 4129 860 4184 omnia
886 4146 1050 4201 opera
1077 4131 1220 4204 ejus,
1247 4135 1342 4204 qui
1365 4137 1531 4192 etiam
1561 4145 1647 4194 est
1671 4154 1836 4209 super
1861 4143 2043 4198 omnia

454 4219 598 4275 Deus
621 4220 939 4278 benedictus
977 4224 1032 4279 in
1061 4226 1279 4282 amis.
1309 4227 1411 4294 Qui
1449 4231 1566 4285 haec
1593 4245 1713 4302 quae
1743 4241 2046 4305 sequuntur

455 4315 524 4369 de
559 4316 852 4388 semetipso
887 4333 988 4390 per
1022 4335 1122 4376 vs
1159 4321 1261 4376 sibi
1310 4331 1496 4393 aptum
1546 4326 1862 4396 praedicavit
1885 4367 1901 4395 ,
1957 4329 2041 4384 di-

1043 4516 1273 4581 CAPUT
1311 4519 1446 4582 XIII.

454 4631 598 4724 La‘us
625 4635 894 4724 sapientia
920 4650 1197 4724 perlqtta‘nt
1223 4639 1363 4724 facta
1391 4643 1752 4724 su£t_omnig._
1770 4642 2041 4724 Sapientia
2066 4651 2122 4714 D

527 4707 777 4778 loquitur,
805 4707 861 4762 id
886 4707 992 4774 eat,
1023 4707 1264 4764 Christus
1307 4711 1402 4766 Dei
1430 4709 1476 4766 Γ
1480 4714 1623 4778 ilius,
1653 4713 1752 4768 Dei
1777 4707 1958 4775 rir'ms,
1993 4723 2042 4769 et

525 4778 624 4904 {ﬁt
647 4780 924 4850 sapientia,
951 4792 1043 4851 per
1064 4793 1224 4836 quam
1253 4793 1457 4840 cuncta:
1487 4795 1742 4840 creaturae
1765 4787 2042 4856 disponen-

530 4980 550 5014 ς
582 4961 696 5033 Ego
722 4971 789 5018 ει
817 4975 915 5018 ore
943 4962 1207 5022 Altissimi
1244 4967 1455 5037 prodivi
1477 5005 1492 5034 ,
1520 4969 1880 5038 primogenita
1916 4978 2044 5026 ante

457 5069 480 5106 ι
515 5065 732 5109 omnem
762 5061 1095 5111 creaturam.
1141 5077 1160 5108 ›
1195 5055 1397 5114 Veiens
1443 5074 1572 5130 ergo
1616 5063 1882 5133 sapientia
1920 5059 2040 5128 Dei,

453 5160 574 5216 qua:
601 5153 684 5200 est
720 5145 972 5204 Christus
1004 5149 1098 5204 Dei
1129 5149 1330 5216 Filius,
1362 5152 1710 5224 semetipsam
1739 5154 2038 5209 secundum

454 5237 790 5292 divinitatem
823 5253 854 5294 ε
882 5239 1045 5296 nullis
1073 5241 1434 5298 existentibus
1462 5243 1549 5298 vel
1577 5243 1742 5297 etiam
1770 5259 1839 5298 ex
1867 5245 2039 5300 nihilo

452 5331 740 5385 ostendere
767 5343 874 5385 non
903 5345 1023 5389 esse
1047 5342 1289 5389 creatam
1309 5373 1323 5399 ,
1353 5333 1448 5390 sed
1475 5350 1540 5388 ex
1571 5333 1667 5389 Dei
1701 5333 1877 5390 Patris
1905 5336 2035 5391 sub-

452 5423 653 5478 stantia
683 5425 1037 5495 geultam,ait
1077 5445 1088 5480 :
1124 5444 1144 5476 ι
1178 5425 1288 5497 Ego
1314 5442 1382 5482 ex
1410 5443 1506 5482 ore
1531 5425 1796 5482 Altissimi
1825 5427 2036 5496 prodivi

451 5513 620 5584 (Eccl.
650 5514 824 5587 nn).
872 5531 892 5568 ι
930 5515 1028 5570 Cui
1065 5515 1228 5571 Pater
1255 5517 1382 5572 alibi
1413 5517 1490 5571 ait
1520 5534 1534 5571 :
1567 5535 1586 5568 ι
1623 5517 1700 5571 Ex
1730 5525 1886 5572 utero
1912 5527 2037 5574 ante

448 5608 734 5666 luciferum
775 5609 936 5681 genui
978 5616 1031 5664 te
1070 5607 1242 5682 (Psal.
1274 5611 1425 5678 xu),
1462 5631 1480 5663 ι
1518 5612 1570 5666 id
1595 5619 1709 5677 est,
1738 5627 1804 5665 ει
1836 5625 2036 5668 arcano

450 5702 766 5758 substantia:
796 5713 962 5766 metu,
999 5714 1065 5757 ex
1095 5703 1212 5772 ipsa
1256 5703 1510 5760 videlicet
1537 5705 1736 5760 deitate
1767 5713 1940 5761 totum
1968 5719 2038 5761 ex

452 5800 596 5858 toto,
629 5793 1058 5864 omnipotentem
1088 5793 1156 5858 de
1182 5795 1584 5865 omnipotente,
1625 5796 1807 5852 iumen
1845 5809 1913 5851 ex
1955 5796 2036 5852 lus

450 5885 618 5954 mine,
647 5901 922 5946 summum
945 5902 1016 5948 ex
1044 5901 1288 5959 mnus,
1327 5887 1470 5962 quod
1495 5903 1756 5950 arnnum
1780 5890 1926 5948 nulla
1951 5889 2037 5946 in-

2159 1997 2364 2062 voluit,
2402 2005 2458 2052 et
2493 1997 2763 2068 quomodo
2799 1999 2996 2066 voluit,
3039 1999 3202 2066 fecit;
3253 1997 3347 2054 sed
3386 1997 3514 2068 quia
3557 1997 3772 2051 Paulus

2161 2087 2289 2143 alibi
2321 2087 2451 2144 dicit
2481 2088 2760 2143 Christum
2795 2089 3219 2161 primogenitum
3257 2105 3322 2144 ex
3361 2090 3597 2144 mortuis
3636 2086 3770 2160 (Co-

2157 2177 2254 2233 los.
2285 2178 2348 2252 ι),
2381 2179 2509 2234 alibi
2533 2196 2662 2236 vero
2690 2181 3112 2251 primogenitum
3150 2181 3319 2236 totius
3348 2178 3641 2246 creaturae,
3673 2179 3768 2232 in-

2160 2281 2442 2346 terrogant
2467 2273 2720 2343 quidam,
2753 2288 2876 2327 cum
2909 2271 3158 2328 Christus
3197 2269 3340 2327 Deus
3369 2277 3424 2325 et
3459 2270 3630 2324 homo
3655 2284 3769 2323 una

2155 2383 2390 2438 persona
2429 2366 2499 2420 sit
2545 2367 2601 2421 in
2633 2366 2928 2432 Triuilate,
2965 2365 3424 2438 quemadmodum
3470 2372 3768 2436 susceptus

2155 2459 2319 2515 homo
2359 2458 2752 2532 primogenitus
2786 2458 2961 2532 possit
3007 2457 3182 2513 videri
3234 2455 3400 2514 totius
3447 2465 3762 2522 creatum,

2156 2567 2277 2608 cum
2311 2567 2420 2607 non
2461 2551 2534 2606 sit
2569 2560 2696 2606 ante
2729 2563 2946 2608 omnem
2975 2559 3314 2618 creaturam,
3353 2549 3450 2607 sed
3494 2558 3556 2604 ut
3592 2557 3758 2613 esset,

2155 2638 2210 2699 in
2249 2641 2560 2700 novissimis
2591 2643 2804 2714 accepit
2833 2643 3214 2714 temporibus?
3249 2657 3356 2698 non
3388 2639 3764 2710 intelligentes

2155 2736 2408 2808 quoniam
2444 2736 2840 2807 primogenitus
2883 2751 2990 2790 non
3034 2743 3278 2806 tempore
3319 2733 3522 2789 dicitur
3556 2732 3760 2796 solum,

2153 2828 2249 2886 sed
2277 2837 2332 2883 et
2359 2844 2461 2907 pro
2499 2829 2854 2884 honoratione
2889 2827 3235 2901 frequenter,
3271 2841 3338 2883 eo
3365 2825 3514 2898 quod
3543 2825 3757 2899 primo—

2152 2918 2368 2994 genitus
2395 2916 2596 2977 dicitur
2623 2921 2893 2978 veraciter
2923 2916 3137 2977 illorum
3157 2963 3171 2987 ,
3201 2921 3292 2991 qui
3319 2929 3444 2991 post
3476 2919 3630 2974 illum
3659 2934 3755 2989 ge-

2152 3013 2253 3070 niti
2293 3011 2531 3070 fuerunt.
2568 3011 2740 3083 Hujus
2779 3029 2908 3086 ergo
2947 3014 3183 3070 nominis
3217 3011 3604 3076 translatione,
3651 3009 3760 3064 hoc

2151 3111 2238 3160 est
2258 3145 2272 3172 ,
2301 3101 2648 3182 primogeniti
2679 3121 2822 3176 saepe
2850 3104 3022 3160 utitur
3057 3103 3338 3174 Scriptura
3369 3103 3598 3159 honoris
3629 3117 3758 3156 cau-

2154 3211 2216 3253 sa
2248 3215 2260 3252 :
2294 3205 2353 3252 ut
2381 3205 2463 3252 est
2495 3193 2623 3252 illud
2653 3195 2796 3268 quod
2825 3197 2893 3252 ad
2931 3195 3104 3252 David
3145 3195 3343 3251 dicitur
3383 3211 3396 3248 :
3443 3211 3462 3246 ι
3501 3194 3618 3266 Ego
3645 3193 3759 3264 pri-

2075 3275 2120 3345 C
2152 3290 2486 3362 mogcnitum
2515 3306 2713 3361 ponam
2738 3287 2887 3343 illum
2914 3288 3187 3344 excelsum
3209 3301 3320 3360 prae
3345 3286 3569 3358 regibus
3597 3293 3760 3340 teme

2157 3379 2332 3456 (Psal.
2361 3384 2661 3452 Lxxxvm);
2705 3403 2725 3438 ι
2765 3393 2822 3440 et
2861 3384 2989 3439 alibi
3028 3385 3289 3454 scriptum
3329 3391 3409 3439 est
3459 3401 3473 3438 :
3520 3401 3539 3434 ‹
3582 3381 3759 3436 Filius

2153 3492 2309 3536 meus
2346 3477 2739 3549 primogenitus
2765 3477 2930 3534 Israel
2957 3473 3167 3550 (Exod.
3194 3473 3281 3550 tv)
3300 3517 3315 3543 ,
3349 3495 3368 3528 ι
3402 3473 3510 3532 hoc
3537 3481 3624 3530 est
3653 3473 3756 3528 bo-

2148 3569 2416 3636 norabilis
2454 3570 2608 3627 mihi.
2641 3569 2778 3624 Nam
2809 3561 3060 3625 erant'et
3097 3569 3226 3624 alibi
3263 3576 3389 3625 ante
3423 3566 3624 3632 lsrael,
3662 3566 3757 3638 qui

2149 3662 2390 3728 ﬁliorum
2431 3662 2526 3720 Dei
2566 3663 2970 3734 nuncupatione
3009 3661 3156 3734 digni
3199 3659 3415 3718 fuerant
3441 3659 3654 3724 habiti,
3688 3659 3758 3714 de

2153 3755 2350 3828 quibus
2379 3755 2590 3826 Moyses
2619 3755 2751 3810 dicit
2779 3773 2792 3810 :
2827 3776 2846 3806 ‹
2884 3755 3142 3810 Videutes
3169 3753 3261 3812 ﬁlii
3294 3751 3386 3809 Dei
3413 3751 3556 3808 ﬁlias
3577 3753 3756 3808 homi-

2151 3864 2280 3904 num
2308 3851 2452 3918 quod
2479 3857 2664 3905 essent
2689 3847 2948 3920 pulchrae,
2977 3855 3304 3920 acceperunt
3325 3845 3428 3902 sibi
3461 3861 3667 3900 uxores
3688 3860 3756 3900 ex

2151 3942 2433 4008 omnibus,
2463 3957 2598 4014 quas
2635 3941 2910 4012 elegerant
2947 3937 3102 4012 (Gen.
3129 3939 3227 4012 vr).
3264 3960 3282 3991 ι
3316 3937 3410 3994 Sic
3450 3945 3508 3994 et
3549 3939 3604 3993 in
3651 3937 3754 3994 hoc

2150 4035 2302 4101 loco,
2345 4050 2452 4104 quo
2495 4035 2709 4089 dixerat
2745 4033 3038 4105 Apostolus
3073 4028 3140 4087 de
3175 4031 3392 4088 Christo
3432 4029 3579 4102 quod
3607 4037 3757 4084 esset

2149 4125 2546 4198 primogenitus
2572 4125 2741 4182 totius
2769 4131 3054 4188 creaturas,
3084 4122 3187 4178 hoc
3207 4131 3312 4188 est,
3345 4136 3509 4192 super
3531 4136 3753 4176 omnem

2151 4224 2462 4274 creaturam
2498 4215 2866 4282 honorabilis,
2912 4215 2959 4272 si
2989 4213 3208 4286 quidem
3241 4209 3470 4269 dixisset
3499 4212 3753 4268 absolute

2149 4311 2564 4384 primogenitus,
2581 4308 2953 4368 honorabilem
2978 4307 3355 4363 tantummodo
3371 4301 3596 4361 diceret.
3613 4301 3750 4358 Nam

2150 4405 2280 4476 quia
2303 4403 2502 4474 adjecit
2524 4403 2705 4463 omnis
2732 4411 3030 4469 creaturae,
3069 4399 3219 4458 illum
3250 4393 3528 4470 designat,
3559 4397 3654 4467 qui
3685 4396 3751 4450 ab

2148 4498 2299 4558 omni
2327 4498 2628 4564 honoratur
2650 4504 2923 4555 creatura.
2948 4494 3085 4552 Nam
3108 4493 3156 4549 is
3180 4493 3274 4564 qui
3300 4491 3602 4554 secundum
3629 4507 3752 4545 car-

2151 4604 2274 4646 nem
2308 4597 2390 4646 est
2425 4588 2706 4657 Christus,
2746 4596 2802 4644 et
2840 4595 3084 4660 tempore
3117 4583 3511 4658 primogenitus
3547 4583 3751 4638 dicitur

2151 4681 2417 4742 veraciter
2445 4682 2613 4738 totius
2651 4690 2940 4749 creaturae,
2979 4694 3100 4752 qua:
3128 4678 3184 4736 in
3226 4677 3318 4736 illo
3349 4673 3494 4732 facta
3529 4683 3637 4730 est.
3669 4674 3746 4729 De

2147 4792 2254 4848 qua
2282 4777 2476 4832 beatus
2503 4776 2703 4832 Paulus
2730 4777 2835 4832 hoc
2859 4776 2913 4830 in
2951 4775 3070 4832 loco
3098 4773 3313 4829 videtur
3337 4772 3563 4828 dixisse.
3591 4767 3747 4826 Unde

2145 4877 2202 4924 et
2233 4869 2363 4924 illud
2389 4869 2534 4939 quod
2575 4868 2712 4923 dixit
2737 4867 3129 4940 primogenitus
3157 4866 3322 4922 totius
3359 4873 3630 4920 creatura:
3659 4864 3741 4917 in-

2147 4966 2452 5029 terpretans
2492 4959 2677 5030 adjicit
2717 4977 2730 5013 :
2781 4979 2800 5011 ι
2839 4959 3105 5026 Quoniam
3141 4958 3196 5014 in
3235 4957 3352 5028 ipso
3393 4964 3578 5013 creata
3614 4963 3741 5008 sunt

2145 5051 2327 5106 omnia
2355 5065 2372 5106 ι
2411 5071 2430 5102 ι
2461 5067 2568 5106 non
2597 5051 2735 5108 dixit
2774 5067 2873 5122 per
2904 5052 3102 5122 ipsum,
3131 5049 3226 5106 sed
3260 5070 3279 5102 ι
3317 5049 3370 5104 ἱη
3399 5049 3541 5120 ipso.
3577 5067 3596 5100 ι
3627 5045 3741 5102 Nec

2145 5144 2290 5202 enim
2319 5145 2386 5199 de
2406 5145 2580 5214 prima
2609 5145 2742 5200 dicit
2768 5155 3042 5213 creatura,
3065 5144 3159 5199 sed
3186 5143 3335 5198 illam
3363 5149 3636 5198 creatum:
3655 5155 3741 5194 se-

2142 5237 2482 5309 parationem
2529 5252 2652 5307 quae
2693 5237 2748 5290 in
2789 5253 2854 5292 eo
2902 5237 3042 5292 facta
3083 5244 3196 5304 est,
3242 5236 3542 5292 secundum
3572 5250 3736 5306 quam

2141 5329 2325 5386 omnia
2372 5330 2574 5386 dudum
2623 5328 2884 5386 dissoluta
2926 5329 2981 5384 in
3021 5345 3187 5386 unum
3232 5337 3359 5384 sunt
3405 5342 3734 5385 consensum

2141 5427 2402 5497 perducta
2437 5443 2449 5480 :
2485 5425 2628 5480 sicut
2653 5433 2707 5478 et
2729 5423 2858 5480 alibi
2885 5423 3056 5480 dicit:
3091 5443 3110 5476 ε
3145 5421 3522 5494 Recapitulare
3551 5419 3732 5477 omnia

2143 5520 2196 5574 in
2219 5516 2442 5574 Christo
2460 5533 2581 5586 quae
2604 5517 2657 5572 in
2680 5515 2835 5572 caelis
2857 5524 3000 5578 sunt,
3025 5523 3082 5572 et
3099 5531 3221 5588 quae
3241 5529 3406 5586 super
3427 5522 3632 5570 terram
3657 5530 3672 5566 :
3706 5531 3724 5564 ι

2141 5619 2366 5680 propter
2398 5611 2680 5668 hominum
2709 5609 2910 5665 etenim
2933 5609 3195 5666 malitiam
3220 5609 3424 5674 omnis,
3453 5615 3515 5663 ut
3539 5608 3616 5666 ita
3642 5607 3726 5662 di-

2141 5703 2338 5766 xerim,
2352 5712 2602 5758 creatura
2625 5701 2884 5772 disrumpi
2909 5701 3206 5758 videbatur.
3229 5701 3563 5758 Avertebant
3580 5699 3726 5755 enim

2143 5811 2204 5851 se
2233 5810 2264 5849 a
2290 5795 2446 5850 nobis
2473 5794 2670 5864 angeli,
2697 5803 2752 5850 et
2780 5809 2972 5854 omnes
2999 5793 3297 5856 invisibiles
3331 5793 3578 5856 virtuteS,
3601 5804 3726 5864 pro-

2139 5897 2263 5968 pter
2300 5889 2698 5946 indevotiouem
2727 5895 2993 5958 nostram,
3023 5904 3186 5971 quam
3217 5903 3344 5963 erga
3369 5886 3541 5945 Deum
3565 5899 3725 5946 exer-
