4030 6484
303 442 426 522 925'

1159 450 1513 511 COMMENT.
1556 450 1623 506 IN
1661 447 2276 510 ECCLESIASTICUM.
2315 484 2388 496 —
2422 451 2550 511 LIB.
2592 451 2657 512 Ὗ.

3468 453 3571 513 926

307 581 592 641 cebamus;
625 572 846 643 insuper
865 569 1033 626 etiam
1059 576 1117 623 et
1141 583 1243 624 nos
1268 567 1369 638 ipsi
1399 572 1572 622 morte
1602 565 1884 634 solvimur,
1914 563 1967 629 A
1992 581 2200 623 mucre.
2235 567 2479 641 Cumque
2520 571 2696 642 prima
2737 565 3001 625 idolorum
3039 570 3196 626 ruina
3221 567 3418 639 l'uerit,
3441 587 3578 643 prae-

307 687 376 728 ex
419 684 526 740 qua
569 665 860 722 accedebat
885 661 1120 718 animam
1151 673 1402 734 separare
1439 673 1469 714 a
1505 672 1751 731 corpore.
1795 657 1890 713 Et-

308 765 456 822 enim
489 770 544 818 et
574 760 750 816 omnis
787 757 1052 814 connexio
1081 764 1348 812 creatura:
1386 754 1512 809 hinc
1550 753 1887 819 solvebatur;

308 855 486 913 factus
512 862 595 909 est
631 851 778 907 enim
796 849 970 906 homo
1002 865 1033 904 a
1057 847 1322 920 principio
1347 847 1501 917 quasi
1529 841 1747 917 alitIuod
1776 845 1892 900 ani-

309 947 418 1007 mal
455 947 776 1020 cognatione
811 943 1062 1001 omnibus
1097 941 1378 1014 junctum,
1417 957 1484 997 eo
1523 937 1668 1012 quod
1694 953 1892 1011 corpus

311 1043 525 1116 quidem
569 1037 893 1113 generaliter
920 1047 987 1093 ex
1025 1035 1277 1092 omnibus
1305 1033 1668 1099 consistebat,
1704 1031 1758 1089 id
1787 1042 1890 1100 est,

308 1154 374 1195 ex
407 1131 970 1208 quatuor,elcmentis,
999 1129 1179 1186 anima
1209 1143 1340 1186 vero
1368 1129 1434 1185 ad
1467 1127 1762 1184 invisibiles
1789 1127 1896 1183 vir-

309 1235 452 1284 tutes
495 1225 958 1302 propinquitatem
1008 1223 1210 1279 habere
1250 1221 1551 1278 videbatur.
1597 1219 1714 1277 Una
1762 1233 1894 1276 vero

307 1321 552 1396 quaedam
581 1319 955 1373 universorum
980 1315 1250 1387 copulatio
1275 1329 1342 1369 ex
1368 1313 1496 1369 hinc
1525 1312 1642 1367 ﬁeri
1671 1312 1892 1368 videba-

306 1421 416 1476 tur,
439 1420 659 1482 propter
679 1407 1019 1478 iniquitatem
1044 1421 1166 1460 eam
1189 1417 1353 1475 quam
1377 1404 1445 1458 ad
1467 1401 1740 1458 hominem
1764 1418 1896 1458 cun-

306 1513 394 1558 cta
426 1501 629 1557 habere
657 1497 1004 1565 videbantur,
1033 1498 1286 1553 omnibus
1317 1497 1369 1551 in
1401 1496 1636 1567 idipsum
1665 1511 1899 1552 concur-

309 1593 582 1658 rentibus,
618 1592 692 1645 ita
719 1599 778 1646 ut
815 1597 870 1646 et
896 1606 1006 1646 uno
1030 1605 1297 1645 consensu
1335 1589 1447 1644 Deo
1482 1588 1771 1650 redderent
1797 1585 1893 1644 de-

307 1683 477 1738 bitam
519 1678 786 1738 culturam
827 1698 954 1738 cum
996 1690 1157 1738 cauta
1195 1682 1576 1754 sollicitudine.
1619 1681 1764 1754 Ergo
1798 1683 1896 1739 Dei

307 1775 572 1846 sapientia
613 1775 794 1831 omnia
837 1789 959 1846 quae
1000 1776 1056 1830 in
1083 1774 1236 1831 ctelis
1265 1785 1318 1830 et
1347 1791 1468 1847 quae
1508 1775 1565 1831 in
1599 1780 1747 1832 terra
1772 1783 1898 1832 sunt

307 1867 445 1923 facta
478 1869 591 1938 ipse
617 1865 766 1924 fecit.
797 1863 950 1923 Unde
979 1875 1034 1922 et
1059 1865 1402 1938 subjungitur
1429 1885 1441 1921 :

383 1981 399 2010 ‹
435 1929 546 2032 Εέο
575 1959 629 2014 in
657 1959 810 2015 coelis
836 1954 941 2015 feci
969 1964 1031 2017 ut
1068 1929 1308 2016 oriretur
1332 1959 1513 2016 lumen
1554 1959 1891 2030 indeﬁciens,
1923 1929 1972 1999 Β

310 2069 328 2102 ι
369 2058 423 2106 et
476 2051 618 2106 sicut
658 2050 852 2106 nebula
901 2051 1013 2106 texi
1053 2066 1270 2106 omnem
1307 2067 1546 2108 carnem.
1599 2072 1618 2104 ι
1667 2051 1728 2108 1η
1770 2052 1895 2108 coeli
1995 2056 2178 2112 omnia
2213 2072 2332 2128 quae
2369 2056 2424 2112 in
2477 2056 2562 2112 his
2601 2055 2812 2111 duobus
2841 2051 3124 2110 elementis
3165 2051 3470 2108 consistunt
3499 2048 3594 2102 dc-

305 2145 522 2201 nomine
549 2143 847 2218 spiritalem
873 2185 888 2211 ,
921 2143 978 2200 in
1006 2143 1187 2199 carnis
1214 2158 1342 2200 vero
1373 2143 1713 2216 corporalem
1746 2161 1896 2200 com—
1993 2155 2282 2202 monstrat.
2319 2145 2603 2218 Signiﬁcat
2629 2162 2758 2220 ergo
2783 2145 2918 2201 nihil
2947 2159 3068 2201 esse
3092 2145 3148 2199 in
3180 2159 3364 2199 rerum
3395 2151 3592 2196 natura

303 2235 590 2306 prehendit
629 2242 960 2292 creaturam.
1009 2234 1163 2292 Fecit
1203 2251 1332 2308 ergo
1375 2237 1639 2308 sapientia
1687 2237 1786 2294 Dei
1837 2245 1896 2292 ut

304 2329 579 2400 spiritales
606 2336 871 2386 creatura:
891 2371 906 2398 ,
932 2331 1035 2386 hoc
1063 2339 1148 2386 est
1166 2371 1182 2398 ,
1209 2331 1384 2402 angeli
1415 2339 1471 2386 et
1501 2329 1694 2386 animae
1720 2331 1895 2389 homi-

303 2437 434 2476 num
467 2417 648 2478 lumen
688 2420 954 2478 haberent
990 2421 1219 2478 rationis
1260 2423 1662 2496 intelligentiae;
1703 2441 1898 2496 corpo-

305 2512 448 2568 rales
470 2529 602 2569 vero
617 2511 772 2583 juxta
802 2511 1134 2570 voluntatem
1161 2522 1216 2570 et
1247 2515 1709 2588 dispensationem
1739 2533 1892 2574 crea-

305 2605 438 2662 toris
479 2605 564 2661 sui
609 2605 826 2662 modum
873 2607 1138 2663 haberent
1173 2623 1285 2664 suae
1321 2607 1578 2678 facturae,
1627 2617 1688 2664 ut
1737 2625 1896 2666 omne

307 2695 452 2767 quod
479 2703 564 2754 est
601 2698 657 2752 in
687 2711 868 2752 rerum
906 2706 1101 2754 natura
1136 2697 1304 2768 vivit,
1334 2701 1498 2758 sentit
1535 2711 1590 2758 et
1626 2703 1796 2773 sapit,
1829 2698 1898 2759 ab

304 2787 420 2860 ipso
451 2786 680 2845 haberet
708 2789 1000 2862 originem,
1034 2793 1290 2864 quoniam
1322 2809 1389 2849 ex
1421 2794 1542 2865 ipso
1561 2832 1581 2863 ,
1611 2802 1666 2849 et
1692 2801 1791 2866 per
1813 2795 1895 2868 ip-

306 2897 448 2946 sum,
483 2885 538 2936 et
563 2880 621 2936 in
649 2879 768 2951 ipso
796 2889 924 2938 sunt
949 2883 1132 2939 omnia
1162 2882 1336 2957 (Rom.
1368 2885 1468 2957 x1).
1503 2881 1572 2940 Et
1599 2894 1726 2942 nota
1754 2884 1898 2958 quod

305 2971 446 3028 dixit
472 2988 596 3028 eam
622 2969 804 3030 facere
833 2974 889 3029 in
917 2974 1070 3031 etelis
1093 2975 1276 3033 lumen
1295 2975 1452 3046 oriri,
1477 2985 1532 3032 et
1557 2973 1753 3034 nebula
1783 2994 1900 3035 om-

307 3081 429 3122 nem
456 3081 676 3121 carnem
702 3065 946 3140 contegi,
984 3067 1242 3140 quoniam
1277 3069 1419 3126 sicut
1443 3069 1625 3126 lumen
1653 3069 1900 3128 claritate

306 3171 403 3212 sua
425 3149 684 3227 praecellit
705 3157 1086 3216 ohscuritatem
1111 3161 1341 3228 nebulae,
1367 3162 1444 3218 ita
1466 3161 1728 3234 spiritalis
1748 3179 1901 3220 crea-

308 3260 431 3307 tura
471 3251 808 3328 corporalem
844 3270 954 3309 suae
993 3264 1204 3310 naturae
1233 3255 1632 3328 quodammodo
1670 3257 1897 3328 pnecel-

307 3339 370 3396 lit
397 3341 734 3412 dignitatem.
766 3341 918 3400 Unde
948 3346 1089 3401 sicut
1113 3345 1349 3402 viventia
1377 3349 1690 3419 praecedunt
1715 3351 1897 3408 omnia

307 3431 418 3487 vita
460 3429 734 3501 carentia,
779 3433 855 3488 ita
900 3433 1082 3490 anima
1126 3436 1334 3492 ratione
1370 3438 1580 3510 pollens
1615 3437 1898 3498 nobilitate

307 3540 419 3584 suae
455 3533 662 3581 naturae
705 3525 963 3598 praecedit
997 3541 1158 3584 omne
1194 3527 1339 3585 ouod
1377 3529 1645 3585 rationem
1688 3529 1897 3588 discer—

307 3617 470 3676 nendi
500 3636 608 3675 non
637 3619 819 3677 habet.

386 3737 404 3766 -.
437 3705 548 3788 Ego
577 3713 630 3769 in
660 3711 942 3772 altissimis
981 3713 1256 3788 habitavi,
1286 3727 1342 3774 et
1383 3718 1613 3779 thronus
1653 3734 1808 3780 meus
1841 3721 1898 3778 in

313 3825 334 3858 ι
371 3804 618 3862 columna
657 3805 835 3864 nubis.
875 3827 894 3860 ι
934 3803 1231 3881 Utramque
1276 3826 1430 3867 suam
1475 3823 1764 3881 naturam,
1793 3813 1898 3870 hoc

309 3906 415 3966 est,
437 3893 683 3956 divinam
712 3909 769 3956 et
792 3899 1085 3956 humanam
1115 3901 1381 3975 sapientia
1409 3901 1503 3960 Dei
1530 3903 1778 3962 Christus
1802 3919 1898 3961 no-

307 3989 394 4047 bis
423 3989 513 4048 hic
541 3990 876 4048 demonstrat
905 4011 917 4046 :
950 3992 1191 4048 divinam
1221 3991 1472 4051 videlicet
1500 3996 1554 4054 in
1583 4012 1648 4053 eo
1677 4013 1786 4068 quo
1817 3997 1899 4053 di-

309 4081 386 4138 cit
409 4097 469 4138 se
505 4083 559 4138 in
586 4081 864 4139 altissimis
894 4081 1175 4151 habitare,
1205 4083 1310 4141 hoc
1346 4093 1460 4153 est,
1494 4102 1654 4160 supra
1681 4103 1898 4144 onmem

309 4178 652 4240 altitudinem
675 4177 913 4234 caelestis
953 4177 1103 4250 regni
1141 4175 1300 4233 simul
1343 4194 1466 4233 cum
1496 4177 1657 4234 Patre
1689 4188 1744 4234 et
1772 4179 1898 4250 Spi-

309 4275 420 4332 ritu
449 4283 640 4330 sancto
666 4288 830 4330 unum
861 4273 1030 4326 Deum
1069 4286 1330 4344 regnare;
1365 4271 1660 4327 humanam
1689 4287 1816 4326 vero
1841 4271 1898 4328 in

310 4381 376 4422 eo
405 4381 514 4437 quo
543 4363 677 4421 dicit
716 4379 774 4420 se
807 4361 860 4418 in
899 4362 1146 4418 columna
1184 4361 1344 4418 nubis
1381 4361 1636 4417 thronum
1673 4363 1896 4432 habere,

289 4460 440 4531 .quia
471 4473 668 4529 corpus
695 4455 838 4528 quod
865 4455 930 4511 de
961 4453 1165 4526 Spiritu
1191 4464 1380 4512 sancto
1404 4461 1726 4526 conceptum
1748 4455 1900 4526 virgo

312 4558 488 4609 mater
524 4547 730 4616 edidit,
771 4546 970 4602 nullius
1006 4543 1214 4618 peccati
1242 4545 1480 4616 pondere
1504 4554 1899 4617 praegravatum

1927 3303 1974 3373 C

1991 662 2224 716 sentiam
2251 659 2466 718 Domini
2495 662 2640 720 ferre
2669 678 2778 719 non
2816 661 3120 730 sustinens,
3149 671 3203 719 et
3231 671 3356 734 apte
3383 655 3582 720 dicitur

1991 751 2300 810 incamatio
2327 753 2626 811 Salvatoris
2651 755 2924 822 columna,
2955 763 3178 827 propter
3203 755 3582 813 rectitudinetn

1990 845 2250 906 doctrinm
2276 858 2332 906 et
2363 849 2674 906 ﬁrmitatem
2702 850 3056 922 operationis,
3077 851 3202 921 quia
3225 851 3428 908 electos
3454 866 3582 908 suos

1991 935 2152 1012 erigit
2191 939 2260 998 ad
2299 943 2643 1014 quaerendam
2687 942 2916 1000 salutem
2947 953 3296 1022 perpetuam,
3326 951 3382 999 et
3410 949 3584 998 totum

1991 1037 2279 1100 aediﬁcium
2307 1039 2564 1097 Ecclesiae
2605 1055 2714 1097 suae
2740 1041 2856 1112 ipse
2882 1047 3066 1112 portat
3101 1047 3265 1111 atque
3290 1043 3578 1094 sustentat.

2068 1150 2085 1183 ι
2118 1127 2323 1210 Cyrum
2353 1131 2478 1188 cceli
2515 1130 2741 1188 circuivi
2783 1131 2895 1186 sola
2917 1173 2932 1198 ,
2965 1139 3020 1186 et
3047 1131 3374 1202 profundum
3405 1128 3583 1201 abyssi

1997 1241 2018 1275 ε
2049 1223 2353 1294 penetravi,
2382 1223 2439 1280 in
2466 1222 2720 1280 fluctibus
2751 1223 2920 1285 maris
2945 1222 3236 1289 ambulavi,
3270 1229 3326 1277 et
3352 1222 3407 1276 in
3437 1219 3584 1275 omni

1997 1331 2018 1365 ‹
2053 1320 2200 1369 terra
2239 1314 2394 1381 steti,
2440 1323 2496 1370 et
2541 1315 2598 1370 in
2634 1315 2781 1372 omni
2821 1313 3018 1388 populo
3059 1321 3113 1370 et
3151 1314 3202 1368 in
3235 1312 3381 1368 omni
3427 1318 3588 1383 gente

1999 1426 2018 1460 ι
2051 1407 2343 1483 primatum
2383 1407 2586 1476 habui,
2627 1419 2684 1466 et
2720 1411 2962 1468 omnium
2991 1407 3368 1464 excellentium
3405 1413 3461 1460 et
3484 1405 3587 1459 hu-

1999 1517 2018 1551 ι
2053 1497 2260 1554 milium
2289 1495 2449 1555 corda
2487 1500 2688 1556 virtute
2723 1499 2946 1556 calcavi.
2995 1520 3012 1551 ι
3051 1495 3176 1554 ilzec
3213 1497 3386 1553 oratio
3414 1495 3588 1552 domi-

1993 1598 2181 1644 natum
2221 1591 2500 1663 sapientia:
2543 1591 2638 1647 Dei
2685 1591 2885 1664 ubique
2918 1601 2973 1648 et
3007 1589 3376 1646 fortitudinem
3409 1587 3589 1658 expri-

1994 1682 2114 1750 mit,
2141 1683 2268 1753 quia
2294 1683 2453 1738 simul
2481 1699 2696 1740 omnem
2733 1692 3035 1740 creaturam
3069 1683 3122 1740 in
3151 1691 3384 1754 quatuor
3409 1679 3589 1736 nomi-

1995 1777 2155 1834 nibus
2183 1793 2290 1833 uno
2319 1786 2505 1836 tenore
2527 1777 2818 1834 concludit.
2850 1777 2987 1833 Nam
3010 1775 3132 1834 cceli
3160 1775 3379 1832 nomine
3407 1773 3590 1831 omnia

1999 1867 2241 1926 cwlestia
2273 1871 2684 1942 comprehcndit
2705 1913 2717 1937 ,
2765 1869 2819 1925 in
2848 1869 3118 1945 profundo
3157 1866 3336 1940 abyssi
3379 1881 3444 1921 ea
3471 1880 3592 1936 qua:

1999 1961 2191 2020 subtus
2219 1971 2421 2018 terram
2451 1971 2598 2030 sunt,
2629 1962 2683 2018 in
2709 1961 2874 2018 ﬂuctu
2915 1976 3046 2017 vero
3079 1960 3248 2016 maris
3275 1963 3330 2015 et
3360 1959 3414 2013 in
3445 1965 3592 2012 terra

1995 2248 2139 2318 quod
2168 2247 2222 2302 in
2253 2245 2371 2316 ejus
2394 2262 2500 2302 non
2521 2246 2592 2302 sit
2617 2243 2902 2317 potestatis
2923 2242 3288 2299 dominatione
3317 2258 3330 2294 :
3359 2237 3476 2294 haec
3501 2253 3595 2294 ea«

1995 2338 2118 2396 dem
2146 2335 2478 2412 approbante
2505 2337 2678 2393 David
2697 2379 2712 2404 ,
2743 2335 2837 2407 qui
2883 2335 2939 2390 in
2971 2333 3196 2406 psalmis
3222 2330 3462 2386 ternario
3489 2343 3592 2383 nu-

1997 2446 2148 2488 mero
2197 2429 2264 2485 ad
2312 2428 2645 2484 laudandum
2697 2425 2868 2484 Deum
2919 2427 3234 2483 universam
3284 2427 3595 2478 creaturam

1996 2523 2339 2595 provocando
2372 2521 2724 2596 perstrinxit,
2771 2519 2906 2578 dixit
2936 2539 2949 2575 :
2987 2540 3005 2572 ‹
3039 2517 3286 2574 Laudent
3319 2532 3443 2572 eum
3471 2511 3594 2570 C(Bli

1997 2625 2054 2674 et
2099 2623 2282 2683 terra,
2325 2629 2476 2671 mare
2520 2623 2576 2672 et
2623 2613 2805 2670 omnia
2846 2628 2966 2684 quae
3012 2611 3066 2668 in
3114 2611 3196 2666 eis
3238 2615 3362 2665 sunt
3409 2601 3592 2681 (Psal.

1998 2705 2218 2780 vam).
2252 2723 2271 2756 ι
2301 2703 2512 2760 Exhinc
2553 2711 2609 2758 et
2636 2699 2960 2774 Apostolus,
2989 2708 3050 2756 ut
3086 2695 3399 2756 ostenderet
3433 2693 3594 2752 Chri-

1999 2806 2142 2858 stum
2161 2839 2176 2866 ,
2204 2795 2301 2853 Dei
2341 2793 2669 2866 sapientiam
2699 2803 2757 2850 et
2793 2793 2890 2850 Dei
2931 2793 3218 2857 virtutem,
3249 2797 3470 2862 propter
3495 2787 3598 2842 hn-

1999 2889 2248 2946 militatis
2296 2885 2686 2957 subjectionem
2737 2885 2792 2940 in
2841 2882 2991 2940 omni
3041 2877 3288 2936 rationali
3344 2884 3595 2934 creatura

2000 2983 2292 3060 primatum
2323 2980 2554 3047 habere,
2595 2983 2646 3035 et
2677 2979 2918 3034 omnium
2947 2981 3280 3048 potestatum
3307 2977 3472 3042 atque
3503 2985 3592 3024 re-

2001 3092 2231 3150 gnorum
2279 3075 2498 3148 propria
2539 3072 2741 3128 virtute
2783 3067 3084 3133 dominari,
3135 3065 3412 3137 eleganter
3453 3063 3530 3116 ait
3580 3079 3594 3116 :

2007 3189 2026 3222 ι
2063 3169 2312 3226 Christus
2340 3167 2514 3224 factus
2538 3174 2622 3222 est
2655 3179 2756 3236 pro
2785 3161 2940 3218 nobis
2965 3159 3221 3217 obediens
3249 3155 3396 3213 Patri
3425 3167 3598 3224 usque

2004 3259 2073 3316 ad
2099 3269 2327 3316 mortem
2347 3303 2363 3330 ,
2398 3267 2632 3316 mortem
2660 3267 2842 3313 autem
2871 3253 3051 3312 crucis
3081 3272 3094 3308 :
3125 3257 3346 3326 propter
3373 3249 3516 3321 quod
3544 3253 3600 3303 et

2005 3354 2148 3410 Deus
2173 3352 2436 3408 exaltavit
2465 3349 2638 3418 illum,
2667 3357 2722 3406 et
2744 3347 2965 3405 donavit
2996 3345 3067 3402 illi
3097 3362 3314 3411 nomen,
3347 3343 3491 3416 quod
3515 3348 3599 3398 est

2003 3459 2168 3516 super
2201 3458 2362 3500 omne
2391 3457 2623 3508 nomen,
2654 3447 2715 3496 ut
2757 3439 2811 3496 in
2849 3439 3069 3498 nomine
3106 3435 3233 3494 Jcsu
3263 3449 3424 3491 omne
3457 3449 3597 3506 genu

2003 3533 2272 3604 ﬂectatur,
2299 3533 2634 3604 ctelestium,
2666 3533 3004 3590 terrestrium
3023 3573 3038 3600 ,
3070 3538 3126 3588 et
3152 3524 3517 3594 infernorum,
3543 3535 3600 3582 et

2003 3627 2180 3686 omnis
2209 3627 2391 3700 lingua
2421 3625 2744 3683 conﬁteatur
2786 3625 2912 3695 quia
2943 3619 3208 3678 Dominus
3251 3615 3410 3676 Jesus
3439 3615 3599 3674 Chri-
3630 3645 3640 3650 ~

2004 3730 2120 3780 stus
2146 3716 2202 3779 in
2233 3719 2403 3793 gloria
2434 3727 2517 3774 est
2547 3712 2644 3772 Dei
2675 3715 2854 3771 Patris
2885 3705 3054 3786 (Phil.
3085 3709 3170 3782 tt).
3207 3729 3226 3763 ι

2080 3833 2098 3865 ι
2137 3807 2202 3867 Ει
2237 3809 2288 3866 in
2320 3809 2406 3866 his
2438 3797 2689 3865 omnibus
2718 3801 2960 3878 requiem
2989 3801 3234 3876 quzesivi,
3264 3805 3318 3857 et
3341 3801 3396 3857 in
3427 3800 3600 3856 haere-

2009 3925 2028 3959 (
2063 3905 2232 3960 ditate
2277 3902 2394 3975 ejus
2436 3901 2714 3958 morabor.
2765 3919 2784 3951 ι
2829 3897 2888 3954 1η
2925 3896 3178 3952 omnibus
3221 3895 3469 3967 gentibus
3512 3908 3599 3948 re-

2003 3999 2186 4072 quiem
2222 3996 2324 4053 sibi
2346 3994 2540 4066 quzerit
2571 3985 2862 4064 sapientia,
2893 3989 3020 4061 quia
3050 4002 3116 4042 ex
3146 3985 3398 4042 omnibus
3425 3981 3594 4056 genti-

2002 4087 2104 4146 bus
2143 4094 2332 4142 sancla
2373 4091 2734 4156 congregatur
2778 4077 3054 4148 Ecclesia,
3101 4094 3220 4149 qua:
3269 4077 3437 4132 eiecta
3483 4075 3599 4146 ejus

2002 4179 2295 4238 htereditas
2319 4187 2432 4244 est,
2464 4175 2555 4232 ubi
2587 4177 2641 4230 in
2673 4174 2929 4230 saeculum
2954 4169 3135 4227 saiculi
3169 4169 3283 4239 ipse
3311 4173 3599 4240 permanet

2003 4284 2056 4332 et
2080 4280 2288 4345 regnat.
2322 4271 2400 4325 De
2428 4286 2534 4340 qua
2563 4269 2676 4340 ipse
2697 4284 2795 4339 per
2822 4265 3165 4321 Psalmistam
3195 4263 3271 4316 ait
3305 4281 3316 4316 :
3357 4282 3373 4312 ι
3407 4259 3594 4316 [itere-

2002 4363 2144 4418 ditas
2171 4375 2288 4416 mea
2313 4358 2573 4430 praeclara
2598 4364 2681 4412 est
2700 4353 2829 4412 mihi
2853 4349 3026 4426 (Psal.
3053 4353 3174 4422 xv);
3210 4369 3227 4403 ι
3255 4359 3310 4404 et
3339 4347 3392 4404 in
3417 4347 3554 4402 lsaia
3582 4367 3593 4401 :

2008 4475 2026 4508 ι
2064 4451 2410 4519 Benedictus,
2440 4448 2636 4520 anuit,
2664 4445 2892 4520 populus
2921 4460 3076 4500 meus
3103 4441 3345 4514 Egypti,
3379 4451 3434 4495 et
3464 4456 3599 4510 opus
3645 4464 3656 4471 -

2003 4559 2259 4622 manuum
2290 4555 2536 4597 mearum
2570 4537 2824 4614 Assyrius
2861 4533 3006 4610 (Isa.
3037 4533 3166 4593 xix)
3203 4551 3215 4589 :
3254 4553 3272 4584 ι
3307 4531 3598 4588 haereditas

313 4655 434 4712 est,
464 4659 566 4700 nec
601 4647 942 4698 terrenarum
974 4655 1155 4694 rerum
1193 4637 1557 4710 voluptatibus
1585 4637 1897 4694 desideriis—
1924 4663 1978 4730 D
2005 4646 2184 4695 autem
2214 4651 2336 4692 mea
2364 4631 2552 4690 lsracl.

311 4755 420 4812 que
465 4737 796 4808 obligatum,
847 4733 942 4789 sed
986 4747 1221 4804 superna
1278 4731 1475 4788 virtute
1526 4729 1896 4788 sublimatum.

315 4832 567 4887 'Ihronus
609 4827 769 4897 regia:
806 4825 1082 4897 dignitatis
1127 4823 1377 4890 enricuit,
1424 4823 1479 4878 in
1516 4837 1624 4892 quo
1658 4821 1901 4892 potentia

315 4921 614 4979 divinitatis
643 4919 822 4974 omnia
843 4913 1044 4992 judicia
1070 4932 1165 4972 sua
1196 4922 1448 4990 potenter
1473 4911 1710 4983 disponit
1737 4921 1901 4983 atque

316 5018 612 5088 diSpensat.
641 5012 797 5080 Quod
830 5020 1011 5066 autem
1037 5009 1210 5064 nubes
1239 5022 1459 5064 carnem
1488 5005 1754 5086 signiﬁcet
1783 5001 1902 5058 Sal—

315 5109 552 5174 vatoris,
585 5104 821 5162 ostendit
853 5101 1053 5168 lsaias,
1091 5099 1184 5156 ubi
1225 5100 1302 5154 ait
1341 5117 1354 5152 :
1403 5118 1421 5150 ι
1464 5097 1604 5152 Ecce
1641 5093 1902 5149 Dominus

318 5199 572 5256 ascendet
601 5210 764 5268 super
794 5192 991 5250 nubem
1025 5189 1227 5252 levem,
1261 5195 1316 5243 ct
1358 5186 1691 5257 ingredietur
1727 5181 1898 5254 {Egy-

317 5300 496 5363 ptum,
522 5295 578 5342 et
603 5283 964 5341 movebuntur
991 5278 1277 5336 simulacra
1305 5275 1525 5348 [Egypti
1545 5291 1574 5328 a
1605 5271 1740 5329 faeie
1763 5270 1900 5342 ejus,

319 5391 375 5436 et
401 5395 496 5434 eor
530 5375 748 5450 [Egypti
785 5373 1022 5428 tabescet
1062 5371 1114 5425 in
1161 5367 1340 5426 medio
1371 5365 1488 5436 ejus
1529 5365 1664 5440 (13a.
1703 5364 1839 5435 xix).
1877 5385 1896 5416 ι

322 5471 449 5527 llmc
478 5485 606 5542 ergo
636 5465 916 5539 prophetia
955 5461 1022 5517 ad
1051 5457 1348 5518 Salvatoris
1377 5468 1619 5532 tempora
1649 5455 1902 5523 refertur,

321 5563 539 5636 quando
570 5558 814 5616 ascendit
841 5572 1002 5628 super
1027 5555 1222 5614 nubem
1254 5547 1422 5609 levem
1443 5594 1456 5619 ,
1492 5553 1544 5610 id
1571 5560 1684 5619 est,
1709 5545 1905 5622 corpus

325 5658 664 5720 humanmn,
713 5651 982 5726 quodex
1036 5647 1243 5718 virgine
1298 5653 1704 5716 assumpserat,
1761 5641 1906 5698 nullo

325 5746 577 5802 humana:
620 5741 1010 5799 commistionis
1049 5739 1256 5796 semine
1311 5744 1744 5808 przegravatum;
1795 5733 1909 5790 sive

328 5843 474 5915 quod
504 5858 535 5898 a
573 5839 714 5901 nube
740 5840 844 5898 levi
874 5844 1124 5914 portatus
1150 5834 1262 5904 sit,
1287 5833 1342 5890 id
1374 5839 1457 5888 est
1488 5844 1716 5910 corpore
1743 5826 1910 5900 virgi-

2083 4751 2100 4783 ι
2135 4728 2288 4785 Tunc
2313 4725 2573 4798 przecepit
2604 4730 2658 4779 et
2685 4718 2824 4779 dixit
2847 4719 2979 4777 mihi
3007 4723 3222 4775 creator
3249 4715 3515 4780 omnium,
3542 4721 3598 4769 et

2013 4842 2030 4876 ι
2070 4821 2162 4892 qui
2187 4819 2392 4874 creavit
2411 4831 2517 4884 me,
2545 4813 2815 4888 requievit
2839 4813 2894 4868 in
2918 4807 3270 4868 tabernaculo
3294 4803 3599 4892 meo,dixit

2013 4933 2031 4966 ι
2073 4891 2204 4968 mihi
2243 4928 2256 4964 :
2285 4909 2346 4964 In
2371 4907 2538 4963 Jacob
2567 4905 2840 4971 inhabita,
2873 4911 2930 4960 et
2963 4903 3018 4956 in
3054 4899 3220 4957 Israel
3253 4891 3596 4959 haereditare,

2013 5023 2031 5057 ι
2067 5012 2123 5060 et
2154 5003 2210 5056 in
2248 4997 2434 5056 electis
2465 4993 2601 5053 meis
2633 4993 3064 5064 mitteJadices.
3100 5009 3119 5041 ι
3155 4985 3296 5056 Quid
3335 4993 3418 5040 est
3455 4983 3598 5054 quod

2007 5093 2138 5150 dicit
2165 5087 2442 5162 Sapientia
2486 5083 2589 5144 sibi
2625 5093 2929 5142 creatorem
2969 5081 3208 5138 omnium
3247 5075 3590 5150 prtecepissc,

2007 5185 2110 5242 nisi
2133 5181 2276 5255 quod
2299 5179 2468 5235 Filius
2487 5177 2784 5236 secundum
2812 5173 3200 5231 humanitatem
3227 5167 3472 5238 intelligit
3493 5167 3596 5221 sibi

2008 5273 2224 5334 Patrem
2251 5270 2511 5341 majorem
2536 5269 2691 5326 esse?
2717 5265 2868 5324 Unde
2890 5261 3250 5334 suhjungitur,
3285 5281 3302 5312 ι
3333 5261 3425 5331 qui
3446 5275 3599 5314 crea-

2009 5369 2086 5424 vit
2115 5383 2222 5434 me,
2249 5361 2443 5436 inquit,
2478 5361 2814 5434 requievitin
2845 5355 3194 5413 tabernaculo
3216 5369 3356 5410 meo.
3392 5372 3410 5404 ι
3435 5353 3597 5408 Crea-

2011 5476 2070 5516 re
2103 5457 2248 5514 enim
2276 5455 2394 5522 Dei,
2427 5461 2511 5510 est.
2537 5452 2858 5524 sapientiam
2888 5445 3151 5517 unigeniti
3179 5444 3322 5512 Filii,
3351 5441 3599 5499 humani-

2013 5559 2177 5606 tatem
2198 5547 2456 5620 singulari
2473 5546 2712 5618 puritate
2730 5543 2797 5598 de
2819 5539 3023 5614 Spiritu
3050 5543 3239 5594 sancto
3257 5542 3593 5604 conceptam,

2010 5655 2064 5700 et
2090 5641 2258 5698 Maria
2285 5641 2496 5713 virgine
2525 5634 2725 5694 editam
2755 5649 3044 5707 procreare
3075 5646 3090 5688 :
3123 5646 3243 5703 quae
3266 5637 3320 5684 et
3350 5627 3621 5708 taberna:

2015 5732 2193 5792 culum
2223 5749 2332 5788 non
2364 5711 2636 5785 immerito
2664 5725 2768 5782 dici
2805 5727 3014 5797 potest,
3045 5723 3174 5793 quia
3214 5715 3508 5774 secundum
3543 5711 3596 5767 id

2016 5825 2159 5899 quod
2188 5831 2350 5895 caput
2377 5829 2462 5877 est
2489 5821 2732 5892 corporis
2759 5813 3032 5880 Ecclesiae,
3067 5805 3471 5899 tabernaculum

332 5893 475 6006 tiali,
507 5946 562 5993 et
589 5936 656 5992 ad
697 5893 1001 6008 ingressum
1027 5929 1142 6002 ejus
1181 5893 1370 5986 omnes
1394 5893 1666 5982 damones
1701 5893 1914 5979 contre-
2016 5893 2130 5992 est,
2166 5919 2224 5976 in
2255 5893 2364 5992 quo
2389 5911 2716 5990 complacuit
2743 5924 2961 5968 omnem
2988 5899 3376 5985 plenitudinem
3403 5893 3598 5958 divini-
