4030 6480
462 425 566 483 927

465 537 590 593 tntis
613 532 875 590 habitare.
902 525 1170 597 Quaeritur
1191 538 1320 593 ergo
1341 539 1438 579 cur
1459 522 1515 576 in
1544 519 1840 590 Scripturis
1867 515 2035 572 sacris
2062 513 2115 576 Α

461 638 735 696 nunquam
772 622 887 677 fere
922 621 989 676 de
1029 617 1292 690 sapientia
1327 615 1616 686 quidquam
1655 613 1899 676 dicatur,
1929 609 2034 664 nisi

462 729 522 776 ut
547 717 864 776 ostendatur
889 730 921 770 a
951 714 1062 770 Deo
1095 712 1276 784 genita
1304 709 1390 765 vel
1425 707 1643 763 creata?
1669 705 1850 777 genita
1886 703 2034 758 scili-

463 823 548 873 cet
566 856 582 878 ,
605 828 704 884 per
729 825 889 884 quem
927 809 1066 864 facta
1091 813 1218 863 sunt
1239 805 1451 866 omnia;
1477 809 1660 858 creata
1687 815 1818 856 vero
1846 799 1929 854 vel
1956 799 2037 852 fa-

464 915 574 972 cta,
601 905 742 960 sicut
770 902 825 958 in
849 899 1158 958 hominibus
1180 913 1305 954 cum
1334 895 1403 951 ad
1425 909 1548 950 eam
1573 908 1694 965 quae
1721 908 1830 948 non
1852 898 2037 948 creata

461 1004 516 1052 et
541 995 703 1060 facta,
731 993 826 1050 sed
847 993 1027 1064 genita
1054 998 1160 1056 εει,
1187 993 1580 1044 convertuntur
1603 992 1659 1040 et
1679 983 2034 1039 illustrantur.

461 1089 597 1158 Ipsis
619 1087 763 1143 enim
794 1086 856 1141 fit
889 1084 1090 1155 aliquid
1115 1083 1257 1153 quod
1282 1091 1505 1139 vocetur
1537 1095 1722 1135 eorum
1752 1078 2036 1148 sapientia,

461 1180 547 1236 vel
583 1180 713 1235 illud
749 1178 1044 1248 Seripturis
1080 1175 1565 1247 praenuntiantibus
1603 1180 1698 1228 aut
1735 1171 2038 1227 enarranti-

461 1271 584 1338 bus,
611 1271 755 1341 quod
787 1288 807 1321 ‹
841 1269 1076 1324 Verbum
1105 1283 1233 1323 caro
1258 1267 1461 1321 factum
1486 1273 1588 1331 est,
1619 1273 1673 1320 et
1699 1263 1963 1318 habitavit
1983 1262 2040 1318 in

461 1363 618 1419 nobis
655 1380 670 1417 :
718 1381 737 1415 ι
779 1361 883 1416 hoc
915 1359 1076 1416 modo
1115 1358 1257 1412 enim
1286 1356 1535 1416 Christus
1564 1355 1739 1410 factus
1776 1352 2039 1423 sapientia

462 1462 566 1519 est,
591 1453 717 1523 quia
747 1451 919 1506 factus
939 1458 1022 1506 est
1043 1450 1224 1504 homo.
1254 1449 1338 1502 An
1359 1455 1640 1518 propterea
1670 1461 1777 1501 non
1804 1445 2041 1514 loquitur

461 1549 516 1602 in
550 1546 653 1601 illis
691 1544 844 1600 libris
885 1543 1185 1614 sapientia,
1227 1541 1312 1596 vel
1351 1541 1416 1594 de
1451 1539 1540 1593 illa
1575 1538 1773 1594 dicitur
1814 1535 2035 1606 aliquid,

460 1637 564 1692 nisi
599 1635 741 1707 quod
780 1649 900 1690 eam
940 1633 1007 1689 de
1043 1632 1154 1689 Deo
1195 1640 1376 1686 natam
1405 1629 1655 1686 ostendat
1687 1637 1782 1683 aut
1814 1627 2036 1693 factam,

461 1727 707 1798 quamvis
736 1727 806 1782 sit
833 1734 887 1781 et
914 1725 1080 1780 Pater
1103 1725 1219 1796 ipse
1245 1722 1546 1794 sapientia?
1580 1722 1706 1792 quia
1735 1721 1790 1774 in
1819 1720 1908 1774 illa
1935 1733 2036 1774 no-
2071 1769 2081 1780 ,

457 1821 541 1874 bis
571 1817 833 1889 sapientia
858 1815 1287 1872 commendanda
1313 1822 1433 1869 erat
1469 1821 1526 1868 et
1561 1813 1818 1868 imitanda
1839 1853 1853 1878 ,
1883 1811 2038 1880 cujus

1095 413 1158 468 B.
1195 407 1450 468 RABANI
1487 403 1707 465 MAURI
1744 399 2060 460 ARCHIEP.
2100 394 2412 454 MOGUNT.
2454 391 2737 451 OPERUM
2776 391 2958 448 PARS
2997 391 3037 445 I.

3609 388 3717 445 928

2720 507 2944 563 CAPUT
2986 505 3119 562 XIV.

2139 621 2408 679 Sapientia
2443 621 2671 693 loquitur
2714 622 2994 690 potentiam
3024 636 3189 693 suam“
3221 629 3270 674 et
3316 621 3716 690 dispositionem

2510 689 2722 763 operum
2748 708 2962 745 suorum
2992 707 3108 745 cum
3148 689 3329 745 Patre.

2214 824 2232 857 ι
2263 806 2348 861 Ab
2382 805 2537 862 initio
2583 813 2706 860 ante
2758 804 3011 861 saeculum
3056 814 3239 861 creata
3267 820 3409 872 sum,
3460 815 3514 861 et
3547 821 3725 876 usque

2145 916 2163 950 ι
2197 899 2266 954 ad
2294 899 2535 954 futurum
2574 899 2827 955 saeculum
2855 914 2963 955 non
3006 900 3268 966 desinam,
3301 907 3358 954 et
3407 899 3462 953 in
3496 899 3723 954 habita—

2141 1007 2164 1042 ι
2197 991 2346 1045 tione
2393 1000 2578 1046 sancta
2607 1006 2790 1047 coram
2819 992 2936 1061 ipso
2964 992 3286 1047 ministravi.
3315 1011 3336 1044 ι
3362 991 3594 1047 IEterna
3623 993 3724 1046 Dei

2137 1081 2400 1152 sapientia
2426 1083 2672 1139 Christus
2721 1092 3120 1140 sacramentum
3170 1085 3560 1140 incarnationis
3608 1101 3726 1139 sua:

2140 1181 2264 1228 ante
2291 1175 2481 1229 saecula
2523 1175 2832 1246 praescitum
2863 1184 2917 1231 et
2957 1177 3396 1246 praedestinatum
3421 1189 3540 1230 esse
3584 1173 3728 1229 aﬂir-

2139 1271 2252 1317 mat
2284 1282 2296 1316 ε
2329 1262 2482 1331 cujus
2506 1264 2589 1319 vis
2615 1280 2785 1334 usque
2819 1266 2874 1320 in
2917 1266 3171 1320 satculum
3199 1266 3315 1320 sine
3357 1265 3466 1320 ullo
3501 1265 3587 1319 sui
3629 1265 3728 1319 de—

2139 1352 2282 1409 fectu
2317 1363 2616 1424 permanet,
2663 1363 2717 1410 et
2760 1372 2815 1410 in
2842 1357 3173 1411 habitatione
3218 1364 3417 1412 sancte
3466 1355 3728 1411 Ecclesia:

2138 1459 2353 1500 omnem
2377 1447 2537 1502 ritum
2561 1461 2703 1503 vera:
2731 1448 3004 1520 religionis
3029 1449 3330 1504 ordinando
3353 1448 3614 1519 disponit.
3646 1449 3728 1503 De

2139 1551 2245 1605 quo
2273 1536 2448 1592 adhuc
2473 1537 2753 1592 subditur:

2215 1646 2234 1678 ‹
2267 1628 2336 1682 Ει
2355 1630 2434 1684 sic
2459 1629 2513 1683 in
2544 1628 2672 1684 Sion
2703 1631 2916 1687 limata
2939 1647 3082 1698 sum,
3110 1641 3165 1688 et
3190 1633 3245 1687 in
3266 1633 3488 1688 civitate
3514 1635 3726 1689 sancti—

2145 1737 2164 1771 ‹
2201 1720 2360 1776 ficata
2391 1721 2639 1777 similiter
2660 1724 2918 1793 requievi,
2944 1734 2999 1779 et
3039 1725 3093 1778 in
3124 1725 3460 1781 Hierusalem
3483 1738 3732 1796 potestas

2145 1832 2164 1865 ι
2199 1828 2338 1868 mea.
2363 1814 2430 1868 Et
2457 1815 2692 1870 radicavi
2719 1817 2772 1870 in
2794 1817 2991 1886 populo
3013 1818 3389 1885 honoriﬁcato,
3410 1826 3467 1871 et
3492 1818 3546 1871 in
3571 1827 3732 1888 parte

459 1911 760 1966 imitatione
787 1908 1086 1964 formamur
1118 1923 1134 1962 :
1164 1906 1326 1962 Pater
1349 1907 1494 1960 enim
1524 1920 1644 1961 eam
1668 1904 1800 1958 dicit
1827 1913 1886 1958 ut
1911 1904 2037 1958 Ver—
2063 1890 2110 1950 Β
2143 1924 2162 1956 ι
2199 1905 2294 1960 Dei
2319 1905 2425 1959 mei
2455 1905 2740 1961 htemditas
2766 1906 2927 1973 illius,
2971 1917 3026 1964 et
3055 1909 3112 1963 in
3143 1907 3477 1978 plenitudine
3505 1918 3728 1963 sancto-

459 2003 588 2056 bum
607 2000 724 2069 ejus
757 2001 846 2066 sit,
876 2015 983 2055 non
1008 1998 1277 2069 quomodo
1301 1997 1574 2067 profertur
1596 2011 1663 2052 ex
1690 2011 1785 2050 ore
1812 1996 2034 2050 verbum

461 2109 662 2150 sonans
689 2101 783 2148 aut
811 2101 936 2148 ante
974 2091 1468 2163 pronuntiationem
1509 2089 1796 2160 cogitatur.
1838 2085 2037 2158 Spatiis

459 2188 602 2242 enim
641 2195 943 2257 temporum
980 2186 1085 2241 hoc
1121 2169 1446 2254 cempletur,
1494 2183 1622 2237 illud
1664 2189 1844 2236 autem
1881 2188 2037 2235 aetero

459 2298 589 2338 num
624 2289 736 2348 est;
779 2289 834 2338 et
869 2278 1222 2335 illuminando
1258 2277 1388 2333 dicit
1427 2276 1584 2332 nobis
1622 2284 1676 2331 et
1705 2275 1773 2330 de
1803 2287 1863 2330 se
1891 2281 1946 2328 et
1971 2273 2038 2328 de

459 2375 620 2429 Patre
643 2373 788 2444 quod
825 2372 1111 2428 dicendum
1151 2378 1238 2426 est
1275 2369 1603 2425 hominibus.
1643 2367 1876 2437 Ideoque
1909 2366 1986 2421 ait
2021 2383 2034 2420 :

467 2483 484 2514 ι
523 2463 690 2518 Nemo
717 2463 867 2518 novit
902 2462 1101 2517 Filium
1127 2461 1232 2516 nisi
1261 2461 1450 2526 Pater;
1484 2469 1538 2515 et
1566 2474 1726 2514 nemo
1764 2458 1914 2514 novit
1937 2457 2041 2513 Pa-

466 2564 602 2609 trem
633 2554 738 2608 nisi
764 2553 954 2619 Filius,
984 2560 1037 2608 et
1059 2552 1146 2608 cui
1171 2551 1402 2606 voluerit
1426 2551 1596 2606 Filius
1617 2550 1858 2605 revelare
1885 2547 2036 2622 (Luc.

461 2645 520 2716 χ)
557 2663 570 2698 :
609 2663 628 2696 ι
659 2644 786 2715 quia
816 2658 914 2715 per
940 2642 1135 2698 Filium
1155 2642 1359 2698 revelat
1376 2643 1554 2707 Pater,
1581 2640 1634 2696 id
1656 2650 1758 2707 est,
1784 2656 1884 2711 per
1905 2641 2042 2697 Ver-

465 2741 591 2795 bum
619 2754 796 2795 suum.
827 2737 884 2794 Si
917 2738 1063 2794 enim
1098 2737 1202 2792 hoc
1224 2737 1478 2802 verbum,
1512 2736 1654 2806 quod
1683 2750 1782 2790 nos
1809 2733 2042 2806 proferi-

464 2847 604 2895 mus,
625 2829 918 2900 temporale
937 2838 992 2885 et
1019 2829 1390 2884 transitorium
1409 2836 1512 2894 est,
1535 2836 1591 2882 et
1611 2828 1846 2896 seipsum
1867 2835 2042 2882 osten-

463 2921 560 2986 dit,
593 2928 649 2976 et
673 2919 803 2974 illud
831 2919 898 2975 de
923 2933 1029 2989 quo
1054 2918 1346 2988 loquimur,
1375 2925 1579 2988 quanto
1603 2916 1774 2985 magis
1805 2916 2043 2971 Verbum

464 3011 591 3077 Dei,
622 3026 719 3082 per
745 3012 884 3082 quod
915 3010 1054 3066 facta
1087 3019 1210 3070 sunt
1248 3011 1464 3072 omnia?
1504 3011 1648 3084 quod
1685 3010 1759 3064 ita
1804 3008 2044 3066 ostendit

464 3103 678 3161 Patrem
702 3103 863 3162 sicuti
888 3116 971 3162 est
993 3105 1172 3173 Pater,
1198 3106 1326 3177 quia
1346 3113 1401 3162 et
1429 3107 1604 3176 ipsum
1634 3106 1708 3161 ita
1733 3111 1835 3170 est,
1859 3100 2044 3160 ethoc

465 3206 548 3254 est
578 3199 720 3269 quod
744 3198 935 3267 Pater,
963 3198 1256 3256 secundum
1287 3199 1430 3271 quod
1472 3200 1732 3270 sapientia
1769 3205 1852 3255 est
1878 3207 1934 3254 et
1957 3212 2041 3254 es-

465 3292 658 3347 sentia.
698 3291 833 3347 Nam
875 3293 1166 3348 secundum
1203 3294 1346 3364 quod
1392 3291 1624 3348 Verbum
1667 3307 1774 3348 non
1817 3292 1921 3346 hoe
1959 3299 2043 3347 est

466 3386 607 3454 quod
631 3384 812 3451 Pater,
837 3385 966 3456 quia
993 3385 1230 3442 Verbum
1258 3402 1368 3442 non
1397 3394 1483 3442 est
1512 3385 1696 3450 Pater,
1722 3392 1778 3439 et
1803 3383 2042 3440 Verbum

468 3475 690 3531 relative
717 3474 935 3541 dicitur,
963 3475 1102 3532 sicut
1124 3475 1313 3544 Filius,
1338 3477 1482 3547 quod
1502 3477 1691 3546 utique
1717 3490 1825 3530 non
1845 3473 2038 3540 Pater;

466 3577 519 3620 et
552 3566 672 3620 ideo
697 3563 943 3622 Christus
971 3567 1146 3622 virtus
1172 3575 1227 3622 et
1257 3568 1522 3638 sapientia
1551 3567 1668 3632 Dei,
1695 3567 1820 3637 quia
1849 3566 1917 3622 de
1942 3565 2045 3621 Pa-

469 3666 551 3711 tre
573 3657 774 3710 virtute
793 3665 850 3711 et
872 3657 1156 3726 sapientia,
1181 3658 1344 3714 etiam
1371 3658 1485 3729 ipse
1512 3659 1684 3713 virtus
1705 3666 1760 3713 et
1781 3657 2046 3728 sapientia

467 3755 582 3813 est,
621 3748 763 3802 sicut
796 3747 976 3803 lumen
1003 3749 1100 3803 Dei
1140 3749 1207 3804 de
1234 3748 1395 3804 Patre
1432 3749 1662 3815 lumine;
1692 3757 1748 3804 et
1775 3747 1898 3804 fons
1921 3748 2047 3803 vitae

470 3839 610 3910 apud
635 3839 804 3894 Deum
829 3838 1069 3905 Patrem,
1088 3840 1274 3910 utique
1300 3839 1504 3895 fontem
1526 3841 1650 3895 vitae
1680 3858 1693 3894 :
1726 3858 1745 3891 ‹
1780 3838 2045 3906 Quoniam

469 3929 607 4000 apud
628 3937 702 3994 te,
728 3930 924 4000 inquit,
945 3930 1064 3986 fons
1084 3931 1228 3996 vitae,
1251 3940 1304 3986 et
1330 3931 1384 3986 in
1407 3931 1606 3986 lumine
1631 3940 1722 3986 tuo
1745 3930 2046 3987 videbimus

470 4021 648 4075 lumen
680 4019 851 4092 (Psal.
880 4021 1070 4094 xxxv),
1098 4023 1225 4094 quia
1253 4023 1394 4078 sicut
1420 4023 1582 4078 Pater
1607 4023 1770 4080 habet
1795 4025 1962 4079 vitam
1989 4016 2048 4081 in

471 4112 780 4180 semetipso,
795 4113 884 4167 hic
901 4112 1047 4168 dedit
1065 4111 1200 4168 Filio
1220 4113 1422 4170 habere
1441 4113 1605 4168 vitam
1623 4115 1677 4168 in
1694 4115 1998 4184 semetipso.
2023 4134 2041 4167 ι

471 4202 624 4269 Quod
657 4211 836 4258 autem
863 4204 1024 4270 dicit,
1074 4222 1093 4255 ‹
1125 4203 1184 4258 In
1213 4203 1378 4260 Jacob
1416 4204 1657 4261 inhabita
1677 4246 1692 4273 ,
1719 4215 1776 4262 et
1802 4207 1856 4262 in
1884 4207 2048 4262 Israel

472 4296 823 4364 haereditare,
861 4316 880 4349 ι
914 4308 1006 4354 aut
1047 4299 1177 4356 illud
1215 4300 1468 4371 exprimit
1503 4300 1645 4370 quod
1677 4301 2048 4356 incarnatione

473 4386 770 4445 Salvatoris
805 4391 1001 4461 pepulo
1035 4391 1256 4448 Iudaico
1285 4394 1697 4463 praesentialiter
1717 4395 1795 4449 uti
1829 4410 2048 4450 conces-

474 4497 596 4534 sum
623 4489 740 4546 est,
774 4482 916 4536 sicut
944 4482 1057 4551 ipse
1086 4485 1154 4538 ad
1175 4483 1496 4540 Cananzeam
1527 4486 1809 4542 mulierem
1833 4501 2051 4558 respon-

2140 2015 2159 2048 (
2198 2012 2318 2051 rum
2339 1997 2577 2054 detentio
2604 2014 2743 2054 mea.
2772 2019 2790 2051 ›
2828 1999 2956 2055 Sion
2987 1999 3152 2071 igitur
3172 2009 3226 2056 et
3252 2001 3591 2056 Hierusalem
3616 2015 3728 2056 non

2136 2089 2295 2143 aliam
2327 2089 2628 2160 significant
2658 2106 2819 2161 quam
2854 2092 3127 2147 civitatem
3156 2092 3270 2158 Dei,
3298 2102 3543 2148 sanctam
3574 2093 3731 2147 vide-

2135 2178 2260 2233 licet
2279 2178 2594 2245 Ecclesiam,
2627 2196 2746 2251 quae
2774 2198 2807 2236 a
2850 2183 3026 2252 primo
3053 2182 3224 2238 electo
3250 2199 3419 2253 usque
3449 2184 3508 2238 in
3545 2184 3734 2238 novis-

2137 2270 2334 2326 simum
2371 2272 2706 2326 aedificatur:
2739 2272 2807 2327 de
2839 2289 2944 2343 qua
2973 2290 3070 2345 per
3106 2274 3447 2330 Psalmistam
3487 2275 3731 2330 dicitur:

2144 2379 2162 2411 ι
2191 2360 2528 2417 Hierusalem
2569 2378 2687 2432 quae
2710 2363 3007 2419 aedificatur
3034 2375 3095 2419 ut
3135 2366 3346 2431 civitas,
3383 2365 3536 2434 cujus
3559 2368 3734 2436 parti-

2138 2454 2334 2523 cipatio
2379 2455 2496 2525 ejus
2544 2455 2599 2509 in
2649 2456 2882 2526 idipsum
2927 2456 3120 2529 (Psal.
3153 2459 3342 2532 cm).
3383 2479 3402 2511 ι
3429 2459 3500 2514 Ει
3556 2461 3729 2514 item:

2147 2562 2166 2596 ι
2195 2544 2587 2612 Fundamenta,
2616 2546 2810 2614 inquit,
2833 2545 2949 2614 ejus
2971 2548 3023 2602 in
3051 2548 3324 2604 montibus
3349 2550 3576 2615 sanctis,
3613 2549 3735 2603 dili-

2141 2638 2218 2709 git
2263 2637 2520 2694 Dominus
2543 2646 2728 2709 portas
2770 2639 2901 2696 Sion
2935 2656 3098 2712 super
3144 2643 3326 2697 omnia
3374 2642 3732 2698 tabernacula

2141 2728 2325 2784 Jacob.
2379 2727 2623 2784 Gloriosa
2651 2729 2793 2784 dicta
2822 2740 2948 2786 sunt
2995 2733 3060 2786 dc
3103 2742 3176 2799 te,
3207 2734 3398 2788 civitas
3422 2734 3519 2788 Dei
3553 2731 3732 2804 (Psal.

2142 2821 2384 2892 Lxxxvi).
2428 2840 2448 2873 ι
2475 2821 2534 2875 In
2569 2821 2671 2876 hac
2717 2837 2846 2893 ergo
2871 2823 3135 2893 sapientia
3160 2823 3255 2879 Dei
3286 2824 3528 2894 quotidie
3550 2823 3740 2878 fructi-

2144 2914 2289 2980 ficat,
2321 2913 2445 2985 quia
2472 2913 2672 2971 electos
2698 2931 2828 2971 suos
2853 2917 2908 2970 in
2936 2917 3197 2971 unitatem
3231 2915 3355 2970 ﬁdei
3383 2930 3496 2970 suae
3533 2914 3735 2968 ibidem

2144 3014 2462 3078 congregat;
2491 3007 2564 3063 ibi
2588 3016 2644 3063 et
2673 3008 2982 3078 requiescit,
3011 3009 3136 3078 quia
3164 3015 3473 3063 sanctorum
3511 3021 3734 3061 suorum

2143 3100 2233 3171 pia
2255 3101 2552 3156 intentione
2589 3110 2644 3157 et
2666 3102 2806 3156 bona
2842 3102 3127 3158 devotione
3175 3100 3544 3156 exbilarescit.
3573 3117 3593 3150 ι
3631 3098 3736 3155 Su-

2144 3205 2241 3263 per
2265 3206 2449 3261 quem,
2480 3191 2675 3261 inquit,
2706 3192 2997 3263 requiescit
3043 3191 3268 3262 spiritus
3293 3205 3468 3256 meus,
3500 3190 3606 3244 nisi
3647 3205 3735 3244 su-

2143 3297 2241 3354 per
2287 3281 2546 3337 humilem
2592 3291 2648 3338 et
2697 3282 2940 3353 quietum
2987 3291 3042 3338 et
3080 3292 3402 3338 trementem
3453 3295 3737 3337 sermones

2141 3375 2371 3431 meos?»
2405 3373 2480 3430 Ibi
2513 3382 2568 3429 et
2615 3382 2854 3444 potestas
2889 3373 3005 3441 ejus
3034 3373 3432 3437 manifestatur,
3484 3373 3612 3442 quia
3642 3372 3738 3426 ibi-

2145 3469 2264 3524 dem
2287 3467 2534 3524 voluntas
2558 3467 2674 3539 ejus
2696 3467 2908 3522 assidue
2949 3467 3292 3537 adimpletur.
3312 3466 3562 3521 Potestas
3587 3467 3734 3520 enim

2145 3559 2242 3616 Dei
2271 3559 2398 3616 licet
2422 3577 2690 3632 nusquam
2716 3562 2873 3628 desit,
2899 3561 3026 3632 quia
3054 3560 3236 3617 omnia
3265 3574 3602 3631 quaecunque
3624 3561 3740 3615 vult

2146 3649 2276 3706 facit
2311 3651 2368 3706 in
2415 3651 2554 3708 caelo
2583 3660 2640 3708 et
2667 3653 2723 3707 in
2757 3660 2926 3719 terra,
2976 3652 3033 3707 in
3079 3666 3230 3707 mare
3283 3659 3338 3706 et
3381 3652 3440 3706 in
3483 3651 3737 3706 omnibus

2148 3742 2389 3813 abyssis;
2418 3749 2601 3798 tamen
2629 3745 2702 3799 ibi
2751 3745 2988 3799 maxime
3019 3744 3284 3809 clarescit,
3318 3744 3409 3800 ubi
3438 3755 3738 3816 praecepto-

2148 3851 2268 3889 rum
2303 3837 2421 3906 ejus
2447 3837 2690 3892 custodia
2739 3839 3008 3908 praecipue
3045 3838 3391 3894 convalescit.
3432 3858 3450 3889 ι
3482 3838 3552 3892 Et
3603 3839 3740 3892 radi-

2149 3929 2264 3982 cavi
2317 3931 2369 3982 in
2395 3929 2593 3998 populo
2617 3929 2989 3995 honoriﬁcato,
3020 3939 3075 3986 et
3100 3931 3153 3984 in
3183 3939 3338 4001 parte
3364 3931 3457 3984 Dei
3490 3931 3598 3985 mei
3628 3931 3738 3985 hae-

2148 4017 2352 4072 reditas
2396 4019 2559 4086 illius,
2592 4020 2729 4074 etin
2759 4019 3087 4090 plenitudine
3137 4028 3449 4076 sanctorum
3493 4020 3738 4075 detentio

2148 4126 2290 4165 mea.
2322 4129 2340 4162 ι
2372 4111 2428 4165 1η
2455 4111 2653 4181 pepulo
2683 4111 3063 4178 honorificato,
3096 4112 3225 4167 dicit
3271 4113 3326 4166 in
3360 4111 3559 4181 populo
3587 4111 3740 4166 Chri-

2151 4202 2365 4258 stiano:
2412 4203 2503 4272 qui
2553 4205 2787 4258 nominis
2831 4201 2948 4272 ejus
2993 4204 3187 4275 insigni
3235 4205 3504 4274 praeconio
3541 4205 3743 4258 meruit

2150 4296 2436 4382 honorari;
2469 4298 2569 4377 qui
2587 4314 2714 4369 pars
2737 4297 2853 4367 ejus
2877 4308 2931 4353 et
2952 4299 3242 4354 bzereditas
3269 4300 3488 4379 dicitur,
3519 4301 3648 4369 quia
3675 4301 3740 4354 ad

2152 4401 2351 4445 sortem
2379 4394 2496 4460 ejus
2545 4400 2686 4446 inter
2715 4407 2903 4448 omnes
2944 4392 3191 4447 nationes
3218 4393 3404 4447 mundi
3452 4394 3568 4462 ipse
3595 4393 3742 4446 solus

2150 4482 2407 4552 pertinet,
2438 4492 2494 4537 et
2522 4484 2576 4539 in
2603 4485 2935 4554 plenitudine
2975 4493 3284 4540 sanctorum
3313 4485 3556 4542 detentio
3577 4484 3698 4554 ejus
3725 4490 3754 4538 :‘

473 4574 606 4628 dens
634 4573 709 4627 ait
739 4591 752 4627 :
788 4592 807 4624 ι
843 4572 959 4627 Non
991 4588 1108 4628 sum
1133 4575 1328 4632 missus
1353 4578 1458 4632 nisi
1487 4579 1554 4633 ad
1579 4593 1708 4634 oves
1730 4594 1852 4649 quae
1877 4579 2052 4648 perie-
2073 4613 2129 4674 Β
2153 4575 2408 4644 quoniam
2435 4573 2511 4628 illi
2557 4576 2798 4630 membra
2828 4583 2953 4630 sunt
2972 4576 3218 4645 corporis
3237 4575 3374 4646 ejus,
3399 4575 3513 4645 ipse
3551 4575 3610 4629 tit
3629 4591 3740 4629 om-

475 4672 598 4718 rant
635 4665 824 4718 domus
862 4663 1025 4720 Israel
1056 4664 1268 4736 (Matth.
1303 4668 1390 4740 xv)
1424 4688 1436 4723 :
1474 4688 1492 4721 ι
1526 4678 1581 4724 ει
1616 4669 1682 4724 ad
1712 4671 2002 4740 discipulos
2034 4689 2048 4726 :

483 4774 498 4804 ι
536 4752 781 4820 In‘viam,
807 4755 1002 4824 inquit,
1033 4756 1271 4826 gentium
1300 4773 1366 4811 ne
1393 4757 1656 4824 abieritis,
1689 4768 1743 4814 et
1770 4761 1823 4814 in
1856 4761 2051 4815 civita-

481 4857 559 4903 tes
587 4857 640 4903 et
665 4847 1128 4904 Samaritanorum
1154 4865 1222 4902 ne
1256 4849 1623 4915 intraveritis;
1654 4851 1747 4904 sed
1774 4853 1953 4920 potius
1980 4854 2053 4908 ite

479 4941 546 4994 ad
583 4955 710 4994 oves
747 4955 866 5009 qua:
905 4940 1183 5008 perierunt
1227 4939 1416 4994 domus
1452 4939 1616 4996 Israel
1648 4941 1862 5013 (Matth.
1907 4943 1986 5010 χ).
2025 4962 2045 4996 ι

484 5031 634 5088 Unde
657 5035 711 5086 et
737 5031 790 5085 in
817 5030 1117 5086 Jerusalem
1144 5027 1472 5101 prlinitivam
1498 5031 1789 5088 electorum
1818 5033 1914 5088 Dei
1941 5033 2054 5104 pri-

480 5121 642 5174 mitus
687 5120 927 5174 fundavit
966 5119 1298 5186 Ecclesiam;
1339 5128 1431 5174 aut
1467 5121 1570 5177 hoc
1608 5122 1876 5192 significat
1912 5123 2057 5192 quod

481 5227 586 5266 non
616 5210 789 5266 solum
819 5226 883 5266 ex
925 5210 1119 5281 populo
1154 5212 1366 5282 priore,
1402 5213 1496 5267 sed
1525 5213 1689 5268 etiam
1714 5227 1780 5267 ex
1809 5213 2057 5283 gentibus

482 5303 634 5357 electi
664 5302 758 5356 Dei
783 5303 1115 5357 convocandi
1138 5312 1312 5358 erant.
1336 5301 1502 5359 Iacob
1525 5303 1667 5358 enim
1688 5303 1976 5373 aliquando
2001 5305 2057 5359 in

484 5393 764 5462 Scriptura
790 5409 887 5464 pro
909 5395 1131 5465 antiquo
1154 5393 1252 5448 Dei
1288 5394 1486 5464 populo
1515 5394 1721 5464 positus
1751 5395 2053 5460 invenitur;

481 5485 642 5540 Israel
695 5495 876 5541 autem
916 5502 1015 5558 pro
1053 5486 1206 5555 plebe
1253 5486 1526 5556 sequenti,
1571 5485 1672 5540 hoc
1725 5494 1809 5540 est
1848 5486 2054 5557 gentili.

482 5578 636 5636 Unde
677 5581 731 5635 in
769 5580 976 5650 psalmo
1013 5579 1275 5648 scriptum
1309 5587 1393 5634 est
1430 5599 1443 5634 :
1493 5599 1513 5632 ‹
1546 5579 1784 5635 Laetetur
1804 5579 1972 5635 Jacob
2002 5588 2058 5636 et

483 5673 716 5728 exsultet
739 5671 902 5726 Israel
926 5669 1096 5742 (Psal.
1131 5688 1250 5736 xm,
1279 5672 1481 5743 cxux).
1515 5692 1533 5724 ι
1565 5671 1645 5726 Ex
1672 5680 1900 5740 utroque
1929 5686 2059 5742 ergo

484 5764 679 5835 populo
715 5762 872 5818 electi
915 5762 1010 5818 Del
1047 5763 1114 5819 ad
1155 5764 1314 5819 fidem
1352 5763 1553 5820 Christi
1588 5765 1869 5821 convocati
1911 5773 2057 5834 sunt,

486 5862 543 5910 et
566 5854 823 5911 doctrina:
847 5853 1120 5926 Evangelii
1148 5855 1300 5911 radix
1335 5854 1390 5910 in
1423 5855 1504 5911 eis
1538 5855 1770 5911 firmata.

2159 4664 2248 4719 nia
2277 4664 2332 4718 in
2354 4665 2623 4720 omnibus.
2649 4665 2805 4720 Nullo
2831 4666 2993 4736 igitur
3010 4666 3169 4721 modo
3197 4667 3588 4722 beneficentius
3611 4681 3741 4720 cono

2159 4755 2260 4810 suli
2291 4757 2467 4824 potuit
2495 4756 2677 4826 generi
2722 4758 2977 4823 humano,
3007 4773 3169 4826 quam
3212 4773 3332 4812 cum
3370 4758 3483 4826 ipsa
3535 4757 3628 4811 Dei
3662 4773 3742 4811 sa-

2157 4848 2378 4918 pientia,
2412 4849 2465 4902 id
2487 4857 2570 4903 est
2598 4850 2788 4904 unicus
2809 4849 2976 4905 Filius
3005 4851 3478 4906 consubstantialis
3512 4850 3663 4905 Patri
3688 4862 3741 4906 et

2159 4945 2458 4993 coaeternus
2487 4948 2656 4993 totum
2704 4939 2976 4994 hominem
3024 4940 3297 5011 suscipere
3335 4940 3586 5010 dignatus
3614 4952 3738 4994 est:

2163 5047 2183 5082 ι
2212 5031 2280 5084 Ει
2303 5029 2539 5084 Verbum
2563 5045 2692 5086 caro
2719 5030 2919 5086 factum
2949 5040 3052 5097 est,
3075 5040 3131 5086 et
3156 5031 3417 5085 habitavit
3442 5031 3496 5084 in
3517 5031 3692 5085 nobis.
3717 5050 3736 5082 ι

2161 5121 2240 5176 Ita
2264 5122 2410 5176 enim
2447 5122 2836 5177 demonstravit
2879 5123 3186 5178 carnalibus
3212 5133 3264 5178 et
3302 5138 3409 5177 non
3437 5122 3743 5177 valentibus

2162 5213 2364 5269 intueri
2406 5219 2585 5267 mente
2607 5213 2914 5279 veritatem,
2943 5213 3323 5284 corporeisque
3371 5213 3619 5268 sensibus
3657 5214 3742 5268 de-

2163 5304 2308 5371 ditis,
2334 5320 2497 5375 quam
2536 5304 2812 5360 excelsum
2840 5304 3015 5360 locum
3056 5306 3198 5360 inter
3223 5315 3502 5361 creaturas
3545 5306 3742 5361 habeat

2161 5395 2398 5450 humana
2424 5404 2636 5460 natura,
2669 5395 2812 5465 quod
2851 5410 2957 5451 non
2995 5396 3166 5452 solum
3185 5397 3490 5451 visibiliter.
3523 5396 3658 5451 Nam
3687 5397 3740 5451 id

2166 5495 2377 5558 poterat
2425 5496 2479 5541 et
2523 5486 2578 5540 in
2622 5485 2798 5557 aliquo
2822 5489 3055 5542 aethereo
3087 5504 3312 5558 corpore
3337 5490 3403 5543 ad
3429 5497 3740 5543 nostrorum

2168 5585 2482 5647 aspectuum
2509 5576 2850 5632 tolerantiam
2871 5587 3188 5648 temperato,
3219 5580 3312 5634 sed
3355 5579 3662 5634 hominibus
3686 5580 3738 5632 in

2165 5685 2294 5724 vero
2322 5669 2540 5725 homine
2562 5670 2830 5740 apparuit.
2860 5670 2979 5739 Ipsa
3005 5671 3147 5725 enim
3170 5679 3359 5724 natura
3397 5669 3738 5740 suscipienda

2165 5771 2302 5826 erat,
2337 5776 2456 5832 quae
2509 5761 2818 5828 liberanda;
2855 5771 2910 5816 et
2939 5778 3008 5817 ne
3055 5763 3176 5832 quis
3208 5761 3346 5817 forte
3395 5776 3554 5816 sexus
3581 5776 3613 5813 a
3642 5773 3742 5814 suo

2165 5859 2413 5930 creatore
2448 5865 2508 5908 se
2551 5859 2915 5922 contemptum
2954 5860 3167 5921 putaret
3191 5892 3206 5916 ,
3255 5851 3429 5905 virum
3476 5848 3732 5918 suscepit,
