4030 6468
281 383 388 442 929

1138 371 1512 438 (ΞΟΜΜΕΝΤΪ
1535 377 1604 435 ιΝ
1641 377 2252 439 ECCLESIASTICUM.
2295 373 2375 423 -Σ
2400 371 2530 438 LIB.
2570 379 2636 437 ν.

3452 383 3560 442 930

279 503 446 554 natus
479 508 546 549 ex
581 491 781 548 femina
833 498 936 559 est,
967 492 1105 548 nihil
1128 495 1238 562 egit
1267 495 1341 561 vi,
1388 493 1484 548 sed
1526 493 1708 550 omnia
1743 509 1868 549 sua—
1894 493 1948 555 A
1972 495 2088 564 ipse
2112 495 2373 552 Dominus
2406 513 2419 550 :
2456 516 2475 549 ι
2511 497 2624 568 Ego
2650 495 2932 564 Dominus,
2964 495 3057 569 qui
3087 497 3332 570 eruivos
3358 499 3426 560 de
3449 515 3563 560 wr-

281 590 459 648 dendo
503 594 558 644 et
592 586 885 653 monendo,
925 586 1051 642 licet
1080 596 1323 643 ementes
1371 595 1426 643 et
1452 588 1748 643 vendentes
1778 585 1874 642 ﬂa-

280 682 532 758 gellando
558 680 718 751 ejecit
761 680 826 737 de
860 680 1080 748 templo.
1114 680 1219 736 Sed
1263 681 1394 752 quid
1419 680 1546 748 hoc,
1575 690 1672 737 aut
1698 695 1872 750 quan-

282 785 399 830 tum
427 773 542 830 est?
566 773 814 843 quamvis
843 781 899 826 et
933 773 1204 828 dremones
1252 771 1494 827 nolentes
1542 771 1611 826 ab
1641 770 1876 827 homini—

279 869 404 934 bus,
427 883 534 924 non
557 881 807 922 sermone
829 865 1115 930 suasionis,
1136 865 1231 921 sed
1257 865 1308 920 vi
1327 866 1608 936 potestatis
1631 862 1871 934 ejeccrit.

283 957 466 1012 Veteri
497 957 695 1029 quippe
732 957 994 1012 servitute
1042 964 1315 1012 transacta
1369 964 1580 1028 tempus
1609 955 1876 1011 libertatis

282 1051 556 1116 illuxerat,
582 1057 638 1105 et
658 1058 958 1122 opportune
971 1050 1086 1121 jam
1107 1049 1311 1106 homini
1337 1049 1688 1116 suadebatur,
1714 1058 1878 1119 atque

285 1143 576 1198 salubriter
602 1157 765 1212 quam
790 1141 962 1197 libero
995 1150 1140 1197 esset
1189 1149 1404 1198 creatus
1429 1142 1680 1207 arbitrio,
1711 1143 1878 1196 mira-

283 1231 419 1288 culis
445 1231 757 1287 conciliavit
792 1231 952 1286 ﬁdem
979 1232 1113 1299 Deo,
1139 1233 1231 1303 qui
1279 1239 1399 1290 erat
1431 1232 1674 1303 passioni
1704 1232 1875 1304 subji-

283 1323 510 1379 ciendus
537 1323 593 1377 in
622 1323 842 1378 homine
864 1337 1025 1392 quem
1061 1326 1302 1395 gerebat.

359 1436 378 1468 ι
412 1415 578 1483 Quasi
606 1416 802 1471 cedrus
836 1415 1073 1471 exaltata
1120 1432 1239 1472 sum
1265 1417 1323 1472 in
1366 1417 1593 1485 Libano,
1623 1426 1681 1474 et
1721 1419 1876 1488 quasi

286 1526 306 1558 ‹
342 1522 633 1578 cypressus
653 1507 710 1562 in
737 1515 921 1563 monte
952 1507 1100 1564 Sion.
1134 1529 1152 1561 ι
1174 1508 1380 1565 Codrus
1407 1509 1552 1565 enim
1577 1518 1631 1564 et
1660 1525 1878 1581 cypres-

283 1617 375 1655 sus
404 1602 630 1658 arbores
670 1611 797 1657 sunt
831 1602 1130 1659 altitudinis
1168 1603 1404 1671 eximiae,
1435 1614 1491 1660 et
1529 1605 1712 1660 odoris
1739 1620 1881 1677 pra:-

282 1694 447 1762 cipui.
478 1693 715 1751 Libanus
741 1711 900 1751 mons
925 1706 1011 1752 est
1035 1696 1354 1753 Phoenicum
1382 1697 1701 1765 altissimus,
1723 1700 1880 1771 cujus

282 1786 650 1842 meminerunt
697 1789 994 1859 prophetae,
1027 1791 1204 1846 dictus
1234 1808 1264 1845 a
1293 1793 1472 1859 thure,
1497 1792 1625 1862 quia
1652 1793 1728 1848 ibi
1767 1794 1878 1850 col-

1975 585 2167 653 vitute,
2193 603 2300 658 qua
2321 588 2699 660 Opprimebant
2726 603 2824 646 vos
2847 588 3112 662 Egyptii,
3139 599 3201 647 ut
3239 592 3562 659 incederetis

1976 678 2112 734 recti
2143 676 2340 750 (Exod.
2367 679 2463 754 v1).
2496 701 2514 733 ι
2549 680 2737 736 Palma
2767 690 2949 738 autem
2993 699 3187 740 manus
3212 684 3453 742 victricis
3478 694 3566 750 est

1975 779 2230 840 ornatus;
2284 773 2379 830 sed
2425 781 2480 829 et
2530 775 2671 844 apud
2700 775 2951 846 antiquos
2973 776 3283 848 quicunque
3310 778 3366 833 in
3387 787 3566 834 certa-

1976 865 2123 921 mine
2157 865 2440 933 vicissent,
2470 867 2647 938 palma
2677 883 2842 925 aurea
2891 868 3308 926 coronabantur.
3343 869 3565 926 Statura

1976 971 2105 1030 ergo
2125 974 2337 1030 sponsae
2355 962 2690 1018 assimilatur
2711 963 2924 1034 palmm,
2945 980 3068 1021 cum
3091 973 3272 1022 erecta
3301 966 3358 1021 in
3377 981 3566 1023 amore

1978 1066 2335 1122 supernorum
2362 1055 2540 1112 omnis
2568 1055 2798 1111 intentio
2827 1055 3064 1112 ﬁdelium
3121 1057 3450 1125 meditatur;
3483 1058 3566 1112 in-

1978 1145 2138 1200 terim
2168 1145 2224 1200 in
2253 1146 2368 1200 acie
2396 1147 2702 1203 consistens
2747 1147 2999 1205 bravium
3031 1149 3181 1216 illud,
3214 1165 3322 1220 quo
3370 1150 3566 1207 victrix

1980 1237 2133 1294 ﬁnito
2152 1254 2323 1311 agone
2347 1240 2596 1297 donanda
2617 1249 2722 1298 est.
2747 1241 2882 1298 Item
2913 1242 3040 1313 quia
3065 1243 3243 1313 palma
3293 1243 3568 1300 inferiori-

1978 1327 2082 1385 bus
2111 1347 2303 1403 aspera
2325 1333 2559 1401 videtur,
2587 1336 2642 1389 in
2671 1350 2883 1391 summo
2905 1342 3085 1390 autem
3110 1335 3571 1406 pulchritudinem

1979 1429 2034 1477 et
2055 1421 2266 1479 fructus
2313 1425 2637 1482 suavitatem
2666 1427 2923 1494 ostendit,
2953 1427 3151 1484 merito
3187 1427 3317 1484 huic
3357 1436 3570 1485 statura

1980 1517 2310 1572 assimilatur
2360 1518 2636 1586 Ecclesiae,
2671 1520 2784 1576 sive
2823 1520 3017 1575 animae
3065 1519 3328 1592 cujusque
3373 1521 3570 1589 ﬁdelis,

1981 1623 2103 1678 qua:
2129 1624 2350 1680 asperos
2375 1627 2474 1681 pro
2497 1610 2728 1667 Domino
2748 1620 2931 1682 portat
2960 1611 3017 1667 in
3046 1619 3192 1669 terra
3220 1613 3455 1680 labores,
3476 1613 3573 1674 sed

1981 1703 2290 1758 mercedem
2316 1717 2348 1757 a
2382 1703 2614 1762 Domino
2657 1705 3023 1775 gratissimam
3069 1706 3317 1777 accipere
3364 1721 3424 1762 se
3452 1721 3575 1778 spe-

1983 1803 2065 1849 rat
2112 1795 2165 1849 in
2195 1795 2354 1852 coelo.
2385 1795 2593 1866 Aspera
2623 1804 2708 1852 est
2754 1796 2933 1868 palma
2982 1796 3139 1867 juxta
3193 1806 3417 1865 terram,
3445 1798 3575 1866 quia

285 1877 491 1949 ligitur.
526 1878 658 1936 Sion
684 1890 867 1938 autem
914 1882 1066 1938 collis
1095 1891 1180 1938 est
1212 1884 1549 1942 Hierusalem
1578 1886 1878 1955 superemi-
1904 1869 1956 1930 Β
1980 1887 2417 1958 persecutionem
2459 1889 2742 1959 patiuntur
2798 1896 3022 1960 propter
3070 1888 3340 1958 justitiam
3392 1887 3572 1944 electi.

283 1987 420 2028 nens
450 1974 595 2040 urbi,
625 1982 682 2030 et
709 1975 1103 2047 interpretatur
1132 1981 1432 2050 speculum.
1466 1981 1593 2038 Haec
1626 1997 1758 2052 ergo
1781 1995 1880 2038 no-

282 2065 431 2119 mina
459 2065 715 2121 arborum
763 2074 820 2121 et
842 2068 1109 2124 montium
1136 2073 1466 2127 conveniunt
1510 2074 1883 2131 eminentiori-

282 2154 387 2210 bus
435 2154 643 2213 Christi
684 2159 968 2226 membris,
999 2161 1093 2230 qui
1119 2176 1242 2216 cum
1274 2163 1532 2234 Apostolo
1558 2165 1738 2222 dicere
1760 2182 1886 2238 pos-

283 2256 410 2302 sunt
436 2267 448 2303 :
484 2268 503 2299 ι
537 2248 742 2306 Christi
763 2252 938 2308 bonus
955 2252 1090 2309 odor
1116 2269 1304 2311 sumus
1334 2256 1445 2312 Deo
1467 2256 1552 2329 (II
1575 2256 1698 2313 Cor.
1730 2259 1824 2330 n);
1856 2278 1876 2311 ι

284 2346 359 2405 et,
397 2359 416 2390 ι
447 2339 644 2397 Nostra
671 2345 1016 2400 conversatio
1045 2345 1103 2399 in
1133 2346 1286 2402 coelis
1331 2356 1416 2404 est
1447 2349 1669 2420 (Philip.
1709 2351 1824 2424 ιιι);
1856 2371 1876 2406 ›

283 2438 360 2495 ει,
398 2448 416 2480 ι
454 2430 586 2498 Quis
629 2447 730 2487 nos
773 2434 1048 2503 separabit
1075 2449 1105 2488 a
1135 2435 1403 2493 charitate
1452 2437 1652 2495 Christi
1698 2439 1878 2513 (Rom.

285 2518 440 2591 vni)?
473 2540 492 2572 ι
525 2521 592 2576 Et
621 2521 848 2592 reliqua.
880 2522 987 2578 Sed
1011 2531 1066 2579 et
1087 2525 1192 2580 hoc
1217 2526 1362 2596 quod
1403 2529 1540 2584 odor
1574 2531 1723 2586 cedri
1760 2546 1880 2587 ser-

283 2619 475 2681 pentes
525 2612 841 2669 interimere
865 2622 920 2670 et
949 2615 1140 2686 fugare
1180 2617 1334 2686 solet,
1361 2619 1517 2688 juxta
1544 2620 1675 2678 illud
1707 2631 1882 2692 poeta:

289 2700 612 2773 (Vincimus,
637 2701 826 2775 Georg.
845 2705 928 2777 ιιι)
955 2724 969 2760 :

415 2816 565 2892 Disce
589 2823 642 2870 et
675 2820 922 2892 odoratam
947 2821 1151 2873 stabulis
1171 2826 1444 2892 accendere
1466 2827 1690 2892 cedrum,

419 2880 768 2944 Galbaneoque
792 2884 982 2945 agitare
1002 2898 1182 2948 graves
1200 2887 1369 2939 nidore
1390 2889 1672 2941 chelidros:

290 2985 492 3040 eisdem
541 2988 743 3042 sanctis
774 2987 1090 3045 doctoribus
1118 3003 1486 3063 congruenter
1521 3003 1759 3067 aptatur,
1790 2997 1884 3068 qui

287 3075 489 3130 virtute
519 3076 670 3132 verbi
701 3077 936 3135 caelestis
980 3081 1155 3136 solent
1183 3095 1448 3140 venenata
1496 3088 1881 3145 haereticorum

1983 1978 2214 2035 Pulchra
2241 1987 2296 2036 et
2331 1979 2504 2036 dulcis
2533 1981 2588 2036 in
2619 1995 2851 2048 summo,
2885 1981 3012 2052 quia
3048 1981 3284 2052 gaudent
3324 1982 3382 2038 in
3429 1995 3577 2051 pres-

1983 2073 2126 2128 suris
2160 2080 2214 2128 et
2240 2071 2534 2138 exsultant,
2559 2071 2794 2128 scientes
2821 2089 2842 2124 ι
2869 2073 3126 2144 quoniam
3154 2086 3368 2129 merces
3385 2086 3576 2128 eorum

1984 2165 2203 2235 copiosa
2232 2174 2317 2220 est
2362 2165 2418 2220 in
2465 2164 2639 2222 caelis.
2673 2185 2692 2220 ›
2736 2165 2871 2222 Item
2899 2168 3043 2236 quod
3091 2165 3271 2236 palma
3305 2164 3578 2222 diuturnis

1986 2265 2072 2314 est
2095 2257 2292 2313 vestita
2341 2256 2647 2324 frondibus,
2675 2265 2732 2313 et
2775 2257 2903 2314 folia
2931 2272 3029 2314 sua
3077 2258 3195 2314 sine
3233 2255 3580 2313 successione

1985 2357 2294 2416 conservat,
2331 2349 2454 2420 quis
2480 2364 2589 2405 non
2631 2349 2818 2405 videat
2843 2350 2988 2420 quod
3024 2358 3210 2421 typum
3238 2355 3423 2405 teneat
3467 2355 3580 2404 sta-

1985 2448 2121 2498 turae
2153 2441 2316 2496 ﬁdei?
2366 2456 2488 2513 quae
2520 2441 2768 2497 variante
2803 2448 2948 2498 statu
2992 2441 3173 2498 saeculi
3226 2440 3462 2496 labentis
3489 2454 3582 2496 ea-

1985 2533 2110 2588 dem
2163 2548 2378 2605 semper
2426 2534 2592 2590 verba
2645 2541 2810 2610 rectae
2859 2533 3215 2590 confessionis
3243 2532 3400 2604 quasi
3451 2531 3581 2587 folia

1982 2642 2266 2698 nunquam
2287 2627 2506 2697 lapsura
2528 2626 2749 2692 retinet,
2774 2626 3024 2682 eamdem
3043 2641 3270 2696 operum
3292 2625 3582 2696 perfectio-

1983 2733 2132 2785 nem,
2159 2734 2323 2789 quam
2348 2719 2417 2774 ab
2442 2717 2600 2774 initio
2623 2720 2788 2789 cepit,
2813 2718 2969 2788 quasi
3017 2719 3266 2775 decorem
3298 2717 3580 2789 palmitum

1983 2825 2156 2881 usque
2182 2811 2248 2865 ad
2291 2809 2454 2866 ﬁnem
2505 2809 2686 2866 saeculi
2733 2810 2789 2864 in
2823 2809 3015 2865 electis
3045 2809 3157 2864 suis
3204 2808 3582 2865 intemeratam

1985 2901 2259 2957 custodit?
2285 2900 2426 2971 Apte
2456 2909 2636 2956 autem
2663 2900 2855 2970 palmae
2889 2899 3207 2956 exaltationi
3233 2899 3406 2956 Cades
3432 2900 3585 2956 locus

1987 2993 2295 3063 deputatur.
2321 2993 2546 3062 Legitur
2581 3008 2711 3064 ergo
2740 2993 2796 3047 in
2833 2991 3196 3048 Numerorum
3240 2991 3400 3057 libro,
3423 2991 3588 3046 trice-

1987 3085 2126 3140 sima
2154 3085 2317 3140 tertia
2345 3083 2631 3140 mansione
2660 3083 2801 3140 ﬁlios
2845 3082 3011 3139 Israel
3057 3090 3236 3138 castra
3262 3089 3494 3138 metatos
3530 3081 3584 3136 in

291 3164 546 3234 dogmata
577 3168 860 3238 repellere,
888 3185 1090 3241 eosque
1136 3189 1167 3227 a
1203 3174 1529 3245 simplicium
1565 3180 1885 3236 seductione
1919 3233 1956 3245 ,_
1989 3177 2204 3233 deserto
2233 3175 2349 3243 Sin,
2372 3177 2490 3232 haec
2517 3183 2601 3232 est
2621 3174 2814 3242 Cades,
2846 3173 2939 3230 ubi
2977 3173 3146 3228 Maria
3172 3181 3386 3230 mortua
3423 3179 3510 3228 est
3533 3180 3590 3227 et

289 3253 498 3325 fugare.
527 3255 642 3313 Hoc
689 3275 904 3329 quoque
932 3233 1078 3331 quod
1119 3263 1236 3334 ejus
1282 3233 1484 3334 resina,
1535 3284 1655 3338 quae
1685 3271 1885 3326 caedria
1912 3233 1969 3298 C‘
1990 3266 2220 3339 sepulta,
2244 3276 2301 3322 et
2325 3233 2551 3337 propter
2597 3282 2767 3334 aquas
2801 3233 3258 3321 ’contradictionis
3287 3263 3498 3338 Moyses
3533 3271 3588 3319 et

291 3346 513 3414 dicitur,
541 3349 598 3403 in
624 3353 1012 3409 conservandis
1038 3354 1192 3412 libris
1219 3357 1354 3414 adeo
1381 3369 1466 3415 est
1490 3361 1661 3429 utilis,
1684 3373 1745 3418 ut
1763 3379 1888 3434 per—

288 3440 432 3496 liniti
463 3458 532 3498 ex
556 3458 621 3498 ea
645 3460 746 3500 nec
765 3446 943 3502 tineas
969 3449 1263 3518 patiantur,
1286 3467 1389 3507 nec
1426 3460 1671 3524 tempore
1696 3469 1889 3511 conse-

291 3542 540 3601 nescant,
572 3537 694 3605 quis
729 3553 840 3593 non
873 3540 1057 3595 videat
1101 3550 1363 3612 quantum
1401 3545 1604 3602 eisdem
1633 3549 1889 3617 praedica-

291 3627 500 3683 toribus
549 3631 752 3686 sanctis
799 3633 1119 3688 conveniat?
1168 3650 1399 3705 quorum
1447 3653 1608 3694 sensu
1658 3640 1886 3710 spiritali

293 3722 576 3794 Scriptura
599 3735 789 3782 sancta
819 3727 1065 3784 confecta
1118 3739 1224 3797 est,
1263 3747 1384 3803 quae
1413 3732 1560 3786 nulla
1608 3734 1888 3790 haeretico—

291 3831 415 3870 rum
448 3819 650 3874 astutia
681 3823 978 3892 corrumpi,
1019 3825 1165 3879 nulla
1210 3833 1391 3896 potest
1441 3827 1622 3882 saeculi
1656 3827 1888 3884 labentis

291 3914 452 3964 actate
479 3912 724 3966 consumi
753 3931 765 3966 :
792 3914 951 3981 adeo,
991 3934 1010 3966 ‹
1039 3925 1101 3971 ιιι
1129 3917 1298 3973 donec
1324 3926 1571 3975 transeat
1615 3919 1810 3975 caelum
1834 3928 1892 3974 et

294 4006 464 4066 terra,
498 4001 609 4057 iota
634 4003 820 4058 'unum
868 4014 963 4060 aut
999 4023 1138 4063 unus
1188 4024 1325 4079 apex
1382 4027 1490 4066 non
1536 4019 1825 4081 praetereat
1858 4025 1890 4066 e

292 4087 430 4160 lege,
461 4090 630 4147 donec
652 4094 834 4149 omnia
873 4095 1045 4151 ﬁant:
1083 4117 1100 4151 ι
1138 4101 1281 4170 quod
1313 4117 1437 4156 cum
1473 4102 1673 4157 dixerit
1707 4102 1891 4158 Domi-

292 4200 396 4240 nus
426 4184 492 4239 dc
517 4184 654 4257 lege,
683 4197 887 4256 quanto
937 4189 1110 4261 magis
1137 4191 1205 4246 de
1252 4191 1545 4264 Evangelia
1594 4193 1892 4262 intelligen-

295 4277 423 4331 dum
452 4278 704 4347 reliquit?
725 4279 1028 4351 Cypressus
1053 4283 1220 4338 etiam
1248 4283 1397 4340 inneo
1421 4284 1565 4354 quod
1612 4284 1891 4341 medendis

295 4376 420 4437 apta
447 4377 530 4425 est
561 4385 851 4441 corporum
879 4373 1244 4442 passionibus,
1282 4376 1428 4445 quod
1477 4391 1589 4432 suae
1637 4383 1892 4432 venusta-

295 4468 406 4515 tem
445 4475 613 4516 comae
661 4463 810 4519 nullo
859 4472 1147 4520 ventorum
1193 4464 1432 4536 impulsu
1473 4465 1714 4537 deponit,
1757 4481 1890 4521 con-

297 4553 557 4608 stantiam
586 4556 844 4626 exprimit
869 4556 1169 4628 eorumque
1191 4557 1460 4613 actionem
1491 4558 1584 4627 qui
1608 4557 1891 4614 altioribus

293 4644 558 4700 virtutum
575 4648 859 4704 ornatibus
879 4657 1120 4704 sanctam
1143 4650 1441 4706 Ecclesiam
1465 4652 1744 4707 decorant.

373 4755 391 4788 ι
425 4737 592 4806 Quasi
617 4739 796 4810 palma
821 4742 1055 4798 exaltata
1079 4759 1200 4800 sum
1229 4744 1286 4800 in
1312 4743 1506 4801 Cades.
1543 4765 1561 4798 ι
1598 4744 1784 4801 Palma
1807 4754 1892 4802 est

297 4832 460 4886 arbor
508 4833 778 4890 diuturnis
828 4835 994 4902 foliis,
1041 4845 1098 4892 et
1143 4837 1400 4893 suavibus
1444 4837 1656 4908 pomis;
1710 4838 1890 4907 palma

297 4922 464 4990 dicta,
489 4924 618 4994 quia
647 4941 842 4980 manus
870 4927 1112 4982 victricis
1139 4938 1365 4983 ornatus
1393 4937 1494 4995 est,
1519 4928 1602 4982 vel
1629 4929 1775 4998 quod
1793 4944 1892 4999 op-

296 5017 483 5086 pansis
539 5025 624 5074 est
674 5019 840 5074 ramis
870 5019 926 5074 in
973 5021 1193 5075 modum
1239 5019 1433 5092 palmae
1481 5020 1736 5076 hominis.
1795 5020 1893 5076 Est

299 5108 443 5163 enim
491 5109 654 5164 arbor
696 5108 908 5182 insigne
932 5110 1195 5176 victoriae,
1234 5126 1570 5180 proceroque
1599 5126 1664 5165 ac
1692 5110 1891 5166 decoro

299 5197 535 5268 virgulto
565 5198 940 5270 diuturnisque
977 5200 1174 5256 vestita
1208 5198 1506 5257 frondibus.
1540 5200 1694 5257 Hanc
1717 5199 1891 5258 Graaci

299 5291 607 5360 phoenicem
652 5291 859 5358 dicunt,
890 5292 1036 5363 quod
1069 5293 1161 5348 diu
1207 5291 1386 5358 duret,
1417 5308 1485 5348 ex
1514 5293 1734 5349 nomine
1774 5291 1892 5349 avis

302 5383 448 5440 illius
473 5383 705 5452 Arabiae,
734 5400 856 5455 quae
905 5385 1095 5441 multis
1140 5385 1298 5442 annis
1325 5387 1509 5442 vivere
1551 5386 1889 5457 perhibetur.

302 5475 430 5532 Haec
459 5491 589 5547 ergo
610 5477 772 5532 arbor
805 5490 1046 5546 procerae
1073 5483 1316 5542 staturae,
1360 5485 1562 5533 sanctae
1608 5491 1891 5547 compara-

308 5576 394 5622 tur
417 5565 690 5633 Ecclesiae,
725 5582 831 5637 qua
877 5567 944 5622 ad
971 5574 1244 5622 terrenam
1285 5567 1780 5639 concupiscentiam
1808 5567 1891 5622 in-

307 5659 524 5715 curvari
548 5660 869 5731 despiciens,
895 5670 1063 5719 totam
1086 5676 1146 5718 se
1171 5662 1239 5716 ad
1269 5661 1508 5717 cmlestia
1533 5660 1893 5732 promerenda

307 5752 560 5810 Sustollit.
582 5755 660 5809 De
689 5771 795 5826 qua
816 5766 1002 5812 monet
1024 5754 1313 5826 Apostolus
1333 5755 1520 5811 dicens
1547 5770 1559 5808 :
1590 5772 1609 5806 ι
1639 5753 1890 5826 Vigilate,

1913 4604 1970 4666 D

1988 3358 2172 3416 Aaron
2197 3357 2477 3414 offendunt
2519 3357 2830 3423 Dominum,
2854 3363 2911 3411 et
2956 3355 3317 3426 prohibentur
3350 3354 3587 3409 transire

1987 3448 2280 3508 Iordanem
2302 3447 2493 3520 (Num.
2521 3445 2740 3519 xxxru).
2765 3445 2992 3502 Videtur
3013 3445 3147 3500 mihi
3169 3444 3223 3500 in
3252 3444 3420 3499 Maria
3467 3459 3590 3516 pro-

1987 3542 2173 3615 phetia
2207 3549 2444 3607 mortua,
2477 3540 2532 3595 in
2562 3539 2744 3611 Moyse
2773 3545 2830 3593 et
2853 3537 3034 3594 Aaron
3059 3537 3165 3608 legi
3188 3545 3244 3592 et
3281 3536 3587 3594 sacerdotio

1989 3635 2299 3692 Iudaeorum
2329 3634 2453 3692 ﬁnis
2481 3633 2789 3704 impositus,
2841 3633 2985 3704 quod
3015 3649 3118 3688 nec
3143 3633 3260 3703 ipsa
3286 3634 3352 3689 ad
3377 3641 3587 3690 terram

1990 3728 2429 3798 repromissionis
2457 3727 2844 3783 transcendere
2871 3726 3111 3794 valeant,
3157 3741 3259 3782 nec
3280 3727 3588 3783 credentem

1990 3819 2250 3890 populum
2274 3819 2341 3874 de
2373 3818 2666 3875 solitudine
2692 3816 2855 3887 hujus
2894 3817 3082 3874 mundi
3123 3816 3374 3874 educere.
3401 3816 3504 3875 Ubi
3533 3823 3589 3874 et

1990 3909 2248 3966 Ecclesiae
2275 3917 2448 3966 status
2488 3925 2587 3980 per
2632 3908 2907 3965 Christum
2953 3908 3119 3979 coepit
3145 3908 3412 3974 ordinari,
3463 3907 3588 3977 quia

1993 4005 2110 4075 ipse
2135 4012 2220 4060 est
2244 4002 2367 4059 ﬁnis
2390 4003 2522 4075 legis
2547 4003 2614 4058 ad
2645 4001 2913 4072 justitiam
2939 4002 3090 4058 omni
3119 4001 3382 4058 credenti.
3410 4000 3588 4060 Interv-

1992 4106 2239 4170 pretatur
2279 4105 2460 4153 autem
2511 4094 2685 4151 Cades
2722 4101 2930 4149 mutata
2973 4093 3091 4149 sive
3141 4091 3427 4158 translata,
3469 4105 3590 4161 quae

1994 4193 2216 4248 nomina
2238 4192 2376 4246 bene
2392 4199 2595 4244 sancta:
2619 4186 3242 4253 conveniuntEcclesim,
3265 4201 3386 4255 quae
3406 4193 3590 4242 transe-

1993 4283 2102 4338 lata
2135 4283 2202 4338 ab
2242 4281 2511 4338 idolorum
2537 4279 2768 4346 cultura,
2801 4287 2858 4333 ct
2885 4287 3094 4333 mutata
3121 4293 3152 4332 a
3175 4277 3358 4349 gentili
3378 4293 3586 4344 errore,

1993 4375 2154 4430 unius
2204 4373 2302 4429 Dei
2341 4388 2505 4428 verax
2537 4371 2703 4441 C(Bpit
2753 4384 2877 4426 esse
2923 4368 3142 4425 cultrix.
3195 4368 3361 4436 Quasi
3410 4369 3590 4438 palma

1995 4485 2123 4542 ergo
2148 4469 2419 4525 exaltatur
2445 4468 2500 4522 in
2528 4466 2723 4530 Cades,
2755 4479 2879 4520 cum
2928 4465 3103 4521 sancti
3151 4465 3350 4536 quique
3395 4464 3498 4519 viri
3537 4474 3593 4521 et

1994 4563 2221 4635 perfecti
2249 4564 2305 4618 in
2334 4561 2574 4618 Ecclesia
2617 4560 2723 4616 ﬁde
2763 4565 2818 4615 et
2857 4558 3269 4615 conversatione
3310 4557 3593 4629 eriguntur

1999 4657 2068 4712 ad
2089 4655 2434 4726 quaerendam
2477 4652 2716 4709 caelestis
2755 4650 2906 4721 regni
2952 4650 3206 4721 patriam,
3231 4657 3287 4704 et
3311 4649 3378 4704 ad
3426 4648 3594 4720 possi-

1999 4746 2234 4802 dendum
2258 4745 2384 4799 vitae
2413 4742 2608 4798 futura:
2635 4739 2829 4812 gaudia
2857 4739 3201 4808 sempiterna.
3233 4735 3362 4793 Post
3389 4736 3593 4794 exalta-

1999 4837 2202 4894 tionem
2224 4851 2354 4907 ergo
2381 4833 2595 4890 arboris
2625 4831 2837 4902 palmae,
2861 4827 3105 4900 adjungit
3124 4828 3402 4898 Scriptura
3428 4827 3590 4882 aliam

2000 4924 2434 4988 similitudinem,
2469 4922 2658 4978 dicens
2687 4938 2700 4975 :

2076 5037 2097 5070 ι
2123 5017 2192 5072 Et
2228 5015 2381 5086 quasi
2408 5012 2670 5085 plantatio
2710 5025 2851 5088 rosae
2878 5010 2936 5066 in
2975 5007 3213 5064 Iericho.
3248 5027 3268 5060 ›
3295 5006 3441 5064 Rosa
3467 5021 3588 5077 spe-

2000 5111 2084 5168 cie
2129 5109 2279 5166 ﬂoris
2320 5113 2656 5176 nuncupata,
2683 5104 2829 5174 quod
2872 5101 3115 5158 rutilanti
3167 5101 3348 5158 colore
3374 5099 3587 5156 rubeat.

1999 5201 2125 5258 Haec
2165 5197 2416 5269 martyrii
2466 5193 2736 5267 signiﬁcat
2789 5192 3129 5263 sanguinem.
3169 5189 3385 5248 Iericho
3434 5191 3586 5259 urbs,

1997 5308 2161 5364 quam
2190 5289 2425 5347 Iordane
2470 5297 2809 5358 transgresso
2845 5284 3111 5341 subvertit
3149 5283 3329 5352 Iesus,
3360 5297 3488 5355 rege
3527 5281 3593 5338 il-

1997 5386 2102 5458 lius
2137 5380 2427 5439 interfecto
2454 5399 2467 5435 :
2493 5394 2592 5450 pro
2640 5393 2747 5449 qua
2791 5375 3058 5434 exstruxit
3095 5375 3280 5443 aliam,
3313 5373 3478 5433 Ozam
3523 5374 3591 5430 de

1998 5476 2210 5544 Bethel,
2240 5492 2308 5533 ex
2333 5475 2476 5530 tribu
2496 5471 2776 5544 Ephraim,
2807 5484 2971 5540 quam
2998 5467 3262 5525 Dominus
3283 5475 3446 5539 atque
3471 5465 3592 5522 Sal-

1996 5578 2158 5624 vator
2185 5583 2282 5622 sua
2321 5562 2608 5634 praesentia
2645 5561 2920 5616 illustrare
2960 5558 3212 5631 dignatus
3247 5565 3351 5614 est.
3400 5554 3507 5611 Sed
3532 5559 3591 5609 et

1999 5660 2117 5714 haec
2141 5671 2206 5715 eo
2229 5665 2475 5725 tempore
2495 5667 2603 5723 quo
2629 5649 2968 5706 Hierusalem
2986 5648 3404 5720 oppugnabatur
3427 5659 3458 5697 a
3484 5642 3591 5699 Ro-

1999 5749 2194 5815 manis,
2219 5754 2441 5820 propter
2464 5743 2750 5816 perﬁdiam
2770 5741 2972 5798 civium
3001 5746 3159 5810 capta
3181 5744 3344 5808 atque
3370 5733 3586 5790 destru-

308 5855 454 5913 state
476 5847 534 5907 in
557 5847 686 5932 ﬁde.
706 5822 945 5936 virilium
963 5822 1106 5930 agite
1127 5849 1178 5931 (I
1207 5848 1330 5908 Cor.
1357 5848 1494 5923 xw).
1531 5869 1551 5906 ›
1579 5849 1657 5906 De
1698 5822 1806 5920 qua
1839 5857 1896 5908 et
2001 5854 2092 5906 eta
2117 5852 2232 5914 est;
2258 5858 2357 5917 pro
2377 5856 2484 5927 qua
2511 5839 2673 5901 tertia
2691 5837 2965 5907 aediﬁcata
3001 5839 3086 5892 est
3113 5831 3328 5904 civitas,
3349 5840 3468 5899 quae
3487 5822 3586 5880 b0-
