4030 6476
472 352 573 421 934

1134 341 1195 404 Β.
1234 344 1488 402 RABANI
1525 340 1747 407 MAURI
1780 338 2100 401 ARCillEP.
2141 337 2450 397 MOGUNT.
2490 339 2778 401 OPERUM
2810 340 2988 405 PARS
3024 342 3066 398 Ι.

470 470 664 545 dieque
700 472 1025 541 permanet:
1053 471 1116 521 et
1162 463 1525 525 ostenduntur
1574 460 1860 531 utriusque
1900 456 2052 513 urbis
2078 458 2132 529 Α
2154 451 2260 521 e'st,
2289 454 2344 509 id
2366 462 2471 543 est,
2497 453 2803 511 institutum
2826 463 2908 515 est
2930 454 3135 527 lignum
3174 454 3355 513 erucis
3379 470 3415 510 a
3438 455 3575 522 Deo,
3599 458 3746 528 quod

466 556 691 631 vestigia
734 552 791 613 in
818 563 1142 628 prmsentem
1185 555 1350 611 diem.
1378 553 1515 609 Nam
1548 560 1604 609 et
1627 550 1842 608 Iericho
1884 549 2051 605 inter-

464 659 709 724 pretatur
730 644 1044 724 odorAejus,
1070 642 1157 703 vel
1203 646 1349 713 luna,
1384 664 1404 699 ι
1431 644 1586 716 quasi
1620 640 1884 716 plantatio
1921 655 2053 712 ergo

466 720 603 799 rosa:
631 740 687 797 in
706 720 925 797 Iericho
946 720 976 794 γι
1004 747 1109 809 εει,
1140 755 1265 797 cum
1314 740 1450 797 odor
1476 739 1737 796 virtutum
1777 752 1901 795 cum
1927 750 2053 809 pas-

464 839 618 895 sione
658 837 911 910 martyrii
939 837 995 894 in
1036 844 1349 893 sanctorum
1380 832 1589 893 redolet
1635 831 1866 891 meritis.
1898 830 2053 887 Luna

463 948 593 1005 ergo
620 942 844 1004 propter
874 931 1271 987 incrementum
1300 929 1384 986 sui
1429 925 1650 985 luminis
1694 924 1855 981 simul
1881 932 1936 980 et
1960 923 2054 979 de-

462 1018 798 1089 trimentum,
839 1014 1097 1078 Ecclesiae
1138 1019 1628 1093 peregrinationem
1679 1016 1732 1071 in
1771 1012 2053 1086 prmsentis

461 1113 587 1169 vita:
610 1113 941 1169 mortalitate
962 1111 1264 1182 ﬁguraliter
1287 1108 1561 1183 exprimit.
1596 1104 1700 1165 Ubi
1730 1116 1784 1165 et
1805 1106 1895 1163 alii
1920 1121 2054 1183 quo-

464 1206 596 1263 tidie
618 1216 939 1272 nascuntur,
972 1213 1027 1259 et
1059 1204 1150 1258 alii
1181 1205 1246 1260 de
1272 1202 1375 1269 hac
1403 1203 1514 1257 vita
1535 1208 1838 1268 transerunt.

538 1319 557 1352 ι
591 1300 753 1368 Quasi
802 1299 943 1354 oliva
976 1298 1220 1368 speciosa
1253 1298 1307 1351 in
1354 1294 1580 1367 campis.
1616 1315 1635 1348 ι
1674 1294 1825 1353 Oliva
1865 1292 2055 1353 Graece

461 1392 618 1449 oleon
641 1391 857 1456 dicitur,
881 1402 948 1445 ex
978 1406 1084 1461 quo
1108 1388 1162 1444 in
1192 1384 1446 1443 Latinum
1468 1394 1703 1442 tractum
1723 1393 1808 1441 est
1834 1392 1894 1439 ut
1914 1383 2054 1445 oliva

462 1483 692 1539 dicatur.
739 1483 869 1539 Olea
900 1491 1082 1537 autem
1133 1482 1249 1552 ipsa
1280 1479 1443 1535 arbor
1486 1489 1588 1546 est,
1633 1480 1843 1537 fructus
1887 1479 2052 1544 oliva,

463 1590 659 1630 succus
687 1573 885 1631 oleum.
930 1573 1027 1631 Est
1067 1580 1248 1629 autem
1295 1570 1456 1628 arbor
1500 1568 1651 1647 pacis
1695 1569 1941 1640 insignis.
1989 1569 2058 1625 Et

461 1668 589 1740 quid
616 1684 713 1741 per
754 1667 972 1735 olivam,
1024 1664 1129 1722 nisi
1168 1678 1355 1723 sancta
1404 1658 1648 1721 Ecclesia
1704 1661 2056 1736 designatur?

460 1777 580 1839 qua:
601 1761 652 1816 in
683 1761 890 1835 campis
914 1761 1079 1817 totius
1109 1758 1294 1815 mundi
1324 1757 1717 1829 transplantata
1745 1756 1940 1815 decore
1967 1770 2056 1809 or-
2095 1759 2109 1784 ⁸

2154 563 2366 618 semper
2387 538 2441 603 in
2464 548 2568 603 ﬁde
2588 548 2882 604 viresceret
2908 564 2972 605 ac
2999 556 3289 617 cresceret,
3313 549 3583 621 sequitur,
3611 570 3631 603 ι
3660 567 3747 608 se-

2154 655 2251 695 cus
2293 639 2551 695 decursus
2598 654 2898 711 aquarum,
2926 659 2947 693 ι
2991 640 3047 699 iu
3090 641 3515 713 comparationis
3568 643 3749 714 gratia

2152 739 2485 803 perseverat.
2528 729 2664 789 Nam
2724 731 2866 788 sicut
2918 734 3186 789 terrestris
3241 749 3381 805 aqua
3446 735 3752 791 decurrens

2153 818 2264 880 vita
2306 833 2389 880 est
2417 824 2703 897 lignorum
2729 825 3043 895 virentium,
3082 829 3161 883 sic
3197 842 3335 898 aqua
3374 827 3638 899 spiritalis
3672 829 3749 885 si-

2154 933 2316 991 gnum
2344 917 2524 974 crucis
2550 917 2793 984 inundat,
2825 933 2944 991 qua:
2969 917 3115 974 salus
3136 934 3257 975 esse
3283 918 3522 975 fidelium
3546 935 3753 992 cogno-

2154 1010 2324 1067 scitur
2370 1011 2693 1073 animarum.
2739 1011 2867 1071 Haec
2908 1027 3036 1085 ergo
3083 1029 3224 1086 aqua
3264 1022 3369 1083 est,
3405 1014 3476 1071 de
3525 1030 3637 1085 qua
3695 1016 3751 1071 in

2153 1106 2443 1178 Evangelio
2464 1107 2663 1167 dicitur
2687 1126 2701 1163 :
2729 1126 2747 1163 ι
2773 1106 2833 1167 Si
2855 1107 3023 1163 scires
3040 1110 3163 1179 quis
3179 1116 3286 1173 est,
3306 1108 3449 1179 quia
3472 1116 3527 1164 te
3548 1123 3753 1179 aquam

2152 1201 2307 1272 petit,
2335 1201 2564 1272 petisses
2588 1202 2658 1259 ab
2686 1218 2771 1269 eo,
2794 1212 2853 1261 ut
2879 1203 3034 1261 daret
3060 1203 3157 1259 tibi
3178 1219 3377 1274 aquam
3405 1203 3615 1268 vivam,
3637 1212 3751 1259 etc.

2156 1288 2337 1361 (Joan.
2367 1290 2463 1361 tv).
2501 1311 2519 1342 ι
2555 1290 2745 1362 Opera:
2768 1294 3002 1364 pretium
3054 1302 3139 1351 est
3165 1308 3381 1365 quoque
3408 1294 3757 1365 perpendere

2155 1396 2325 1457 quare
2373 1382 2593 1449 dixerit,
2619 1402 2636 1435 ι
2669 1398 2826 1441 secus
2860 1385 3120 1445 decursus
3160 1401 3451 1455 aquarum,
3481 1405 3503 1438 ι
3537 1386 3755 1442 scilicet

2154 1479 2341 1527 utnec
2380 1472 2546 1529 nimia
2573 1474 2850 1531 inundatio
2888 1475 3094 1547 lignum
3138 1476 3367 1545 deleret,
3409 1493 3514 1535 nec
3549 1478 3756 1534 iterum

2155 1563 2401 1637 irrigatio
2428 1566 2616 1638 procul
2647 1568 2940 1627 constituta
2969 1569 3220 1627 siccaret.
3251 1569 3418 1641 Igitur
3465 1586 3605 1629 crux
3628 1585 3756 1640 pas-

2157 1658 2326 1714 sionis
2366 1659 2568 1716 Christi
2616 1661 2854 1719 exaltata
2896 1669 2978 1721 est
3004 1660 3161 1732 juxta
3199 1678 3396 1736 aquam
3435 1664 3492 1723 in
3531 1665 3755 1736 plateis,

2156 1749 2281 1821 quia
2311 1750 2695 1822 redemptionis
2722 1759 2920 1807 nostrae
2950 1752 3197 1809 mirabile
3221 1763 3628 1813 sacramentum
3653 1772 3758 1828 per

455 1855 578 1910 hem
602 1855 915 1913 universum
940 1852 1194 1919 illustrat,
1219 1862 1274 1908 et
1298 1852 1532 1925 Spiritus
1555 1850 1729 1909 sancti
1760 1850 1933 1923 gratia
1957 1866 2053 1921 per
2079 1846 2128 1915 Β
2154 1840 2598 1912 praedicationem
2623 1842 2898 1913 Evangelii
2924 1843 3156 1899 innotuit
3181 1846 3392 1905 cunctis
3428 1862 3527 1918 per
3560 1849 3759 1905 orbem

454 1948 763 2003 unctionem
814 1947 954 2002 sacri
1004 1944 1317 2003 chrismatis
1359 1941 1668 2003 sanctiﬁcat
1713 1940 2049 2009 credentes;

453 2055 554 2110 per
577 2039 683 2095 olei
711 2055 944 2113 namque
968 2034 1377 2109 pinguedinem,
1403 2051 1508 2105 qua
1534 2043 1589 2090 et
1619 2030 1748 2089 lassi
1776 2041 1939 2105 atque
1970 2033 2053 2087 iu-

454 2130 599 2189 firmi
634 2140 785 2187 artus
820 2140 1163 2198 recreantur,
1194 2138 1250 2186 et
1283 2129 1458 2203 gratia
1487 2135 1780 2200 praestatur
1808 2126 2051 2193 luminis,

459 2220 673 2277 interna
710 2236 851 2292 saepe
891 2221 1111 2276 dilectio
1154 2220 1355 2275 mentis
1384 2228 1441 2275 et
1484 2233 1620 2291 opus
1665 2216 2053 2273 misericordia:

456 2310 793 2383 designatur.
823 2308 963 2367 Hinc
988 2311 1193 2369 etenim
1214 2306 1501 2369 Psalmista
1523 2329 1535 2364 :
1557 2331 1573 2361 ι
1599 2306 1709 2380 Ego
1731 2317 1913 2365 autem
1944 2308 2050 2364 sic-

454 2408 513 2455 ut
556 2402 698 2457 oliva
726 2399 1008 2458 fructifera
1035 2402 1091 2456 in
1126 2400 1289 2458 domo
1326 2396 1580 2456 Domini:
1614 2396 1830 2473 speravi
1856 2400 1911 2457 in
1952 2396 2053 2454 mi-

452 2492 748 2550 sericordia
773 2494 869 2549 Dei
892 2493 999 2548 mei
1023 2492 1078 2553 in
1103 2500 1367 2547 aeternum
1397 2500 1453 2547 et
1488 2492 1544 2549 in
1581 2489 1839 2546 saeculum
1870 2482 2053 2546 saeculi

453 2584 626 2662 (Psal.
666 2589 762 2661 LI).
799 2610 817 2642 ι
845 2587 924 2643 Ac
952 2588 998 2645 si
1036 2597 1288 2660 patenter
1317 2589 1464 2647 dicat
1490 2607 1501 2642 :
1530 2584 1643 2661 Ego
1684 2590 1811 2660 quia
1842 2579 2054 2645 miscri-

452 2678 651 2737 cordia:
680 2680 918 2737 fructum
948 2680 1317 2754 indigentibus
1365 2680 1609 2748 exhibui,
1657 2680 1791 2737 mihi
1838 2696 2054 2753 quoque

348 2811 355 2817 -
452 2774 508 2829 in
538 2782 802 2830 iL‘lCl'llllIn
825 2792 855 2830 a
886 2775 999 2833 Deo
1030 2776 1383 2849 repetendam
1404 2774 1797 2833 misericordia:
1822 2775 2053 2847 gratiam

453 2884 547 2931 spe
558 2884 689 2923 raw.

519 2884 689 2925 cravt.

480 2884 548 3011 pr
580 2961 646 3016 Et
668 2961 827 3031 quasi
863 2960 1117 3030 platanus
1142 2960 1381 3017 exaltata
1410 2976 1530 3017 sum
1574 2956 1734 3029 juxta
1776 2973 1972 3029 aquam
1998 2958 2053 3015 in

458 3072 475 3104 ι
511 3052 724 3122 plateis.
760 3072 778 3105 ›
810 3050 1072 3109 Platanus
1102 3068 1134 3108 a
1162 3052 1451 3109 latitudine
1480 3052 1734 3119 foliorum
1773 3052 1939 3119 dicta,
1969 3051 2054 3109 vel

451 3144 595 3215 quod
650 3143 764 3214 ipsa
811 3145 974 3200 arbor
1016 3143 1200 3217 patula
1243 3145 1316 3201 sit
1358 3152 1416 3199 et
1442 3143 1659 3215 atnpla;
1710 3159 1838 3200 nam
1875 3143 2054 3217 platos

2155 1933 2489 2001 nationibus,
2524 1944 2584 1991 ut
2620 1951 2809 1991 omnes
2840 1947 3198 2007 agnoscerent
3235 1955 3347 1999 suae
3374 1940 3568 1999 salutis
3610 1942 3667 1997 in
3688 1958 3761 1998 eo

2156 2026 2454 2082 consistere
2499 2024 2790 2094 effectum,
2848 2036 2903 2085 et
2962 2029 3191 2101 proinde
3244 2029 3597 2103 Redemptori
3654 2048 3765 2089 suo

2155 2118 2351 2174 merito
2378 2134 2437 2175 se
2458 2118 2774 2192 impendere
2803 2121 3001 2178 debere
3041 2137 3239 2194 purum
3280 2121 3591 2182 dilectionis
3619 2123 3762 2180 alie-

2155 2218 2323 2268 ctum.

2232 2322 2250 2355 ‹
2281 2301 2434 2357 Sicut
2482 2301 2889 2365 cinnamomum
2934 2312 2991 2361 et
3039 2305 3345 2369 balsamum
3383 2307 3761 2371 aromatizam

2161 2411 2181 2445 ι
2208 2393 2430 2448 odorem
2459 2393 2600 2450 dedi.
2633 2415 2651 2447 ι
2680 2394 3098 2459 Cinnamomum
3125 2408 3180 2455 ει
3200 2398 3507 2459 balsamum
3534 2417 3760 2463 aroma-

2155 2483 2277 2540 ticze
2302 2486 2530 2542 arbores
2570 2493 2714 2543 sunt.
2757 2486 2896 2550 Nam
2918 2489 3323 2549 cinnamomum
3348 2494 3577 2562 dictum,
3611 2495 3762 2567 quod

2155 2584 2345 2645 cortex
2373 2576 2487 2649 ejus
2513 2577 2568 2634 in
2589 2579 2807 2637 modum
2831 2597 3020 2639 canna:
3045 2583 3117 2641 sit
3143 2578 3407 2641 rotundus
3425 2595 3481 2645 et
3506 2587 3757 2657 gracilis.

2154 2666 2407 2742 Gignitur
2438 2672 2494 2725 in
2544 2671 2711 2728 Indice
2758 2683 2813 2731 et
2854 2673 3149 2747 Ethiopiaa
3198 2678 3532 2751 regionibus,
3559 2680 3764 2735 frutice

2154 2762 2306 2818 brevi
2328 2764 2558 2819 duorum
2581 2773 2790 2821 tantum
2817 2768 3147 2838 cubitorum,
3174 2770 3357 2827 colore
3380 2772 3645 2847 subnigro
3670 2774 3759 2827 vel

2156 2855 2398 2923 cinereo,
2421 2856 2862 2914 teuuissimarum
2884 2859 3183 2932 virgarum.
3204 2861 3340 2918 Nam
3359 2864 3507 2933 quod
3526 2865 3587 2920 in
3608 2880 3766 2920 cras-

2156 2947 2446 3003 situdinem
2467 2949 2796 3016 extenditur,
2827 2950 3107 3022 despectui
3133 2961 3254 3019 est;
3284 2953 3430 3023 quod
3474 2969 3610 3011 vero
3635 2970 3760 3026 gra-

2155 3039 2310 3097 cilius
2330 3041 2662 3117 provenerit,
2695 3043 2989 3110 eximium;
3034 3044 3181 3116 quod
3210 3060 3335 3105 cum
3362 3045 3660 3118 frangitur,
3681 3049 3763 3103 vi-

2156 3132 2311 3189 sibile
2332 3134 2722 3204 spiramentum
2755 3136 2957 3191 emittit
3002 3138 3069 3192 ad
3097 3138 3390 3209 imaginem
3414 3138 3633 3196 nebula:
3663 3156 3764 3196 seu

449 3235 626 3294 Graeci
650 3235 819 3293 latum
862 3247 1077 3293 vocant.
1110 3237 1393 3308 Expressit
1434 3236 1594 3309 hujus
1642 3236 1859 3293 arboris
1901 3235 2049 3293 Scri-

2156 3225 2411 3299 pulveris.
2444 3224 2519 3281 De
2553 3222 2797 3283 balsamo
2825 3244 2954 3284 vero
2997 3227 3209 3287 Plinius
3233 3228 3521 3287 Secundus
3565 3232 3648 3287 ita
3673 3248 3764 3289 re-

448 3336 608 3400 ptura
635 3338 909 3387 et’nomen
936 3340 993 3387 et
1019 3330 1277 3397 formam,
1306 3331 1494 3387 dicens
1520 3348 1533 3385 :
1564 3349 1582 3383 t
1609 3328 1774 3398 Quasi
1800 3330 2051 3402 platanus

448 3422 674 3478 dilatata
702 3438 822 3479 sum
869 3422 926 3478 in
955 3422 1169 3493 plateis.
1206 3442 1226 3476 ι
1258 3422 1357 3478 Est
1398 3430 1582 3479 autem
1612 3421 1923 3481 tenerrimis
1970 3420 2053 3476 few

450 3514 537 3571 liis
566 3531 629 3571 ac
659 3515 911 3572 mollibus
934 3525 991 3571 et
1010 3516 1201 3571 vitium
1226 3515 1440 3571 similis.
1467 3514 1693 3586 Ilystice
1722 3522 1905 3571 autem
1935 3515 2050 3573 haec

450 3606 612 3661 arbor
634 3606 927 3663 Dominum
951 3606 1229 3661 Christum
1258 3604 1554 3676 significat.
1578 3605 1673 3677 qui
1697 3604 1749 3659 in
1786 3612 1897 3661 toto
1918 3607 2051 3662 orbe

450 3696 509 3753 in
551 3698 814 3751 membris
837 3696 951 3752 suis
978 3697 1259 3762 dilatatur,
1292 3704 1348 3752 et
1381 3697 1814 3755 mansuetudinis
1856 3714 1920 3753 ac
1968 3696 2051 3752 in-

451 3787 718 3845 nocentiae
767 3804 878 3843 suae
917 3788 1117 3858 ubique
1165 3788 1415 3845 fidelibus
1460 3789 1742 3846 salutifera
1782 3798 2052 3845 monstrat

452 3879 718 3949 exempla.
766 3880 841 3935 De
880 3896 987 3950 qua
1028 3880 1223 3935 arbore
1270 3882 1325 3937 in
1360 3882 1584 3954 psalmis
1626 3884 1889 3955 scriptum
1919 3892 2046 3940 est:

458 3989 476 4021 ι
513 3970 581 4025 Ει
610 3972 712 4025 erit
746 3979 1002 4042 tanquam
1046 3971 1253 4042 lignum
1273 3975 1416 4044 quod
1457 3975 1762 4044 plantatum
1789 3984 1871 4033 est
1894 3991 2052 4032 secus

454 4061 715 4117 decursus
741 4080 1002 4133 aquarum
1030 4063 1258 4135 (Psalm.
1285 4067 1346 4138 1).
1377 4086 1395 4118 ›
1422 4066 1587 4131 Bene,
1615 4077 1673 4123 ut
1695 4069 1953 4135 arbitror,
1981 4068 2048 4124 li-

453 4171 562 4226 gno
593 4154 872 4211 fructifera
893 4167 1244 4228 comparatus
1268 4168 1352 4214 est
1377 4160 1637 4217 Dominus
1663 4160 1911 4217 Christus
1933 4177 2053 4231 pro-

454 4254 578 4317 pter
613 4263 849 4315 crucem,
893 4264 1059 4319 quam
1106 4266 1205 4321 pro
1251 4251 1533 4309 hominum
1580 4253 1755 4311 salute
1789 4255 2051 4326 suscepit,

453 4354 574 4409 qua:
607 4341 801 4397 merito
834 4342 1038 4414 lignum
1083 4343 1211 4399 vita:
1235 4342 1459 4411 dicitur,
1490 4347 1708 4418 quando
1746 4356 1800 4404 et
1841 4347 1911 4402 ibi
1940 4349 2049 4404 Do-

454 4433 635 4488 minus
658 4433 925 4502 Christus,
955 4435 1047 4505 qui
1078 4436 1292 4491 estvita
1319 4446 1524 4504 nostra,
1553 4454 1846 4509 suspensus
1868 4447 1971 4502 est,
1998 4448 2055 4495 et

454 4522 648 4577 latroni
676 4525 729 4578 in
754 4524 941 4579 ead‘em
972 4525 1252 4581 confitenti
1277 4525 1480 4582 dictum
1507 4536 1590 4584 cst
1616 4544 1629 4583 :
1670 4548 1688 4581 ι
1724 4528 1898 4584 Amen
1929 4529 2051 4584 dico

2152 3320 2442 3395 fert(Lib.
2480 3341 2582 3392 xu,
2619 3342 2735 3396 cap.
2763 3325 2874 3397 24)
2907 3340 2923 3380 :
2970 3345 2989 3381 ι
3017 3325 3079 3383 In
3124 3326 3317 3385 eodem
3343 3336 3526 3385 tracta
3576 3329 3763 3385 balsa-

2153 3433 2303 3477 mum
2331 3418 2644 3488 aspalathos
2685 3419 2952 3486 nascitur,
3001 3420 3154 3491 spina
3195 3422 3450 3489 candida,
3489 3424 3765 3495 magnitu-

2154 3509 2278 3565 dine
2301 3511 2513 3571 arboris
2553 3511 2802 3578 modicae,
2827 3511 2959 3569 ﬂore
3001 3528 3161 3579 rosae,
3186 3513 3341 3569 radix
3367 3512 3488 3583 ejus
3514 3529 3764 3587 unguen-

2155 3594 2226 3658 tis
2249 3603 2543 3675 expetitur.
2580 3602 2823 3658 Tradunt
2860 3604 2916 3658 in
2965 3620 3289 3676 quocunque
3322 3604 3521 3662 frutice
3565 3622 3763 3663 curvo-

2155 3702 2243 3749 tur
2288 3710 2448 3750 arcus
2484 3693 2721 3749 caelestis
2746 3735 2762 3761 ,
2805 3693 3053 3751 eamdem
3097 3712 3426 3768 quocunque
3472 3696 3763 3768 aspalatho

2154 3787 2484 3842 suavitatem
2509 3786 2694 3842 odoris
2716 3786 2972 3854 existere,
3011 3788 3108 3843 sed
3127 3788 3184 3845 in
3211 3788 3452 3845 balsamo
3477 3789 3761 3845 inenarra-

2154 3880 2317 3937 bilem
2340 3881 2651 3951 quamdam.
2675 3881 2904 3948 Quidam
2933 3898 3059 3937 eam
3081 3884 3507 3956 erysisceptrum
3535 3894 3756 3951 vocant,

2155 3974 2247 4031 alii
2277 3982 2586 4046 sceptrum;
2614 3974 2768 4044 cujus
2805 3976 3055 4046 probatio
3094 3988 3180 4037 est
3210 3978 3267 4033 in
3305 3978 3490 4034 colore
3528 3978 3654 4034 rufo
3676 3980 3763 4036 vei

2153 4067 2332 4140 igneo,
2362 4076 2619 4139 tactuque
2666 4069 2861 4138 spisso,
2894 4077 2949 4123 et
2974 4070 3142 4136 odore
3171 4070 3426 4126 castorei.
3470 4069 3763 4127 Permuta-

2154 4166 2243 4213 tur
2267 4158 2322 4213 in
2367 4158 2536 4214 libras
2563 4159 2893 4229 quindecim.
2922 4178 2939 4209 ›
2977 4158 3104 4216 lltec
3147 4178 3278 4233 ergo
3316 4163 3423 4217 duo
3463 4162 3760 4218 arbuscula

2152 4264 2253 4321 pro
2283 4251 2366 4305 sui
2390 4251 2657 4309 brevitate
2683 4268 2715 4306 a
2740 4252 3063 4323 quibusdam
3088 4252 3231 4311 inter
3259 4254 3459 4311 herbas
3491 4256 3763 4327 deputan-

3806 4314 3813 4321 ρ

2155 4350 2246 4397 tur
2270 4342 2600 4410 odoriferas,
2625 4359 2745 4414 qua:
2774 4353 2920 4399 recte
2946 4361 3044 4414 pro
3071 4346 3188 4416 ipsa
3232 4346 3500 4402 brevitate
3526 4347 3763 4403 humiles
3802 4328 3815 4403 i

2155 4436 2372 4507 spiritu,
2399 4453 2633 4507 quorum
2678 4445 2762 4493 est
2808 4454 3033 4508 regnum
3072 4438 3353 4503 caelorum,
3397 4440 3715 4511 signiﬁcant
3744 4460 3757 4470 ⁶

2155 4528 2249 4598 qui
2272 4529 2426 4599 quasi
2452 4543 2727 4601 purpureo
2756 4530 2940 4585 vestiti
2969 4530 3172 4599 colore,
3219 4547 3433 4601 semper
3458 4531 3761 4589 Dominica:

454 4612 573 4678 tibi,
600 4613 761 4667 hodie
789 4630 1001 4669 mecum
1030 4615 1138 4670 eris
1164 4616 1217 4670 in
1244 4618 1518 4687 paradiso.
1551 4639 1569 4670 ι
1606 4618 1845 4690 Denique
1871 4628 1925 4674 et
1948 4620 2046 4675 ho-
2075 4610 2131 4671 Β
2156 4631 2282 4677 sunt
2308 4621 2577 4692 passionis
2624 4638 2914 4689 memores,
2944 4637 3158 4693 semper
3186 4623 3288 4696 ipsi
3328 4624 3394 4679 ad
3440 4625 3759 4695 patiendum

454 4704 541 4758 die
570 4705 745 4760 otnnis
769 4706 821 4761 in
848 4721 913 4761 eo
942 4708 1170 4767 credens
1191 4717 1409 4766 aeterna:
1450 4712 1575 4767 νίιίε
1603 4711 1742 4766 dona
1763 4712 2053 4784 consequi-

455 4806 576 4864 tur;
602 4799 732 4864 sive,
762 4810 820 4857 ut
846 4802 1072 4859 historia
1096 4802 1284 4871 refert,
1310 4804 1513 4877 lignum
1531 4822 1722 4862 revera
1746 4807 1846 4862 fuit
1873 4808 1929 4863 in
1952 4824 2052 4879 pa-

453 4892 637 4948 radiso
671 4896 923 4964 perennis
949 4897 1096 4963 vitae,
1120 4898 1165 4953 si
1190 4899 1524 4957 detestabilis
1549 4900 1915 4958 inobedientia
1940 4918 2053 4960 non

452 4983 665 5043 fuisset.
726 4988 878 5045 Unde
925 4992 1072 5047 enim
1124 5010 1273 5051 mors
1324 4995 1600 5051 habuisset
1652 4998 1956 5065 introitum,
2004 5000 2051 5056 si

453 5078 625 5134 Adam
650 5090 1008 5140 monstrasset
1028 5084 1331 5144 devotionis
1346 5086 1632 5145 affectum?
1659 5090 1798 5148 Hine
1819 5093 2055 5149 sanctis-

457 5169 580 5223 simi
617 5169 808 5228 Patrcs
834 5176 1159 5232 suavissima
1184 5178 1344 5234 mella
1388 5182 1740 5249 sudaverunt,
1765 5183 2053 5239 dicentes:

462 5278 480 5309 ι
517 5259 673 5317 Dedit
694 5266 1029 5333 mandatum,
1059 5278 1117 5323 ut
1155 5270 1425 5328 inveniret
1468 5273 1753 5331 arbitrium
1781 5294 1794 5330 :
1824 5275 1945 5331 fixit
1971 5276 2053 5331 le-

457 5364 603 5421 gem,
627 5362 688 5409 ut
721 5353 925 5414 faceret
944 5361 1265 5418 cautiorem.
1294 5384 1313 5416 ι
1346 5363 1455 5420 Sed
1493 5365 1583 5421 ille
1605 5382 1729 5422 cum
1753 5368 2058 5440 improvido

458 5454 679 5503 secutus
705 5458 789 5506 est
809 5451 1046 5519 hostem,
1069 5464 1127 5511 et
1146 5454 1434 5515 infeliciter
1460 5458 1584 5513 vitae
1619 5458 1836 5529 reliquit
1865 5468 2056 5516 aucto-

457 5552 597 5607 rem,
635 5549 764 5598 tunc
804 5543 1141 5601 lamentabili
1186 5556 1336 5604 sorte
1363 5550 1621 5622 deceptus
1649 5552 1819 5608 vitam
1861 5568 2054 5624 perpe-

459 5638 630 5700 tuam,
661 5650 825 5705 quam
848 5651 1198 5706 possessurus
1221 5650 1365 5708 erat,
1390 5644 1595 5712 amisit,
1618 5653 1675 5703 et
1711 5646 1768 5701 in
1795 5653 2052 5713 mortem,

461 5739 625 5794 quam
655 5743 761 5784 non
783 5729 1035 5798 habebat,
1062 5732 1313 5789 incurrit.
1342 5734 1451 5793 Sed
1470 5745 1533 5793 ut
1567 5739 1637 5795 ad
1680 5748 1956 5811 conceptae
1977 5738 2055 5795 εἰς
2085 5789 2098 5809 ,

461 5817 785 5883 lenitudinis
811 5822 1060 5885 instituta
1086 5825 1392 5898 redeamus,
1425 5831 1570 5902 quod
1595 5831 1727 5890 dicit
1747 5832 2055 5903 plantatum

2152 4728 2253 4784 pro
2296 4714 2525 4769 Domino
2552 4714 2745 4785 parati,
2778 4714 2952 4784 qualis
2982 4724 3103 4769 erat
3147 4716 3239 4786 qui
3288 4716 3364 4770 ait
3391 4733 3404 4769 :
3436 4734 3455 4767 ι
3484 4715 3756 4783 Quoniam

2153 4813 2376 4877 propter
2418 4814 2470 4860 te
2511 4815 2686 4861 morte
2715 4805 2979 4860 aflicimur
3006 4816 3116 4861 tota
3144 4807 3254 4872 die,
3281 4808 3537 4864 azstimati
3567 4825 3759 4863 sumus

2154 4906 2216 4953 ut
2235 4914 2364 4953 oves
2392 4898 2682 4955 occisionis
2704 4898 2877 4971 (Paul.
2903 4898 3080 4970 xuu).
3110 4919 3129 4950 ι
3157 4897 3291 4955 Nam
3315 4912 3370 4955 et
3392 4900 3509 4955 hiRC
3530 4910 3616 4955 est
3648 4902 3757 4955 vir-

2155 4999 2262 5056 tus,
2297 5007 2418 5063 qua:
2447 4990 2686 5047 maxime
2708 4990 2851 5046 inter
2879 5008 2979 5047 nos
3018 4992 3325 5049 animorum
3367 5003 3549 5049 motus
3587 5010 3653 5049 ac
3682 4994 3758 5047 la-

2158 5084 2357 5142 scivias
2380 5084 2536 5155 quasi
2582 5083 2853 5140 viscerum
2884 5084 3100 5141 dolores
3148 5086 3417 5157 castigare
3463 5102 3531 5141 ae
3567 5087 3757 5142 tollere

2158 5177 2458 5235 consuevit.
2500 5175 2636 5232 Cum
2662 5178 3026 5249 recogitantes
3065 5177 3197 5247 quid
3238 5194 3338 5248 pro
3367 5176 3524 5232 nobis
3562 5193 3759 5246 passus

2158 5280 2244 5331 eat
2271 5271 2433 5335 Deus,
2457 5269 2639 5325 minus
2675 5286 2777 5325 nos
2809 5270 2924 5340 pati
2961 5285 3125 5340 quam
3161 5285 3462 5336 meremur,
3490 5284 3756 5341 agnosca-

2158 5377 2301 5418 mus.
2326 5361 2472 5418 Bene
2499 5376 2630 5434 ergo
2649 5361 3050 5433 conjunguntur
3068 5362 3473 5419 cinnamomum
3493 5371 3552 5417 et
3577 5362 3758 5418 balsa-

2159 5474 2330 5531 mum,
2378 5459 2505 5528 qnia
2546 5458 2841 5515 Dominica:
2868 5458 3137 5529 passionis
3182 5466 3526 5516 sacramento
3552 5467 3757 5517 nostra

2158 5552 2595 5609 conversationis
2611 5551 2944 5609 conformari
2964 5551 3127 5608 debet
3144 5560 3339 5617 status,
3354 5559 3415 5606 ut
3423 5550 3585 5620 juxta
3596 5548 3758 5608 Joan-

2158 5643 2249 5701 nis
2275 5644 2625 5711 sententiam,
2648 5644 2791 5702 sicut
2812 5644 2902 5702 ille
2920 5659 3022 5717 pro
3041 5645 3201 5702 nobis
3215 5643 3457 5701 animam
3479 5656 3638 5701 etiam
3657 5658 3758 5714 po-

2158 5737 2289 5805 suit,
2304 5736 2381 5794 ita
2404 5745 2462 5792 et
2482 5753 2583 5795 nos
2601 5737 2876 5797 discamus
2901 5752 3001 5809 pro
3020 5736 3283 5795 fratribus
3300 5736 3513 5793 animas
3534 5742 3757 5792 nostras

2158 5844 2364 5901 ponere
2388 5830 2441 5903 (ι
2464 5829 2629 5891 Joan.
2661 5829 2768 5903 ιιι).
2789 5829 2926 5891 Nam
2951 5830 3097 5903 quod
3124 5829 3526 5895 eintmuomum
3551 5823 3754 5885 caloris
