4030 6476
296 376 403 443 9⁵⁸
504 452 511 463 κ

1159 374 1512 438 COMMENT.
1554 376 1623 434 1N
1660 374 2275 435 EGCBESIASTIGUM.
2315 410 2387 421 —
2421 372 2551 437 LIB.
2590 372 2658 437 V.

3423 412 3431 419 -
3463 385 3572 444 954

295 497 540 568 subnigri
561 497 647 559 vel
671 499 874 558 cinerei
893 515 1016 559 esse
1045 502 1381 575 perhibetur,
1410 501 1606 559 animis
1632 502 1883 573 congruit
1908 501 2116 571 Anum
2169 501 2446 557 adhibent.
2504 500 2639 557 Nam
2678 506 2863 557 storax
2910 502 3073 559 arbor
3119 501 3335 561 Arabiae
3386 506 3578 564 similis

293 588 596 656 humilium,
627 582 719 660 qui
749 590 1055 665 fragilitatis
1098 596 1330 667 propria:
1366 595 1569 652 conscii
1609 592 1878 665 quotidia-

292 681 378 737 uis
399 680 456 737 in
482 682 732 752 precibus
754 686 864 741 Deo
885 686 1067 742 dicere
1111 695 1348 747 norunt:
1383 707 1401 741 ί
1429 687 1645 757 Loquar
1677 687 1744 741 ad
1768 685 1876 742 Do-

293 778 502 835 minum
522 790 702 833 meum
723 792 845 833 cum
873 779 975 833 sim
997 778 1172 850 pulvis
1195 786 1250 835 et
1270 780 1405 837 cinis
1421 778 1631 851 (Cenes.
1649 768 1825 850 xvm).
1856 798 1873 830 ›

294 865 361 920 Ει
387 867 623 925 iterum:
660 888 679 921 ‹
712 867 830 939 ipse
872 886 959 926 me
988 871 1345 942 reprehendo,
1387 880 1441 926 et
1482 887 1581 942 ago
1613 871 1881 943 poeniten-

296 960 423 1014 tiam
450 959 503 1014 in
531 958 713 1019 favilla
735 973 791 1015 et
814 961 995 1025 cinere
1024 958 1166 1035 (Job.
1196 962 1350 1036 xm).
1381 962 1534 1032 Quod
1558 971 1739 1019 autem
1761 962 1878 1018 bal-

294 1066 501 1105 samum
528 1051 694 1121 spina;
723 1052 967 1109 candidae
999 1052 1407 1113 similitudinem
1438 1055 1602 1111 habet
1630 1053 1762 1110 ﬂore
1787 1069 1878 1111 ro-

294 1156 408 1205 seo,
437 1141 706 1214 signiﬁcat
734 1144 879 1214 quod
906 1144 1144 1205 dolorem
1181 1146 1447 1221 passionis
1475 1146 1770 1203 Dominica:
1821 1146 1877 1201 in

292 1242 478 1291 nostra
500 1236 922 1293 conversationis
950 1237 1195 1307 angustia
1216 1238 1454 1308 quotidie
1478 1236 1735 1295 debemus
1758 1237 1878 1293 imi—

296 1326 419 1383 tari.
464 1325 626 1382 Juxta
674 1325 804 1385 illud
834 1327 1243 1401 evangelicum:
1278 1348 1296 1385 ς
1330 1328 1434 1396 Qui
1479 1328 1633 1396 vult,
1677 1329 1875 1399 inquit,

290 1423 477 1479 venire
515 1430 636 1497 post
661 1438 770 1488 me,
798 1422 1028 1495 abneget
1064 1425 1437 1495 semetipsum,
1459 1433 1514 1479 et
1559 1422 1713 1483 tollat
1753 1439 1878 1479 cru-

291 1527 405 1567 cem
431 1530 583 1571 suam
605 1504 866 1585 quotidie,
890 1524 945 1573 et
987 1525 1246 1586 sequatur
1271 1533 1357 1572 me
1381 1515 1535 1589 (Luc.
1554 1516 1654 1589 rx).
1677 1536 1696 1575 ι
1722 1516 1876 1584 Quod

290 1613 469 1660 autem
500 1607 653 1667 radix
677 1607 794 1681 ejus
821 1610 1111 1678 unguentis
1144 1610 1438 1683 expetitur,
1484 1609 1755 1685 signiﬁcat
1777 1609 1877 1665 hu-

288 1696 573 1753 militatem
624 1699 829 1757 Christi
870 1702 1111 1757 onmium
1160 1702 1422 1759 virtutum
1469 1703 1691 1759 odorem
1727 1692 1877 1758 com4

287 1791 575 1857 mandare,
621 1799 676 1845 et
710 1792 778 1847 ad
818 1792 1142 1849 suavitatem
1167 1803 1384 1850 aeterna:
1423 1792 1721 1851 dulcedinis
1765 1791 1875 1849 elc-

286 1881 390 1939 ctis
421 1882 515 1938 Dei
548 1881 872 1941 redundare.

360 1989 379 2020 ‹
417 1969 584 2037 Quasi
611 1974 829 2044 myrrha
860 1973 1035 2031 eiecta
1076 1974 1199 2031 dedi
1250 1976 1573 2032 suavitatem
1608 1974 1810 2031 odoris.
1849 1994 1867 2027 ι

282 2059 349 2113 Et
373 2062 503 2132 quid
530 2078 629 2133 per
650 2067 929 2135 myrrham
955 2066 1183 2122 electam
1228 2068 1335 2123 nisi
1360 2067 1645 2125 laudabilis
1667 2075 1876 2125 sancto-

282 2167 404 2207 rum
451 2155 784 2213 continentia
821 2158 1257 2215 demonstratur?
1310 2176 1431 2232 quae
1477 2161 1533 2216 in
1582 2168 1876 2233 conspectu

283 2246 500 2307 Domini
528 2248 695 2309 odore
716 2253 1042 2325 suavissimo
1071 2253 1296 2325 fragrat,
1328 2254 1454 2324 quia
1492 2269 1614 2310 eam
1636 2254 1876 2311 charito-

284 2339 355 2395 tis
372 2341 600 2399 dulcedo
621 2344 1086 2402 abundantissime
1102 2345 1420 2405 inﬂammat.
1436 2346 1656 2419 Myrrha
1679 2345 1879 2416 quippe

281 2442 337 2491 et
363 2434 485 2491 aloe
507 2437 896 2497 continentiam
917 2439 1099 2494 carnis
1117 2439 1447 2509 exprimunt,
1468 2439 1595 2509 quia
1619 2426 1876 2501 nimirum

282 2533 477 2589 horum
521 2543 733 2592 naturte
767 2543 855 2592 est
881 2545 1207 2603 aromatum,
1236 2545 1299 2593 ut
1340 2543 1503 2591 uncta
1545 2550 1612 2593 ex
1645 2534 1726 2589 cis
1753 2548 1878 2590 cor—

280 2642 411 2697 pora
455 2628 836 2686 defunctorum
880 2630 1104 2686 minimc
1148 2636 1488 2701 putrescant,
1525 2628 1668 2684 sicut
1692 2625 1877 2685 Domi-

280 2718 419 2774 nicae
455 2734 671 2791 quoque
707 2721 998 2792 sepulturae
1036 2722 1360 2778 documenta
1406 2726 1694 2776 testantur.
1733 2717 1878 2786 Quo-

280 2811 446 2867 modo
494 2812 641 2867 enim
691 2814 968 2884 corruptio
1012 2821 1241 2870 mortua:
1294 2814 1475 2869 carnis
1533 2809 1878 2881 putredinem

280 2904 529 2971 luxuriae,
552 2906 629 2960 ita
654 2906 940 2962 conditura
972 2906 1090 2977 ejus
1116 2905 1229 2977 (ubi
1257 2904 1435 2977 typice
1462 2904 1519 2961 in
1546 2904 1747 2960 bonum
1788 2917 1880 2957 ac-

280 2997 502 3069 cipitur)
529 2998 788 3054 virtutem
815 2999 1163 3055 continentiae
1183 3006 1239 3053 et
1257 2997 1546 3063 castitatis,
1566 3012 1689 3066 qua:
1709 3008 1880 3051 mem—

281 3089 380 3143 bra
409 3096 599 3143 nostra
637 3104 667 3142 a
703 3088 853 3145 vitiis
904 3088 1169 3155 refrenat,
1202 3088 1480 3159 aptissime
1520 3088 1876 3143 demonstrat.

281 3180 380 3235 Est
398 3189 583 3239 autem
606 3182 831 3254 myrrha
853 3182 1017 3238 arbor
1043 3182 1274 3249 Arabiae,
1299 3181 1602 3251 altitudinis
1630 3180 1696 3237 ad
1721 3179 1877 3249 quiu-

280 3289 387 3343 que
432 3273 669 3340 cubitos,
711 3274 905 3330 similis
940 3274 1128 3345 spinae,
1162 3280 1326 3344 quam
1363 3272 1635 3353 minthon
1660 3281 1878 3329 .vocant

279 3366 474 3432 Grteci,
502 3365 656 3435 cujus
678 3375 830 3439 gutta
856 3368 1048 3423 viridis
1077 3375 1242 3438 atque
1288 3381 1498 3433 amara,
1534 3366 1679 3421 unde
1704 3372 1758 3420 et
1778 3379 1877 3421 no-

280 3472 409 3513 men
438 3458 648 3528 accepit
687 3458 930 3529 myrrha.
956 3458 1087 3526 Quae
1111 3467 1305 3521 cuncta
1331 3456 1737 3514 mortificationi
1758 3471 1878 3512 car—

284 3548 370 3604 nis
392 3557 519 3619 apte
544 3557 867 3620 congruunt,
897 3564 1021 3619 quae
1063 3564 1251 3605 amara
1274 3548 1345 3604 ad
1371 3558 1585 3617 tempus
1622 3546 1873 3612 sentitur,

278 3643 377 3697 sed
405 3643 461 3697 in
487 3656 583 3711 spe
611 3656 829 3714 semper
863 3642 1091 3698 virentis
1114 3643 1309 3713 patriae
1330 3641 1689 3698 libentissime
1707 3638 1881 3697 susci-

278 3736 457 3806 pitur;
513 3737 661 3792 iiiius
685 3737 956 3804 videlicet,
984 3737 1052 3792 de
1074 3752 1183 3808 qua
1212 3739 1407 3793 Petrus
1432 3736 1544 3792 ait:
1579 3754 1598 3788 ι
1634 3735 1880 3806 Regene-

280 3830 424 3883 ravit
461 3842 562 3885 nos
606 3830 659 3884 in
704 3845 853 3899 spem
888 3832 1068 3886 vivam
1112 3842 1211 3901 per
1253 3830 1710 3886 resurrectionem
1751 3828 1880 3884 Jesu

283 3921 486 3977 Christi
511 3937 577 3976 ex
619 3924 871 3990 mortuis,
921 3924 977 3978 in
1002 3924 1376 3981 hzereditatem
1414 3912 1878 3992 incorruptibilem

281 4020 338 4068 et
393 4014 877 4071 incontaminatalu
926 4014 977 4087 (Ι
1004 4012 1151 4070 Patr.
1200 4013 1263 4088 ι),
1294 4032 1315 4066 ›
1351 4011 1876 4078 immarcescibilem,

282 4109 662 4159 euntservatam
704 4104 759 4158 in
784 4105 939 4160 etelis
964 4104 1018 4159 in
1048 4106 1221 4161 vobis.
1256 4105 1438 4175 Spinze
1468 4112 1651 4158 autem
1681 4102 1880 4158 merito

286 4193 590 4261 confertur,
611 4196 739 4267 quia
769 4203 832 4250 ut
880 4207 1119 4252 mentem
1157 4205 1421 4267 perpetuo
1451 4196 1643 4263 salvet,
1684 4209 1882 4264 corpus

283 4285 533 4341 laborum
578 4289 964 4357 punctionibus
1015 4282 1388 4359 temperanter
1434 4288 1650 4357 amigit;
1682 4288 1777 4343 sed
1828 4294 1883 4342 et

284 4381 387 4436 hoc
412 4383 556 4451 quod
591 4386 743 4455 gutta
778 4382 896 4454 eius
943 4392 1135 4455 sponte
1176 4398 1406 4439 manans
1427 4382 1717 4453 pretiosior
1760 4387 1878 4447 est;

283 4475 464 4531 elicita
504 4485 685 4533 autem
729 4478 952 4533 corticis
973 4478 1200 4533 vulnere
1224 4477 1384 4532 vilior
1419 4474 1716 4545 judicatur,
1759 4472 1883 4543 quis

283 4583 393 4623 non
442 4568 621 4624 videat
648 4570 868 4641 majoris
919 4577 1046 4626 ante
1094 4570 1266 4625 Deum
1314 4583 1436 4624 esse
1477 4568 1717 4633 virtutis,
1753 4582 1880 4622 cum

283 4659 407 4727 quis
460 4674 654 4715 sanum
708 4677 905 4734 corpus
951 4678 1109 4718 suum
1155 4677 1219 4716 ac
1270 4668 1521 4733 vegetum
1550 4701 1565 4727 ,
1605 4660 1878 4714 arridente

282 4753 451 4809 etiam
480 4752 612 4809 foris
640 4764 825 4810 rerum
854 4757 1028 4827 copia,
1074 4756 1346 4828 castigare
1372 4770 1435 4809 ac
1475 4752 1723 4809 servituti
1752 4752 1881 4807 sub-

280 4845 453 4916 jicere
482 4842 785 4915 contendit,
825 4856 988 4919 quam
1031 4864 1153 4903 cum
1180 4862 1402 4919 pressus
1432 4845 1753 4916 aegritudine
1796 4842 1882 4898 vel

287 4939 408 4993 aliis
434 4938 618 4995 saeculi
643 4938 886 4997 adversis
927 4941 1129 4996 invitus
1154 4956 1185 4994 a
1212 4939 1432 4995 lascivia
1473 4952 1691 4993 carnem
1734 4949 1882 4989 com-

288 5033 483 5115 pescit,
539 5041 702 5103 atqhe
763 5034 831 5090 ad
884 5034 1226 5090 abstinentiae
1268 5030 1570 5087 remedium
1607 5028 1883 5085 coarctat?

292 5125 540 5198 quamvis
563 5134 616 5181 et
644 5125 746 5182 hoc
769 5127 911 5181 inter
937 5126 1168 5181 virtutes
1207 5138 1431 5194 magnas
1451 5124 1574 5194 jure
1617 5133 1880 5175 annume-

293 5218 404 5271 rari
430 5215 645 5284 debeat,
696 5224 817 5272 cum
848 5216 1055 5289 ﬂagella
1086 5217 1207 5286 quis
1236 5223 1476 5285 paternm
1522 5209 1885 5281 correptionis

292 5309 600 5379 patienter,
642 5308 936 5373 humiliter,
994 5314 1376 5378 gratanterque
1426 5303 1727 5374 suscipiens
1754 5342 1768 5367 ,
1817 5302 1885 5355 ad

292 5397 434 5455 dona
454 5414 554 5470 per
580 5396 697 5455 haec
741 5398 1021 5469 promissa:
1049 5396 1383 5451 haereditatis
1426 5395 1721 5465 castigatus
1763 5406 1887 5464 per-

292 5494 525 5549 venerit.

373 5606 391 5639 ε
412 5582 481 5641 Et
502 5584 658 5657 quasi
682 5588 863 5642 sturax
885 5586 941 5640 et
959 5584 1240 5656 galbanus,
1260 5588 1318 5638 et
1336 5583 1556 5652 angina,
1573 5588 1627 5635 et
1655 5584 1828 5650 gutta.
1861 5598 1881 5631 ι

296 5675 425 5735 Haec
451 5692 581 5751 ergo
603 5678 877 5750 pigmenta
912 5672 1305 5748 pretiosissima
1339 5673 1482 5745 apud
1512 5672 1750 5729 medicos
1790 5673 1887 5728 ira-

296 5771 496 5828 bentur
521 5813 536 5839 ,
584 5777 640 5827 et
671 5770 975 5845 signifiCant
1020 5782 1118 5843 per
1172 5775 1571 5825 sacramentum
1623 5765 1887 5821 virtutum

302 5866 533 5939 species,
558 5880 695 5939 quas
722 5864 922 5927 medici
949 5863 1222 5938 spiritales
1248 5864 1320 5923 ad
1341 5862 1676 5922 curationem
1709 5859 1888 5917 homi-

1904 4618 1958 4679 D

1985 590 2127 646 malo
2150 589 2381 659 Sidonii,
2403 589 2554 662 cujus
2574 591 2797 664 virguim
2823 590 2967 647 inter
2998 593 3258 653 caniculae
3288 601 3466 650 ortum
3492 612 3578 651 ca-

1981 681 2249 737 vernatim
2274 682 2568 755 lacrymam
2595 682 2786 738 ﬂuunt.
2816 682 3106 748 Distillatlo
3138 683 3257 757 ejus
3288 686 3342 742 in
3376 694 3577 744 terram

1983 768 2180 828 cadens
2220 776 2420 829 munda
2460 790 2567 829 non
2612 780 2698 830 est
2724 815 2739 843 ,
2792 774 2887 831 sed
2926 782 3047 832 eum
3095 774 3301 849 proprii
3352 780 3575 836 corticis

1982 862 2176 919 scrobe
2205 868 2491 930 servatur;
2526 864 2618 919 illa
2670 868 2848 920 autem
2890 874 3010 937 qna:
3058 867 3227 940 virgis
3258 875 3315 923 et
3353 869 3577 927 calamis

1981 955 2265 1014 inh:eserit
2295 959 2492 1015 munda
2518 967 2601 1013 est
2630 966 2685 1014 et
2707 958 2882 1015 albida
2909 966 2923 1027 ;’
2967 960 3161 1016 dehinc
3195 958 3341 1017 fulva
3366 962 3428 1018 fit
3449 962 3578 1021 solis

1981 1061 2247 1117 causa,et
2277 1051 2393 1123 ipsa
2442 1055 2625 1106 storax
2671 1050 2954 1115 calamites
2999 1052 3243 1131 pinguis,
3297 1055 3573 1123 resinosa,

1981 1138 2164 1197 odoris
2196 1141 2444 1213 jucundi,
2477 1144 2747 1209 humecta,
2778 1150 2835 1198 et
2876 1141 3038 1197 veluti
3068 1143 3350 1201 mellosum
3403 1144 3578 1217 liquo-

1979 1250 2097 1291 rem
2145 1236 2431 1303 emittens;
2481 1245 2667 1292 storax
2710 1243 2889 1292 autem
2924 1233 3089 1303 dicta,
3114 1236 3259 1311 quod
3306 1239 3377 1294 sit
3423 1246 3576 1310 gutta

1980 1322 2191 1383 arboris
2212 1326 2485 1399 proﬂuens
2510 1337 2565 1385 et
2600 1329 2905 1401 congelata.
2948 1326 3083 1383 Nam
3110 1316 3285 1386 Graeci
3337 1330 3576 1402 Styriam

1980 1424 2187 1490 guttam
2215 1420 2424 1475 dicunt.
2449 1419 2637 1477 Graece
2670 1426 2850 1478 autem
2891 1430 3097 1494 styrax,
3126 1420 3320 1480 Latine
3362 1430 3577 1483 storace

1980 1509 2198 1567 dicitur.
2226 1510 2527 1569 Galbanum
2555 1524 2758 1582 autem,
2790 1524 2850 1572 ut
2882 1512 3090 1575 Plinius
3114 1515 3281 1575 refert
3310 1516 3448 1590 (Lib.
3474 1534 3574 1586 xu,

1981 1619 2101 1673 cap.
2124 1601 2237 1676 25),
2269 1603 2535 1679 datSyria
2566 1604 2621 1662 in
2647 1606 2857 1667 Amano
2878 1616 3090 1679 monte;
3120 1606 3413 1683 ferulmque
3434 1608 3575 1680 ejus-

1979 1690 2101 1748 dem
2140 1696 2375 1751 nominis
2429 1698 2621 1754 resinae
2664 1699 2842 1765 modo,
2871 1700 3016 1770 quod
3060 1701 3353 1773 stagonitin
3391 1700 3575 1773 appel-

1978 1781 2094 1839 lant
2126 1802 2138 1837 :
2177 1786 2413 1843 maxime
2460 1787 2682 1843 laudant
2727 1788 3163 1866 cartilaginosum
3188 1831 3203 1858 ,
3247 1806 3474 1863 purum,
3507 1790 3575 1847 ad

1900 1868 2387 1940 Bsim’ilitudinem
2452 1879 2841 1947 ammoniacze,
2902 1883 3233 1957 minimeque
3283 1878 3570 1954 lignosum.

1978 1968 2189 2042 Ungula
2218 1980 2397 2027 autem
2425 1971 2614 2028 eadem
2639 1981 2744 2038 est,
2770 1989 2889 2047 qua:
2918 1973 2970 2028 in
2993 1968 3177 2030 Exodo
3201 1990 3372 2047 onyca
3400 1974 3575 2029 nomi-

1976 2069 2141 2119 natur
2183 2056 2382 2134 (Exod.
2432 2063 2564 2136 xxx)
2596 2083 2608 2117 :
2640 2080 2759 2136 quae
2809 2080 2930 2120 cum
2970 2065 3181 2123 caeteris
3236 2065 3572 2122 aromatibus

1978 2152 2046 2208 ad
2100 2153 2396 2226 thymiama
2436 2154 2832 2210 conficiendum
2889 2152 3104 2210 Domini
3145 2155 3300 2227 jussu
3354 2154 3573 2210 decreta

1977 2254 2092 2315 est;
2131 2262 2252 2320 qrue
2275 2255 2456 2303 autem
2479 2244 2669 2303 Graece
2711 2264 2879 2322 onyx,
2901 2244 3018 2304 haec
3047 2246 3241 2303 Latine
3267 2247 3465 2319 ungula
3492 2246 3573 2302 di-

1981 2336 2144 2407 citur,
2170 2354 2236 2394 eo
2279 2340 2422 2410 quod
2476 2340 2531 2395 in
2572 2338 2791 2395 modum
2843 2357 3037 2414 unguis
3066 2330 3286 2395 humani
3340 2336 3571 2395 formata

1976 2431 2070 2487 sit.
2099 2426 2261 2487 Gutta
2291 2448 2440 2500 vero,
2465 2449 2585 2504 qua:
2610 2441 2667 2488 et
2699 2434 3037 2489 ammoniaca
3065 2433 3285 2503 dicitur,
3307 2432 3576 2503 lacrymas

1979 2523 2148 2580 stillat
2188 2523 2245 2579 in
2296 2526 2476 2581 arenis
2513 2525 2644 2580 suis.
2684 2522 2897 2580 Genera
2926 2525 3071 2579 enim
3108 2527 3247 2593 duo,
3309 2524 3411 2580 hoc
3463 2529 3575 2590 est,

1979 2622 2208 2684 Straton,
2247 2614 2392 2687 quod
2444 2616 2671 2672 masculi
2720 2616 2897 2672 thuris
2932 2610 3339 2672 similitudinem
3384 2610 3575 2680 habet,

1978 2703 2216 2778 illudque
2242 2706 2482 2765 maxime
2506 2704 2786 2777 probatur.
2813 2704 3059 2762 Alterum
3084 2706 3283 2779 pingue
3307 2715 3360 2759 et
3385 2718 3576 2759 areno-

1979 2812 2099 2857 sum
2128 2837 2145 2864 ,
2192 2792 2335 2867 quod
2371 2797 2581 2871 pirama
2628 2794 2933 2867 appellant;
2974 2792 3314 2850 adulteratur
3361 2793 3575 2857 arenis,

1978 2888 2125 2943 velut
2169 2888 2441 2945 nascendo
2473 2887 3039 2961 apprchensis:'quod
3084 2895 3263 2945 tamen
3317 2884 3488 2957 glebis
3522 2893 3578 2940 et

1980 2997 2144 3053 quam
2200 2974 2440 3036 minimis
2489 2980 2752 3057 probatur
2800 2989 2854 3036 et
2899 2978 3225 3051 purissimis.
3280 2976 3397 3053 Ipsa
3447 2991 3579 3048 ergo

1979 3083 2132 3149 gutta
2152 3074 2239 3131 vel
2265 3074 2603 3131 ammoniaca
2646 3076 2750 3130 hoc
2797 3069 3079 3129 medicinae
3132 3070 3316 3137 habet,
3341 3078 3402 3125 ut
3427 3076 3579 3126 curet

1984 3170 2215 3227 duritias
2245 3169 2425 3241 aliqua
2451 3169 2774 3225 necessitate
2801 3175 3130 3224 contractas.
3163 3164 3257 3221 liae
3292 3180 3421 3236 ergo
3452 3178 3574 3237 Spe-

1981 3266 2094 3322 cies
2121 3272 2429 3329 aromatum
2454 3262 2743 3323 odoriferae
2789 3270 2936 3327 sunt,
2964 3261 3090 3330 quia
3129 3257 3341 3314 Domini
3369 3273 3576 3329 praece-

1979 3362 2073 3431 pto
2103 3356 2172 3415 ad
2208 3354 2506 3426 thymiama
2536 3353 2931 3413 conﬁciendum
2963 3353 3230 3422 deputata:
3274 3357 3420 3406 sunt.
3447 3348 3577 3407 Ubi-

1980 3460 2196 3516 cunque
2222 3444 2367 3501 enim
2392 3443 2594 3501 nostris
2624 3442 2898 3499 codicibus
2924 3441 3219 3515 thymiama
3242 3440 3493 3505 habetur,
3524 3438 3578 3495 in

1980 3534 2209 3592 Hehrmo
2273 3536 2505 3595 uecotba
2568 3532 2765 3604 legitur
2794 3574 2809 3599 ,
2878 3532 3021 3603 quod
3062 3529 3255 3602 Aquila
3309 3538 3576 3601 styraccm

1980 3625 2290 3692 transtulit;
2324 3624 2594 3696 significat
2640 3622 2900 3678 orationis
2948 3623 3230 3678 incensum
3260 3635 3382 3677 cum
3412 3618 3579 3674 odore

1981 3734 2265 3776 sacrarum
2293 3719 2577 3777 virtutum.
2612 3716 2933 3787 Thymiama
2963 3731 3031 3770 ex
3070 3714 3403 3771 aromatibus
3432 3728 3553 3768 com

1979 3811 2214 3883 positum
2239 3810 2490 3876 facimus,
2532 3825 2657 3871 cum
2686 3808 2741 3865 in
2770 3806 2943 3863 altare
2967 3805 3094 3869 boni
3119 3806 3298 3878 operis
3318 3806 3579 3863 virtutum

1980 3902 2384 3974 multiplicitate
2412 3901 2746 3958 redolemus:
2772 3900 2916 3971 quod
2940 3900 3169 3957 mixtum
3194 3907 3247 3953 et
3272 3913 3468 3969 purum
3494 3896 3574 3965 fit,

1981 3998 2109 4069 quia
2137 4004 2401 4068 quantum
2422 3995 2597 4053 virtus
2624 3994 2811 4055 virtuti
2854 3991 3128 4063 jungitur,
3156 3997 3363 4051 tantum
3386 3990 3576 4046 incen-

1982 4105 2102 4146 sum
2140 4089 2266 4144 boni
2292 4087 2473 4160 Operis
2505 4078 2772 4142 sincerius
2797 4083 3105 4139 exhibetur.
3129 4080 3281 4137 Unde
3302 4079 3362 4141 in
3388 4079 3573 4140 Exodo

1982 4182 2121 4236 bene
2148 4179 2388 4233 dicitur:
2434 4195 2453 4231 ι
2483 4176 2728 4245 Cumque
2777 4175 2834 4229 in
2880 4170 3257 4229 tenuissimum
3304 4169 3581 4238 pulverem

1982 4272 2238 4329 universa
2288 4267 2631 4333 contuderis,
2667 4279 2837 4335 pones
2886 4276 2952 4316 ex
2999 4276 3065 4316 eo
3108 4276 3291 4317 coram
3329 4259 3582 4313 taberna-

1983 4367 2109 4423 culo
2137 4363 2436 4420 testimonii
2474 4360 2672 4435 (Exod.
2704 4356 2855 4430 xxx).
2895 4377 2915 4415 ι
2946 4355 3027 4417 ,1η
3058 4352 3437 4411 tenuissimum
3462 4348 3582 4419 pui-

1983 4473 2168 4515 verem
2194 4461 2439 4511 aromata
2467 4453 2720 4509 universa
2747 4447 3110 4511 conterimus,
3139 4457 3263 4501 cum
3305 4441 3447 4497 bona
3478 4454 3577 4495 no—

1985 4558 2099 4607 stra
2123 4547 2279 4618 quasi
2326 4546 2380 4601 in
2415 4545 2526 4602 hilo
2560 4543 2743 4601 cordis
2770 4540 2983 4601 occulta
3030 4535 3367 4593 discussione
3399 4532 3579 4590 tundi-

1984 4658 2127 4709 mus,
2154 4650 2210 4696 et
2239 4641 2285 4697 si
2311 4640 2580 4696 veraciter
2606 4636 2749 4691 bona
2774 4635 2881 4690 sint
2904 4630 3179 4689 subtiliter
3199 4632 3583 4684 retractemus.

1984 4737 2245 4793 Aromata
2257 4749 2387 4804 ergo
2414 4732 2466 4787 in
2480 4731 2757 4801 pulverem
2780 4728 3044 4799 redigere,
3073 4732 3159 4779 est
3176 4722 3407 4797 virtutes
3432 4730 3592 4773 reco—

1987 4825 2208 4897 gitando
2238 4830 2508 4889 terere,et
2530 4837 2702 4892 usque
2729 4820 2798 4876 ad
2827 4818 3185 4874 subtilitatem
3205 4813 3429 4871 occultae
3457 4824 3586 4865 exa-

1989 4920 2307 4977 minationis
2340 4932 2619 4973 revocare.
2651 4915 2719 4971 Et
2763 4911 3065 4969 notandum
3105 4907 3249 4978 quod
3294 4906 3360 4961 de
3397 4902 3586 4957 eodem

1988 5012 2214 5083 pulvere
2245 5010 2483 5067 dicitur:
2523 5026 2542 5060 ι
2573 5007 2751 5063 Penes
2793 5020 2860 5059 ex
2898 5019 2964 5059 eo
3012 5015 3197 5057 coram
3239 4992 3587 5052 tabernaculo

1987 5101 2284 5162 testimonii
2307 5098 2520 5172 (Ibid.),
2559 5118 2578 5153 ι
2609 5098 2741 5170 quia
2766 5103 2895 5161 tunc
2922 5092 3181 5153 nimirum
3208 5089 3351 5145 bona
3402 5092 3588 5141 nostra

1986 5196 2261 5254 veraciter
2296 5194 2353 5249 in
2405 5200 2700 5263 conspectu
2748 5186 2949 5258 judicis
2990 5185 3243 5255 placent,
3301 5195 3426 5236 cum
3475 5177 3594 5233 haec

1990 5301 2147 5348 mens
2174 5288 2427 5347 subtilius
2450 5283 2799 5357 recogitando
2840 5278 3095 5344 conterit,
3116 5284 3170 5332 et
3201 5273 3354 5347 quasi
3380 5273 3446 5331 de
3470 5284 3594 5326 aro-

1991 5384 2228 5439 matibus
2253 5380 2529 5453 pulverem
2564 5375 2762 5441 reddit,
2799 5388 2871 5430 ne
2899 5384 3148 5444 gressum
3176 5367 3480 5436 durumque
3525 5360 3597 5425 sit

1994 5477 2140 5548 quod
2194 5452 2409 5546 agitur:
2449 5486 2518 5527 ne
2550 5470 2717 5526 etiam
2767 5466 2813 5523 si
2849 5465 2956 5523 hoc
2993 5469 3144 5521 arcta
3184 5452 3595 5517 retractationis

1995 5547 2195 5625 manus
2221 5582 2332 5625 non
2356 5562 2728 5628 comminuat,
2769 5556 2997 5615 odorem
3020 5553 3091 5613 de
3125 5567 3185 5610 se
3205 5547 3460 5611 subtilius
3481 5555 3595 5599 non

2195 5665 2271 5714 at.

2195 5673 2271 5714 at.

1999 5673 2197 5815 “te;
2226 5760 2384 5831 quasi
2410 5758 2629 5815 libanus
2652 5769 2761 5812 non
2787 5753 2994 5810 incisus
3018 5743 3275 5821 vaporavi
3307 5706 3608 5803 habitatio:

2004 5870 2188 5915 tuom
2231 5869 2430 5913 meam.
2481 5872 2501 5907 ι
2547 5850 2816 5918 Lm,
2873 5846 2921 5907 si
2964 5842 3606 5917 aetatemaetatem“:
