4030 6482
473 443 582 500 935

1107 436 1168 492 B.
1205 430 1464 490 MBAN!
1501 429 1724 488 MAUBI
1758 425 2075 485 ARCHIEP.
2112 424 2422 483 MOGUNT.
2457 417 2741 479 OPERUM
2780 413 2960 471 PARS
2989 414 3033 470 Ι.

3623 408 3729 470 936

463 522 847 630 ’etymologiam
874 592 890 620 ,
923 553 1146 612 ’eandor
1201 552 1620 621 interpretatur;
1679 546 1725 600 si
1769 544 2011 599 Graecam
2029 580 2044 607 ,
2074 545 2128 605 Α
2152 553 2470 612 semperque
2497 533 2856 592 manentibus.
2878 529 3056 585 Arbor
3083 536 3263 630 autem
3301 523 3632 588 balsamum,
3662 522 3732 577 li-

473 654 624 713 thus;
663 647 896 717 denique
942 646 1000 700 in
1027 644 1254 701 Cantico
1298 642 1633 698 canticorum
1669 637 1762 693 ubi
1803 636 2052 706 legimus,

479 760 496 791 ι
529 754 627 799 nos
668 738 736 795 ad
765 737 954 792 collem
993 735 1186 801 thuris,
1225 752 1244 784 ι
1297 733 1519 803 quidam
1552 729 1766 786 codices
1823 727 2054 792 habent,

480 850 498 883 ι
529 830 597 884 ad
622 829 810 885 collem
834 827 1026 883 Libani
1054 825 1232 898 (Cant.
1250 823 1346 895 ιν).
1385 843 1403 875 ι
1435 821 1737 890 Utrumque
1756 827 1937 874 autem
1960 832 2056 872 no-

473 937 599 978 men
626 921 838 976 virtutis
866 919 1190 975 industriam
1233 932 1430 972 sonare
1461 914 1622 970 facile
1649 913 1844 981 cuique
1886 918 2054 982 patet.

473 1011 632 1081 Libet
663 1026 857 1081 parum
887 1011 953 1066 de
1003 1017 1197 1064 natura
1249 1007 1506 1062 aromatis
1536 1005 1706 1076 ipsius
1731 1004 1945 1074 ignaros
1973 1001 2059 1056 in-

476 1113 703 1161 struere.
748 1103 926 1161 Anbor
962 1109 1048 1158 est
1073 1099 1309 1166 Arabiae,
1335 1099 1558 1165 cortice,
1590 1106 1650 1151 ut
1671 1097 1842 1162 aiunt,
1873 1103 1929 1149 et
1974 1091 2058 1149 fo-

479 1198 551 1253 lio
575 1197 712 1252 lauri
748 1196 962 1261 similis,
994 1211 1215 1251 succum
1242 1192 1571 1263 amaygdala:
1597 1192 1757 1246 modo
1784 1189 2058 1254 emittens,

481 1290 576 1360 qui
595 1290 681 1344 his
715 1304 856 1344 anno
896 1287 1170 1358 colligitur
1200 1326 1215 1352 ,
1262 1293 1523 1340 autumno
1552 1292 1608 1338 et
1631 1297 1788 1348 vere;
1817 1281 1914 1336 sed
1967 1295 2062 1333 au—

485 1380 711 1437 tumnali
736 1380 1054 1436 collectione
1077 1385 1453 1449 praeparantur
1479 1375 1704 1430 arbores
1731 1372 1915 1428 incisis
1938 1387 2060 1426 cor-

484 1471 680 1528 ticibus
706 1471 762 1524 in
783 1459 1198 1542 ﬂagrantissimo
1241 1467 1444 1522 aestatis
1472 1464 1684 1519 fervore
1710 1503 1726 1528 ,
1782 1477 1848 1517 ac
1891 1459 2066 1530 prosi-

482 1566 647 1621 liente
668 1579 854 1635 spuma
876 1564 1082 1635 pingui,
1113 1577 1233 1632 quae
1265 1569 1516 1617 concreta
1551 1559 1811 1614 densatur
1834 1558 1924 1613 ubi
1960 1556 2065 1611 loci

482 1663 676 1713 natura
705 1661 890 1725 poscat
914 1662 1090 1726 tegete
1115 1653 1325 1724 palmea
1346 1651 1680 1722 excipiente;
1719 1649 1862 1719 quod
1895 1648 1952 1702 in
1979 1663 2067 1702 ar-

480 1748 613 1803 bore
658 1746 816 1801 htesit
859 1743 1004 1802 ferro
1044 1745 1374 1815 depectitur;
1431 1742 1554 1798 ideo
1599 1740 1933 1797 corticosum
1982 1737 2065 1792 vi-

486 1840 643 1895 detur
665 1838 1055 1910 purissimum;
1109 1837 1214 1892 hoc
1238 1845 1293 1892 et
1331 1833 1622 1892 candidum
1650 1833 1777 1886 thus
1817 1837 1919 1886 est.
1965 1827 2065 1884 Se-

2153 645 2316 702 gnum
2341 627 2460 697 ejus
2500 623 2926 698 xylobalsamum
2961 619 3185 683 dicitur;
3235 613 3445 670 fructus
3494 613 3612 668 sive
3649 627 3734 668 se-

2153 737 2280 777 men
2326 715 2790 788 carpobalsamum
2809 753 2826 779 ,
2877 725 3071 767 succus
3107 704 3558 777 opobalsamum:
3592 703 3737 773 quod

2154 813 2275 868 ideo
2313 825 2436 866 cum
2470 806 2770 878 adjectione
2792 802 3143 875 signiﬁcatur,
3168 815 3234 854 eo
3267 799 3411 869 quod
3439 811 3739 869 percussus

2156 904 2346 960 ferreis
2402 901 2629 958 vinculis
2683 907 2871 954 cortex
2924 895 3051 967 ligni
3112 908 3209 964 per
3238 907 3509 954 cavernas
3550 888 3743 946 eximii

2157 997 2339 1053 odoris
2368 1003 2517 1068 gutta
2545 990 2787 1047 distillat.
2816 987 3060 1043 Caverna
3096 985 3240 1040 enim
3261 982 3451 1038 Graeco
3488 994 3748 1038 sermone

2159 1099 2260 1155 ope
2293 1084 2508 1147 dicitur,
2545 1080 2697 1150 cujus
2745 1084 2954 1150 guttam
3007 1073 3314 1129 adulterant
3362 1070 3608 1127 admixto
3645 1086 3746 1141 cy-

2161 1178 2317 1250 prino
2369 1175 2488 1231 oleo
2542 1172 2624 1228 vel
2681 1170 2869 1236 melle;
2933 1167 3026 1224 sed
3091 1167 3350 1222 sincerus-
3387 1165 3658 1234 probatur
3719 1180 3748 1217 a

2161 1269 2343 1334 melle,
2367 1268 2412 1322 si
2456 1281 2578 1321 eum
2606 1263 2743 1319 laete
2780 1259 3174 1332 coagulaverit;
3207 1258 3275 1313 ab
3300 1257 3445 1322 oleo,
3485 1255 3533 1310 si
3573 1254 3745 1310 instil-

2162 1359 2303 1414 latus
2347 1370 2499 1425 aqua;
2554 1361 2647 1408 aut
2696 1352 2965 1407 admixtus
3025 1349 3182 1405 facile
3223 1347 3388 1404 fuerit
3435 1344 3750 1408 resolutus';

2163 1459 2424 1520 praeterea
2449 1454 2504 1503 et
2530 1446 2576 1502 si
2602 1446 2769 1502 laneae
2790 1453 2970 1500 vestes
3004 1459 3072 1499 ex
3099 1443 3217 1513 ipso
3235 1440 3453 1512 pollutae
3495 1455 3606 1494 non
3628 1454 3752 1494 ma-

2167 1544 2431 1599 culantur.
2473 1540 2816 1597 Adulteratus
2841 1540 3058 1610 quidem
3107 1551 3285 1607 neque
3313 1550 3437 1591 cum
3468 1535 3610 1589 lacte
3656 1549 3754 1589 eo-

2168 1635 2368 1708 agulat,
2395 1642 2449 1690 et
2476 1641 2534 1688 ut
2558 1633 2736 1689 oleum
2787 1633 2841 1687 in
2879 1646 3022 1703 aqua
3067 1635 3405 1701 supernatat,
3435 1636 3490 1682 et
3539 1634 3752 1681 vestem

2169 1728 2425 1784 maculat.
2453 1726 2697 1781 Balsama
2723 1733 2900 1780 autem
2921 1724 2964 1778 si
2986 1737 3121 1792 pura
3145 1719 3362 1786 fuerint,
3405 1725 3616 1772 tantam
3640 1716 3753 1770 vim

2170 1818 2396 1882 habent,
2418 1816 2544 1871 utsi
2575 1814 2654 1870 sol
2680 1813 3047 1877 excanduerit,
3077 1809 3328 1866 sustineri
3358 1809 3411 1864 in
3441 1823 3608 1862 manu
3637 1821 3749 1860 non

483 1930 658 1984 cunda
681 1929 951 1984 vindemia
978 1943 1136 1995 vere;
1180 1927 1370 1983 eadem
1400 1926 1581 1980 hieme
1600 1922 1896 1978 corticibus
1934 1920 2070 1975 iuei-
2095 1900 2144 1961 Β
2169 1907 2395 1979 ροεδίηιο
2435 1905 2606 1976 Hujus
2629 1919 2758 1995 ergo
2783 1903 3028 1973 liquoriS.
3058 1900 3160 1956 hoc
3210 1907 3312 1964 est,
3357 1896 3590 1995 balsama
3636 1910 3755 1966 αῖ-

485 2021 804 2076 sis'rubrum
831 2019 935 2075 hoc
961 2019 1094 2084 exit,
1121 2031 1224 2073 nec
1246 2015 1668 2087 comparandum
1711 2011 1897 2083 priori.
1940 2009 2071 2066 Cre-

486 2110 631 2165 ditur
664 2117 719 2165 et
748 2107 972 2164 novellae
997 2107 1208 2163 arboris
1237 2105 1519 2163 candidius
1567 2117 1708 2169 esse,
1747 2102 1842 2157 sed
1870 2099 2072 2155 veteris

485 2199 801 2256 odoratius:
843 2199 984 2268 quod
1011 2213 1078 2254 ex
1125 2212 1191 2253 eo
1237 2196 1574 2253 rotunditate
1613 2200 1777 2265 guttae
1816 2181 2074 2262 pependit

487 2293 787 2349 masculum
823 2307 1100 2348 vocamus.
1131 2290 1301 2362 Regio
1343 2287 1605 2344 thurifera
1635 2283 1828 2341 Sarvia
1856 2297 2071 2337 nuncu-

487 2395 645 2456 patur
670 2405 682 2441 :
712 2383 854 2456 quod
875 2384 1182 2456 signiﬁcare
1202 2382 1376 2438 Graeci
1401 2378 1719 2452 mysterium
1737 2375 1945 2441 dicunt,
1971 2389 2074 2428 un-

490 2479 651 2548 dique
679 2477 901 2548 rupibus
928 2477 1070 2532 invia
1094 2485 1150 2530 et
1188 2490 1218 2529 a
1261 2474 1452 2528 dextra
1487 2470 1722 2540 scopulis
1747 2467 1884 2523 mari
1925 2466 2075 2521 inac-

493 2583 664 2624 cessa.
687 2566 946 2622 Evehitur
981 2581 1092 2621 uno
1113 2564 1330 2620 tramite
1351 2570 1580 2633 angusto
1605 2577 1619 2626 ;
1671 2559 1929 2615 silvarum
1962 2556 2088 2637 lon-.

493 2659 676 2731 gitudo
697 2667 782 2715 est
805 2666 1020 2714 centum
1037 2657 1204 2712 millia
1216 2670 1493 2728 passuum,
1512 2654 1648 2719 sive,
1660 2660 1724 2708 ut
1736 2651 1959 2707 tradunt
1979 2649 2076 2703 ali—

494 2751 606 2820 qui,
636 2749 909 2820 octoginta
953 2747 1180 2802 latitudo
1221 2745 1522 2801 dimidium.
1551 2742 1886 2799 Attolluntur
1909 2739 2075 2795 colles

494 2841 608 2906 alti,
633 2840 1032 2909 deeurruntque
1058 2846 1113 2894 et
1143 2838 1200 2893 in
1226 2837 1385 2908 plana
1406 2837 1632 2892 arbores
1657 2841 1848 2905 sponte
1898 2840 2072 2892 natae;

495 2940 694 2987 terram
719 2929 1024 3001 argillosam
1053 2945 1174 2986 esse
1201 2929 1457 2986 convenit
1473 2929 1616 2984 raris
1639 2927 1880 2983 fontibus
1903 2941 1967 2982 ac
1995 2926 2078 2980 ni-

451 3053 454 3058 -
498 3022 677 3077 tresis.
727 3020 853 3076 Haec
906 3029 1064 3091 prout
1104 3021 1156 3076 in
1206 3021 1360 3077 libris
1402 3019 1747 3090 antiquorum
1777 3017 2078 3089 reperimus

495 3110 726 3167 strictim
761 3111 827 3165 de
877 3118 1072 3165 natura
1130 3118 1186 3165 et
1240 3110 1359 3166 loco
1396 3109 1571 3164 thuris
1616 3117 1727 3174 sint
1770 3108 1930 3172 dicta,
1956 3121 2078 3178 quae

2172 2000 2306 2056 stice
2349 1997 2552 2053 mentio
2599 1995 2662 2050 ﬁt
2714 1994 2769 2049 in
2819 1993 3042 2048 Cantico
3095 1989 3431 2046 canticorum
3459 2028 3476 2056 ,
3532 1986 3760 2042 dicente

2170 2106 2369 2163 sponsa
2398 2091 2463 2146 de
2487 2103 2682 2160 sponso
2708 2103 2737 2164 τ,
2761 2105 2780 2138 ι
2810 2085 2948 2165 Dum
2979 2092 3124 2140 esset
3150 2098 3244 2137 rex
3272 2083 3326 2136 in
3354 2079 3606 2135 accubitu
3632 2093 3755 2140 suo,

2171 2168 2373 2238 nafdus
2402 2194 2522 2236 mea
2546 2178 2693 2235 dedit
2717 2175 2940 2233 odorem
2967 2189 3141 2230 suum.
3171 2170 3484 2228 Fasciculus
3515 2167 3761 2240 myrrhae

2173 2273 2400 2329 dilectus
2422 2283 2576 2324 meus
2603 2266 2758 2333 mihi,
2782 2266 2926 2320 inter
2949 2265 3116 2320 ubera
3159 2276 3278 2317 mea
3305 2257 3760 2316 commorabitur.

2169 2358 2367 2416 Botrus
2406 2356 2569 2429 Cypri
2611 2355 2836 2411 dilectus
2864 2368 3018 2408 meus
3046 2351 3199 2416 mihi,
3231 2351 3288 2404 in
3314 2349 3492 2405 vineis
3509 2345 3761 2419 Engaddi

2174 2449 2349 2524 (Cant.
2382 2439 2444 2522 ἱ).
2469 2468 2488 2501 ι
2516 2445 2812 2517 thuidem
2833 2442 2992 2513 hujus
3017 2442 3191 2498 ultimi
3206 2439 3455 2495 versiculi
3480 2437 3641 2507 juxta
3666 2453 3761 2491 su-

2172 2551 2448 2624 perﬁciem
2472 2548 2666 2604 litterae
2691 2546 2781 2603 hic
2806 2560 2995 2601 sensus
3021 2549 3104 2599 est
3126 2561 3138 2596 :
3179 2541 3331 2597 Sicut
3357 2540 3412 2595 in
3450 2537 3629 2594 insula
3651 2537 3760 2607 Cy-

2171 2659 2303 2714 prus
2333 2640 2563 2710 majores
2598 2638 2807 2695 cazteris
2849 2635 3007 2691 terris
3026 2634 3212 2689 botros
3240 2631 3462 2702 gignere
3513 2627 3674 2690 solet,
3705 2635 3765 2681 et

2174 2735 2316 2790 sicut
2339 2733 2393 2788 in
2433 2732 2650 2787 civitate
2678 2729 2875 2786 ludam
2920 2741 3040 2797 quae
3083 2731 3308 2781 vocatur
3333 2719 3579 2792 Engaddi
3608 2718 3764 2774 nobi-

2174 2822 2336 2878 liores
2360 2821 2571 2877 eaateris
2595 2820 2768 2873 vinea:
2804 2822 3118 2880 nascuntur,
3151 2822 3212 2868 ut
3261 2820 3387 2880 pote
3445 2809 3513 2864 de
3562 2807 3765 2878 quibus

2173 2910 2353 2982 liquor
2379 2925 2486 2965 non
2507 2907 2641 2973 vini,
2681 2906 2775 2962 sed
2806 2901 3139 2974 opobalsami
3180 2898 3384 2966 deﬂuit,
3417 2899 3492 2953 ita
3529 2896 3765 2952 dilectus

2175 3017 2330 3060 meus
2358 3001 2491 3056 mihi
2533 2998 2784 3071 specialis
2811 3003 2895 3052 est
2921 3006 3033 3066 prae
3055 2992 3302 3049 omnibus
3332 2989 3601 3046 charitate
3641 3002 3766 3041 eon-

2178 3109 2370 3160 nexus,
2400 3093 2532 3148 adeo
2568 3100 2630 3146 ut
2669 3089 2815 3145 nulla
2873 3103 2959 3143 me
2991 3093 3237 3143 creatura
3288 3084 3356 3138 ab
3404 3081 3522 3151 ejus
3567 3079 3766 3134 affectu

494 3219 632 3272 pene
657 3203 837 3258 omnia
861 3201 930 3275 (si
952 3203 1076 3272 quis
1096 3201 1381 3273 diligenter
1415 3170 1922 3270 attenditjﬁgurate
1951 3170 2076 3253 san-
2109 3263 2147 3275 η
2179 3184 2432 3241 ἀίνθιθνθ
2488 3181 2677 3253 Ροεείῑ·
2731 3178 2932 3250 ΤΥΡίοθ
2982 3184 3162 3275 amelli
3213 3171 3480 3243 quomOdO
3533 3170 3758 3275 ωἵιςηη

498 3302 709 3349 ctorum
738 3261 1030 3347 virtutibus
1054 3261 1377 3363 congruunt,
1404 3261 1659 3344 maxime.
1678 3261 1820 3358 quod
1848 3288 1998 3358 regio
2020 3287 2077 3342 in
2102 3263 2148 3327 (ἶ
2177 3273 2862 3352 prOpter'amartitudinem
2897 3270 3003 3342 (est
3049 3267 3194 3323 enim
3223 3273 3480 3336 quantum
3531 3261 3763 3317 meden-

497 3402 601 3456 qua
639 3383 883 3440 nascitur
925 3383 1243 3455 mysterium
1294 3381 1723 3454 cognominatur.
1775 3378 1909 3434 Nam
1935 3379 2080 3450 quod

496 3478 718 3534 arbores
745 3486 934 3547 sponte
960 3483 1277 3540 nascuntur,
1309 3483 1433 3542 apte
1459 3472 1718 3543 competit
1744 3472 1824 3527 eis
1848 3485 2079 3541 quorum

497 3582 708 3623 summa
735 3566 910 3620 virtus
940 3581 1046 3620 non
1076 3572 1264 3620 coacta
1283 3563 1548 3634 legalibus
1576 3562 1790 3628 edictis,
1812 3562 1905 3617 sed
1931 3560 2082 3615 obla-

497 3655 643 3711 tione
670 3655 972 3710 voluntaria
993 3655 1130 3711 solet
1154 3669 1273 3710 esse
1299 3654 1568 3720 miranda,
1591 3652 1805 3708 dicente
1820 3650 2077 3706 Domino:

503 3764 523 3798 ι
556 3746 615 3799 Si
644 3745 725 3800 vis
755 3744 1023 3815 perfectus
1068 3760 1211 3811 esse,
1235 3746 1394 3811 vade,
1419 3745 1594 3800 vende
1614 3784 1629 3809 ,
1664 3763 1683 3794 ›
1729 3753 1833 3798 etc.
1863 3739 2077 3812 (Matth.

502 3836 640 3907 xu).
671 3835 824 3901 Quod
853 3835 1040 3891 incisis
1065 3835 1349 3890 arbOribus
1380 3835 1557 3889 thuris
1579 3833 1815 3903 lacryma
1844 3828 2078 3900 proﬂuit,

500 3925 628 3994 quid
670 3925 774 3980 nisi
813 3925 1282 3996 eompunctionem
1310 3923 1594 3978 humilium
1625 3921 1825 3986 corde,
1869 3921 1938 3975 de
1974 3933 2082 3989 qua

497 4033 633 4088 pura
656 4017 828 4074 oratio
851 4034 916 4074 ac
945 4017 1158 4074 fletibus
1177 4018 1456 4074 dulcorata
1480 4017 1728 4088 generari
1757 4016 1911 4083 solet,
1938 4015 2080 4072 indi-

503 4109 622 4163 cat?
646 4108 798 4174 Quod
816 4109 981 4165 habet
1011 4109 1188 4164 fontes
1214 4125 1368 4166 raros
1392 4108 1486 4165 sed
1516 4109 1756 4163 nitrosos
1776 4149 1792 4174 ,
1832 4107 2084 4164 convenit

501 4197 580 4253 cis
606 4199 670 4253 de
691 4213 920 4269 quorum
947 4208 1138 4256 ventre
1164 4201 1337 4256 fluunt
1357 4241 1373 4267 ,
1419 4200 1562 4256 sicut
1596 4199 1729 4255 dicit
1777 4199 2080 4268 Scriptura,

503 4291 720 4346 flumina
750 4307 904 4362 aquae
924 4291 1258 4364 vivaa(Joan.
1286 4291 1406 4364 vn),
1423 4294 1528 4348 hoc
1556 4300 1640 4346 est
1661 4292 1804 4347 dona
1825 4291 2084 4346 doctrinae

501 4381 758 4451 spiritalis
805 4391 1057 4449 emanat,
1117 4383 1282 4438 etiam
1331 4381 1659 4438 mundandis
1711 4383 2082 4452 proximorum

503 4474 772 4530 mentibus
799 4476 1165 4531 accommoda.
1215 4473 1427 4529 Nitrum
1455 4489 1688 4546 namque
1712 4484 1768 4530 et
1804 4473 2085 4530 medendis

501 4564 930 4632 inﬁrmitatibus,
953 4572 1008 4620 et
1032 4563 1309 4619 abluendis
1331 4564 1580 4620 sordibus
1601 4579 1722 4620 esse
1751 4563 1890 4619 solet
1912 4563 2081 4632 aptis-

502 4654 730 4719 simum;
759 4655 903 4724 quod
923 4654 1160 4724 undique
1181 4654 1392 4724 rupium
1427 4662 1482 4710 et
1507 4654 1848 4725 scopulorum
1883 4661 1968 4710 est
2001 4667 2086 4708 re-

455 4751 462 4756 '
503 4742 592 4813 gio
628 4744 989 4816 circumsepta
1018 4745 1334 4810 munimine,
1369 4747 1621 4816 congruit
1668 4747 1877 4801 meritis
1897 4760 2084 4801 eorum

504 4836 570 4892 de
591 4837 787 4907 quibus
806 4836 1044 4906 loquitur
1072 4853 1169 4909 per
1189 4838 1504 4908 parabolam
1522 4838 1782 4894 Dominus
1807 4853 1820 4890 :
1859 4855 1878 4888 ι
1914 4835 2086 4891 Homo

502 4938 620 4984 erat
651 4928 1066 5000 paterfamilias,
1108 4931 1210 5008 qui.
1240 4931 1505 5002 plantavit
1545 4933 1780 4998 vineam,
1811 4940 1868 4986 et
1902 4944 2086 5001 sepem

503 5021 850 5078 circumdedit
879 5021 930 5078 ei
963 5020 1178 5094 (Matth.
1209 5022 1344 5095 xxi).
1378 5043 1396 5076 ο
1430 5023 1703 5079 Plantavit
1728 5036 1962 5091 namque
1985 5021 2087 5076 Ec-

504 5113 723 5169 clesiam
769 5113 1034 5170 Dominus
1082 5115 1370 5184 pmceptis
1393 5114 1518 5170 vitae
1558 5113 1918 5178 instituendo;
1955 5109 2084 5166 etei

504 5220 688 5275 sepem
736 5206 1110 5272 circumdedit,
1137 5206 1382 5262 custodia
1432 5221 1542 5261 suae
1591 5202 1942 5274 protectionis
1964 5215 2086 5256 eam

504 5297 760 5367 undique,
780 5313 849 5354 ne
879 5313 910 5353 a
933 5298 1115 5368 pravis
1140 5298 1224 5353 vel
1247 5297 1526 5368 spiritibus
1547 5295 1632 5352 vel
1663 5294 1968 5351 hominibus
1993 5306 2085 5348 ex-

506 5389 782 5445 terminari
803 5399 1006 5460 posset,
1026 5391 1274 5448 tutando.

583 5499 600 5532 ‹
638 5481 706 5536 Et
744 5482 898 5552 quasi
930 5480 1231 5537 balsamum
1278 5497 1387 5538 non
1432 5480 1661 5537 mixtum
1693 5479 1829 5536 odor
1856 5493 2026 5535 meus.
2060 5497 2080 5531 ι

506 5570 739 5627 Balsami
758 5573 919 5627 arbor
939 5572 992 5626 in
1003 5571 1187 5628 Judaea
1209 5573 1353 5628 intra
1377 5573 1637 5629 terminos
1663 5578 1872 5627 tantum
1895 5569 2086 5641 viginti

503 5665 760 5738 jugerum‘
791 5673 926 5719 erat.
955 5665 1314 5736 Posteaquam
1358 5666 1546 5722 eadem
1597 5666 1813 5737 regione
1859 5661 2086 5720 Romani

509 5758 665 5828 potiti
696 5765 843 5821 sunt,
873 5756 1036 5812 etiam
1087 5756 1366 5812 latissimis
1391 5755 1617 5812 collibus
1647 5763 1943 5826 propagata
1980 5759 2082 5808 est.

497 5849 693 5934 .Stirpe
723 5849 918 5911 similis
935 5849 1053 5923 viti,
1082 5848 1228 5911 foliis
1251 5847 1444 5909 similis
1475 5856 1613 5909 rutae
1639 5847 1736 5908 sed
1766 5845 2064 5908 albioribus

2180 3369 2263 3424 dis
2291 3365 2693 3422 inﬁrmitatibus
2719 3362 2974 3427 salubris,
3003 3363 3212 3414 tantum
3240 3365 3396 3429 gustu
3427 3353 3639 3423 amara)
3664 3353 3760 3406 tri-

2178 3458 2384 3515 stitiam
2431 3456 2722 3513 Dominica'
2770 3453 3037 3526 passionis
3086 3450 3379 3526 signiﬁcat;
3432 3447 3528 3502 ubi
3562 3446 3680 3515 ipse
3711 3451 3772 3498 et

2179 3550 2522 3621 myrrhatum
2546 3548 2732 3602 vinum
2760 3562 2792 3600 a
2821 3545 3082 3601 militibus
3109 3542 3318 3613 accepit
3344 3538 3662 3602 bibendum,
3710 3542 3770 3590 et

2183 3643 2522 3713 sepeliendus
2549 3657 2581 3696 a
2609 3639 2888 3712 discipulis
2916 3639 3136 3710 myrrha
3185 3642 3476 3708 perunctus
3529 3637 3618 3685 est
3643 3670 3659 3694 ,
3707 3637 3772 3682 ut

2180 3734 2549 3803 praediximus,
2582 3733 2658 3786 ita
2685 3733 2875 3788 botrus
2896 3745 3005 3786 non
3028 3730 3323 3798 incongrue
3349 3719 3769 3780 resurrectionis

2182 3824 2434 3896 gaudium
2461 3822 2758 3879 denuntiat.
2798 3822 2995 3878 Vinum
3017 3821 3159 3875 enim
3188 3816 3426 3874 laetiﬁcat
3451 3830 3550 3871 eor
3589 3813 3771 3868 homi-

2181 3916 2286 3970 nis.
2311 3915 2507 3970 Botrus
2530 3928 2660 3986 ergo
2688 3912 2852 3984 Cypri
2883 3912 3058 3968 factus
3080 3919 3163 3968 est
3187 3909 3448 3965 Dominus
3475 3907 3536 3960 in
3572 3919 3762 3960 resur-

2182 4008 2440 4071 rectione,
2465 4005 2558 4076 qui
2588 4004 2766 4060 fuerat
2808 4003 3094 4061 fasciculus
3132 4002 3369 4074 myrrha
3410 3999 3465 4054 in
3491 3998 3768 4067 passione.

2185 4095 2378 4152 Merito
2419 4096 2561 4151 inter
2581 4096 2750 4150 ubera
2775 4101 3144 4149 commoratur
3193 4105 3424 4161 sponsa,
3451 4089 3580 4159 quia
3629 4087 3772 4141 idem

2183 4187 2241 4242 in
2260 4189 2474 4244 botrum
2496 4201 2687 4242 versus
2711 4193 2796 4242 est
2823 4184 3013 4240 vincat.
3038 4184 3162 4239 Ideo
3186 4191 3374 4239 saneta
3399 4180 3645 4237 Ecclesia
3665 4195 3776 4235 me-

2185 4279 2414 4335 moriam
2437 4277 2734 4336 Dominicae
2765 4277 2957 4332 mortis
2985 4289 3259 4345 nunquam
3283 4288 3380 4330 suo
3406 4273 3472 4328 de
3493 4271 3662 4328 corde
3683 4271 3772 4325 de-

2183 4369 2357 4440 ponit,
2387 4367 2514 4438 quia
2549 4368 2664 4439 ipse
2709 4367 2803 4437 qui
2847 4375 3067 4436 propter
3110 4364 3300 4420 delicta
3359 4363 3476 4434 ejus
3519 4369 3772 4416 mortuus

2187 4469 2291 4525 est,
2325 4467 2545 4530 propter
2570 4457 2686 4527 ejus
2711 4472 2924 4528 quoque
2947 4455 3388 4528 justiﬁeationem
3415 4470 3447 4508 a
3479 4460 3656 4507 morte
3685 4468 3773 4506 re-

2188 4549 2444 4615 surrexit,
2473 4557 2637 4618 atque
2664 4548 2715 4603 ei
2742 4548 2970 4620 vestigia
3020 4546 3189 4618 ipsius
3221 4545 3485 4616 sequenti,
3530 4553 3656 4613 post
3689 4559 3777 4596 an-

2188 4656 2372 4713 gorem
2402 4640 2592 4697 mortis
2626 4639 2939 4710 resurgendi
2966 4637 3273 4709 exemplum
3299 4636 3507 4692 tribuit.
3542 4635 3647 4702 Qui
3693 4636 3779 4688 be-

2186 4746 2255 4786 ne
2281 4730 2446 4786 etiam
2490 4730 2544 4784 in
2590 4731 2761 4786 vineis
2793 4730 3033 4802 Engaddi
3068 4744 3190 4785 esse
3220 4736 3573 4783 memoratur.
3607 4724 3774 4780 Nam—

2186 4837 2291 4892 que
2321 4821 2374 4875 in
2411 4820 2582 4876 vineis
2601 4819 2864 4891 Engaddi,
2896 4828 2959 4874 ut
3002 4818 3213 4890 praefati
3237 4833 3446 4884 sumus,
3469 4816 3772 4872 balsamum

2186 4913 2442 4986 gignitur,
2473 4913 2616 4983 quod
2661 4913 2716 4967 in
2753 4913 3001 4968 chrisma:
3033 4911 3372 4968 confectione
3399 4909 3595 4980 liquori
3620 4909 3774 4963 oliva:

2189 5002 2496 5083 admisceri,
2517 5019 2548 5056 a
2569 5001 2860 5072 pontiﬁcali
2880 5001 3254 5056 benedictione
3279 4997 3417 5054 solet
3438 4996 3771 5057 consecrari,

2186 5103 2453 5165 quatenus
2505 5093 2691 5149 fideles
2716 5108 2903 5148 omnes
2945 5107 3068 5147 cum
3098 5089 3442 5162 impositione
3469 5100 3666 5142 manus
3693 5100 3775 5139 sa-

2187 5185 2474 5242 cerdotalis
2514 5201 2620 5256 qua
2674 5184 2908 5254 Spiritus
2933 5192 3154 5241 sanctus
3179 5182 3445 5253 accipitur
3470 5221 3488 5246 ,
3540 5180 3644 5235 hac
3681 5195 3774 5233 un—

2186 5277 2367 5334 ctione
2389 5277 2692 5348 signentur,
2719 5290 2826 5346 qua
2855 5275 3019 5330 etiam
3043 5273 3218 5329 altare
3241 5271 3584 5329 Dominicum
3625 5270 3771 5323 dedi-

2187 5376 2364 5432 catur,
2397 5375 2453 5422 et
2479 5375 2675 5423 caetera
2723 5381 2844 5436 quae
2891 5371 3237 5420 sacrosancta
3268 5375 3390 5418 esse
3422 5360 3621 5416 debent
3652 5374 3771 5427 per-

2190 5465 2484 5529 unguntur.
2516 5457 2669 5514 Unde
2713 5455 3012 5513 rectissime
3035 5470 3134 5526 per
3169 5453 3359 5510 vineas
3377 5452 3623 5523 Engaddi
3647 5451 3771 5505 cha-

2192 5549 2418 5604 rismata
2448 5549 2628 5603 divina
2656 5547 2987 5619 ﬁgurantur;
3014 5553 3071 5600 et
3115 5560 3346 5617 sponsus
3394 5543 3450 5599 in
3491 5541 3664 5598 vineis
3691 5549 3771 5595 est

2195 5640 2456 5711 Engaddi,
2481 5641 2606 5708 quia
2635 5647 2690 5694 et
2738 5639 2851 5709 ipse
2876 5637 3136 5694 Dominus
3191 5637 3248 5691 in
3291 5650 3457 5691 carne
3508 5645 3770 5705 apparens

2194 5732 2386 5803 plenus
2414 5740 2497 5787 est
2527 5731 2730 5801 Spiritu
2759 5739 2969 5796 sancto,
2991 5740 3047 5784 et
3094 5729 3213 5800 ejus
3236 5729 3376 5783 dona
3401 5726 3635 5798 Spiritus
3655 5739 3771 5779 cre-

2195 5823 2448 5880 dentibus
2476 5821 2592 5902 ipse
2637 5821 2880 5894 largitur.
2913 5821 3038 5880 Ideo
3084 5829 3262 5909 autem
3289 5818 3512 5877 arbores
3544 5809 3769 5874 balsami
