4030 6530
318 406 424 464 θῦἺ

1182 401 1542 460 COMMENT.
1578 403 1648 458 ΙΝ
1678 399 2295 460 ECCLESIASTICUM.
2333 433 2403 443 -—
2437 401 2564 458 LIB.
2609 401 2694 458 Ἣ.

3489 407 3592 463 933

314 520 507 575 vineas
532 516 793 589 appellat,
845 514 972 585 quia
1007 515 1060 570 in
1104 515 1380 570 vinearum
1406 512 1903 569 morem°extollun-
1929 517 1981 576 Α
2005 513 2200 579 ctrina,
2228 520 2283 569 et
2321 513 2389 567 ah
2417 515 2567 569 omni
2599 513 2979 569 haereticorum
3009 513 3221 569 macula
3253 513 3448 580 aliena,
3472 530 3593 585 mare

316 619 426 676 tur,
463 623 585 679 qua:
612 607 730 662 sine
765 605 1106 661 adminiculis
1139 606 1331 676 seipsa:
1377 604 1668 671 sustinent,
1708 603 1905 674 quippe

312 702 414 757 viti
442 700 735 757 similiores
755 714 917 770 quam
955 707 1153 770 myrto.
1175 707 1437 769 perpetua
1467 712 1623 754 coma
1664 697 1905 768 insignes

313 788 616 862 proceritas
660 788 803 843 intra
831 788 954 843 bina
985 789 1167 844 cubita
1211 788 1495 855 subsistit,
1552 801 1737 844 semen
1775 787 1903 842 vino

310 882 623 953 proximum
676 886 835 951 gustu
864 918 879 944 ,
929 880 1110 935 colore
1164 878 1346 933 rufum
1376 919 1393 945 ,
1444 894 1633 934 ramus
1659 878 1903 933 crassior

311 988 477 1043 quam
499 979 699 1042 myrto,
725 986 846 1040 quae
869 979 1020 1026 certo
1058 970 1182 1024 anni
1215 978 1456 1039 tempore
1476 969 1775 1024 balsamum
1805 983 1900 1023 su-

310 1064 466 1129 dant,
487 1062 583 1118 sed
610 1070 665 1118 et
693 1061 944 1132 agricola:
968 1061 1199 1132 virgulta
1229 1075 1414 1115 eorum
1445 1061 1621 1115 acutis
1636 1059 1901 1130 lapidibus

311 1155 427 1209 sive
463 1153 637 1210 osseis
667 1151 843 1213 solent
870 1152 1107 1208 incidere
1127 1151 1382 1217 cultellis,
1413 1154 1539 1206 riam
1558 1150 1694 1206 ferri
1721 1158 1899 1206 tactus

311 1244 477 1300 laedit.
521 1245 631 1299 Per
688 1258 823 1313 quas
869 1243 1161 1298 incisiones
1208 1251 1426 1298 emanat
1470 1257 1661 1298 succus
1718 1243 1900 1298 odoris

309 1335 519 1401 eximii,
548 1345 605 1391 et
642 1335 895 1405 famulis
922 1334 1145 1405 pulchre
1172 1334 1504 1400 rorantibus,
1540 1342 1803 1404 exceptus
1822 1334 1897 1388 la-

304 1427 399 1480 nis
432 1441 599 1496 parva
619 1426 891 1497 colligitur
921 1427 973 1481 in
1000 1441 1224 1493 cornua,
1255 1425 1399 1497 quod
1431 1426 1557 1496 quia
1590 1441 1690 1496 per
1712 1440 1898 1481 caver-

311 1533 437 1571 nam
464 1515 696 1587 profluat
723 1516 942 1572 corticis
967 1517 1183 1588 saepius,
1212 1516 1621 1587 opobalsamum
1644 1516 1893 1572 nomina-

304 1616 439 1670 tur;
470 1620 572 1676 ope
616 1606 786 1671 enim,
816 1617 873 1662 ut
897 1605 1154 1674 diximus,
1188 1608 1375 1663 Graace
1410 1621 1642 1663 caverna
1683 1623 1892 1664 nuncu-

302 1704 503 1765 patur;
538 1696 982 1767 singularumque
1002 1698 1261 1753 arborum
1278 1696 1487 1768 largior
1510 1712 1646 1753 vena
1677 1706 1761 1753 ter
1782 1714 1895 1753 om-

282 1789 471 1845 'nibus
504 1794 813 1859 percutitur
838 1792 1099 1847 testibus:
1128 1792 1399 1862 praecipua
1428 1799 1607 1847 autem
1638 1791 1893 1862 laeryma:

2000 600 2286 657 sacrarum
2314 603 2576 658 virtutum
2609 604 2830 660 odorem
2862 603 3088 669 redolet,
3112 619 3178 662 ac
3218 605 3449 676 gratiam
3472 607 3593 677 Spi-

2004 694 2143 749 ritus
2163 695 2336 750 sancti
2361 695 2599 751 ﬁdelium
2624 698 2895 753 mentibus
2923 697 3177 753 inlundit.

2080 802 2100 835 ‹
2128 784 2243 856 Ego
2289 787 2442 855 quasi
2478 786 2815 843 terebinthus
2861 787 3081 843 extendi
3130 804 3313 845 ramos
3364 805 3531 845 meos.
3566 812 3585 843 ι

2004 874 2368 946 Tcrebinthus
2425 878 2590 934 arbor
2626 886 2711 933 est
2744 876 2992 935 Graecum
3021 879 3226 935 habens
3255 896 3472 947 nomen,
3501 898 3595 952 ge-

2002 981 2202 1023 nerans
2230 969 2469 1024 resinam
2515 969 2757 1024 omnium
2792 970 3094 1025 resinarum
3135 972 3591 1041 prmstantiorcm.

2001 1056 2079 1113 De
2108 1058 2415 1115 terebintho
2463 1067 2643 1115 autem
2694 1059 2901 1115 Plinius
2947 1061 3217 1117 secundus
3262 1061 3337 1118 ita
3381 1062 3590 1119 refert:

2010 1165 2028 1200 ι
2066 1147 2223 1220 Syria
2268 1150 2635 1206 terebinthum
2681 1150 2865 1206 habet.
2910 1149 2989 1205 Ex
3024 1150 3113 1207 his
3165 1152 3420 1208 masculie
3473 1155 3596 1209 sine

2000 1241 2198 1307 fructu,
2221 1241 2545 1297 feminarum
2580 1242 2687 1299 duo
2727 1257 2924 1314 genera
2973 1250 3120 1298 sunt.
3162 1244 3335 1300 Alteri
3380 1244 3595 1307 fructus

2000 1333 2177 1398 rubet,
2210 1332 2371 1388 lentis
2400 1332 2800 1402 magnitudine;
2834 1332 2991 1388 alteri
3011 1332 3289 1411 ’pallidus,
3311 1349 3438 1390 cum
3483 1335 3594 1390 vite

1998 1422 2336 1488 maturescit,
2366 1437 2472 1477 non
2496 1422 2756 1493 grandior
2782 1421 2932 1488 faba,
2957 1420 3454 1490 odorejucundior,
3482 1431 3594 1479 tra-

1997 1526 2086 1572 ctu
2108 1516 2380 1572 sinuosos.
2408 1516 2570 1571 Circa
2607 1514 2754 1569 Idam
2776 1514 3025 1581 Troadis,
3058 1515 3154 1570 sed
3186 1514 3240 1568 in
3276 1514 3591 1570 Macedonia

1996 1607 2179 1664 brevis
2197 1607 2360 1663 arbor
2384 1607 2501 1662 haec
2519 1614 2683 1676 atque
2713 1604 3011 1662 fructuosa.
3035 1606 3091 1660 ln
3120 1607 3385 1661 Damasco
3412 1605 3591 1677 Syria:

1996 1718 2189 1775 magna
2242 1702 2500 1759 materies
2547 1710 2602 1757 et
2636 1702 2924 1757 admodum
2973 1701 3119 1757 lenta
3162 1716 3229 1757 ac
3261 1700 3589 1770 splendens,

1996 1796 2094 1852 llos
2131 1810 2443 1851 racemosus
2464 1795 2619 1850 oliva:
2646 1794 2828 1860 modo,
2859 1794 2953 1849 sed
2980 1794 3202 1858 rubens,
3225 1791 3350 1849 folia
3375 1795 3543 1848 densa
3570 1810 3587 1846 :

298 1881 507 1951 gratia,
539 1883 773 1937 secunda
805 1882 1019 1947 semini,
1053 1883 1210 1938 tertia
1232 1883 1450 1947 cortici,
1480 1883 1703 1937 minima
1725 1882 1890 1954 ligno.
1925 1865 1969 1924 Β
1997 1885 2103 1941 fert
2128 1893 2184 1941 et
2220 1884 2490 1940 folliculos
2539 1884 2852 1939 emittentes
2886 1882 3135 1953 quaedam
3191 1881 3445 1937 animalia
3485 1897 3589 1937 ceu

304 1972 439 2040 Qua?
471 1983 666 2030 cuncta
692 1974 1038 2046 Redemptori
1065 1983 1273 2043 nostro,
1306 1975 1354 2031 si
1396 1975 1625 2031 sollicite
1646 1977 1893 2031 conside—

305 2070 528 2127 rantur,
560 2064 835 2134 aptissime
860 2065 1204 2131 conveniunt,
1235 2065 1327 2135 qui
1366 2064 1588 2121 humilis
1614 2066 1667 2119 in
1703 2081 1889 2131 carne,

300 2152 398 2207 sed
432 2152 619 2222 plenus
644 2155 834 2225 gratiae
875 2165 933 2210 et
973 2156 1192 2212 virtutis
1236 2172 1502 2227 apparens
1531 2176 1549 2208 ι
1579 2158 1892 2227 vulneratus

300 2252 387 2297 est
407 2252 626 2314 propter
649 2244 961 2315 iniquitates
985 2256 1215 2314 nostras,
1242 2267 1260 2299 ›
1279 2262 1342 2303 ac
1363 2248 1430 2304 de
1453 2249 1564 2303 suis
1578 2248 1889 2305 vulneribus

299 2333 352 2387 vi
363 2342 427 2387 ta:
442 2334 597 2389 nobis
612 2344 664 2389 et
682 2335 871 2390 salutis
886 2337 1492 2407 saeramenta'profudit.
1513 2336 1663 2394 Unde
1682 2346 1736 2393 et
1750 2338 1887 2409 ipse,

300 2422 396 2491 qui
427 2423 600 2479 virtus
627 2434 683 2480 et
707 2426 968 2496 sapientia
1000 2428 1094 2483 Dei
1124 2437 1227 2493 est,
1250 2429 1489 2499 loquitur
1527 2430 1582 2484 in
1630 2430 1883 2499 prmsenti

299 2514 724 2573 Ecclesiastico:
781 2536 800 2570 ι
844 2526 899 2573 et
934 2521 1089 2590 quasi
1144 2520 1443 2577 balsamum
1500 2538 1607 2576 non
1660 2522 1880 2578 mistum

296 2608 434 2663 odor
486 2625 658 2665 meus.
696 2630 713 2661 ι
754 2609 1029 2667 Mirandus
1087 2626 1214 2667 sane
1257 2613 1392 2668 ordo
1439 2613 1727 2669 verborum
1755 2654 1770 2679 ,
1827 2623 1887 2669 ut

293 2700 449 2771 prius
473 2717 668 2771 sponsa
714 2702 863 2758 dicat
891 2705 1242 2760 accumbente
1288 2718 1415 2776 rege
1446 2705 1674 2759 nardum
1728 2719 1882 2760 suam

292 2791 517 2845 adorent
565 2791 809 2860 dedisse;
857 2793 1050 2849 deinde
1096 2794 1272 2863 ipsum
1331 2795 1589 2850 fascicnlo
1646 2799 1883 2866 myrrhae

294 2892 601 2953 comparet;
635 2886 795 2940 tertio
838 2887 1088 2942 eumdem
1126 2887 1342 2941 botrum
1393 2887 1566 2957 Cypri.
1604 2888 1879 2958 cognomi-

291 2984 415 3041 uet;
444 2977 511 3030 ad
541 2976 788 3031 ultimum
833 2977 885 3032 iu
935 2978 1109 3034 vincis
1135 2978 1375 3049 Engaddi
1427 2994 1549 3033 cum
1587 2993 1706 3034 esse
1730 2994 1879 3034 com-

286 3074 575 3131 memoret,
615 3067 742 3138 quia
780 3076 835 3123 et
862 3068 1015 3136 prius
1049 3069 1474 3124 discumbentem
1505 3071 1555 3124 in
1588 3085 1741 3125 coma
1775 3070 1879 3126 Do-

289 3152 497 3208 miuum
537 3156 731 3210 mulier
772 3156 963 3212 devota
998 3156 1456 3229 nardoperl‘udit.
1486 3158 1688 3214 Deinde
1716 3159 1879 3215 disci-

1995 1975 2214 2041 culices,
2238 1975 2517 2045 leviorque
2559 1974 2739 2029 resina
2784 1988 2905 2045 qua:
2955 1988 3021 2028 ex
3050 1972 3252 2029 cortice
3275 1972 3530 2042 erumpit.
3561 1993 3581 2026 ι

1994 2065 2060 2120 Et
2081 2067 2209 2135 quid
2258 2072 2357 2135 per
2394 2064 2761 2120 terebinthum
2806 2064 2912 2120 nisi
2941 2064 3196 2120 Ecclesia:
3240 2072 3414 2120 status
3451 2063 3587 2135 figu-

1992 2164 2165 2221 ratur,
2194 2170 2314 2227 qua:
2339 2170 2438 2225 per
2480 2163 2654 2211 totum
2697 2156 2885 2211 orbem
2929 2162 3198 2210 terrarum
3220 2154 3465 2210 extendit
3494 2169 3583 2228 rae

1992 2264 2110 2305 mos
2136 2248 2297 2303 suos?
2341 2247 2468 2318 quia
2510 2262 2610 2317 per
2659 2247 3101 2317 praedicationem
3153 2246 3435 2316 Evangelii
3483 2259 3583 2316 per

1987 2338 2226 2408 singulas
2260 2346 2450 2409 gentes
2476 2351 2661 2393 ramos
2686 2337 2812 2393 fidei
2839 2337 3130 2407 expandit,
3177 2344 3235 2391 et
3258 2335 3453 2390 dilatat
3503 2335 3583 2389 lo-

1991 2447 2114 2487 cum
2152 2431 2506 2488 habitationis
2545 2445 2687 2495 sum;
2728 2429 2820 2485 cui
2845 2430 2946 2485 sub
2973 2428 3079 2483 alia
3108 2427 3461 2489 similitudine
3484 2442 3584 2497 per

1990 2522 2191 2578 lsaiam
2222 2523 2461 2578 dicitur:
2494 2539 2520 2572 ιι
2557 2521 2733 2576 Dilata
2785 2520 2961 2575 locum
2993 2518 3217 2575 teutorii
3260 2519 3359 2583 tui,
3387 2526 3444 2574 et
3467 2518 3583 2587 pcl-

1988 2614 2068 2668 les
2092 2612 2565 2668 tabernaculorum
2582 2612 3102 2667 tuorumextendere
3127 2625 3196 2665 ne
3214 2624 3440 2681 parcas;
3466 2609 3583 2665 lon-

1986 2720 2089 2776 gos
2107 2704 2196 2761 fac
2234 2703 2502 2761 funiculus
2532 2714 2676 2769 tuos,
2706 2712 2760 2760 et
2784 2704 2970 2760 clavos
3005 2712 3126 2759 tuos
3155 2703 3453 2760 consolida.
3484 2702 3570 2758 Ad

1984 2797 2261 2851 dexteram
2294 2796 2438 2850 enim
2487 2804 2541 2851 et
2576 2796 2644 2851 ad
2694 2795 2883 2850 laevam
2910 2796 3251 2865 penetrabis,
3305 2804 3367 2850 et
3393 2810 3579 2851 semen

1982 2896 2135 2942 tuum
2168 2898 2357 2960 gentes
2381 2887 2743 2953 htereditabit,
2770 2894 2826 2942 et
2854 2887 3102 2942 civitates
3151 2887 3397 2942 desertas
3421 2886 3578 2940 inha-

1981 2978 2178 3035 bitabit
2206 2978 2341 3050 (Isa.
2364 2980 2496 3047 LIV).
2528 2998 2546 3030 δ
2578 2975 2742 3046 Cujus
2771 2978 2952 3033 resina
2978 2985 3064 3032 est
3101 2976 3576 3046 prtestantissima,

1980 3070 2106 3140 quia
2136 3069 2398 3126 medicina
2426 3069 2592 3134 illius,
2617 3084 2723 3139 qua
2747 3067 2998 3124 subvenit
3018 3066 3431 3135 mgritudinibus
3455 3065 3574 3120 ani-

1982 3175 2215 3227 marum,
2246 3168 2331 3215 est
2351 3159 2556 3231 optima
2581 3177 2594 3213 :
2628 3160 2715 3215 cui
2739 3160 2905 3215 etiam
2933 3159 3037 3213 hoc
3058 3157 3314 3213 convenit
3337 3157 3482 3227 quod
3509 3156 3579 3212 de

280 3245 400 3314 puli
428 3247 748 3303 crucifixum
778 3264 842 3304 ac
867 3250 1232 3320 sepeliendum
1261 3252 1481 3323 myrrha
1518 3261 1738 3307 unctum
1776 3252 1878 3307 lin~
1905 3222 1949 3283 C
1983 3267 2181 3325 genere
2230 3253 2399 3323 ipsius
2432 3253 2645 3308 arboris
2681 3252 2794 3322 jam
2837 3252 3110 3307 diximus:
3144 3251 3271 3321 quia
3322 3249 3578 3305 masculm

282 3334 390 3389 teis
417 3334 756 3405 involverunt
780 3378 795 3404 ,
841 3348 896 3393 et
925 3348 1050 3408 post
1102 3342 1219 3395 haec
1256 3341 1370 3409 ipse
1407 3342 1602 3413 gaudio
1638 3358 1881 3399 resurre-

284 3426 483 3480 ctionis
520 3442 642 3482 mox
674 3430 1010 3495 adveniente,
1037 3432 1300 3501 spiritalia
1327 3432 1572 3488 fidelibus
1603 3433 1741 3489 dona
1770 3434 1879 3489 dis-

286 3516 492 3570 tribuit;
530 3517 640 3574 Nec
672 3523 1109 3590 praetereundum
1137 3513 1280 3593 quod
1311 3526 1550 3596 Engaddi
1596 3524 1718 3581 fons
1738 3526 1876 3582 haedi

280 3607 708 3679 interpretatur,
751 3628 860 3682 quo
889 3614 1106 3670 nomine
1130 3624 1381 3685 patenzer
1427 3616 1703 3672 lavacrum
1731 3619 1872 3673 sacri

280 3694 625 3765 baptismatis
645 3702 983 3769 ostenditur,
1026 3704 1079 3758 in
1126 3720 1233 3774 quo
1260 3715 1571 3775 peccatores
1619 3706 1795 3762 adhuc
1821 3715 1876 3763 et

281 3785 501 3840 sinistra
529 3797 683 3857 parte
708 3791 854 3861 digni
885 3792 1285 3859 descendimus,
1314 3796 1407 3850 sed
1432 3794 1543 3863 jam
1575 3797 1818 3851 mundati
1842 3813 1873 3852 a

282 3885 627 3946 peccatorum
658 3877 901 3936 foeditate
923 3892 1085 3952 atque
1111 3883 1165 3937 in
1192 3900 1451 3955 agnorum
1477 3901 1702 3940 numero
1726 3902 1875 3942 com-

278 3965 505 4034 putandi
528 3969 889 4024 ascendimus.
916 3970 981 4024 Et
1004 3971 1142 4027 bene
1162 3987 1285 4027 cum
1312 3973 1553 4028 laetitiam
1575 3976 1870 4032 Dominica:

278 4059 697 4115 resurrectionis
740 4061 1072 4132 signiﬁcaret
1113 4064 1375 4119 dicendo:
1410 4085 1428 4116 ‹
1465 4065 1662 4121 Botrus
1707 4066 1869 4138 Cypri

278 4149 508 4205 dilectus
534 4166 688 4208 meus
732 4154 888 4220 mihi,
920 4175 938 4207 ο
972 4156 1180 4211 addidit
1225 4159 1503 4223 continue,
1538 4178 1556 4209 ι
1595 4160 1650 4214 in
1697 4160 1868 4216 vineis

280 4241 544 4310 Eugaddi,
580 4262 596 4292 ι
622 4242 676 4298 id
706 4252 807 4310 est,
837 4245 1077 4301 fontibus
1105 4248 1265 4312 licedi,
1291 4250 1434 4317 quod
1456 4256 1539 4305 est
1573 4261 1759 4320 aperte
1786 4251 1861 4305 di-

270 4348 403 4387 cere
441 4333 491 4387 in
534 4334 688 4389 donis
713 4337 1066 4404 spiritalibus,
1096 4354 1215 4408 quae
1247 4354 1313 4393 ex
1341 4348 1585 4411 tempore
1612 4342 1863 4412 baptismi

277 4422 526 4478 fidelibus
547 4425 921 4483 conferuntur.
963 4428 1237 4484 llactcnus
1278 4430 1519 4486 Ecclesia
1564 4447 1593 4486 a
1636 4431 1868 4487 Redem-

276 4521 432 4604 μορε
458 4528 557 4568 suo
578 4516 786 4585 accepit
832 4518 993 4583 dona,
1024 4535 1144 4589 quae
1193 4519 1497 4576 dilectionis
1540 4522 1759 4593 pignora
1786 4533 1863 4579 te.

275 4616 469 4662 statur.
528 4610 671 4665 Bene
713 4627 842 4683 ergo
893 4613 1027 4668 dicit
1075 4614 1353 4685 Sapientia
1394 4617 1604 4680 divina,
1644 4638 1661 4669 ι
1696 4618 1861 4686 Quasi

274 4696 577 4753 balsamum
628 4716 731 4756 non
773 4704 993 4758 mistum
1037 4707 1173 4760 odor
1223 4723 1394 4772 meus,
1437 4728 1455 4758 ι
1487 4709 1641 4779 quia.
1660 4711 1862 4766 nullam

272 4787 329 4841 in
367 4803 426 4842 se
448 4790 612 4846 habet
634 4794 840 4848 erroris
868 4796 1265 4865 coutagiouem,
1296 4798 1439 4853 nulla
1497 4801 1690 4871 recipit
1723 4817 1855 4858 con-

271 4878 442 4936 tortia
471 4881 819 4951 perfidorum,
854 4886 947 4941 sed
997 4902 1130 4955 pura
1161 4895 1216 4941 et
1241 4889 1449 4944 sincera
1500 4891 1617 4961 ejus
1663 4903 1749 4947 est
1770 4892 1863 4948 do-

1981 3344 2205 3397 arborcs
2255 3343 2375 3397 sine
2420 3341 2598 3397 fructu
2642 3349 2814 3407 sunt,
2868 3341 3195 3397 feminarum
3233 3346 3413 3394 autem
3466 3339 3579 3394 duo

1980 3441 2107 3489 sunt
2127 3448 2351 3504 genera,
2378 3449 2610 3505 quorum
2646 3433 2741 3488 uni
2786 3431 2994 3487 fructus
3022 3431 3197 3495 rubet,
3226 3430 3379 3484 alteri
3411 3428 3575 3499 palli-

1979 3525 2098 3591 dus,
2132 3540 2257 3580 cum
2295 3525 2405 3580 vite
2460 3524 2799 3590 maturescit,
2835 3523 2964 3594 quia
3008 3522 3080 3578 illi
3110 3523 3202 3592 qui
3240 3537 3338 3593 per
3383 3521 3573 3578 elatio-

1976 3631 2101 3671 nem
2136 3615 2336 3671 mentis
2370 3615 2606 3685 aliquem
2645 3616 2885 3687 vigorem
2920 3614 3153 3684 propriae
3199 3612 3421 3667 virtutis
3461 3610 3569 3666 sibi

1974 3707 2310 3773 adscribunt,
2334 3708 2452 3762 sine
2474 3706 2652 3762 fructu
2672 3709 2933 3761 virtutum
2961 3704 3232 3770 existunt;
3265 3703 3357 3773 qui
3387 3709 3570 3758 autem

1975 3797 2346 3854 infirmitatem
2377 3813 2529 3853 suam
2577 3804 2933 3868 agnoscentes
2954 3802 3125 3850 totam
3149 3808 3301 3864 spem
3329 3806 3483 3847 suam
3511 3791 3569 3845 in

1968 3903 2129 3958 opem
2156 3899 2213 3942 et
2242 3888 2472 3958 gratiam
2494 3887 2579 3941 sui
2601 3885 2899 3941 conditoris
2943 3892 3170 3955 ponunt,
3199 3883 3253 3937 hi
3304 3881 3568 3936 nimirum

1973 3986 2068 4033 aut
2097 3977 2329 4033 fructum
2354 3977 2601 4051 martyrii
2644 3991 2741 4047 per
2784 3975 3128 4031 tolerantiam
3168 3972 3436 4042 passionis
3464 3986 3565 4027 ex-

1968 4070 2215 4141 quirunt,
2245 4077 2335 4124 aut
2364 4084 2462 4139 per
2489 4066 2880 4124 continentiam
2925 4073 2983 4122 et
3018 4064 3342 4119 munditiam
3385 4061 3566 4118 cordis

1966 4168 2133 4229 atque
2173 4160 2418 4230 corporis
2446 4157 2682 4230 speciale
2733 4156 3013 4227 przemium
3059 4156 3114 4211 in
3156 4154 3364 4210 caelesti
3394 4168 3566 4223 regno

1967 4265 2091 4304 cum
2136 4265 2275 4320 agno
2309 4250 2680 4318 possidebunt,
2706 4249 3106 4317 cantabuntque
3126 4246 3401 4301 canticum
3430 4244 3564 4301 illud

1964 4343 2112 4412 quod
2161 4344 2215 4397 in
2254 4341 2576 4412 Apocalypsi
2620 4348 2994 4396 memorantur
3036 4346 3287 4394 cantasse
3341 4345 3560 4393 centum

1960 4435 2326 4507 quadraginta
2363 4445 2597 4505 quatuor
2650 4432 2816 4488 millia
2857 4431 2950 4501 qui
2978 4431 3197 4486 stabant
3245 4442 3368 4483 cum
3417 4443 3560 4498 agno

1968 4539 2130 4593 supra
2171 4532 2408 4579 montem
2438 4523 2606 4579 Sion:
2649 4543 2669 4575 ‹
2706 4523 2775 4578 Et
2800 4537 2961 4578 nemo
2993 4528 3207 4591 poterat
3230 4519 3413 4574 dicere
3428 4534 3558 4573 can-

1928 4611 2140 4687 fticum
2160 4614 2322 4680 illud,
2382 4613 2487 4669 nisi
2535 4614 2624 4668 illa
2655 4624 2871 4669 contum
2916 4611 3277 4683 quadraginta
3321 4621 3558 4680 quatuor

1969 4708 2158 4775 millia,
2188 4709 2280 4780 qui
2312 4709 2480 4779 empti
2523 4718 2655 4766 sunt
2678 4710 2744 4765 de
2775 4719 2941 4775 terra,
2964 4708 3055 4778 qui
3083 4724 3204 4763 cum
3236 4706 3555 4762 mulieribus

1973 4816 2081 4856 nou
2107 4813 2234 4856 sunt
2262 4801 2616 4872 coinquinati,
2641 4811 2695 4857 et
2723 4803 2840 4858 sine
2864 4800 3072 4857 macula
3103 4810 3229 4857 sunt
3251 4809 3378 4856 ante
3406 4799 3555 4856 thro-
3587 4815 3600 4834 ·

1969 4909 2097 4948 num
2120 4893 2215 4950 Dei
2240 4894 2424 4966 (Apoc.
2447 4892 2583 4963 xtv).
2621 4913 2641 4945 ι

1511 5197 1809 5274 LIBER
1888 5200 2305 5280 SEXTUS.

793 5441 1020 5502 CAPUT
1058 5445 1346 5503 PRIMUM.

180 5538 187 5545 ⁸
274 5554 561 5631 Sapientia
583 5557 766 5631 matris
788 5558 980 5627 a/fectu
1014 5559 1263 5631 loquitur,
1292 5562 1427 5615 sicut
1452 5562 1522 5615 ibi
1547 5576 1565 5613 :
1596 5562 1858 5629 Hierusa-

365 5642 475 5690 cm,
501 5625 1090 5704 llierusalemmuoties
1134 5630 1278 5686 volui
1321 5646 1653 5702 congregare
1686 5625 1859 5704 pullos

344 5704 491 5761 tuos,
520 5698 664 5752 sicut
687 5698 904 5769 gallina.

270 5876 275 5881 ι
348 5824 368 5855 ι
400 5804 512 5877 Ego
538 5807 692 5877 quasi
718 5808 844 5864 vitis
894 5810 1213 5871 fructiﬁcavi
1279 5813 1599 5871 suavitatem
1642 5816 1855 5883 odoris,

599 5899 871 5963 PATROL.
936 5901 1109 5972 CIX.
1356 5892 1357 5895 “
1524 5904 1529 5911 ’

1973 5470 1991 5501 ι
2022 5457 2078 5505 et
2110 5449 2271 5505 flores
2295 5448 2402 5504 mei
2441 5447 2645 5519 fructus
2674 5447 2897 5502 honoris
2924 5454 2981 5501 et
3003 5446 3321 5502 honestatis.
3354 5465 3371 5497 ι
3404 5445 3548 5512 Quid

1965 5555 2066 5610 per
2093 5541 2233 5594 hanc
2253 5539 2417 5593 vitem
2449 5538 2552 5593 nisi
2594 5538 2706 5608 ipse
2739 5537 3060 5608 exprimitur
3087 5537 3180 5607 qui
3216 5537 3273 5592 in
3302 5536 3547 5607 Evange~

1963 5631 2038 5685 lio
2072 5629 2348 5698 discipulis
2368 5630 2484 5684 suis
2508 5629 2621 5682 ait:
2659 5647 2677 5679 ε
2718 5628 2829 5699 Ego
2856 5640 2973 5684 sum
3016 5630 3143 5684 vitis
3180 5644 3309 5685 vera
3353 5634 3410 5682 et
3449 5640 3546 5682 vos

1963 5722 2213 5792 palmites
2237 5722 2418 5793 (Joan.
2444 5721 2567 5792 xv);
2599 5719 2753 5790 cujus
2799 5724 2928 5778 vitis
2966 5724 3143 5791 liquor
3188 5721 3423 5777 laetificat
3450 5732 3545 5773 cor

1964 5814 2260 5881 hominum,
2297 5814 2513 5885 quando
2551 5815 2784 5872 bibendo
2811 5816 3128 5887 sanguinem
3155 5813 3270 5883 ejus
3309 5810 3544 5883 gaudent-

2962 5905 3179 5965 3οη·
