4030 6474
508 354 612 411 959

1157 354 1213 407 ιι.
1258 349 1508 406 ltABANl
1551 348 1769 407 MAUltl
1811 349 2133 405 ARCHIEP.
2178 348 2490 406 uocum.
2528 346 2815 406 OPERUM
2851 318 3033 405 ms
3062 348 3114 405 'l.

3689 344 3800 403 940

497 483 589 529 ~‘lcs
615 470 834 525 laudant
880 466 1265 538 redemptionis
1309 482 1420 522 suze
1454 470 1762 524 venerabile
1789 484 2104 524 saeramen-
2134 471 2181 529 Λ
2209 467 2467 538 parabilis
2495 476 2580 523 est
2620 466 2951 533 dulcedinis;
2994 476 3050 522 et
3085 465 3377 522 luere-.litas
3407 479 3651 536 superna
3679 479 3802 534 qute

502 572 641 617 tum.
675 558 799 614 Haec
820 558 953 613 vitis
980 556 1273 616 fructiﬁeat
1302 560 1621 616 suavitatem
1656 562 1858 625 odoris,
1884 561 2101 630 quando

508 668 605 715 per
632 659 802 705 totum
828 650 1016 704 orbem
1048 648 1192 703 fama
1221 649 1497 720 spargitur
1539 650 1864 719 evzingelicze
1899 649 2100 719 praedi-

493 741 757 807 cationis,
789 739 1056 811 lloresque
1085 740 1255 811 ipsius
1281 740 1488 795 fruetus
1521 749 1648 796 sunt
1673 742 1895 797 honoris
1922 751 1977 797 et
2004 742 2101 797 h0-

502 834 756 900 nestatis,
786 834 925 903 quia
942 832 1261 903 jucunditas
1288 841 1344 887 et
1368 833 1531 887 decor
1563 833 1807 886 omnium
1836 833 2099 887 virtutum

504 924 894 995 quotidio'ejns
942 924 1084 979 dono
1118 923 1368 979 illorescit
1412 932 1574 993 atque
1609 923 1859 979 clarescit
1890 924 1944 978 in
1972 939 2100 979 cre-

509 1016 754 1072 dentium
785 1015 981 1071 turbis.

585 1129 604 1161 ι
638 1109 749 1180 Ego
792 1116 968 1163 mater
999 1107 1236 1177 pulchrae
1283 1106 1620 1171 dilectionis,
1670 1113 1726 1161 et
1757 1105 2005 1171 timoris,
2036 1114 2103 1161 et

515 1221 534 1250 ι
562 1200 875 1272 agnitionis,
890 1207 946 1253 et
960 1206 1167 1253 sancte
1190 1199 1325 1267 spei.
1358 1218 1376 1249 ι
1409 1197 1683 1267 Sapientia
1700 1211 1829 1267 ergo
1847 1196 1963 1261 Dei,
1980 1212 2102 1267 qum

512 1302 596 1349 est
618 1292 895 1356 Christus,
932 1298 1106 1344 mater
1129 1297 1211 1343 est
1244 1290 1483 1359 pulchrae
1511 1289 1838 1352 dilectionis,
1869 1296 1924 1342 et
1945 1288 2101 1358 origo

509 1384 756 1439 omnium
800 1383 1088 1446 virtumm,
1119 1380 1243 1450 qttia
1288 1380 1457 1450 ipsius
1493 1383 1666 1449 gratia
1706 1386 1999 1449 generatur
2046 1378 2101 1433 in

508 1474 767 1530 cordibus
796 1473 1093 1528 electorum
1131 1471 1357 1526 allectus
1401 1484 1541 1526 verte
1587 1471 1902 1534 eharitatis,
1942 1470 2105 1523 timor

516 1563 765 1627 salubris,
797 1562 1102 1617 intellectus
1139 1562 1381 1617 scientia:
1415 1560 1698 1629 spiritalis,
1722 1572 1953 1630 spesque
1980 1560 2103 1613 vitm

513 1660 747 1715 aeterna),
777 1660 832 1705 et
859 1652 1036 1722 gaudii
1081 1651 1282 1716 futuri;
1322 1651 1440 1706 sine
1462 1665 1528 1704 eo
1554 1665 1769 1720 quoque
1798 1649 1932 1704 nihil
1974 1649 2103 1704 boni

514 1745 796 1809 habemus,
825 1744 1081 1814 quoniam
1116 1762 1134 1794 ι
1172 1755 1334 1796 omne
1372 1742 1557 1796 datum
1599 1742 1967 1812 Optimum,et
1989 1757 2104 1795 om-

511 1848 582 1887 ne
605 1833 805 1889 donum
834 1833 1134 1903 perfectum
1180 1833 1247 1887 de
1280 1849 1494 1887 sursum
1539 1843 1618 1887 est
1639 1873 1653 1897 ,
1709 1829 2041 1888 descendens
2070 1849 2101 1887 a

510 1922 674 1978 Patre
713 1924 1008 1988 luminum,
1068 1923 1186 1993 ipse
1220 1933 1301 1979 est
1341 1923 1459 1979 fons
1489 1925 1645 1989 vitae;
1683 1933 1739 1977 et
1792 1924 1846 1977 in
1901 1923 2103 1980 lumine

510 2016 631 2086 ejus
667 2016 965 2071 videbimus
994 2015 1175 2071 lumen
1209 2016 1417 2084 (Jacob.
1447 2018 1506 2087 ι).
1542 2038 1560 2069 ι
1597 2018 1672 2071 De
1697 2033 1805 2085 quo
1830 2025 1883 2071 et
1905 2016 2101 2072 Paulus

512 2106 588 2159 ait
617 2124 629 2159 :
667 2125 685 2158 ε
728 2105 915 2161 Gratia
942 2106 1059 2171 Dei,
1096 2108 1288 2178 inquit,
1322 2124 1441 2163 sum
1472 2109 1525 2163 id
1548 2109 1689 2179 quod
1715 2124 1835 2165 sum
1864 2108 1949 2181 (11
1971 2107 2097 2164 Cor.

509 2196 622 2268 \v).
656 2217 677 2249 ο
717 2197 865 2254 Unde
889 2205 944 2254 et
977 2199 1241 2267 sequitur.

1152 2289 1379 2346 CAPUT
1402 2284 1469 2345 ill.

510 2378 783 2448 Sapientia
809 2382 1054 2434 hortatur
1095 2381 1271 2434 dicens
1298 2398 1317 2434 :
1358 2380 1447 2433 Ίαί
1483 2382 1850 2450 concupiscitis
1904 2398 2012 2443 me,
2065 2400 2099 2435 ιι

578 2451 998 2518 generationibus
1043 2453 1171 2504 meis
1214 2450 1532 2519 implemini;
1589 2462 1636 2503 et
1685 2452 1912 2515 Spiritus
1956 2469 2100 2507 meus

578 2535 736 2591 super
779 2520 877 2591 mel
907 2521 1111 2591 dulcis;
1161 2520 1249 2574 ille
1291 2521 1537 2591 nimirum
1585 2520 1845 2589 Spiritus,
1884 2522 1947 2575 de
1997 2539 2099 2591 quo

579 2588 745 2660 dicit:
780 2589 948 2655 Quem
975 2590 1136 2643 Pater
1161 2591 1325 2643 mittit
1364 2590 1416 2643 in
1451 2588 1665 2660 nomine
1692 2608 1811 2645 meo
1838 2588 2098 2660 Spiritum

576 2658 868 2731 veritatis:
907 2669 964 2713 et
992 2659 1082 2730 qui
1120 2660 1187 2715 de
1222 2676 1340 2715 meo
1386 2659 1635 2729 accipiet,
1672 2661 1786 2731 ipse
1816 2658 1912 2717 vos
1939 2662 2099 2717 doce-

581 2728 661 2784 bit
688 2730 891 2793 omnia,
918 2728 1024 2785 etc;

584 2842 603 2875 ε
641 2822 699 2877 In
727 2838 817 2878 me
844 2824 1015 2895 gratia
1030 2826 1217 2880 omnis
1243 2825 1366 2880 vitae
1391 2835 1445 2880 et
1476 2828 1739 2891 veritatis,
1772 2827 1824 2882 in
1865 2842 1952 2881 me
1976 2842 2095 2880 om-

513 2933 533 2968 ι
563 2914 649 2970 nis
670 2929 796 2985 spes
819 2916 944 2969 vita:
965 2926 1023 2970 et
1043 2916 1323 2971 virtutis.»
1352 2916 1456 2972 Per
1475 2918 1649 2987 ipsum
1673 2918 1935 2972 habemus
1962 2933 2101 2986 prte-

509 3014 717 3062 scntem
739 3007 930 3072 vitam,
958 3006 1081 3076 quia
1118 3026 1137 3059 ‹
1184 3007 1238 3061 in
1270 3008 1386 3078 ipso
1416 3009 1669 3073 vivimus,
1710 3024 2018 3077 movemur,
2042 3017 2098 3062 et

510 3114 719 3165 smnus,
750 3116 770 3152 ι
805 3112 904 3169 per
954 3099 1127 3170 ipsmn
1159 3100 1477 3155 habebimus
1525 3100 1579 3154 in
1624 3100 1804 3155 futuro
1833 3114 2019 3154 veram
2043 3108 2100 3154 et

2136 1819 2183 1879 Β

2201 559 2255 615 in
2310 561 2584 631 agnitione
2648 570 2706 615 et
2756 560 3044 617 dilectione
3097 558 3193 613 Dei
3243 558 3515 613 tribuetur
3572 557 3802 621 sanctis,

2200 652 2414 722 quando
2443 667 2569 707 eum
2616 651 2879 708 videbunt
2924 651 3064 706 faeie
3110 650 3178 704 ad
3211 649 3431 711 faciem,
3461 658 3517 702 et
3559 646 3802 702 delecta-

2199 742 2401 796 buntur
2425 742 2481 797 in
2503 742 2724 798 dextera
2748 742 2868 813 ejus
2891 758 3061 812 usque
3090 741 3143 795 in
3169 742 3351 804 linem,
3384 756 3492 794 non
3523 749 3614 795 est
3639 756 3807 795 enar-

2201 833 2406 898 rabilis,
2440 833 2536 888 sed
2557 833 2777 888 omnino
2812 842 2897 888 est
2938 831 3350 896 inaestimabilis,
3380 831 3508 901 quia
3535 830 3808 900 scriptum

2199 933 2322 979 est:
2362 944 2381 975 ι
2417 923 2618 979 Oculus
2662 939 2771 977 non
2800 922 2955 988 vidit,
3008 937 3109 978 nec
3150 922 3299 977 auris
3348 921 3579 987 audivit,
3616 935 3724 975 nec
3754 921 3810 974 in

2200 1034 2296 1074 eor
2322 1019 2561 1072 hominis
2590 1016 2857 1081 ascendit,
2886 1031 3006 1087 qua:
3048 1018 3378 1087 pneparavlt
3422 1014 3574 1071 Deus
3598 1015 3690 1070 his
3715 1013 3813 1087 qui

2201 1108 2610 1179 diligunt-illum
2649 1106 2701 1178 (1
2733 1105 2861 1162 Cor.
2895 1105 3009 1177 11).:

2277 1218 2296 1252 ι
2330 1200 2588 1254 Memoria
2642 1214 2762 1253 mea
2818 1199 2872 1253 in
2925 1197 3329 1276 generationem
3387 1194 3808 1251 saeculorum.»

2204 1289 2458 1346 Memoria
2485 1290 2631 1344 enim
2662 1290 2941 1359 sapientia:
2984 1288 3081 1343 Dei
3130 1288 3185 1342 in
3234 1287 3646 1356 generationem
3683 1302 3814 1341 om-

2202 1385 2351 1439 nium
2402 1382 2722 1438 saeculorum
2777 1380 3137 1453 permanebit,
3196 1379 3322 1447 quia
3375 1380 3547 1447 ipsam
3585 1377 3818 1431 laudant

2203 1474 2400 1545 angeli,
2433 1474 2743 1529 collaudant
2763 1472 3095 1543 archangeli,
3113 1471 3483 1525 vaticinantur
3507 1472 3814 1539 prophetx,

2199 1567 2500 1638 prtedieant
2524 1566 2776 1635 apostoli,
2810 1567 3096 1634 omnisque
3130 1565 3319 1618 militia
3348 1579 3393 1617 vc
3414 1582 3429 1614 ι
3451 1562 3671 1616 lestium
3704 1564 3821 1616 vir-

2203 1667 2401 1723 tutum,
2455 1667 2511 1714 et
2553 1658 2761 1713 infinita
2811 1657 3100 1712 multitudo
3143 1663 3457 1711 sanctarum
3497 1654 3817 1707 animarum

2205 1742 2437 1797 adorant
2473 1752 2529 1797 et
2555 1743 2860 1814 gloriﬁcant
2886 1743 2940 1797 in
2971 1744 3258 1798 teternum.

2287 1852 2306 1884 ι
2335 1834 2437 1901 Qui
2484 1834 2652 1888 edunt
2690 1848 2798 1900 me,
2853 1832 3031 1888 adhuc
3065 1834 3347 1888 esurient:
3379 1841 3435 1884 et
3470 1831 3567 1900 qui
3618 1830 3821 1884 bibunt

2209 1944 2227 1977 ‹
2254 1941 2363 1990 me,
2391 1926 2567 1980 adhuc
2586 1925 2787 1981 sitient.
2814 1945 2832 1978 ι
2869 1924 3056 1993 Magna
3087 1926 3231 1979 enim
3247 1922 3507 1979 distantia
3536 1931 3625 1976 cst
3667 1922 3821 1975 inter

2204 2017 2516 2088 corporales
2543 2017 2767 2071 delicias
2788 2026 2843 2072 et
2866 2017 3157 2087 spiritales,
3187 2017 3313 2086 quia
3342 2014 3663 2085 corporales
3686 2013 3821 2067 deli-

2182 2111 2304 2165 cia:
2320 2125 2442 2164 cum
2459 2125 2564 2163 non
2586 2109 2878 2173 habentur,
2899 2124 3064 2181 grave
3092 2109 3144 2163 in
3172 2124 3232 2164 se
3254 2106 3587 2164 desiderium
3612 2120 3819 2162 θοῦριν

2206 2202 2366 2265 dunt;
2399 2215 2522 2255 cum
2563 2214 2695 2254 vero
2724 2200 2882 2255 avide
2923 2199 3180 2265 eduntur,
3211 2198 3591 2254 comedentem
3638 2197 3817 2266 proti-

2206 2306 2307 2345 nus
2339 2291 2391 2343 in
2425 2289 2698 2344 fastidium
2727 2303 2826 2360 per
2864 2291 3171 2346 satietatem
3206 2296 3444 2344 vertunt.
3484 2287 3559 2340 At
3614 2293 3813 2339 contra

2203 2381 2477 2452 spiritales
2518 2382 2726 2436 delicia:
2778 2397 2901 2436 cum
2955 2397 3064 2437 non
3119 2382 3414 2444 habentur,
3484 2380 3539 2433 in
3590 2377 3819 2433 fastidio

2203 2481 2358 2538 sunt;
2390 2488 2513 2526 cum
2544 2488 2673 2527 vero
2701 2473 2990 2538 habentur,
3033 2472 3088 2526 in
3133 2472 3438 2537 desiderio;
3484 2479 3753 2540 tantoque
3783 2486 3816 2523 a

2198 2564 2517 2619 comedente
2562 2563 2793 2633 amplius
2837 2563 3166 2626 esuriontnr,
3211 2570 3418 2632 quanto
3466 2571 3521 2617 et
3568 2563 3639 2615 ab
3684 2576 3819 2615 csu-

2201 2658 2376 2712 rientc
2404 2656 2634 2726 amplius
2668 2655 3133 2713 comedunturJn
3165 2654 3274 2710 illis
3301 2655 3575 2725 appetitus
3606 2653 3817 2723 placet,

2194 2747 2539 2817 experientia
2568 2747 2857 2819 displicet:
2890 2746 2945 2800 in
2986 2747 3105 2801 istis
3132 2747 3402 2816 appetitus
3438 2746 3567 2800 vilis
3616 2756 3727 2807 est,
3760 2753 3819 2798 et

2202 2839 2538 2909 experientia
2570 2838 2743 2908 magis
2771 2837 2987 2907 placet;
3016 2838 3067 2891 in
3100 2838 3206 2892 illis
3245 2837 3520 2907 appetitus
3544 2837 3816 2891 saturita-

2212 2940 2340 2994 tem,
2384 2929 2643 2984 saturitas
2672 2929 2946 2983 l'astidium
2974 2936 3197 2999 generat
3222 2946 3235 2981 :
3272 2928 3324 2981 in
3353 2927 3475 2982 istis
3497 2935 3681 2981 autem
3720 2940 3823 2994 ιιι),

2199 3023 2401 3092 petitus
2426 3022 2785 3085 saturitatem,
2810 3021 3066 3075 saturitas
3085 3020 3379 3091 appetitum
3408 3019 3572 3089 parit.
3602 3018 3821 3089 Augeat

2204 3115 2349 3169 enim
2375 3113 2647 3184 spiritales
2680 3112 2887 3183 delicia:
2919 3111 3247 3167 desiderium
3281 3110 3335 3163 in
3360 3118 3543 3165 mente
3574 3111 3702 3164 dum
3732 3126 3821 3165 sa.

508 3199 824 3262 perpetuam
859 3191 1047 3255 vitam,
1062 3207 1175 3262 per
1197 3192 1372 3262 ipsum
1398 3207 1681 3261 speramus
1712 3190 2096 3247 immortalita-

2213 3207 2349 3261 tiant
2378 3173 2630 3276 {quanto
2656 3180 2826 3276 magis
2856 3219 3043 3259 earum
3071 3218 3233 3274 sapor
3262 3202 3587 3273 percipitur,
3610 3217 3677 3256 eo
3696 3219 3820 3256 am-

511 3290 620 3337 tem
643 3282 796 3339 nobis
818 3282 1078 3347 conferri,
1102 3291 1262 3353 atque
1291 3299 1548 3338 coronam
1576 3283 1763 3354 glorize
1789 3298 2101 3353 supernam.

514 3373 671 3430 Unde
722 3374 840 3444 ipso
889 3376 1159 3431 tribuente
1202 3386 1478 3432 certamus
1510 3392 1611 3447 pro
1660 3376 1874 3432 modulo
1918 3386 2106 3431 nostro

512 3465 648 3522 calle
673 3467 934 3523 virtutum
957 3468 1252 3539 gradiendo
1272 3471 1554 3539 pervenire
1574 3472 1642 3526 ad
1659 3471 1898 3527 ouietem
1915 3471 2107 3541 patriae

513 3556 773 3612 cmlestis.

590 3664 610 3697 ι
638 3647 889 3702 'l‘ransite
922 3649 989 3703 ad
1023 3663 1111 3704 me
1138 3664 1327 3705 omnes
1357 3651 1449 3721 qui
1477 3654 1867 3723 concupiscitis
1914 3668 2022 3719 me,
2050 3663 2105 3708 et

522 3752 541 3785 ε
573 3750 602 3787 a
624 3735 1065 3805 generationibus
1090 3739 1224 3793 meis
1247 3739 1566 3808 itnplemini.
1598 3763 1615 3793 ι
1645 3744 1891 3797 Materno
1914 3744 2107 3798 all'ectu

516 3825 774 3881 admonet
802 3827 1067 3898 sapientia
1110 3827 1251 3884 ﬁlios
1277 3846 1425 3897 suos,
1471 3840 1530 3886 ut
1570 3834 1639 3888 ad
1683 3834 1855 3902 ipsam
1888 3849 2112 3888 concur-

514 3926 659 3984 rant,
690 3915 808 3986 ejus
847 3933 1073 3973 munere
1101 3920 1362 3987 ditentur,
1393 3938 1457 3977 ac
1484 3939 1588 3993 ope
1610 3924 1943 3979 reﬁciantur.
1982 3923 2111 3980 Tale

515 4016 599 4062 est
622 4008 826 4063 etillud
857 4008 1130 4080 Evangelii
1160 4012 1548 4081 testimonium,
1579 4029 1686 4084 quo
1719 4014 1972 4070 Salvator
2003 4016 2109 4071 mi-

516 4098 866 4154 sericorditer
932 4099 1244 4157 laborantes
1292 4102 1544 4159 hortatur
1593 4105 1662 4159 ad
1736 4121 1796 4161 se
1859 4106 2048 4160 venire
2094 4124 2107 4159 :

523 4206 543 4239 ‹
579 4189 791 4257 Venite,
818 4191 1017 4262 inquit,
1045 4194 1111 4247 ad
1137 4207 1241 4261 me,
1258 4209 1449 4250 omnes
1476 4196 1569 4266 qui
1606 4197 1869 4252 laboratis
1901 4208 1957 4253 et
1981 4213 2115 4253 one-

516 4283 620 4338 rati
669 4285 825 4351 estis,
865 4292 921 4340 et
967 4300 1068 4357 ego
1112 4286 1353 4342 reficiam
1404 4303 1503 4344 vos
1547 4288 1770 4361 (Matth.
1824 4290 1922 4361 xi).
1972 4310 1990 4343 ι
2045 4291 2114 4345 Et

516 4375 645 4431 item
677 4395 689 4430 :
720 4394 738 4427 ι
773 4376 874 4444 Qui
904 4377 1019 4431 sitit
1046 4379 1228 4433 veniat
1256 4380 1323 4435 ad
1361 4396 1471 4445 me,
1503 4390 1559 4437 et
1593 4382 1771 4448 bibat;
1803 4391 1856 4439 et
1887 4384 1955 4439 de
1984 4398 2114 4438 ven-

517 4476 599 4522 tre
623 4466 740 4534 ejus
766 4466 931 4521 lluent
962 4482 1116 4537 aqua:
1141 4467 1276 4523 viv1e
1304 4468 1487 4540 (Joan.
1511 4472 1630 4543 vn).
1663 4492 1684 4525 ο

597 4574 616 4607 ι
647 4556 884 4626 Spiritus
910 4535 1056 4613 enim
1089 4573 1245 4614 meus
1281 4535 1446 4630 super
1482 4535 1602 4617 mel,
1632 4562 1827 4628 dulcis,
1855 4564 2112 4619 etvlnere-
2134 4535 2188 4595 Ῑ)

523 4664 542 4696 ι
572 4645 715 4700 ditas
743 4661 862 4700 mea
885 4661 1050 4717 super
1072 4649 1178 4703 mel
1206 4658 1261 4705 et
1289 4649 1492 4706 favum.
1529 4672 1549 4705 ι
1584 4652 1820 4723 Spiritus
1840 4655 1983 4709 enim
2014 4656 2115 4711 iste

518 4752 626 4792 non
656 4736 793 4791 alius
817 4753 979 4807 quam
1012 4738 1246 4809 Spiritus
1281 4752 1363 4797 est
1400 4756 1645 4810 sanctus,
1686 4747 1778 4815 qui
1813 4747 2115 4802 communis

518 4840 603 4885 est
628 4830 775 4885 Patri
811 4842 865 4886 et
891 4831 1046 4898 Filio,
1081 4833 1206 4904 quia
1246 4838 1487 4905 procedit
1520 4853 1549 4890 a
1579 4836 1763 4904 Patre,
1788 4839 2115 4908 proceditet

520 4938 552 4976 a
578 4921 714 4976 Filio
744 4938 759 4987 ;
797 4921 1030 4976 mittitur
1064 4938 1092 4976 a
1139 4922 1320 4990 Patre,
1367 4925 1601 4980 mittitur
1629 4934 1685 4982 et
1711 4943 1741 4980 a
1786 4927 1941 4992 Filio,
1975 4927 2116 4982 sicut

520 5011 636 5083 ipsa
669 5009 880 5066 Veritas
909 5011 963 5065 in
1000 5011 1290 5083 Evangelio
1330 5022 1581 5082 testatur,
1627 5016 1814 5073 dicens
1846 5035 1858 5071 :
1897 5037 1915 5068 ι
1952 5016 2113 5071 Para-

520 5103 692 5160 cletns
715 5111 894 5157 autent
923 5101 1159 5173 Spiritus
1194 5115 1415 5163 sanctus
1460 5123 1621 5177 quem
1649 5110 1828 5165 mittet
1868 5111 2029 5166 Pater
2057 5112 2110 5166 in

521 5195 740 5250 nomine
770 5210 911 5261 meo,
944 5194 1033 5250 ille
1063 5210 1157 5251 vos
1184 5196 1400 5252 docebit
1424 5200 1631 5263 omnia,
1655 5210 1709 5253 et
1745 5212 1996 5271 suggeret
2017 5219 2111 5257 vo-

521 5282 607 5339 bis
634 5284 814 5340 omnia
845 5302 1181 5356 quacunque
1205 5287 1395 5343 dixero
1424 5290 1578 5344 vobis
1609 5289 1790 5360 (Joan.
1820 5292 1952 5363 XIV).
1991 5313 2010 5345 ι
2047 5294 2113 5347 Ει

523 5375 691 5432 item:
726 5397 744 5429 ι
777 5378 910 5451 Ego,
944 5380 1140 5449 inquit,
1184 5382 1396 5437 mittam
1424 5385 1759 5453 promissum
1798 5385 1977 5443 Patris
2005 5389 2109 5444 mei

525 5468 579 5523 in
610 5484 736 5535 vos;
766 5484 862 5524 vos
888 5479 1068 5524 autem
1101 5473 1285 5527 sedete
1308 5475 1363 5529 in
1387 5475 1630 5542 civitate,
1661 5477 2013 5547 quoadusque
2034 5480 2116 5534 in-

525 5563 766 5617 duamini
795 5562 1048 5616 virtutem
1097 5577 1161 5617 ex
1212 5566 1324 5622 alto
1370 5567 1523 5639 (Luc.
1576 5570 1748 5643 χειν).
1780 5592 1799 5623 ι
1833 5570 1940 5627 Iste
1966 5573 2114 5627 enin.

524 5650 765 5723 Spiritus
791 5667 954 5721 super
979 5654 1082 5708 mel
1113 5665 1194 5710 est
1225 5658 1417 5724 doleis,
1443 5663 1567 5730 quia
1590 5663 1831 5719 cliaritas
1853 5665 1968 5727 Dei,
1995 5681 2116 5736 qua:

523 5759 626 5816 per
661 5746 836 5817 ipsum
850 5742 1167 5802 .infunditur
1196 5750 1249 5805 in
1278 5754 1532 5809 cordibus
1560 5755 1876 5822 electormn,
1909 5758 2117 5814 incom-

2198 3296 2353 3368 ‘plixs
2379 3296 2723 3366 cognoscitur
2751 3295 2894 3365 quod
2908 3293 3123 3349 avidius
3144 3304 3378 3357 ametur,
3410 3302 3463 3347 et
3483 3293 3685 3348 ideirco
3706 3310 3817 3347 non

2215 3386 2417 3441 habit'e
2445 3385 2615 3440 amari
2639 3401 2745 3440 non
2768 3393 3018 3454 possunt,
3041 3385 3169 3453 quia
3192 3400 3379 3437 earnm
3402 3399 3568 3453 sapor
3598 3384 3821 3453 ignom-

2222 3486 2329 3531 ια’.
2364 3476 2496 3544 Quis
2528 3478 2671 3538 enim
2702 3492 2887 3531 amare
2914 3476 3087 3529 valeat
3112 3475 3255 3544 quod
3282 3475 3496 3546 ignorat
3515 3474 3541 3528 ἲ
3580 3473 3822 3529 Proinde

2220 3568 2505 3623 Psalinista
2538 3583 2636 3622 nos
2660 3568 2911 3622 admonet
2934 3583 3056 3622 cum
3081 3564 3293 3620 dicebat
3321 3583 3335 3619 :
3364 3584 3381 3616 ι
3412 3563 3645 3620 Gustate
3664 3576 3718 3619 et
3741 3567 3821 3619 vi-

2218 3660 2359 3724 dete,
2389 3660 2645 3729 quoniam
2686 3658 2868 3713 suavis
2912 3666 2994 3711 est
3026 3656 3284 3711 Dominus
3311 3654 3483 3726 (P3311.
3529 3656 3748 3723 sunt).
3792 3674 3811 3706 ι

2214 3749 2295 3805 Ac
2326 3750 2370 3804 si
2397 3765 2428 3803 a
2457 3758 2610 3820 parte
2637 3749 2802 3813 dicat,
2830 3747 3162 3803 Suavitatetn
3190 3748 3307 3816 ejus
3334 3762 3439 3800 non
3462 3745 3820 3816 cognoscitis,

2215 3841 2258 3895 si
2298 3842 2437 3895 hanc
2469 3840 2689 3894 minime
2729 3840 2993 3911 gustatis;
3044 3839 3137 3893 sed
3169 3839 3348 3893 cibum
3379 3837 3507 3892 vita:
3534 3852 3601 3891 ex
3624 3836 3817 3906 palato

2194 3932 2396 3986 icordis
2425 3932 2647 4002 tangite,
2696 3939 2754 3983 nt
2778 3930 3074 4000 probantes
3100 3927 3219 3996 ejus
3253 3927 3591 3982 dulcedinem
3631 3942 3819 3981 amare

2215 4022 2457 4076 valeatis.
2489 4022 2598 4077 llas
2626 4031 2809 4076 autem
2845 4022 3006 4076 homo
3036 4019 3261 4075 delicias
3288 4027 3416 4073 tunc
3448 4017 3659 4081 amisit,
3685 4032 3813 4071 cum

2217 4115 2270 4170 in
2296 4116 2551 4185 paradiso
2579 4114 2855 4183 peccavit;
2889 4121 3168 4167 extractus
3201 4112 3345 4166 enim
3374 4126 3406 4165 a
3428 4111 3559 4165 cibo
3595 4120 3817 4165 aeterna:

2216 4206 2517 4263 dulcedinis
2541 4221 2605 4260 os
2633 4205 2845 4259 clausit.
2884 4203 3034 4259 Unde
3063 4218 3160 4256 nos
3190 4216 3406 4272 quoque
3430 4200 3544 4255 nati
3572 4202 3628 4254 in
3653 4202 3819 4269 hujus

2216 4297 2665 4371 peregrinatimris
2702 4310 2942 4351 :ermnna
2975 4294 3065 4350 hic
3104 4292 3366 4349 fastidiosi
3400 4290 3518 4359 jam
3544 4291 3816 4354 venimus,

2217 4394 2491 4447 nescimus
2513 4390 2642 4459 quid
2677 4387 2988 4443 desiderare
3012 4386 3302 4448 debemus;
3330 4393 3590 4452 tantoque
3620 4398 3683 4437 se
3706 4398 3818 4435 am-

2214 4481 2356 4551 plius
2375 4479 2578 4535 fastidii
2606 4478 2777 4533 nostri
2805 4476 3026 4531 morbus
3061 4482 3376 4547 exaggerat,
3403 4482 3613 4543 quanto
3644 4472 3819 4551 magis

2214 4574 2283 4627 ab
2309 4588 2407 4627 esu
2451 4571 2595 4625 illius
2626 4569 2927 4625 dulcedinis
2969 4568 3183 4623 animus
3225 4567 3459 4637 elongat,
3499 4574 3560 4620 et
3606 4547 3814 4633 eojam

2212 4660 2454 4716 internas
2477 4660 2700 4715 delicias
2745 4673 2851 4712 non
2882 4658 3107 4729 appetit,
3139 4671 3249 4728 quo
3279 4672 3374 4711 cas
3401 4655 3697 4712 comedere
3723 4655 3814 4709 diu

2212 4753 2479 4823 longeque
2504 4752 2767 4807 desuevit.
2814 4750 3054 4807 Fastidio
3087 4766 3222 4821 ergo
3245 4756 3434 4804 nostro
3457 4746 3811 4809 tabescimus,

2212 4855 2267 4901 et
2289 4846 2445 4917 longa
2474 4846 2667 4900 inedia:
2694 4853 2845 4915 peste
2872 4844 3197 4915 fatigamur;
3226 4850 3281 4898 et
3310 4842 3438 4912 quia
3469 4849 3701 4912 gustare
3734 4840 3815 4894 in-

2214 4950 2299 4993 tus
2329 4936 2577 4991 nohtmus
2602 4945 2847 5007 paratam
2879 4935 3238 5000 dulcedinem,
3266 4948 3513 4989 amamus
3548 4931 3684 4987 foris
3714 4932 3797 4985 mi-

2216 5027 2322 5082 seri
2371 5028 2568 5081 famem
2620 5036 2897 5093 nostram;
2933 5028 3025 5081 se]
3062 5041 3295 5095 superna
3347 5039 3446 5079 nos
3491 5024 3671 5093 pietas
3716 5038 3808 5076 nec

2216 5118 2529 5173 deserentes
2557 5132 2617 5172 se
2658 5118 2878 5183 deserit,
2907 5125 3246 5186 contemptas
3268 5117 3410 5171 enim
3442 5115 3563 5169 illas
3591 5115 3813 5169 delicias

2216 5208 2283 5262 ad
2328 5208 2603 5262 memoria:
2649 5216 2849 5262 nostra:
2897 5208 3086 5263 oculos
3131 5215 3371 5272 revocat,
3418 5220 3621 5276 easque
3652 5205 3808 5259 nobis

2214 5312 2522 5367 proponens
2553 5298 2608 5351 in
2658 5297 3094 5367 promissionem,
3136 5306 3407 5369 torporem
3444 5299 3675 5363 excutit,
3724 5306 3808 5349 at-

2218 5402 2322 5455 que
2354 5395 2411 5441 ut
2442 5387 2717 5443 fastidiunt
2755 5397 2999 5443 nostrum
3032 5389 3293 5458 repellere
3334 5389 3632 5444 debeamus
3674 5387 3811 5441 invi-

2170 5535 2182 5548 ,
2218 5489 2312 5535 tot.
2350 5480 2456 5536 Sed
2483 5482 2610 5550 quid
2638 5480 2963 5552 spiritalimn
2996 5481 3311 5536 deliciarum
3340 5490 3533 5551 gustus
3559 5479 3811 5534 utilitatis

2218 5575 2437 5640 habeat,
2465 5590 2697 5644 sequens
2724 5575 2997 5629 sententia
3022 5572 3334 5629 manifestat

2296 5685 2314 5717 ι
2348 5667 2449 5732 Qui
2475 5667 2624 5720 audit
2653 5681 2738 5720 me
2767 5681 2873 5720 non
2901 5664 3280 5731 confundetur,
3309 5673 3364 5720 et
3387 5664 3479 5733 qui
3510 5672 3809 5733 operantur

2228 5776 2246 5809 ι
2276 5757 2328 5812 in
2371 5773 2587 5814 menon
2628 5758 2949 5828 peccabunt.
2986 5778 3006 5810 ι
3038 5756 3176 5825 Quid
3212 5766 3294 5814 est
3336 5756 3483 5813 enim
3534 5754 3726 5811 audire
3751 5764 3807 5811 et
