4030 6542
347 396 445 454 941

1219 396 1566 456 COMMENT.
1607 396 1675 451 IN
1712 395 2320 454 ECCLESIASTICUM.
2360 427 2430 438 —
2467 397 2598 454 LIB.
2641 398 2730 455 Ἦ.

3491 402 3597 458 942
3650 475 3670 486 .

343 509 571 581 diligere
596 508 897 572 Dominum,
929 507 1035 564 nisi
1056 507 1172 579 ejus
1196 508 1463 563 mandatis
1485 505 1746 561 obedire?
1769 505 1910 560 sicut
1935 509 1988 568 Α
2010 506 2100 575 gni
2135 521 2241 560 non
2269 506 2376 561 erit
2404 505 2544 561 ﬂnis.
2588 525 2607 558 ι
2639 505 2738 561 llic
2771 521 2900 578 ergo
2934 520 3002 562 ex
3045 508 3250 563 semine
3294 508 3465 565 David
3507 526 3592 567 se-

344 602 461 670 ipse
485 600 540 654 in
568 599 857 669 Evangeiio
889 594 967 654 a‘it
993 616 1007 630 ο
1045 618 1066 651 ι
1113 599 1173 655 Si
1212 599 1332 669 quis
1371 598 1546 669 diligit
1570 612 1677 664 me,
1708 612 1907 653 sermo-

344 704 469 743 nem
503 703 683 743 mcmn
719 689 953 744 servabit
982 686 1163 761 (Joan.
1191 689 1324 761 xiv).
1362 709 1381 742 ι
1415 688 1513 744 Hic
1536 687 1775 757 profecto
1801 703 1907 742 non

336 777 720 844 confundetur,
763 777 888 848 quia
926 793 1025 850 pm
1053 778 1355 835 obedientia
1396 786 1780 849 praeceptorum
1810 777 1907 834 Dei

334 878 542 922 :eterna
570 867 821 923 mercede
858 867 1224 932 coronabitur,
1264 867 1356 938 qui
1383 882 1513 921 vero
1535 875 1828 937 operantur
1852 867 1908 921 in

337 959 606 1032 sapientia
630 970 688 1014 et
720 959 1007 1015 dilectione
1041 960 1136 1015 Dei
1160 974 1266 1015 non
1300 958 1620 1029 peccabunt,
1656 958 1747 1013 sed
1777 972 1908 1027 pec-

332 1060 587 1107 catorum
637 1050 903 1105 maculam
959 1049 1178 1106 omnino
1226 1048 1469 1121 fugiunt;
1516 1051 1774 1120 scriptum
1826 1059 1909 1106 est

332 1142 526 1195 enim:
564 1159 582 1191 ι
609 1140 876 1204 Charitas,
917 1141 1112 1211 inquit,
1156 1155 1261 1196 non
1298 1141 1407 1212 agit
1451 1155 1752 1212 perperam,
1800 1157 1906 1197 non

336 1232 608 1297 irritatur,
632 1246 739 1286 non
762 1232 959 1304 cogitat
992 1231 1214 1296 malum,
1257 1246 1365 1285 non
1399 1233 1596 1301 gaudet
1622 1246 1781 1301 super
1807 1231 1909 1285 ini-

331 1322 619 1390 quitatem,
644 1323 939 1392 congaudet
963 1330 1143 1377 autem
1166 1322 1374 1377 veritati
1401 1322 1455 1394 (Ι
1479 1321 1600 1376 Cor.
1622 1322 1764 1395 xm).
1795 1342 1814 1375 ι
1843 1323 1911 1377 Ει

334 1410 571 1467 Joannes
599 1412 908 1482 apostolus:
938 1430 957 1463 ι
1008 1411 1217 1480 Omnis,
1252 1413 1446 1483 inquit,
1486 1412 1578 1482 qui
1625 1421 1808 1469 manet
1850 1413 1907 1468 in

333 1518 423 1567 eo,
454 1519 556 1556 non
578 1511 772 1572 peccat
799 1502 848 1573 (Ι
878 1502 1039 1557 Joan.
1072 1504 1176 1576 tu).
1209 1522 1229 1556 ι

377 1612 430 1652 ,ι
463 1592 562 1659 Qui
596 1593 832 1649 lucidant
881 1609 989 1660 me,
1029 1594 1195 1649 vitam
1244 1604 1504 1651 aeternam
1552 1593 1842 1649 habebunt.
1882 1614 1900 1647 ι

331 1684 475 1750 Quid
510 1694 590 1740 est
616 1700 746 1756 ergo
769 1685 1084 1755 sapientiam
1105 1686 1397 1752 elucidare,
1428 1686 1529 1742 nisi
1558 1687 1673 1757 ejus
1691 1686 1906 1755 plenam

329 1783 387 1827 et
418 1774 711 1843 perfectam
741 1776 1065 1846 agnitionem
1101 1778 1415 1845 percipere?
1448 1776 1548 1843 Qui
1570 1792 1699 1846 ergo
1730 1776 1907 1848 perfe-

2013 594 2245 648 cundum
2271 609 2490 649 carnem
2513 602 2692 659 natus,
2723 610 2830 650 non
2857 595 3031 650 solum
3055 594 3251 653 Iudaeae
3283 599 3379 654 sed
3421 606 3477 654 et
3501 607 3590 655 to-

2012 684 2118 739 tius
2137 686 2303 752 orbis,
2334 686 2443 741 imo
2467 685 2591 747 cmli
2624 694 2888 757 terraeque
2928 688 3314 758 perpetualiter
3349 691 3592 760 possidet

2011 788 2255 843 regnum.
3326 848 3335 853 ι

2086 882 2104 914 ι
2133 864 2235 930 Qui
2280 864 2467 933 impret
2511 866 2665 934 quasi
2713 865 2914 923 Phison
2962 868 3305 937 sapientiam,
3339 879 3395 926 et
3449 872 3589 927 sicut

2015 971 2035 1004 ‹
2065 952 2241 1024 Tigris
2270 954 2325 1007 in
2349 954 2540 1010 diebus
2577 971 2864 1023 novorum,
2889 959 2981 1027 qui
3006 958 3263 1030 adimplet
3299 962 3454 1031 quasi
3482 963 3592 1018 Eu-

2014 1063 2034 1096 ¢
2061 1046 2281 1115 phrates
2315 1062 2554 1114 sensum,
2597 1047 2687 1117 qui
2718 1049 3036 1120 multiplicat
3062 1053 3218 1123 quasi
3247 1053 3498 1112 Jordanis
3530 1057 3587 1111 in

2014 1157 2032 1188 ι
2063 1146 2305 1208 tempore
2321 1140 2533 1206 messis,
2555 1141 2647 1210 qui
2672 1140 2837 1197 mittit
2860 1142 3198 1213 disciplinam
3226 1146 3364 1202 sicut
3388 1147 3585 1216 lucem,

2012 1249 2033 1282 ‹
2061 1241 2117 1286 et
2146 1234 2404 1287 assistens
2424 1234 2578 1303 quasi
2620 1233 2829 1301 Gehon,
2858 1234 2915 1289 in
2952 1243 3193 1306 tempore
3219 1240 3533 1296 vindemiae.
3557 1261 3579 1294 ι

2009 1321 2261 1377 Dicamus
2298 1324 2533 1393 primum
2560 1326 2625 1380 de
2651 1326 2782 1396 ipsis
2822 1328 3032 1384 naturis
3061 1327 3361 1396 ﬂuminum,
3405 1346 3524 1401 qua:
3554 1348 3586 1386 a

2007 1413 2363 1482 scriptoribus
2405 1416 2734 1471 naturalium
2782 1432 2967 1473 rerum
3005 1419 3365 1491 percepimus,
3411 1430 3468 1476 et
3507 1422 3588 1478 sic

2008 1502 2319 1574 allegoriam
2361 1520 2550 1560 eorum
2596 1516 2994 1577 consequenter
3022 1516 3348 1565 retexemus.
3384 1510 3585 1566 Phison

2007 1591 2199 1648 ﬂuvius
2220 1601 2319 1659 est,
2346 1595 2436 1664 qui
2466 1596 2572 1651 alio
2591 1597 2810 1652 nomine
2835 1597 3047 1670 Ganges
3074 1600 3294 1668 dicitur,
3325 1610 3381 1658 et
3399 1603 3589 1658 exiens

2009 1683 2076 1739 de
2102 1684 2354 1753 paradiso
2378 1685 2553 1756 pergit
2583 1687 2651 1741 ad
2679 1685 2844 1741 Indice
2871 1689 3137 1759 regiones.
3186 1691 3374 1746 Dictus
3401 1701 3584 1748 autem

2010 1773 2228 1839 Phison,
2270 1776 2326 1832 id
2366 1784 2449 1832 est
2484 1786 2720 1842 caterva,
2758 1778 2885 1847 quia
2913 1779 3098 1834 decem
3127 1779 3434 1838 ﬂuminibus
3469 1798 3584 1838 ma-

332 1874 474 1919 ctam
508 1866 725 1920 habebit
751 1867 995 1924 notitiam
1023 1868 1133 1932 Dei,
1162 1869 1252 1923 ille
1275 1868 1527 1923 nimirum
1550 1869 1713 1922 vitam
1742 1876 1903 1925 teter-
1931 1853 1979 1913 Β
2005 1866 2126 1936 guis
2150 1866 2254 1922 sibi
2297 1865 2568 1935 adiunctis
2606 1867 2877 1937 impletur,
2909 1878 2965 1925 et
2997 1869 3226 1927 efﬁcitur
3251 1890 3409 1930 unus.
3439 1874 3586 1931 Gan-

329 1970 455 2009 nam
476 1964 531 2010 et
552 1956 745 2026 gaudia
773 1958 1067 2027 possidebit
1093 1959 1329 2014 etelestis
1355 1959 1522 2030 regni.
1556 1959 1630 2014 De
1655 1974 1760 2029 quo
1788 1960 1901 2029 ipsa

332 2043 545 2100 Veritas
567 2046 623 2099 in
658 2046 947 2117 Evangelio
971 2049 1038 2103 ad
1065 2049 1281 2105 Patrem
1308 2051 1383 2105 ait
1408 2064 1425 2104 :
1475 2067 1494 2101 ‹
1528 2049 1656 2105 Haec
1697 2058 1782 2105 est
1807 2066 1901 2104 au-

327 2143 437 2191 tem
460 2137 570 2191 vita
610 2146 835 2204 atterna,
863 2146 922 2195 ut
964 2150 1295 2210 cognoscant
1316 2149 1369 2197 te
1411 2156 1574 2196 unum
1605 2141 1792 2205 Deum,
1824 2150 1898 2206 et,

322 2243 487 2297 quem
516 2229 925 2295 misistiJesum
945 2231 1218 2287 Christum
1238 2233 1418 2304 (Joun.
1440 2233 1594 2305 xvn).
1610 2252 1628 2284 ι
1648 2231 1753 2286 Sed
1774 2234 1900 2302 quia

324 2333 486 2373 nemo
508 2319 561 2372 in
584 2320 687 2374 hac
715 2320 825 2375 vita
847 2322 1084 2389 perfecte
1107 2323 1314 2378 visione
1343 2323 1437 2377 Dei
1461 2322 1568 2376 frui
1588 2332 1781 2392 potest,
1796 2322 1902 2378 sic-

326 2420 388 2463 ut
409 2409 523 2478 ipse
552 2417 797 2475 testatur,
831 2413 1054 2467 dicens:
1088 2431 1106 2464 ι
1143 2413 1260 2467 Non
1297 2413 1439 2468 enim
1466 2412 1668 2468 videbit
1715 2413 1895 2478 homo,

322 2509 382 2554 et
410 2500 594 2556 vivere
644 2509 821 2570 potest
858 2502 1054 2575 (Exod.
1101 2503 1294 2574 XXXIII)
1329 2525 1349 2557 ι
1405 2502 1597 2559 futura:
1635 2503 1757 2557 vitae
1784 2503 1899 2557 haec

321 2592 462 2660 grati
503 2602 816 2648 reservatur
854 2611 869 2648 :
906 2613 925 2647 ε
961 2595 1113 2651 Nunc
1152 2597 1295 2650 enim
1348 2596 1591 2651 videmus
1634 2610 1731 2664 per
1771 2610 1895 2664 spe-

319 2680 503 2734 culum
526 2688 581 2736 et
607 2682 662 2737 in
681 2684 982 2754 :enigmate,
1017 2695 1141 2741 tunc
1167 2696 1346 2741 autem
1373 2686 1512 2741 facie
1541 2686 1610 2742 ad
1642 2686 1889 2742 faciem.»

322 2770 477 2827 Nunc
501 2775 874 2843 cognoscimus
908 2767 979 2831 ei
1002 2786 1176 2846 parte,
1216 2788 1347 2834 tunc
1382 2787 1564 2835 autem
1609 2793 1898 2852 cognosce-

321 2878 443 2916 mus
465 2864 607 2919 sicut
636 2873 696 2919 et
726 2867 929 2936 cogniti
950 2883 1155 2924 sumus.

399 2971 417 3003 ι
458 2953 584 3009 llaec
627 2957 808 3011 omnia
838 2958 976 3013 liber
1016 2959 1163 3025 vitae,
1200 2978 1220 3011 ι
1270 2961 1588 3016 subauditur
1635 2962 1894 3018 continet.

322 3047 388 3100 Et
413 3048 535 3116 quis
556 3049 627 3103 sit
656 3049 744 3104 ille
773 3051 929 3116 liber,
946 3053 1127 3106 statim
1156 3052 1468 3125 subjungit:

397 3154 417 3186 ι
469 3136 870 3194 Testamentum
911 3141 1174 3197 Allissimi
1216 3152 1272 3196 et
1314 3143 1516 3211 agnitio
1565 3144 1831 3199 veritatis.
1868 3163 1887 3196 ι

2003 1969 2097 2026 ges
2125 1964 2305 2010 autem
2334 1966 2559 2012 vocatus
2590 1972 2620 2011 a
2647 1973 2772 2030 rege
2794 1957 3049 2030 Gangaro
3069 1960 3262 2027 Indiae;
3297 1962 3469 2019 fertur
3490 1980 3587 2019 aur

2003 2053 2112 2101 tem
2155 2045 2260 2101 Nili
2292 2048 2452 2101 modo
2496 2047 2749 2115 exaltari,
2798 2058 2854 2104 et
2905 2064 3069 2120 super
3118 2050 3355 2108 Orientis
3409 2061 3586 2110 terras

2000 2151 2301 2206 erumpere.
2347 2137 2526 2208 Tigris
2554 2138 2747 2194 ﬂuvius
2774 2138 3176 2210 Mesopotamiae
3219 2142 3286 2198 de
3332 2145 3583 2214 paradiso

1999 2227 2272 2293 exoriens,
2313 2237 2371 2282 et
2400 2244 2633 2300 pergens
2656 2238 2849 2285 contra
2889 2231 3161 2307 Assyrios,
3191 2242 3247 2286 et
3287 2243 3412 2303 post
3440 2234 3581 2289 mul-

2000 2323 2082 2372 tos
2129 2317 2388 2374 circuitus
2436 2319 2489 2373 in
2541 2335 2690 2375 mare
2734 2319 3002 2376 Mortuum
3049 2322 3309 2390 inﬂuens;
3348 2333 3574 2381 vocatus

1999 2414 2180 2462 autem
2208 2408 2310 2463 hoc
2333 2409 2551 2464 nomine
2575 2418 2794 2480 propter
2815 2411 3177 2479 velocitatem,
3203 2413 3372 2469 instar
3393 2416 3582 2471 bestia:

1998 2482 2207 2566 tigridis
2246 2498 2410 2553 nimia
2453 2489 2775 2568 pernicitate
2815 2502 3103 2578 currentis.
3151 2502 3455 2572 Euphrates
3482 2503 3583 2558 ﬂu-

1997 2587 2118 2644 vius
2148 2588 2567 2661 Mesopotamia),
2598 2591 2663 2646 de
2704 2592 2957 2661 paradiso
2977 2593 3247 2657 exoriens,
3273 2594 3582 2663 copiosissi-

1998 2693 2117 2733 mus
2143 2681 2393 2751 gemmis,
2420 2682 2509 2751 qui
2548 2697 2646 2751 per
2697 2683 2929 2737 mediam
2972 2682 3324 2755 Babyloniam
3364 2685 3576 2751 inﬂuit;

1983 2767 2089 2823 hic
2123 2786 2154 2823 a
2198 2770 2442 2840 frugibus
2470 2771 2552 2827 vel
2581 2773 2648 2826 ab
2676 2773 2923 2828 ubertate
2952 2788 3149 2828 nomen
3188 2774 3418 2845 accepit,
3451 2791 3580 2831 nam

2001 2860 2263 2917 Hebraice
2311 2865 2574 2933 euphrata
2621 2863 2876 2921 fertilitas
2924 2866 3356 2935 interpretatur:
3410 2867 3585 2923 Meso-

1997 2954 2289 3021 potamiam
2316 2956 2513 3010 etenim
2543 2956 2595 3010 in
2634 2956 2954 3026 quibusdam
2990 2957 3123 3013 locis
3158 2959 3234 3012 ita
3256 2958 3448 3029 irrigat
3479 2959 3586 3014 sic-

1996 3054 2055 3100 ut
2105 3045 2254 3102 Nilus
2312 3046 2713 3102 Alexandriam.
2784 3048 3070 3105 Sallustius
3141 3058 3322 3106 autem
3391 3058 3585 3104 auctor

1996 3136 2331 3192 certissimus
2358 3138 2573 3204 asserit,
2621 3138 2805 3210 Tigrin
2849 3148 2901 3195 et
2950 3140 3255 3209 Euphraten
3287 3156 3393 3196 uno
3432 3139 3585 3196 fonte

308 3224 484 3280 .Liber
510 3226 609 3281 iste
645 3230 888 3285 continet
932 3230 1138 3286 Novum
1172 3242 1226 3287 et
1268 3233 1434 3288 Vetus
1463 3233 1894 3301 Testamentum,
1922 3202 1967 3264 Ο
2000 3244 2220 3283 manare
2248 3228 2303 3282 in
2340 3227 2620 3296 Armenia,
2646 3245 2737 3299 qu.
2774 3246 2872 3301 per
2894 3231 3104 3286 diversa
3144 3240 3335 3286 euntes
3369 3231 3583 3301 longius

320 3316 375 3368 in
414 3332 520 3386 quo
551 3326 632 3372 est
655 3321 858 3389 agnitio
886 3322 1151 3388 veritatis,
1193 3324 1320 3393 quia
1349 3339 1445 3393 per
1476 3325 1649 3394 ipsum
1679 3326 1899 3380 demon-

318 3415 526 3459 stratur
566 3406 697 3462 fides
725 3424 791 3464 ac
836 3411 1079 3466 doctrina
1123 3412 1441 3467 Salvatoris.
1489 3414 1566 3468 De
1610 3414 1713 3468 hoc
1760 3414 1897 3469 libro

319 3495 566 3552 Ezechiel
590 3500 853 3568 propheta
873 3513 1261 3558 commemorat
1295 3504 1514 3575 (Ezech.
1543 3504 1628 3576 ιι),
1659 3515 1715 3561 et
1739 3504 1898 3560 Joan-

317 3601 417 3642 nes
442 3589 713 3658 apostolus
740 3591 793 3645 in
818 3591 1136 3663 Apocalypsi
1176 3610 1272 3649 sua
1306 3610 1412 3649 non
1440 3604 1583 3651 tacet
1605 3597 1786 3667 (Apoc.
1813 3596 1892 3667 χ).

396 3698 414 3729 ι
443 3679 640 3752 Legem
670 3683 946 3738 mandavit
984 3685 1194 3756 Moyses
1234 3688 1289 3741 in
1330 3689 1616 3758 praeceptis
1652 3688 1893 3757 justitia—

322 3786 345 3819 ι
379 3785 521 3836 rum,
551 3780 608 3827 et
652 3774 1020 3831 hatreditatem
1047 3776 1228 3831 domui
1269 3776 1457 3843 Jacob,
1480 3788 1535 3834 et
1575 3778 1741 3833 lsrael
1770 3793 1893 3848 pro-

321 3889 345 3920 ‹
374 3871 683 3926 missiones.
718 3892 736 3924 ι
785 3872 1123 3929 Manifestum
1167 3883 1251 3930 est
1304 3877 1446 3947 quod
1489 3875 1748 3931 Dominus
1797 3890 1894 3945 per

320 3962 536 4032 Moysen
582 3963 751 4034 legem
795 3965 940 4020 dedit
988 3966 1169 4020 domui
1209 3965 1397 4033 Jacob,
1438 3969 1540 4023 hoc
1576 3974 1660 4023 est
1697 3966 1893 4037 populo

317 4053 508 4121 priori,
542 4053 593 4106 in
634 4068 741 4121 quo
765 4063 1031 4125 praecepta
1076 4055 1296 4111 fuerunt
1313 4056 1557 4124 justitite,
1597 4058 1802 4113 scilicet
1834 4066 1894 4112 ut

318 4155 538 4214 peccata
565 4154 837 4210 caverent,
870 4155 925 4200 et
948 4148 1240 4202 virtutibus
1288 4148 1462 4204 sacris
1505 4150 1616 4203 Deo
1655 4148 1893 4203 deservi-

321 4241 473 4297 renl;
523 4234 577 4287 in
610 4234 713 4288 hac
760 4234 1146 4303 promissiones
1190 4235 1284 4289 Dei
1333 4236 1401 4290 ad
1439 4235 1603 4291 lsrael
1653 4236 1888 4300 fuerunt,

318 4325 448 4394 quia
493 4339 588 4395 per
627 4325 918 4379 adventum
974 4324 1275 4380 Salvatoris
1328 4327 1622 4396 redemptio
1670 4327 1891 4382 humani

319 4417 533 4485 generis
561 4417 613 4471 in
655 4431 718 4471 ea
749 4417 1162 4486 praedicebatur,
1206 4425 1266 4471 ut
1301 4429 1384 4472 est
1424 4416 1553 4472 illud
1597 4418 1888 4473 Mosaicum

321 4510 375 4563 in
404 4509 853 4564 Deuteronomio:
893 4529 911 4562 ι
938 4510 1282 4580 Prophetam,
1315 4509 1507 4579 inquit,
1533 4511 1683 4566 vobis
1722 4512 1891 4565 susci-
1920 4543 1969 4602 D

322 4602 457 4655 tabit
505 4601 762 4657 Dominus
809 4603 877 4658 de
925 4602 1186 4658 fratribus
1211 4602 1426 4666 vestris,
1473 4610 1730 4672 tanquam
1784 4619 1888 4665 me,

319 4692 495 4760 ipsum
525 4692 755 4747 audietis
783 4692 961 4763 (Deut.
986 4692 1163 4762 xvm).
1189 4711 1208 4743 ι
1243 4692 1310 4746 Et
1334 4706 1442 4745 non
1476 4690 1648 4745 solum
1674 4692 1728 4745 in
1755 4691 1890 4762 lege,

320 4784 414 4838 sed
448 4785 611 4838 etiam
643 4785 696 4838 in
729 4786 1003 4855 prophetis
1030 4786 1218 4840 eadem
1250 4783 1469 4853 sponsio
1494 4783 1636 4839 facta
1664 4792 1767 4851 est,
1784 4786 1891 4839 sic-

322 4881 379 4927 ut
435 4874 692 4943 scriptum
719 4883 840 4929 est:
879 4893 898 4926 ‹
939 4873 1154 4929 Juravit
1200 4876 1461 4930 Dominus
1491 4874 1657 4929 David
1700 4876 1894 4929 verita-

323 4970 450 5028 tem,
493 4972 548 5017 et
574 4978 682 5017 non
712 4962 1061 5020 frustrabitur
1082 4979 1204 5020 eum
1229 4979 1244 5018 :
1272 4966 1345 5020 de
1366 4964 1546 5019 fructu
1578 4965 1782 5019 ventris
1818 4966 1893 5019 tui

319 5069 516 5123 ponam
545 5069 707 5124 super
743 5055 924 5110 sedem
953 5071 1126 5110 meam
1159 5054 1333 5127 (Psal.
1374 5054 1583 5127 cxxxn).
1619 5076 1637 5106 ι
1673 5055 1823 5111 Unde
1844 5064 1900 5111 ct

321 5145 592 5212 sequitur.

397 5254 416 5284 ι
447 5234 634 5289 Posuit
674 5235 839 5288 David
871 5251 1038 5305 puero
1072 5250 1170 5291 suo
1193 5236 1433 5291 excitare
1472 5248 1653 5305 regem
1682 5249 1747 5289 ex
1780 5235 1898 5304 ipso

327 5323 755 5391 «fortissimum,
805 5336 861 5380 et
910 5327 962 5380 in
1010 5328 1206 5381 throno
1247 5327 1471 5381 honoris
1520 5326 1801 5380 sedentem
1843 5326 1897 5380 in

329 5430 350 5463 ι
379 5414 788 5484 sempiternum.
829 5434 846 5465 ι
888 5414 1013 5470 Haec
1037 5416 1254 5485 quidem
1282 5416 1545 5471 sententia
1584 5431 1694 5471 non
1722 5415 1788 5470 ad
1817 5414 1897 5470 hi-

322 5504 582 5559 storicum
613 5504 950 5561 Salomonem
979 5509 1229 5577 pertinet,
1261 5510 1352 5578 qui
1377 5521 1594 5578 propter
1616 5516 1896 5579 peccatum

324 5593 559 5664 perdidit
587 5611 830 5668 regnum,
861 5598 954 5653 scd
978 5598 1044 5652 ad
1069 5614 1252 5652 verum
1281 5599 1587 5669 pacificum,
1611 5598 1897 5652 Dominum

325 5682 576 5739 vnlelicet
608 5694 870 5752 nostrum,
920 5687 1011 5758 qui
1052 5686 1209 5742 fortis
1236 5688 1291 5742 in
1331 5688 1516 5758 prtelio
1545 5688 1740 5742 fortem
1767 5687 1900 5742 vicit

324 5771 637 5839 diabolum;
677 5794 695 5827 ‹
724 5776 875 5843 cujus
908 5787 990 5833 est
1014 5787 1253 5847 potestas
1279 5786 1505 5839 aeterna,
1536 5786 1590 5834 et
1616 5778 1771 5849 cujus
1808 5792 1897 5833 rc-

1996 3320 2309 3375 dividuntur
2339 3320 2514 3389 spatio
2558 3322 2736 3377 medio
2766 3321 2952 3376 relicto
2981 3320 3271 3376 multorum
3310 3320 3538 3375 millium
3564 3335 3579 3375 :

1997 3427 2118 3480 quae
2147 3418 2326 3466 tamen
2373 3420 2536 3477 terra,
2579 3429 2700 3482 qua:
2729 3415 2797 3467 ab
2839 3414 2969 3483 ipsis
2999 3413 3258 3480 ambitur,
3283 3413 3582 3484 Mesopota-

1997 3501 2103 3554 mia
2138 3501 2350 3556 dicitur.
2381 3499 2649 3569 Iordanis,
2682 3502 2881 3558 Iudam:
2910 3502 3105 3558 fluvius
3137 3519 3167 3557 a
3210 3503 3424 3559 duobus
3469 3503 3582 3558 fon-

1996 3592 2139 3647 tibus
2180 3593 2525 3648 nominatus:
2572 3609 2804 3663 quorum
2853 3593 2992 3647 alter
3029 3599 3255 3647 vocatur
3299 3592 3413 3658 Jor,
3445 3593 3582 3648 alter
3679 3619 3685 3624 α

1994 3683 2141 3748 Dan;
2180 3683 2265 3737 his
2296 3684 2458 3754 igitur
2478 3684 2721 3755 procula
2763 3700 2822 3739 se
2862 3684 3188 3739 distantibus
3216 3684 3272 3738 in
3302 3700 3470 3738 unum
3498 3683 3575 3739 al-

1953 3778 1961 3784 '
1994 3789 2153 3829 veum
2183 3773 2479 3840 fmderatis,
2510 3774 2760 3829 Jordanis
2804 3775 3056 3845 deinceps
3097 3774 3415 3845 appellatur.
3468 3773 3579 3829 Na-

1993 3864 2163 3919 scitur
2193 3873 2371 3919 antem
2401 3866 2500 3919 sub
2543 3865 2753 3921 Libano
2795 3873 3000 3930 monte,
3032 3872 3085 3919 et
3117 3865 3310 3919 dividit
3335 3862 3580 3919 Iudaeam

1993 3961 2048 4007 et
2079 3952 2357 4018 Arabiam,
2387 3954 2478 4024 qui
2523 3969 2621 4025 per
2650 3954 2845 4010 nmltos
2883 3954 3147 4009 circuitus
3169 3954 3327 4023 juxta
3356 3954 3578 4010 Jericbo

1994 4049 2046 4102 in
2088 4064 2237 4104 mare
2283 4050 2551 4106 Mortuum
2600 4051 2793 4106 inﬂuit.
2830 4051 2967 4107 Gion
2998 4051 3192 4108 ﬂuvius
3227 4053 3292 4107 de
3329 4053 3583 4122 paradiso

1992 4138 2179 4194 exiens
2226 4148 2388 4209 atque
2438 4141 2743 4197 universam
2788 4141 3120 4211 [Ethiopiam
3179 4143 3440 4213 cingens,
3485 4157 3583 4198 vo-

1993 4237 2149 4284 catus
2190 4230 2293 4285 hoc
2338 4231 2578 4297 nomine,
2635 4233 2777 4302 quod
2828 4234 3163 4288 incremento
3211 4248 3321 4289 suae
3338 4233 3581 4289 exunda-

1995 4320 2154 4374 tionis
2185 4331 2381 4375 terram
2409 4322 2625 4392 :Egypli
2656 4324 2862 4394 irriget.
2887 4323 2964 4378 Ge
2984 4324 3130 4378 enim
3153 4322 3360 4389 Graece,
3394 4324 3585 4379 Latine

1994 4416 2191 4462 terram
2236 4410 2518 4480 signiﬁcat.
2568 4412 2665 4467 llic
2690 4412 3154 4484 apud/Egyptios
3211 4414 3365 4469 Nilus
3413 4430 3583 4470 voca-

1996 4508 2101 4562 tur,
2144 4508 2365 4568 propter
2389 4500 2575 4555 limum
2602 4519 2762 4572 quem
2806 4504 2992 4567 trahit,
3034 4503 3125 4572 qui
3156 4502 3314 4559 eﬂicit
3344 4503 3586 4561 fecundi-

1997 4598 2185 4655 tatem,
2214 4591 2353 4646 unde
2397 4601 2451 4647 et
2474 4592 2624 4648 Nilus
2669 4595 2843 4649 dictus
2882 4602 2965 4649 est
2999 4595 3154 4664 quasi
3197 4593 3351 4649 Niam
3392 4610 3580 4660 craon;

1995 4694 2123 4732 nam
2168 4689 2322 4734 antea
2363 4680 2513 4736 Nilus
2560 4681 2750 4737 Latine
2800 4683 2944 4738 melo
3006 4683 3305 4738 dicebatur.
3347 4688 3587 4755 Apparet

1997 4776 2175 4824 autem
2221 4770 2274 4825 in
2307 4770 2483 4826 Nilide
2528 4770 2668 4838 lacu,
2703 4772 2769 4827 de
2803 4788 2911 4842 quo
2948 4773 3001 4828 in
3054 4774 3341 4829 meridiem
3392 4789 3584 4830 versus

1995 4858 2262 4928 excipitur
2300 4859 2556 4931 AEgypto,
2603 4862 2696 4916 ubi
2740 4862 3009 4931 aquilonis
3042 4861 3257 4919 ﬂatibus
3301 4880 3580 4933 repercus-

1998 4964 2110 5015 sus,
2142 4950 2294 5019 aquis
2323 4959 2467 5005 retro
2494 4950 2848 5018 lactantibus,
2894 4952 3231 5020 intumescit,
3258 4963 3314 5009 et
3333 4953 3584 5007 undatio—

2003 5056 2124 5095 nem
2182 5040 2399 5112 Egypti
2454 5042 2603 5097 facit.
2656 5042 2810 5109 Quod
2863 5052 3043 5099 autem
3088 5055 3327 5114 quatuor
3362 5045 3584 5100 ﬂumina

2001 5137 2236 5205 paradisi
2266 5153 2329 5191 ex
2360 5146 2469 5192 uno
2507 5136 2654 5193 fonte
2684 5138 3032 5207 procedentia
3066 5139 3334 5195 assimilat
3371 5139 3586 5210 sapien-

2002 5226 2077 5279 tia
2108 5227 2357 5296 regi,qui
2384 5212 2449 5280 ex
2494 5227 2661 5280 David
2705 5236 2858 5281 ortus
2896 5236 2997 5289 est,
3042 5228 3317 5301 signiﬁcat
3358 5244 3424 5283 ex
3480 5229 3585 5282 Do-

2002 5318 2151 5373 mino
2192 5328 2376 5373 nostro
2419 5316 2545 5373 Iesu
2590 5319 2805 5373 Christo
2845 5333 2974 5373 vero
3004 5319 3143 5376 Filio
3173 5321 3290 5387 Dei,
3330 5334 3429 5375 nec
3475 5335 3583 5377 non

1999 5420 2056 5466 et
2074 5426 2205 5466 vero
2246 5410 2359 5466 filio
2403 5411 2656 5477 hominis,
2705 5411 2808 5466 hoc
2837 5418 2920 5465 est
2965 5410 3160 5480 David,
3206 5413 3330 5483 quia
3357 5428 3425 5467 ex
3470 5409 3586 5480 ejus

2000 5503 2208 5559 semine
2232 5503 2523 5559 secundum
2559 5518 2780 5557 carnem
2825 5511 2992 5561 natus
3017 5513 3118 5570 est,
3148 5512 3380 5574 quatuor
3406 5503 3581 5556 Evan—

2002 5596 2138 5666 gelia
2166 5596 2501 5664 procedere:
2552 5610 2671 5663 qua:
2707 5603 2869 5648 totam
2909 5608 3111 5652 terram
3144 5597 3419 5651 nationum
3441 5608 3583 5662 pra:-

2002 5686 2272 5741 dicationc
2317 5702 2413 5741 sua
2450 5686 2697 5756 irrigant,
2731 5695 2789 5739 ut
2817 5689 3107 5745 credentes
3146 5687 3363 5743 Christo
3404 5680 3585 5737 multi-

2001 5776 2166 5847 plices
2188 5777 2445 5831 virtutum
2486 5776 2694 5841 fructus
2733 5781 3041 5849 germinare
3074 5778 3293 5835 faciunt.
3339 5774 3419 5828 Ab
3444 5790 3509 5829 eo
3531 5778 3585 5826 et
