4030 6480
490 321 599 380 945

1136 318 1195 372 Β.
1239 314 1490 372 ΒΑΒΛΝΙ
1534 313 1753 372 ΜᾹΠΒΙ
1791 311 2088 370 ARCIIIEP

2192 309 2459 368 iOGUNT.
2497 303 2782 368 OPERUM
2818 309 2999 368 PARS
3037 310 3078 366 Ι.

3662 306 3772 367 ιιιι

489 439 740 496 Jordanis
767 441 954 494 alveus
993 437 1254 506 procedit,
1299 437 1426 505 quia
1468 435 1720 504 baptismi
1769 447 2080 488 sacramcn-
2105 432 2153 490 Α
2181 429 2321 483 unde
2347 437 2402 483 et
2430 444 2554 485 cum
2585 429 2890 485 Alexander
2915 445 3038 483 etim
3072 427 3372 500 transgredi
3401 426 3564 482 vellet
3604 439 3774 498 ponte

491 541 604 588 tutu
624 531 690 584 ad
719 529 983 583 abluenda
1027 528 1256 582 crimina
1281 528 1500 596 generis
1520 525 1740 580 humani
1771 522 1930 592 hujus
1959 523 2074 577 dis-

487 620 805 692 pensatione
849 618 906 673 in
945 619 1205 674 mundum
1231 615 1400 685 'venit
1435 632 1450 671 :
1500 617 1592 688 qui
1641 615 1806 670 mittit
1845 613 2075 682 discipli-

487 728 614 768 nam
649 712 792 782 sicut
839 710 1038 777 lucem,
1082 710 1211 781 quia
1266 709 1386 780 ejus
1427 718 1698 781 praecepta
1748 709 1924 764 lucem
1953 707 2076 760 vitae

486 811 704 862 aitet-na:
734 802 857 858 ﬁdis
877 801 1252 872 operatoribus
1295 801 1409 857 suis
1439 801 1705 856 tribuunt.
1754 799 1908 855 Unde
1962 799 2076 869 ipse

487 894 864 965 quandopost
918 893 1372 949 resurrectionem
1420 908 1576 948 suam
1613 891 1904 962 discipulos
1948 905 2080 946 suos

489 989 560 1043 ad
589 987 864 1043 docendas
891 993 946 1042 et
985 985 1342 1056 baptizandas
1371 993 1571 1056 gentes
1600 984 1772 1050 misit,
1814 985 1867 1038 in
1897 983 2076 1043 Evan-

487 1077 628 1149 gelio
648 1076 716 1131 ad
742 1075 888 1146 ipsos
913 1075 1026 1130 ait:
1065 1093 1084 1127 ι
1113 1074 1215 1141 lte,
1237 1075 1430 1130 docete
1455 1089 1646 1130 omnes
1665 1083 1875 1144 gentes,
1902 1071 2078 1142 bapti—

491 1169 681 1222 zantes
703 1180 798 1220 eos
827 1165 881 1218 in
913 1164 1132 1220 nomine
1151 1163 1335 1220 Patris
1359 1173 1415 1221 et
1457 1163 1658 1220 Filiiet
1686 1162 1920 1234 Spiritus
1957 1177 2080 1216 san-

489 1260 563 1314 cti
595 1275 610 1312 a
641 1258 898 1313 docentes
937 1271 1034 1311 eos
1069 1271 1302 1312 servare
1317 1256 1509 1312 omnia
1541 1269 1874 1325 quaecunque
1922 1269 2078 1308 man-

491 1348 614 1403 davi
639 1345 822 1402 vobis.
859 1345 924 1400 Et
949 1361 1077 1401 ecce
1105 1360 1204 1417 ego
1236 1345 1513 1401 vobiscum
1550 1359 1668 1400 sum
1695 1344 1946 1399 omnibus
1969 1343 2082 1396 dic-

489 1443 612 1506 bus,
660 1453 831 1509 usque
891 1439 959 1494 ad
1025 1438 1545 1496 consummationem
1613 1437 1796 1493 saccum
1857 1435 2076 1508 (Matth.

493 1533 672 1604 xvnt).
708 1553 728 1586 ι

565 1649 590 1676 τ
615 1625 713 1692 Qui
738 1623 950 1697 perlicit
969 1623 1203 1694 primum
1229 1623 1370 1678 scire
1395 1621 1586 1692 ipsam,
1605 1629 1661 1676 et
1684 1619 1954 1674 inﬁrmior
1972 1634 2082 1674 non

499 1735 522 1767 ο
544 1714 1135 1789 investigablteann-A
1168 1713 1305 1768 mari
1338 1712 1483 1767 enim
1507 1710 2083 1782 abundavit-cogitatio

2177 522 2460 588 fabricato,
2491 531 2640 576 tanta
2674 522 2727 575 vi
2769 521 3071 588 inundavit,
3115 530 3174 575 ιιι
3221 529 3441 591 pontem
3489 519 3768 575 diruerct.

2181 615 2280 670 llic
2302 615 2554 670 brevibus
2580 614 2877 669 intervallis
2907 616 2976 669 ab
3005 613 3298 684 Euphratis
3320 622 3444 668 ortu
3474 622 3644 684 caput
3674 612 3774 666 tol-

2177 709 2254 771 lit,
2288 725 2352 766 ae
2373 709 2566 764 deinde
2593 707 2844 778 Caspium
2874 708 3048 763 fertur
3086 709 3138 763 in
3175 725 3346 764 mare.
3377 709 3637 763 Doricum
3671 724 3774 762 au-

2178 808 2284 853 tem
2313 814 2343 852 a
2369 797 2572 852 Graecis
2611 798 2754 852 lnmc
2788 799 3059 852 aestimant
3091 808 3499 868 nuncupatum;
3544 807 3634 853 est
3679 815 3778 852 au-

2179 900 2284 946 tem
2312 906 2449 960 .pars
2495 889 2718 946 Graeciae
2759 891 2936 961 gentis
2983 890 3140 944 Doris
3186 899 3523 960 nuncupata,
3555 904 3624 944 ex
3667 905 3774 958 qua

2179 985 2336 1040 tertia
2391 983 2572 1056 lingua
2615 983 2930 1040 Graecorum
2975 983 3169 1038 Dorica
3207 983 3487 1053 appellata
3517 991 3626 1038 est.
3657 983 3778 1053 My-

2177 1077 2314 1133 stice
2342 1085 2524 1132 autem
2558 1075 2822 1147 sapientia
2845 1085 3134 1147 comparat
3167 1091 3224 1131 se
3277 1075 3445 1130 ﬁuvio
3489 1075 3780 1144 rapidissi-

2176 1183 2296 1232 mo,
2337 1176 2392 1223 et
2417 1183 2571 1239 aquae
2613 1169 2914 1238 egredienti
2955 1182 3020 1224 oe
3048 1168 3324 1239 paradiso,
3362 1167 3493 1237 quia
3522 1167 3780 1222 doctrina

2181 1257 2475 1314 Salvatoris
2508 1260 2573 1314 de
2593 1260 2801 1316 caelesti
2827 1259 3082 1329 proaliens
3105 1260 3365 1314 thesauro
3383 1259 3576 1313 omnia
3595 1259 3780 1312 obsta-

2179 1349 2300 1404 cula
2353 1363 2600 1404 errorum
2643 1357 2807 1419 atque
2837 1349 3287 1419 persecutionum
3330 1364 3430 1404 sua
3482 1347 3784 1404 velocitate

2181 1446 2341 1508 atque
2389 1437 2703 1494 fortitudine
2739 1440 3030 1510 disrumpit
3067 1455 3132 1494 ac
3177 1439 3398 1510 frangit,
3455 1439 3534 1493 ita
3588 1447 3654 1492 ut
3687 1455 3783 1509 per

2181 1546 2274 1586 ora
2298 1532 2710 1600 praedicatorum
2749 1535 2801 1587 in
2827 1542 2998 1588 totum
3029 1533 3216 1611 orbem
3248 1532 3570 1604 longissima
3610 1541 3782 1601 atque

2183 1621 2446 1678 latissima
2480 1623 2706 1680 diﬁluat.
2751 1625 2902 1680 Unde
2946 1624 3210 1694 scriptum
3237 1632 3322 1678 est
3352 1641 3366 1676 :
3401 1641 3422 1673 ι
3462 1623 3520 1676 In
3554 1637 3782 1676 omnem

2186 1720 2389 1768 terram
2430 1714 2598 1770 exivit
2641 1729 2808 1770 sonus
2830 1729 3041 1781 eorum,
3085 1723 3142 1772 et
3183 1715 3236 1768 in
3268 1713 3406 1769 ﬁnes
3431 1713 3592 1769 orbis
3617 1722 3785 1768 terra:

493 1827 514 1858 ι
536 1809 708 1874 illius,
733 1817 788 1863 et
810 1807 1094 1864 consilium
1116 1804 1286 1876 ipsius
1314 1803 1384 1858 ab
1409 1804 1608 1874 abysso
1632 1817 1844 1874 magna.
1876 1820 1894 1853 ι
1937 1803 2082 1857 Vere
2115 1777 2158 1836 Β
2185 1803 2349 1858 verba
2396 1818 2584 1858 eorum
2625 1803 2802 1874 (Pent.
2834 1777 3072 1876 xvttt)~.n

490 1899 636 1953 enim
669 1897 928 1953 Dominus
971 1903 1156 1953 noster
1187 1903 1382 1949 auctor
1430 1902 1515 1949 est
1549 1892 1790 1969 scientiae
1824 1891 2082 1961 spiritalis

493 2000 551 2045 et
577 1988 811 2044 salubris
845 1987 1128 2052 doctrinae,
1164 1984 1303 2054 quia
1341 1983 1456 2053 ipse
1477 1997 1578 2052 per
1600 1981 1816 2053 Moysen
1842 1981 2082 2052 primum

493 2078 734 2135 condidit
759 2077 952 2149 legem,
989 2076 1108 2146 ipse
1123 2073 1420 2145 inspiravit
1459 2072 1773 2142 prophetas,
1817 2071 1931 2141 ipse
1981 2071 2082 2124 do-

491 2171 604 2224 cuit
639 2167 934 2238 apostolos,
966 2166 1079 2237 ipse
1105 2164 1381 2220 ordinavit
1428 2163 1809 2234 evangelistas,
1850 2171 1906 2218 et
1939 2177 2084 2232 prae-

494 2267 760 2320 dicatores
789 2261 922 2317 Novi
969 2259 1320 2324 Testamenti,
1371 2273 1472 2314 nec
1521 2257 1658 2312 alius
1699 2266 1784 2312 est
1811 2254 2004 2325 plenus
2028 2265 2085 2310 et

493 2357 764 2427 perfectus
789 2353 1143 2424 investigator
1182 2359 1234 2407 et
1272 2351 1488 2422 agnitor
1513 2349 1798 2420 sapientiae
1827 2348 1942 2414 Dei,
1977 2347 2081 2402 nisi

496 2450 542 2501 is
565 2446 654 2516 qui
685 2459 808 2500 cum
828 2444 992 2498 Patre
1021 2451 1077 2498 et
1109 2441 1314 2512 Spiritu
1365 2449 1554 2495 sancto
1602 2427 1743 2495 unus
1789 2448 1872 2494 est
1915 2438 2082 2504 Deus,

497 2541 561 2591 de
588 2551 696 2606 quo
725 2535 989 2605 scriptum
1023 2541 1104 2589 est
1131 2549 1145 2586 a
1184 2551 1202 2583 ι
1236 2531 1406 2585 Nemo
1431 2531 1582 2586 novit
1613 2529 1810 2586 Filium
1838 2530 1944 2585 nisi
1983 2529 2084 2584 Pa-

499 2637 596 2690 ter,
641 2623 1060 2696 neque'Patrem
1097 2621 1222 2692 quis
1251 2620 1397 2676 novit
1430 2620 1533 2675 nisi
1575 2619 1766 2684 Filius,
1793 2627 1849 2673 et
1865 2619 1956 2674 cui
1989 2634 2084 2672 vo-

498 2716 661 2770 luerit
686 2713 858 2769 Filius
903 2712 1143 2768 revelare
1186 2709 1400 2782 (Matth.
1448 2725 1529 2776 .u;
1585 2708 1712 2762 an.
1755 2709 1832 2778 χ).
1871 2728 1890 2761 ι
1930 2706 2085 2775 Quod

499 2815 678 2862 autem
713 2804 912 2860 dicitur
945 2821 958 2856 :
993 2821 1011 2853 ι
1042 2803 1088 2856 Λ
1131 2801 1268 2856 mari
1299 2799 1592 2855 abundavit
1618 2799 1876 2869 cogitatio
1919 2797 2081 2862 illius,

498 2905 553 2950 et
581 2893 866 2950 consilium
888 2893 1058 2964 ipsius
1087 2892 1157 2945 ab
1185 2891 1382 2961 abysso
1408 2905 1625 2959 magna,
1658 2908 1674 2938 ι
1703 2888 1938 2943 ostendit
1963 2902 2087 2958 pro-

498 2986 818 3042 funditatem
843 2983 1121 3053 sapientiae
1169 2981 1364 3036 divinae
1414 2979 1848 3034 inaestimabilem
1905 2989 1960 3034 et
2005 2978 2086 3032 in-

499 3077 1034 3149 comprehensibilem
1060 3090 1200 3141 esse,
1231 3075 1360 3146 quia
1393 3090 1553 3129 nemo
1579 3083 1788 3128 secreta
1817 3073 1960 3128 illius
1991 3088 2087 3144 per

500 3170 684 3226 omnia
709 3177 995 3240 penetrare
1025 3173 1225 3235 potest,
1247 3164 1352 3219 nisi
1382 3164 1498 3234 ipse
1521 3179 1660 3218 unus
1689 3171 1745 3218 et
1773 3163 1920 3217 solus
1945 3163 2086 3218 Deus

501 3260 662 3317 Pater
689 3269 744 3316 et
771 3258 940 3314 Filius
961 3265 1018 3312 et
1043 3255 1278 3328 Spiritus
1318 3263 1561 3320 sanctus,
1605 3254 1700 3324 qui
1739 3253 2087 3323 semetipsum

503 3370 599 3426 per
637 3353 816 3409 omnia
865 3351 1030 3417 novit,
1061 3358 1120 3406 et
1163 3348 1376 3404 consilii
1409 3349 1497 3404 sui
1525 3363 1690 3402 verus
1735 3347 1952 3416 agnitor
1981 3355 2084 3402 est.

504 3446 606 3501 Dat
655 3453 918 3500 creaturae
961 3457 1072 3496 suae
1117 3448 1324 3494 tantum
1375 3440 1442 3496 dc
1484 3454 1544 3494 se
1595 3451 1772 3500 nosse,
1827 3445 2089 3507 quantum

505 3537 654 3593 novit
695 3535 772 3589 illi
817 3531 1102 3602 expedire;
1153 3539 1208 3586 et
1240 3529 1498 3586 doctrinae
1538 3544 1648 3584 suae
1694 3527 1942 3582 ﬁdelibus
1977 3526 2091 3581 suis

505 3626 801 3706 secundum
836 3622 1054 3678 modum
1097 3620 1513 3691 dispensationis
1553 3633 1665 3674 suae
1710 3617 1898 3673 tribuit
1941 3617 2093 3673 intel-

509 3719 731 3773 lectum.

583 3829 601 3860 ι
632 3808 744 3879 Ego
773 3803 1042 3879 sapientia
1081 3799 1243 3858 ell‘udi
1278 3800 1519 3866 ﬁumina,
1551 3816 1652 3872 ego
1690 3801 1844 3872 quasi
1893 3809 2094 3856 trames

515 3923 532 3951 ι
565 3875 719 3970 aquae
746 3875 1117 3954 immensae'de
1151 3891 1331 3948 ﬂuvio.
1370 3911 1388 3943 ι
1424 3891 1566 3962 Ergo
1593 3893 1843 3948 Christus
1876 3892 2091 3962 sapien-

511 3992 584 4046 tia
614 3988 708 4043 Dei
729 3985 920 4043 cﬁ‘udit
952 3984 1009 4038 in
1038 3983 1296 4038 mundum
1331 3981 1552 4037 ﬁumina
1576 3981 2094 4052 doctrinae-evange-

512 4082 649 4145 licm,
677 4094 797 4149 quae
815 4072 1276 4133 abundantissime
1317 4073 1571 4130 reﬁciunt
1596 4081 1652 4128 et
1676 4071 1882 4127 satiant
1908 4071 2096 4126 avidas

515 4178 720 4226 mentes
747 4169 1063 4224 electorum.
1105 4163 1226 4233 ipse
1253 4172 1337 4220 est
1381 4173 1582 4220 trames
1621 4177 1776 4233 aquae
1817 4163 2096 4218 immensae

514 4264 580 4318 tle
618 4262 794 4328 ﬂuvio,
819 4263 945 4334 quia
968 4262 1113 4318 sicut
1139 4261 1282 4317 Deus
1305 4258 1371 4314 de
1399 4258 1527 4323 Deo,
1558 4255 1738 4311 lumen
1765 4255 1834 4310 de
1871 4255 2092 4318 lumine,

514 4353 587 4407 ita
615 4352 728 4422 ipse
755 4367 896 4424 aqua
920 4352 1202 4408 immensa
1244 4349 1312 4405 de
1363 4347 1513 4403 fonte
1557 4347 1716 4402 Patre
1760 4345 1874 4400 sive
1903 4344 2094 4412 ﬂuvio,

2257 1913 2275 1944 ‹
2307 1893 2465 1948 Dixi:
2517 1894 2724 1965 Rigabo
2776 1910 2953 1950 meum
3002 1897 3218 1950 hortum
3270 1895 3678 1966 plantationum
3727 1902 3785 1948 et

2187 2003 2206 2036 ι
2229 1983 2688 2053 inebriab01prati
2733 1985 2839 2040 mei
2888 1985 3144 2042 fructum.
3201 1987 3267 2040 Et
3309 2001 3441 2042 ecce
3491 1985 3674 2042 laeuis
3703 1997 3790 2040 est

2188 2096 2205 2126 ι
2239 2076 2370 2130 mihi
2405 2085 2609 2131 trames
2647 2075 2951 2142 abundans,
2977 2085 3033 2132 et
3077 2076 3272 2132 ﬂuvius
3301 2092 3458 2132 meus
3493 2079 3789 2148 appropin-

2188 2186 2207 2218 ι
2235 2167 2422 2237 quavit
2462 2166 2529 2220 ad
2582 2181 2754 2231 auare,
2796 2168 3051 2238 quoniam
3089 2167 3394 2223 doctrinam
3427 2167 3590 2236 quasi
3620 2176 3781 2220 ante-

2188 2278 2206 2310 ι
2241 2259 2491 2316 lucanum
2543 2258 2858 2314 illuminabo
2901 2259 3173 2323 omnibus,
3217 2268 3276 2314 et
3303 2259 3583 2314 enarrabo
3627 2259 3782 2313 illam

2188 2369 2207 2402 ι
2235 2364 2408 2420 usque
2444 2349 2514 2404 ad
2558 2348 2932 2420 longinquum.
2985 2348 3286 2404 Penetrabo
3327 2363 3522 2404 omnes
3557 2347 3787 2404 inferio-

2188 2465 2207 2496 ι
2239 2460 2324 2500 res
2353 2454 2539 2516 partes
2589 2453 2770 2508 terrae,
2820 2455 2876 2499 et
2920 2443 3204 2514 inspiciam
3229 2457 3419 2498 carnes
3445 2443 3794 2498 dormientes

2189 2555 2208 2586 ι
2236 2544 2293 2591 et
2341 2533 2660 2590 illuminabo
2701 2548 2893 2592 omnes
2928 2541 3230 2604 sperantes,
3254 2532 3308 2588 in
3360 2532 3495 2587 Deo.
3533 2552 3553 2583 ι
3587 2531 3794 2586 llorms

2183 2629 2325 2684 enim
2357 2629 2754 2700 plantationum
2804 2628 3083 2698 sapientiae
3129 2634 3320 2681 sancta
3375 2635 3461 2679 est
3509 2623 3786 2684 Ecclesia,

2183 2736 2348 2793 quam
2380 2721 2496 2792 ipsa
2537 2720 2755 2776 Veritas
2801 2735 2900 2775 suo
2946 2721 3194 2790 dogmate
3238 2731 3453 2787 semper
3501 2715 3698 2784 irrigat
3735 2723 3795 2767 ct

2186 2810 2439 2873 inebriat,
2477 2818 2538 2864 ut
2571 2808 2806 2864 fructum
2849 2816 3039 2878 partus
3087 2805 3348 2878 spiritalis
3379 2805 3629 2874 quotidie
3663 2818 3795 2872 pro-

2185 2901 2342 2965 ferat,
2380 2902 2434 2954 in
2471 2900 2718 2955 doctrina
2771 2898 3024 2954 videlicet
3070 2896 3338 2952 catholica
3371 2904 3428 2950 et
3473 2894 3649 2948 sacris
3672 2895 3788 2947 vir-

2185 2993 2416 3055 tutibus;
2445 2999 2502 3045 et
2550 2989 2764 3055 merito,
2816 2989 2943 3058 quia
2988 2987 3288 3042 illuminata
3337 3001 3370 3040 at
3423 2999 3553 3040 vera
3623 2984 3792 3046 luce,

2197 3103 2216 3134 ι
2243 3099 2362 3154 quae
2387 3083 2654 3136 illuminat
2684 3095 2902 3138 onmem
2931 3079 3206 3134 hominem
3227 3078 3533 3133 venientem
3559 3077 3616 3132 in
3643 3077 3792 3130 hunc

2190 3174 2447 3230 mttndum
2484 3172 2668 3243 (Joan.
2698 3172 2766 3242 ι),
2798 3191 2816 3224 ι
2862 3186 2893 3226 ιι
2923 3169 3278 3240 solejustitiae
3301 3169 3529 3238 ipsoque
3551 3169 3791 3232 oriente,

2189 3270 2256 3321 de
2282 3280 2389 3336 quo
2435 3264 2694 3336 scriptum
2719 3272 2802 3319 est
2830 3281 2843 3316 :
2877 3281 2895 3312 ι
2919 3260 3172 3318 Yisitavit
3195 3275 3294 3315 nos
3315 3259 3500 3314 oriens
3521 3272 3590 3312 ex
3619 3257 3786 3311 alto.-

2189 3357 2256 3412 Et
2300 3357 2426 3412 alibi
2477 3374 2490 3410 :
2530 3374 2548 3406 ι
2605 3355 2746 3410 Ecce
2797 3354 2879 3408 vir
2929 3354 3115 3408 oriens
3144 3366 3363 3406 nomen
3407 3349 3530 3418 ejus
3591 3349 3784 3421 (Zudt.

2189 3445 2287 3518 vt).
2341 3467 2359 3498 ι
2403 3445 2558 3501 Facit
2585 3459 2739 3500 suam
2765 3443 3070 3500 doctrinam
3109 3441 3361 3498 enarrari
3385 3441 3439 3496 in
3464 3441 3788 3512 longinquo,

2191 3540 2294 3596 hoc
2309 3548 2410 3606 est,
2439 3539 2493 3594 in
2521 3537 2722 3594 ﬁnibus
2743 3536 2915 3603 orbis,
2961 3543 3021 3590 ut
3043 3550 3236 3592 omnes
3260 3542 3562 3605 agnoscant
3582 3533 3790 3587 verita-

2193 3643 2300 3688 tem
2327 3632 2393 3686 ad
2425 3631 2779 3686 salvatiouem
2821 3629 3042 3684 humani
3083 3627 3298 3698 generis
3335 3626 3568 3682 venisse.
3591 3625 3782 3680 .Peae-

2193 3730 2301 3776 irat
2325 3729 2506 3775 autem
2537 3717 2822 3774 inferiores
2852 3726 3036 3788 partes
3065 3725 3243 3781 terrae,
3275 3716 3537 3786 quoniam
3583 3729 3774 3770 carna-

2193 3811 2322 3866 lium
2353 3809 2516 3866 corda
2545 3818 2602 3864 et
2633 3808 2998 3878 cogitationes
3013 3815 3328 3863 scrutatur.
3354 3805 3580 3878 Inspicit
3599 3821 3792 3861 omnes

2193 3903 2524 3960 dormientes
2545 3901 2636 3972 qui
2655 3901 2738 3957 vel
2759 3900 3077 3972 ignorantiae
3107 3913 3298 3954 somno
3321 3899 3403 3954 vel
3451 3909 3672 3969 turpem
3699 3914 3792 3952 ne-

2191 3993 2806 4068 gligentiae-dormiunt,
2827 4000 2883 4049 et
2907 3991 3174 4047 illuminat
3220 3999 3366 4046 recta
3397 3989 3502 4044 ﬁde
3521 3999 3596 4044 et
3633 3990 3790 4058 agni-

2197 4087 2343 4141 tione
2366 4092 2648 4156 sperantes
2686 4083 2741 4137 in
2769 4083 2901 4146 Deo,
2929 4081 3186 4152 quoniam
3219 4079 3314 4149 qui
3357 4087 3549 4149 sperat
3595 4078 3652 4133 in
3679 4078 3792 4133 Deo

2195 4178 2387 4234 beatus
2410 4184 2515 4232 est.
2546 4194 2569 4226 ι
2615 4173 3017 4245 Beneplacitmn
3047 4173 3194 4228 enim
3218 4178 3305 4226 est
3356 4169 3586 4225 Domino
3611 4185 3790 4240 super

2197 4271 2621 4334 timentes-eum,
2647 4275 2704 4322 et
2735 4265 2792 4320 in
2821 4279 2917 4322 eos
2939 4264 3032 4334 qui
3074 4261 3375 4334 Spemntin
3413 4259 3790 4318 misericordia

2187 4363 2317 4433 'ejus
2339 4358 2514 4433 (Pent.
2555 4359 2760 4428 cum).
2797 4376 2814 4408 ι

517 4444 722 4543 ίφρῖεθ
767 4443 876 4543 die}
916 4441 1404 4543 PQW§‘:_Q1°|PW'“
1435 4438 1879 4543 Ρτξξθνθτξὸξξδι
1904 4436 2098 4543 inlini:
2121 4481 2176 4543 Β
2276 4473 2295 4506 ι
2322 4453 2513 4509 Adhuc
2559 4449 2862 4506 doctrinam
2909 4447 3067 4517 quasi
3097 4445 3452 4518 prophetiam
3487 4441 3786 4505 effundam,

517 4533 668 4599 tatis,
691 4534 906 4603 quando
939 4531 1080 4586 sicut
1103 4531 1170 4585 de
1192 4529 1354 4583 Patre
1383 4527 1596 4598 genitus
1621 4535 1704 4581 est
1729 4525 1915 4591 Filius,
1947 4525 2019 4580 ita
2045 4533 2100 4581 et

519 4622 753 4692 Spiritus
783 4630 1004 4676 sanctus
1048 4619 1292 4690 procedit
1339 4633 1371 4671 a
1415 4618 1614 4673 Patre:
1656 4615 1900 4686 qucm~in
1929 4615 2100 4670 Evan-

520 4713 658 4786 gelio
700 4727 854 4782 aquae
895 4711 1113 4766 nomine
1166 4709 1422 4765 Dominus
1473 4707 1824 4776 nuncupavit,
1869 4705 2096 4762 dicens:

527 4826 544 4858 ι
573 4805 676 4872 Qui
718 4802 916 4859 biberit
961 4794 1156 4872 aquam
1197 4817 1362 4871 quam
1409 4816 1509 4871 ego
1555 4800 1694 4855 dabo
1721 4801 1792 4864 ei,
1827 4797 1918 4854 ﬁet
1947 4797 2001 4852 in
2036 4812 2101 4854 co

521 4898 641 4954 l'ons
667 4911 818 4968 aquae
858 4895 1110 4952 salientis,
1135 4894 1191 4949 in
1217 4893 1383 4948 vitam
1413 4902 1673 4948 aeternam
1716 4889 1900 4962 (Jonn.
1945 4889 2040 4961 tv).
2079 4909 2097 4942 ι

519 4991 591 5046 Et
615 4990 788 5046 item:
822 5005 845 5040 ι
882 4987 984 5056 Qui
1030 4987 1145 5041 sitit
1178 4987 1360 5040 veniat
1395 4985 1464 5039 ad
1509 4998 1614 5048 me,
1659 4992 1715 5040 et
1743 4982 1916 5046 bibat,
1958 4979 2105 5035 etde

519 5088 709 5135 ventre
732 5078 851 5149 ejus
875 5077 1043 5133 ﬂuent
1086 5091 1241 5147 aquae
1280 5076 1414 5131 vivae
1445 5074 1629 5145 (Joan.
1661 5071 1782 5142 νιι).
1823 5092 1841 5124 ι
1874 5071 1940 5126 Et
1977 5069 2106 5124 alibi

525 5172 758 5241 tegitur:
823 5188 841 5220 ι
889 5168 1042 5240 Aqua
1096 5165 1374 5236 sapientiae
1421 5163 1675 5220 salutaris
1733 5161 1938 5232 potavit
1981 5178 2104 5218 eum

555 5260 717 5314 Eccli.
745 5259 857 5330 xv).
889 5279 907 5311 ι

604 5370 620 5400 ι
651 5351 763 5420 Ego
805 5350 959 5420 quasi
1006 5348 1198 5403 lluvius
1242 5346 1427 5410 Dorix,
1461 5354 1516 5401 et
1569 5346 1710 5400 sicut
1754 5345 2104 5415 aqumtluctus

527 5460 552 5494 ι
584 5442 720 5496 exivi
755 5442 823 5498 de
865 5441 1137 5512 paradiso.
1171 5458 1190 5492 ι
1238 5436 1390 5491 llunc
1419 5435 1636 5491 ﬂuvium
1680 5437 1898 5505 quidam
1943 5436 2104 5491 histo-

517 5533 738 5586 rialiter
771 5531 994 5584 Araxim
1023 5543 1237 5582 annalem
1277 5527 1546 5582 Armeniae
1588 5540 1708 5582 esse
1753 5535 1965 5596 putant,
2011 5527 2102 5597 qui

532 5623 600 5674 ab
629 5636 736 5672 uno
766 5626 948 5672 monte
967 5633 1088 5670 cum
1129 5615 1399 5684 Euphrate
1429 5615 1642 5670 diversa
1681 5617 1860 5685 specie
1897 5617 2100 5681 oritur;

517 5711 708 5764 dictus
753 5718 932 5762 autem
979 5709 1120 5776 quoat
1177 5705 1471 5774 rapacitate
1527 5715 1720 5761 cuncta
1772 5715 2100 5776 prosternat,

2205 4572 2224 4605 ε
2253 4554 2311 4602 et
2364 4543 2667 4612 relinquam
2732 4538 2880 4594 illam
2928 4537 3298 4608 quaerentibus
3337 4534 3688 4606 sapientiam,
3733 4541 3790 4587 et

2205 4662 2225 4694 ι
2251 4653 2358 4694 non
2383 4632 2627 4689 desinam
2655 4631 2712 4685 in
2742 4627 3273 4700 progenies-illorum
3307 4641 3481 4696 usque
3510 4625 3576 4680 in
3611 4639 3786 4680 aevum

2207 4749 2229 4780 ο
2255 4733 2524 4784 sanctum.
2559 4741 2578 4774 ι
2611 4720 2858 4776 lnsinuat
2896 4719 3095 4790 quippe
3136 4718 3371 4788 scriptor
3411 4716 3663 4772 historia:
3689 4715 3788 4770 hac

2201 4813 2490 4876 sententia,
2518 4811 2662 4880 quod
2680 4810 2947 4880 mysticus
2975 4808 3078 4864 iste
3099 4808 3236 4864 liber
3274 4807 3362 4871 sit,
3403 4814 3460 4862 et
3484 4805 3786 4876 spiritalem

2201 4911 2408 4976 quaerat
2437 4899 2874 4971 intelligentiam,
2924 4907 2980 4953 et
3009 4898 3166 4968 quod
3211 4895 3363 4952 valde
3410 4894 3563 4951 utilis
3606 4895 3682 4949 sit
3719 4895 3786 4948 ad

2211 4993 2514 5066 legendum,
2541 4990 2669 5061 quia
2689 4987 2845 5058 juxta
2889 4987 3172 5043 historiam
3201 4986 3566 5042 moralitatem
3605 4983 3784 5044 docet,

2207 5101 2272 5140 ac
2299 5083 2455 5154 juxta
2493 5079 2805 5152 allegoriam
2841 5077 2966 5134 ﬁdei
3015 5077 3208 5134 imbuit
3257 5084 3636 5148 sacramento:
3673 5095 3692 5126 ι
3725 5074 3788 5128 Et

2206 5189 2312 5229 non
2335 5172 2604 5235 desinam,
2652 5168 2850 5238 inquit,
2879 5167 2932 5222 in
2960 5167 3245 5238 progenies
3285 5165 3497 5220 illorum
3529 5180 3705 5222 usque
3735 5165 3784 5218 in

2206 5281 2379 5322 aevum
2410 5271 2676 5326 sanctum,
2711 5281 2729 5312 ι
2763 5260 3017 5331 quoniam
3049 5274 3155 5314 non
3185 5267 3362 5314 cessat
3381 5256 3670 5326 Scriptura
3703 5272 3785 5310 sa-

2207 5369 2299 5409 cra
2323 5353 2393 5408 ab
2421 5366 2537 5408 aevo
2571 5364 2740 5419 usque
2765 5349 3016 5403 inacvum
3045 5348 3242 5402 docere
3269 5361 3438 5417 genus
3466 5345 3782 5406 humanum.

2205 5451 2474 5512 quatenus
2521 5439 2786 5508 intelligat
2842 5453 2908 5492 ex
2949 5436 3239 5508 praeceptis
3293 5435 3386 5490 Dei
3432 5434 3568 5504 quid
3617 5434 3786 5486 vitare

2206 5533 2399 5586 debeat
2423 5530 2618 5599 quidve
2645 5543 2826 5598 agerc,
2859 5536 2917 5581 ut
2961 5541 3118 5581 nemo
3157 5527 3227 5581 sit
3265 5524 3357 5596 qui
3388 5526 3490 5578 rite
3531 5538 3594 5579 sc
3619 5524 3784 5593 possit

2205 5636 2488 5683 excusare,
2516 5619 2670 5688 quasi
2709 5618 2963 5673 nescierit
2988 5618 3117 5686 quid
3143 5627 3465 5687 praeceptum
3499 5615 3570 5669 sit
3598 5615 3649 5668 in
3673 5615 3783 5682 lege

2208 5708 2412 5774 divina,
2441 5724 2563 5762 cmn
2608 5707 2870 5776 sapientia
2904 5707 3042 5761 viam
3067 5707 3308 5762 veritatis
3339 5715 3394 5762 et
3428 5719 3672 5760 normam
3703 5701 3782 5764 iu-
