4030 6466
281 392 386 451 945

1159 389 1510 448 COMMENT.
1553 389 1620 444 IN
1658 386 2264 445 ECCLESIASTICUM.
2293 418 2364 428 —-
2398 387 2525 442 LIB.
2563 384 2653 445 VL

3424 383 3532 442 616

278 507 444 562 stitia:
486 504 663 578 palam
706 503 956 560 omnibus
1004 503 1352 559 demonstret.
1400 505 1474 558 De
1524 519 1632 573 quo
1675 503 1848 558 adhuc
1878 502 1924 562 Α
1957 516 1976 548 ί
2017 498 2172 554 Valde
2211 498 2404 552 animi“
2453 495 2696 551 morum-3
2729 509 3021 565 υοιιιιθτειιι
3060 495 3539 568 ευροτὺυω,.‹1ίνί-

277 595 532 652 subditur
559 613 580 649 :-

350 685 592 741 cVidete
623 683 884 754 quoniam
925 699 1030 739 non
1073 683 1248 740 solum
1294 684 1424 738 mihi
1471 683 1728 746 laboravi,
1763 683 1857 738 sed

277 776 600 834 romuib'us-
621 775 1032 845 quuirentibus
1068 775 1372 830 veritatem.
1421 794 1439 825 ι
1486 773 1685 830 Doctor
1726 789 1856 844 ergo

271 864 676 923 ecclesiasticus
699 864 864 920 verba
904 863 998 920 Dei
1045 864 1332 920 scribendo
1363 871 1419 919 ct
1467 863 1706 918 docendo
1747 878 1853 918 non

271 955 812 1012 eolumsibi-laborat
847 954 939 1009 sed
972 961 1026 1008 et
1053 953 1206 1017 aliis;
1234 953 1360 1022 quia
1391 951 1492 1008 sibi
1527 951 1736 1006 laborat
1755 964 1854 1022 pro

269 1057 474 1102 teterua
505 1045 755 1102 mercede
791 1053 845 1101 et
871 1045 1074 1116 quiete,
1103 1044 1224 1100 aliis
1265 1053 1446 1098 autem
1474 1058 1576 1114 pro
1605 1058 1732 1096 vera
1773 1057 1854 1097 sa-

269 1142 383 1196 lute
412 1144 778 1208 tte-perpetua
821 1136 1027 1206 requie.
1063 1134 1215 1190 Unde
1246 1135 1299 1189 in
1342 1133 1574 1189 Daniele
1592 1132 1850 1203 scriptum

266 1238 412 1284 est:
434 1248 454 1281 ε
481 1227 584 1298 Qui
612 1227 752 1284 docti
778 1227 980 1281 fuerint
1007 1225 1284 1296 fulgebunt
1311 1225 1450 1280 sicut
1473 1223 1728 1294 splendor
1750 1223 1847 1276 flr~

267 1319 550 1385 mamenti,
606 1327 663 1374 et
709 1319 801 1389 qui
866 1318 936 1372 ad
990 1315 1252 1386 justitiam
1312 1315 1563 1370 erudiunt
1628 1312 1847 1379 multos,

265 1410 422 1480 quasi
449 1407 696 1464 stell:ein
741 1416 1030 1479 perpetuas
1075 1407 1402 1462 aeternitates
1449 1403 1612 1476 (Dan.
1664 1404 1784 1476 xu).
1825 1424 1843 1456 ι

268 1498 404 1554 Hinc
425 1507 480 1554 et
501 1498 735 1555 Iacobus
757 1500 865 1554 ait:
905 1517 922 1550 ι
967 1497 1068 1567 Qui
1100 1498 1338 1552 converti
1382 1495 1572 1551 fecerit
1597 1506 1850 1566 peccato-

264 1602 382 1644 rem
423 1590 492 1645 ab
535 1604 722 1646 errore
768 1590 871 1644 via:
913 1605 1044 1653 suae,
1093 1589 1320 1644 salvabit
1368 1589 1604 1642 animam
1655 1589 1771 1658 ejus
1816 1601 1846 1644 a

262 1686 461 1746 morte,
487 1688 542 1734 et
581 1680 758 1750 operit
807 1677 1205 1736 multi-tudinem
1256 1686 1612 1749 peccatorum
1638 1679 1844 1748 (Iacob.

260 1769 338 1838 v).
377 1791 396 1822 ι
426 1770 503 1826 De
529 1785 637 1840 quo
659 1779 713 1824 et
737 1768 934 1824 Paulus
955 1769 1028 1823 ad
1049 1768 1689 1834 Timotheum-scribens,
1720 1769 1796 1824 ait
1827 1787 1842 1823 :

1959 607 1980 639 σ
2018 584 2126 644 tem
2151 589 2464 644 mendacem
2489 627 2505 651 ,
2550 600 2732 642 senem
2782 585 2985 640 fatuum
3029 594 3086 641 et
3133 578 3528 642 insensatum.»

1952 679 2116 747 Ergo.
2135 678 2566 748 sapientia,..qu:c
2593 683 2786 732 cuncta
2815 677 2932 732 odit
2964 677 3092 732 vitia
3117 718 3134 743 ,
3169 685 3287 733 tres‘
3325 679 3534 748 species

1951 768 2054 824 sibi
2085 769 2216 824 dicit
2241 785 2363 824 esse
2383 768 2631 833 odibiles,
2660 775 2718 822 et
2735 778 3082 840 aggravatam
3111 784 3171 824 se
3193 769 3532 828 asseritsmii-

1951 859 2058 913 mis
2093 873 2490 930 perversurum,
2531 873 2606 914 eo.
2630 859 2775 928 quod
2818 859 3091 916 contraria
3126 859 3228 914 sibi
3263 860 3529 916 sentiant:

1949 955 2242 1022 pauperem
2273 951 2522 1008 videlicet
2548 951 2824 1008 detestans
2861 953 3173 1022 superbum,
3216 953 3309 1023 qui
3342 961 3531 1008 contra

1950 1039 2316 1107 conditionem
2352 1041 2686 1112 paupertatis
2723 1057 2833 1097 suae
2870 1041 3052 1096 animo
3085 1043 3228 1098 elato
3253 1043 3527 1113 superbit;

1949 1137 2006 1184 et
2034 1129 2255 1185 divitem
2305 1129 2650 1196 mendacem,
2678 1131 2770 1200 qui
2815 1131 3092 1186 concessis
3114 1131 3408 1188 bonisnon
3448 1147 3532 1188 se-

1949 1220 2400 1293 oundumlegem—
2421 1221 2528 1276 Dci'
2555 1221 2609 1276 in
2633 1221 2869 1279 veritate
2912 1222 3133 1288 fruitur,-
3157 1225 3254 1280 sed
3291 1225 3534 1280 abutitur

1949 1309 2355 1378 in-mendacio-~;
2392 1319 2664 1368 et'sencm
2707 1313 2926 1369 fautum
2960 1314 3530 1385 eL-i-nsensatttm,.qui

1949 1397 2174 1468 longaevi
2217 1401 2474 1471 temporis
2507 1401 2841 1474 negligenter
2876 1405 3065 1474 perdit
3093 1405 3284 1472 otium,
3315 1405 3530 1476 quando

1948 1487 2186 1544 discendi
2215 1491 2536 1561 sapientiam
2565 1492 2770 1547 nullum
2817 1493 2981 1549 habet
3018 1495 3276 1550 studium.
3309 1495 3531 1568 Mystice

1949 1587 2126 1633 autem
2161 1580 2250 1636 ille
2299 1595 2425 1636 vere
2466 1597 2670 1653 panper
2694 1591 2796 1649 est,
2827 1585 2917 1654 qui
2941 1585 3230 1640 virtutibus
3265 1585 3418 1656 inops
3447 1585 3527 1652 fit,

1948 1677 2004 1724 et
2039 1677 2217 1726 tamen
2239 1672 2306 1726 ad
2339 1673 2656 1728 exercitium
2687 1673 2945 1728 virtutum
2972 1690 3078 1729 non
3105 1673 3218 1729 vult
3237 1675 3529 1745 super-bum

1949 1758 2212 1816 inclinare
2235 1762 2497 1818 animum.
2527 1761 2946 1820 Divesmcndax
2989 1775 3073 1820 est
3099 1765 3409 1831 haereticus,
3435 1765 3528 1836 qui

265 1878 284 1909 ε
314 1859 545 1914 Attende
573 1858 672 1914 tibi
700 1867 756 1914 et
793 1857 1070 1913 doctrinae-
1095 1873 1266 1924 sante,
1301 1858 1440 1914 insta
1476 1859 1531 1912 in
1569 1858 1703 1926 illis;
1740 1859 1841 1916 hoc

1945 1850 2185 1908 abundat
2228 1869 2388 1910 sensu
2415 1863 2472 1911 et
2497 1869 2750 1912 sermone
2773 1896 2789 1922 ,
2839 1856 2932 1911 sed
2959 1857 3137 1931 potius
3166 1856 3342 1928 elegit
3363 1857 3418 1912 in
3443 1857 3530 1913 his

257 1949 404 2003 enim
447 1947 670 2014 faciens,
711 1956 766 2004 et
797 1948 1272 2018 teipsnm-salvnm
1321 1947 1504 2015 facies,
1537 1959 1593 2004 et
1630 1965 1724 2006 eos
1748 1951 1842 2021 qui

257 2045 313 2092 te
351 2037 575 2092 audient
603 2037 692 2108 (II
735 2037 870 2090 Tim.
903 2036 1000 2108 tv).
1037 2057 1056 2090 ο
1102 2037 1238 2093 llinc
1279 2045 1334 2094 et
1365 2038 1480 2108 ipsa
1526 2038 1742 2094 Veritas
1789 2041 1842 2094 in

256 2125 548 2196 Evangelio
573 2127 648 2180 ait
673 2145 687 2180 :
716 2145 736 2177 ‹
764 2126 866 2194 Qui
896 2127 1119 2182 solverit
1143 2143 1308 2182 unum
1325 2129 1397 2183 de
1429 2129 1697 2184 mandatis
1723 2130 1844 2186 istis

254 2215 516 2280 minimis,
545 2224 601 2271 et
623 2215 869 2271 docuerit
906 2217 985 2272 sic
1027 2217 1293 2282 homines,
1334 2217 1592 2274 minimus
1629 2219 1844 2273 vocabi-

254 2314 345 2360 tur
366 2305 422 2360 in
451 2321 617 2378 regno
661 2309 953 2372 caelorum;
987 2309 1076 2377 qui
1107 2317 1289 2362 autem
1340 2307 1530 2362 fecerit
1567 2317 1621 2362 et
1650 2309 1846 2384 docue-

252 2396 346 2461 rit,
384 2411 613 2467 magnus
660 2397 945 2452 vocabitur
999 2397 1052 2450 in
1103 2413 1266 2467 regno
1310 2397 1571 2452 co:lorum
1621 2398 1839 2470 (Matth.

251 2487 331 2558 v).
372 2506 390 2539 ι
420 2487 485 2542 Et
528 2488 698 2542 item:
733 2509 751 2540 ‹
794 2490 922 2550 Vcs,
970 2489 1168 2558 inquit,
1212 2490 1344 2544 estis
1374 2489 1462 2544 lux
1514 2476 1731 2556 mundi;
1765 2491 1844 2546 sic

253 2577 432 2632 luceat
457 2578 549 2632 lux
581 2587 761 2633 vestra
789 2594 970 2636 coram
1000 2579 1322 2644 hominibus,
1351 2588 1410 2634 ut
1439 2580 1656 2636 videant
1679 2595 1843 2650 opera

251 2679 436 2722 vestra
463 2669 627 2735 bona,
671 2678 726 2724 et
769 2670 1074 2742 glorificent
1121 2672 1338 2726 Patrem
1366 2683 1626 2738 vestrum,
1659 2675 1757 2744 qui
1785 2675 1840 2729 in

249 2759 408 2816 etatis
433 2770 538 2818 est.
570 2782 590 2815 ι

867 2874 1094 2930 CAPUT
1130 2875 1217 2930 lll.

252 2954 530 3039 Sapientia
579 2961 835 3039 Ιιπιιεὶιιιιέ⁸
866 2965 922 3039 iit
966 2965 1132 3021 tribus
1176 2967 1428 3037 placitum
1471 2985 1582 3024 esse
1635 2957 1843 3039 spiritui

321 3031 442 3108 ejus
466 3047 485 3085 :
589 3031 1140 3108 concordiitfratrum,
1171 3031 1216 3108 et
1245 3053 1427 3090 amore
1457 3031 1840 3108 proximbrttm,

321 3111 370 3154 et
399 3103 454 3154 in
479 3102 588 3156 viro
613 3119 730 3156 cum
756 3102 974 3160 muliere
999 3105 1125 3160 bene
1147 3106 1245 3160 sibi
1268 3102 1624 3164 .couveﬁienti.

1944 1943 2118 1997 errori
2147 1959 2307 2014 quam
2347 1947 2562 2002 veritati
2603 1946 2895 2002 deservire.
2936 1946 3112 2002 Senex
3140 1946 3320 2004 fatuus
3359 1956 3412 2004 et
3443 1948 3527 2003 in,

1945 2041 2197 2090 sensatus
2217 2043 2322 2102 est,
2354 2036 2446 2106 qui
2475 2035 2695 2107 praefert
2713 2037 2996 2108 praesentis
3018 2037 3386 2094 vitat-delicias
3406 2038 3528 2092 vitre

1943 2121 2138 2178 futui-te
2164 2127 2650 2198 ,et.magis..amat
2693 2127 2898 2183 caduca
2934 2143 3114 2198 quam.
3139 2135 3360 2184 attenta.
3391 2126 3528 2182 Cum

1943 2217 2230 2274 manifeste
2258 2218 2494 2276 Joannes
2529 2222 2805 2292 apostolus
2842 2223 2946 2280 hoc
2971 2224 3276 2294 prohibeat,
3303 2224 3522 2280 dicens:

1951 2325 1971 2357 ι.
2015 2305 2189 2363 Nolite
2218 2309 2438 2381 diligere
2475 2313 2751 2378 mundum,
2779 2328 2954 2382 neque
2991 2329 3054 2367 ea
3097 2329 3217 2384 qua:
3241 2314 3294 2368 in
3326 2315 3526 2368 mundo

1943 2406 2118 2464 sunt;
2143 2399 2376 2455 mundus
2412 2401 2557 2456 enim
2594 2401 2790 2456 transit
2821 2411 2878 2456 et
2917 2401 3351 2470 concupiscentia
3376 2401 3525 2473 ejus:

1941 2487 2040 2558 qui.
2067 2495 2250 2544 autem
2281 2489 2411 2544 facit
2437 2490 2769 2546 voluntatem
2797 2491 3042 2556 Domini,
3073 2499 3252 2546 manet
3292 2491 3346 2544 in
3371 2499 3528 2545 αξιοιό

1942 2591 2071 2631 num
2096 2576 2148 2648 (1
2171 2577 2331 2632 Joan.
2361 2578 2446 2650 ιι).
2481 2599 2498 2630 ι
2530 2579 2766 2636 Possunt
2794 2580 2876 2635 ha:
2911 2588 3021 2635 tres
3051 2579 3260 2650 species
3299 2577 3528 2638 odibiles

1943 2667 2054 2722 Deo
2093 2667 2162 2722 ad
2191 2675 2494 2738 apostatam
2538 2669 2809 2740 angelum,
2838 2670 2956 2725 hoc.
2983 2669 3528 2739 est.diabolnm,_pcr

1942 2757 2386 2828 signiﬁcationem
2437 2759 2756 2824 transferri,
2783 2759 2876 2828 qui
2925 2773 3129 2830 pauper
3163 2767 3226 2814 et:
3265 2759 3530 2828 superbus

1942 2857 2043 2912 est,
2081 2847 2326 2917 quicum
2363 2863 2650 2919 supernam
2692 2849 2917 2918 gloriam
2961 2857 3183 2918 propter
3215 2847 3525 2917 superbiam

1941 2955 2092 2995 suam
2120 2939 2460 3009 perdidisset,
2488 2939 2662 2995 adhuc
2690 2938 2969 3010 superbire
2997 2954 3104 2994 non
3143 2947 3354 3004 cessat;
3377 2938 3542 2995 dives.

1939 3036 2024 3084 est
2053 3039 2108 3084 et
2141 3030 2391 3095 mendax,
2421 3029 2549 3100 quia
2578 3044 2701 3085 cum
2745 3041 2998 3095 terrenas,
3013 3029 3230 3086 divitias
3256 3029 3310 3084 in
3347 3029 3524 3084 avaris

1942 3127 1998 3176 et
2041 3119 2253 3189 cupidis
2299 3121 2704 3190 possessoribus
2751 3121 3020 3192 possidet,
3053 3119 3526 3179 totusmendacie

322 3190 476 3262 (Car.
511 3194 664 3265 xxv.)
709 3214 728 3247 ε
756 3195 814 3250 in
852 3196 1026 3253 tribus
1051 3197 1309 3267 placitum
1338 3206 1423 3253 est
1450 3198 1664 3268 spiritui
1698 3215 1836 3265 meo,
1867 3199 1913 3262 C
1943 3207 2154 3263 deditus
2182 3218 2267 3264 est
2291 3249 2306 3275 ,
2351 3209 2492 3265 sicut
2536 3210 2653 3280 ipsa
2701 3190 2914 3266 veritas
2944 3211 2997 3264 in
3046 3209 3336 3282 Evangelia
3359 3209 3426 3264 de
3451 3223 3524 3264 ce

257 3298 278 3331 α
305 3296 428 3351 qua:
467 3291 596 3337 sunt
634 3285 860 3352 probata
887 3300 1070 3341 coram
1099 3287 1210 3342 Deo
1247 3295 1304 3342 et
1332 3286 1680 3344 hominibus:
1712 3305 1842 3344 con-
1946 3306 2176 3353 testatur
2196 3339 2212 3364 ,
2245 3300 2465 3354 dicens:
2509 3318 2527 3350 ε
2577 3299 2669 3356 Ille
2699 3300 2967 3360 homicida
3000 3301 3220 3356 erat-ab
3263 3299 3437 3363 initio,
3468 3308 3525 3354 et

256 3392 276 3424 ι
303 3372 489 3428 cordia
534 3373 786 3441 fratrum,
819 3385 874 3433 et
905 3393 1060 3432 amor
1103 3381 1500 3450 proximorum,
1553 3391 1609 3438 et
1655 3383 1739 3438 vir
1785 3393 1841 3440 et
1943 3389 1998 3442 in
2048 3391 2280 3446 veritate
2329 3405 2435 3449 non
2481 3391 2840 3461 stetitaquia'
2867 3391 3065 3447 veritas
3102 3391 3156 3446 in
3195 3405 3261 3446 eo
3299 3406 3404 3445 non
3439 3396 3524 3444 est

256 3477 280 3512 ι
309 3461 506 3517 mulier
547 3463 684 3518 bene
731 3465 833 3520 sibi
883 3468 1306 3524 consentientes.
1357 3488 1376 3519 ι
1407 3469 1594 3526 Placet
1639 3471 1840 3542 quippe
1943 3478 2125 3550 (Joatt.
2157 3479 2314 3551 vin):
2353 3500 2388 3532 ι,
2413 3495 2536 3537 cum
2571 3482 2718 3542 enim
2739 3512 2754 3540 ε.
2771 3481 3009 3552 loquitur
3043 3481 3380 3540 ῐηοΰᾱιιοίυιη
3407 3521 3422 3547 ι
3453 3495 3524 3534 ex

250 3553 533 3644 sapientia:
559 3555 755 3612 divinat
775 3573 898 3628 qua:
939 3559 992 3614 in
1039 3559 1155 3631 lege
1193 3562 1286 3620 Dei
1337 3563 1634 3632 probabilia
1666 3572 1722 3620 et
1747 3580 1838 3620 ac-
1938 3569 2174 3639 propriis
2197 3569 2454 3640 loquitur,
2476 3572 2610 3642 quia
2642 3573 2872 3629 mendax
2894 3581 2979 3627 est
3001 3581 3057 3628 et
3083 3581 3238 3644 pater
3259 3571 3408 3642 ejus;
3439 3587 3520 3628 δατ

250 3643 563 3734 ccptabilia,
590 3653 647 3702 et
690 3647 1001 3705 hominibus
1049 3651 1286 3706 salubria
1317 3668 1440 3707 esse
1481 3654 1835 3710 manifestam
1938 3677 2042 3716 nex
2065 3661 2248 3719 fatuus
2270 3672 2355 3718 est
2389 3671 2445 3718 et
2472 3663 2779 3722 insensatus
2801 3705 2816 3729 ,
2847 3663 2972 3734 quia
2993 3643 3114 3720 cum
3137 3663 3278 3720 inter
3297 3671 3535 3720 caeteras
3576 3699 3585 3709 -

250 3737 343 3785 tur
365 3771 381 3798 ,
411 3732 515 3825 hoc
549 3746 633 3790 est
680 3738 972 3794 concordia
1017 3739 1273 3807 fratrum,
1316 3743 1521 3813 de-qua
1550 3745 1838 3815 Apostolus
1939 3750 2206 3822 angelieas
2241 3752 2468 3808 virtutes
2515 3753 2570 3808 in
2604 3753 2772 3825 gloria
2795 3732 3018 3810 caelesti
3049 3769 3146 3824 per
3195 3754 3519 3825 sapientiam

245 3830 438 3879 monet
462 3823 750 3894 Ephesios,
784 3835 846 3883 ut
878 3839 1270 3900 supportantcs
1301 3833 1530 3890 invicem
1562 3836 1618 3890 in
1659 3836 1841 3892 chari—

252 3921 364 3969 tate
403 3915 620 3972 solliciti
665 3919 781 3979 sint
815 3935 1035 3976 servare
1077 3925 1339 3980 unitatem
1383 3927 1606 3997 spiritus
1635 3929 1689 3982 in
1721 3929 1836 3984 vin-

249 4003 372 4060 culo
397 4007 567 4076 pacis.
617 4008 686 4066 Et
727 4011 855 4072 alibi
887 4021 1040 4084 rogat
1084 4015 1362 4074 auditores
1403 4033 1531 4076 suos
1571 4029 1634 4076 ut
1694 4021 1834 4077 idem

251 4094 501 4164 sapiant,.
526 4105 583 4152 et
607 4114 788 4172 unum
821 4101 1006 4158 dicant
1049 4119 1277 4171 omnes;
1339 4123 1600 4180 amorque
1649 4113 1833 4181 proxi-

250 4198 464 4240 morum
493 4225 528 4252 ,,
565 4188 632 4243 de
670 4204 779 4260 quo
821 4191 966 4248 idem
1002 4193 1292 4264 Apostolus
1325 4199 1562 4270 scripsit,
1608 4201 1830 4258 dicens:

255 4293 274 4328 ι
307 4277 775 4352 Dilectioproximi
795 4285 994 4342 malum
1019 4302 1124 4343 non
1150 4291 1646 4364 operatur(Philip.
1679 4294 1774 4365 tv).
1809 4314 1832 4347 ι

250 4366 542 4430 Plenitudo.
574 4385 704 4442 ergo
746 4373 878 4446 legis
918 4386 1005 4432 est
1038 4377 1256 4435 dilectio
1291 4379 1492 4451 (Galat.
1532 4383 1610 4454 v).

327 4476 365 4508 ιι
392 4458 461 4512 Et
509 4461 595 4515 vir
639 4471 695 4516 et
743 4465 935 4520 mulier
988 4468 1126 4524 bene
1169 4468 1271 4524 sibi
1329 4474 1768 4529 consentientes:
1807 4495 1825 4526 ι

251 4548 404 4616 Quod
424 4549 581 4620 juxta
601 4554 902 4624 historiam,
928 4566 986 4614 et
1009 4559 1164 4629 juxta
1189 4562 1501 4634 allegoriam
1531 4565 1831 4638 intelligere
1855 4541 1908 4600 Ῑ)

254 4653 495 4706 possum,
519 4644 647 4713 quia
670 4647 966 4702 secundum
982 4648 1264 4706 historiam
1289 4654 1511 4708 mandat
1535 4656 1826 4726 apostolica

247 4731 550 4808 auctoritas
576 4734 728 4800 viris,
756 4744 819 4790 ut
849 4736 1073 4808 diligant
1106 4755 1304 4798 uxores
1331 4759 1491 4811 suas,
1510 4745 1650 4800 sicut
1675 4745 1830 4802 Chri-

253 4828 374 4876 stus
406 4821 592 4878 dilexit
630 4825 968 4894 Ecclesiam;
1018 4831 1269 4886 similiter
1305 4842 1364 4890 et
1401 4836 1737 4902 mulieribus,
1769 4846 1830 4892 ut

253 4909 508 4986 subjectze
530 4915 642 4970 sint
670 4916 804 4974 viris
836 4919 968 4986 suis,
999 4921 1140 4976 sicut
1169 4922 1278 4978 Deo
1303 4941 1320 4982 τ
1349 4926 1601 4994 quoniam
1631 4927 1716 4982 vir
1738 4941 1832 4982 ca-

253 5011 352 5072 put
379 5011 464 5059 est
491 5006 752 5073 mulieris,
771 5009 910 5064 sicut
936 5018 991 5067 et
1015 5009 1263 5070 Christus
1284 5025 1444 5085 caput
1465 5024 1548 5072 est
1578 5017 1833 5076 Ecclesia:

253 5090 475 5161 (Ephes.
509 5095 584 5167 v).
611 5095 912 5168 Allegorice
929 5109 1110 5157 autem
1141 5119 1429 5172 possumus
1449 5106 1505 5160 in
1530 5107 1648 5163 vim
1671 5109 1829 5180 spiri-

254 5190 394 5250 tum,
419 5194 475 5241 et
502 5185 555 5240 in
589 5187 814 5244 muliere
839 5191 1081 5248 animam
1108 5193 1439 5264 intelligere;
1468 5210 1588 5265 quae
1615 5198 1656 5253 si
1689 5197 1742 5252 in
1767 5199 1834 5254 ti-

253 5290 410 5332 more
434 5286 491 5334 et
512 5278 800 5336 dilectione
829 5281 924 5340 Dei
951 5285 1354 5351 consenserint,
1383 5287 1642 5358 quidquid
1665 5290 1830 5358 petie-

254 5367 370 5422 rint
399 5369 692 5425 secuudum
727 5372 1052 5430 voluntatem
1080 5376 1206 5442 Dei,
1253 5376 1636 5446 impetrabunt.
1677 5379 1829 5436 Unde

251 5458 370 5530 ipse
407 5461 664 5518 Dominus
696 5464 776 5520 ait
803 5465 857 5520 in
881 5467 1170 5538 Evangelia
1198 5486 1212 5523 :
1247 5487 1265 5520 ι
1301 5468 1356 5525 Si
1397 5471 1503 5526 duo
1544 5486 1829 5528 consense~

255 5559 368 5607 rznt
395 5567 460 5608 ex
489 5552 639 5609 vobis
672 5555 723 5608 in
753 5572 918 5610 unum
937 5598 953 5624 ,
987 5559 1053 5614 de
1077 5561 1225 5615 omni
1253 5577 1312 5616 re
1334 5577 1711 5632 quamcunque
1735 5578 1828 5634 pe-

257 5642 441 5698 tierint
461 5685 477 5710 ,
510 5645 600 5700 lict
630 5647 733 5718 illis
753 5663 786 5702 a
811 5648 972 5706 Patre
992 5667 1114 5706 meo
1137 5651 1349 5722 (Matth.
1379 5653 1551 5726 xvut).
1589 5673 1608 5705 ι

335 5754 352 5784 ι
391 5735 524 5790 Tres
563 5739 770 5796 snecies
812 5741 978 5798 odivit
1025 5743 1202 5798 anima
1256 5759 1410 5812 mea,
1453 5754 1506 5800 et
1563 5761 1828 5820 aggravor

1935 3840 2034 3897 Dei
2062 3843 2118 3897 in
2149 3841 2305 3902 initio
2327 3851 2544 3902 creatus
2569 3853 2674 3910 est,
2709 3845 3042 3916 sapientiam
3071 3845 3381 3902 sibi-datam
3412 3863 3520 3902 non

1937 3935 2279 3991 cutiservavit
2306 3951 2414 4000 ,eo
2464 3937 2609 4006 quod
2631 3936 2918 3994 conditori
2952 3952 3050 3994 suo
3081 3934 3356 4006 subjectus
3397 3952 3520 3992 esse

1935 4025 2137 4082 uoluit:
2159 4036 2213 4083 et
2225 4029 2487 4085 hactenus
2504 4029 2557 4084 in
2581 4029 2696 4101 ipsa
2715 4029 2941 4086 stultitia
2959 4037 3288 4100 perseverat,
3305 4029 3520 4100 quando

1933 4124 2120 4170 contra
2164 4117 2497 4173 conditorem
2539 4134 2699 4174 suum
2747 4119 3010 4192 rebellare
3052 4134 3160 4174 non
3205 4127 3402 4176 cessat.
3442 4121 3520 4176 De

1933 4222 2040 4277 quo
2065 4223 2194 4263 sene
2229 4208 2376 4264 fatuo
2423 4211 2477 4263 in
2511 4211 2839 4266 Ecclesiaste
2866 4215 2964 4281 per
3003 4201 3346 4266 Salomonem
3385 4212 3518 4269 dici-

1935 4305 2050 4352 tur:
2085 4319 2102 4350 t
2139 4298 2326 4354 Melior
2345 4309 2431 4354 est
2461 4316 2594 4370 puer
2619 4317 2824 4371 pauper
2866 4309 2922 4356 et
2964 4301 3202 4372 sapiens,
3229 4318 3392 4372 quam
3421 4318 3524 4361 rex
3543 4358 3559 4370 _

1933 4406 2100 4448 senex
2127 4401 2183 4449 et
2227 4393 2446 4460 stultus,
2473 4395 2564 4464 qui
2593 4395 2764 4450 nescit
2802 4396 3098 4464 praevidere
3129 4396 3183 4450 in
3203 4407 3512 4467 posterum,

1933 4485 2148 4553 quando
2174 4484 2240 4540 de
2280 4485 2438 4540 domo
2467 4485 2862 4540 vinculatorum
2897 4485 3169 4556 egreditur
3203 4486 3262 4540 in
3291 4501 3513 4558 regnum

1935 4572 2133 4644 (Eccle.
2159 4573 2251 4644 tv).
2284 4594 2302 4627 ι
2359 4576 2531 4642 Quem
2579 4575 2757 4631 locum
2799 4574 3060 4646 Origenes
3103 4583 3159 4630 et
3207 4575 3516 4632 Victorinus

1933 4679 2098 4736 super
2129 4665 2348 4722 Christo
2370 4674 2428 4722 et
2459 4665 2674 4724 diabolo
2719 4667 3059 4739 interpretati
3099 4674 3248 4734 sunt,
3277 4668 3516 4724 volentes

1934 4771 2162 4824 puerum
2201 4771 2493 4826 pauperem
2523 4755 2799 4813 Christum
2831 4757 3086 4830 intelligi,
3125 4758 3218 4829 qui
3248 4767 3407 4815 natus
3431 4767 3516 4816 est

1933 4846 1988 4900 in
2017 4861 2182 4916 regno
2209 4847 2354 4903 senis
2382 4847 2621 4914 diaboli,
2667 4855 2724 4903 et
2760 4847 2959 4904 idcirco
2999 4849 3172 4904 dicit:
3209 4867 3228 4899 ε
3265 4847 3514 4918 Regnum

1936 4949 2118 4992 meum
2141 4953 2249 4994 non
2275 4947 2360 4995 est
2387 4940 2454 4996 de
2477 4940 2580 4996 hoc
2603 4940 2804 4995 mundo
2825 4940 3006 5011 (Joatt.
3038 4935 3214 5012 xvm).
3247 4957 3268 4992 ι
3293 4937 3348 4994 In
3371 4937 3514 4994 illius

1937 5025 2115 5096 itaque
2145 5029 2294 5084 senis
2321 5029 2480 5086 stulti
2518 5045 2704 5100 regno,
2735 5031 2829 5102 qui
2857 5031 3100 5086 ostendit
3127 5031 3178 5087 ei
3221 5029 3401 5086 omnia
3429 5047 3516 5086 re-

1935 5132 2038 5186 gna
2071 5119 2256 5174 mundi
2286 5128 2342 5175 et
2369 5119 2593 5190 gloriam
2619 5120 2757 5191 ejus,
2786 5129 2946 5178 natus
2971 5129 3054 5177 est
3081 5121 3316 5192 optimus
3355 5137 3510 5192 puer,
3573 5121 3580 5148 ῖ

1933 5213 1990 5259 et
2035 5206 2104 5261 de
2148 5207 2308 5264 domo
2353 5208 2770 5265 vinculatorum.
2808 5211 2891 5267 De
2925 5210 3126 5280 quibus
3165 5207 3428 5265 Jeremias
3455 5209 3510 5264 in

1933 5292 2436 5352 Lamentationibus
2483 5297 2754 5368 loquitur,
2789 5299 2976 5355 dicens
3007 5317 3020 5352 :
3063 5317 3081 5348 ι
3119 5299 3186 5353 Et
3228 5299 3508 5356 luuniliare

1933 5383 2035 5437 sub
2061 5384 2287 5453 pedibus
2312 5383 2430 5454 ejus
2461 5401 2650 5442 omnes
2683 5387 2892 5442 vinctos
2921 5394 3080 5443 terrze
3109 5386 3324 5460 (Tltren.
3350 5389 3454 5460 ιιι).
3483 5410 3506 5441 ι

1933 5469 2206 5528 Processit
2249 5474 2318 5529 ad
2352 5489 2600 5546 regnum,
2622 5483 2682 5530 ut
2709 5475 2810 5530 sub
2837 5491 2935 5532 sua
2969 5482 3237 5548 potestate
3284 5477 3514 5532 haberet

1933 5561 2176 5616 coelestia
2217 5563 2380 5618 sit—nul
2411 5573 2467 5619 et
2499 5573 2731 5630 terrena,
2765 5565 2906 5622 unde
2945 5566 3059 5636 ipse
3095 5574 3221 5636 post
3266 5578 3512 5620 resurre-

1933 5651 2164 5707 ctionem
2195 5669 2348 5708 suam
2385 5654 2503 5709 ait:
2547 5675 2564 5706 ε
2601 5655 2735 5712 Data
2775 5665 2858 5712 est
2895 5655 3029 5712 mihi
3057 5656 3236 5712 omnis
3270 5661 3548 5726 potestas.

1931 5743 1986 5800 in
2017 5744 2155 5800 caelo
2183 5752 2236 5800 et
2267 5745 2320 5800 in
2348 5753 2510 5801 terra.
2535 5767 2554 5800 ι
