4030 6474
628 382 731 437 9i?

631 604 649 636 α
687 580 927 638 invenies
952 592 1016 631 ea
1044 576 1098 630 in
1121 582 1399 629 senectute
1430 573 1554 627 tua?
1576 594 1595 625 ι
1624 573 1851 640 Liquido
1876 580 2027 649 patet
2055 572 2201 642 quod

623 675 714 744 qui
754 673 808 726 in
845 671 1125 741 juventutc
1170 664 1409 720 discendi
1447 663 1765 733 sapientiam
1809 664 2046 718 studium
2092 679 2201 718 non

624 765 833 830 habuit,
864 763 919 816 in
952 765 1225 817 senectute
1254 756 1372 825 ejus
1420 756 1655 811 fructum
1695 756 1919 810 minime
1959 755 2197 810 habebit.

626 857 897 925 Scriptum
919 861 1002 907 est
1023 851 1166 905 enim
1198 851 1251 904 in
1268 847 1576 902 Proverbiis
1599 863 1613 902 :
1646 864 1664 897 ι
1692 846 1884 900 Anima
1907 845 2202 900 laborantis

622 945 836 999 laborat
866 941 987 995 sibi.
1022 939 1329 1008 Egestatem
1369 944 1588 1006 operata
1617 944 1701 990 est
1731 949 1921 989 manus
1954 932 2202 997 remissa,

625 1048 819 1088 manus
865 1039 1045 1085 autem
1087 1028 1303 1083 fortium
1335 1026 1551 1081 divitias
1577 1033 1749 1095 parat.
1784 1022 1884 1089 Qui
1910 1029 2203 1093 congregat

624 1123 678 1177 in
709 1137 903 1185 messe,
928 1121 1070 1175 ﬁlius
1095 1120 1312 1188 sapiens
1330 1126 1441 1182 est;
1468 1117 1559 1186 qui
1585 1126 1762 1169 autem
1793 1114 1975 1169 stertit
1994 1121 2197 1176 aestate,

624 1215 766 1268 ﬁlius
809 1212 1137 1267 confusionis
1176 1209 1358 1278 (Prov.
1383 1208 1461 1280 ιι).
1495 1228 1513 1260 ι
1579 1206 1716 1262 llinc
1740 1206 1865 1261 item
1895 1205 2035 1260 ﬁlios
2077 1218 2203 1259 suos

625 1313 811 1359 monet
838 1302 1129 1373 Sapientia,
1160 1300 1381 1355 dicens:
1416 1317 1433 1349 ‹
1463 1298 1621 1364 Audi,
1658 1297 1729 1351 ﬁli
1758 1297 1863 1363 mi,
1891 1305 1946 1351 et
1982 1304 2098 1351 esto
2117 1311 2203 1351 sa—

625 1393 803 1463 piens,
852 1402 906 1447 ct
944 1391 1113 1462 dirige
1140 1392 1193 1444 in
1238 1391 1325 1443 via
1362 1389 1600 1443 animum
1641 1395 1811 1441 tuum.
1840 1385 1956 1441 Noli
1993 1401 2111 1441 esse
2146 1386 2201 1439 in

625 1484 889 1538 conviviis
912 1489 1216 1553 potatorum
1234 1522 1249 1547 ,
1278 1497 1376 1536 nec
1403 1480 1455 1534 in
1502 1478 1986 1534 comessationibus
2014 1464 2225 1532 eorum.

626 1568 808 1637 (Prov.
838 1571 995 1643 xxii).
1028 1592 1047 1623 ι
1091 1570 1227 1625 1ιὶηο
1256 1571 1308 1624 in
1330 1569 1538 1640 psalmo
1565 1569 1782 1639 legitur,
1805 1568 1945 1637 quod
1979 1569 2071 1636 qui
2093 1580 2202 1621 me-

627 1662 833 1716 ditatur
857 1660 911 1715 in
946 1660 1063 1732 lege
1089 1660 1301 1715 Domini
1329 1660 1414 1714 die
1442 1675 1507 1715 ac
1543 1668 1722 1724 nocte,
1752 1660 1844 1714 det
1882 1659 2114 1715 fructum
2145 1659 2197 1713 in

624 1760 864 1821 tempore
897 1767 1015 1816 suo,
1043 1760 1098 1806 et
1137 1751 1324 1806 folium
1357 1749 1472 1819 ejus
1520 1765 1627 1805 non
1673 1749 1902 1814 decidat,
1935 1756 1990 1803 et
2017 1749 2198 1803 omnia

1263 372 1324 425 B.
1362 369 1615 425 RABANI
1652 369 1870 426 MAURI
1908 368 2226 424 ARCHIEP.
2268 366 2576 424 MOGUNT.
2617 366 2899 424 OPERUM
2936 367 3113 424 PARS
3149 368 3188 423 1.

699 513 718 545 ι
756 492 885 559 Qum
912 488 964 543 in
987 487 1267 557 juventute
1296 491 1383 538 tua
1410 498 1519 537 non
1556 482 2191 554 congregasti,qnomodo
2217 489 2270 549 Α

3701 374 3778 431 918

2370 500 2389 532 α
2427 480 2628 537 Novem
2656 482 3053 553 insuspicabilia
3085 484 3262 539 cordis
3307 486 3782 554 magniﬁcavi,etde-

2306 589 2325 622 ι
2363 571 2561 626 cimum
2609 570 2783 624 dicam
2828 570 2881 624 in
2927 571 3106 640 lingua
3150 572 3448 627 hominibus
3484 589 3497 626 :
3545 573 3685 631 Homo
3715 580 3782 647 qui

2306 680 2325 711 ι
2353 659 2681 730 jucundatur
2704 660 2756 714 in
2786 659 2930 724 ﬁliis,
2962 662 3146 715 vivens
3172 669 3226 716 et
3250 661 3435 717 videns
3459 663 3782 722 subversioneru

2308 769 2327 803 ι
2364 751 2705 805 inimicorum
2766 764 3005 804 suorum.
3050 750 3248 805 Beatus
3294 751 3383 819 qui
3439 751 3667 808 inhabth
3696 772 3784 812 eum

2307 859 2326 891 ι
2368 841 2594 895 muliere
2623 847 2858 903 sensata,
2882 848 2937 893 et
2957 840 3046 909 qui
3079 840 3256 911 lingua
3284 856 3378 896 sua
3413 857 3513 894 non
3536 851 3610 897 est
3635 843 3783 914 lapsus,

2307 951 2326 984 ι
2363 941 2419 987 et
2443 934 2535 1001 qui
2558 947 2663 985 non
2694 932 2915 986 servivit
2948 932 3178 1001 indignis
3211 947 3289 986 se.
3324 932 3513 987 Beatus
3534 935 3614 1003 qui
3637 935 3785 992 invenit

2311 1044 2328 1076 ε
2370 1025 2603 1078 amicum
2629 1039 2818 1077 verum
2845 1063 2860 1087 ,
2898 1030 2952 1078 et
2976 1023 3069 1093 qui
3105 1030 3325 1077 enarrat
3352 1023 3596 1092 justitiam
3618 1025 3665 1078 in
3692 1041 3786 1080 aure

2308 1132 2327 1165 ι
2370 1114 2654 1171 audientis.
2697 1113 2868 1180 Quam
2911 1130 3137 1184 magnus
3167 1115 3257 1184 qui
3308 1115 3503 1169 invenit
3542 1116 3787 1184 sapientiam

2307 1223 2326 1255 ι
2362 1212 2417 1260 et
2444 1204 2769 1259 scientiam!
2809 1205 2901 1259 sed
2923 1221 3026 1259 non
3051 1214 3134 1259 est
3177 1220 3339 1275 super
3366 1205 3618 1260 timentem
3649 1206 3784 1262 Deum.

2307 1314 2328 1346 ι
2369 1295 2558 1351 Timor
2588 1293 2799 1350 Domini
2845 1310 3006 1365 super
3041 1294 3223 1349 omnia
3253 1309 3312 1348 se
3346 1294 3787 1363 superposuit:bea-

2273 1393 2327 1434 ἰ
2367 1391 2454 1441 tus
2499 1384 2584 1438 cui
2632 1384 2889 1439 donatum
2935 1393 3019 1439 est
3065 1384 3264 1437 habere
3311 1384 3549 1438 timorem
3589 1383 3788 1451 Dei:qui

2308 1493 2327 1525 ι
2365 1481 2513 1529 tenet
2538 1473 2713 1538 illum,
2738 1474 2824 1528 cui
2850 1473 3273 1528 assimilabitur?
3302 1472 3483 1527 Timor
3518 1471 3603 1525 Dei
3638 1472 3788 1526 initium

2309 1582 2327 1615 ι
2369 1562 2673 1618 dilectionis
2713 1562 2869 1633 ejus:
2908 1562 3029 1618 ﬁdei
3072 1571 3250 1616 autem
3292 1562 3498 1616 initium
3532 1560 3785 1632 agglutinan-

2308 1672 2326 1705 t
2364 1652 2491 1707 dum
2521 1652 2696 1708 est‘ei.
2727 1672 2745 1704 ι
2781 1651 2918 1719 Quid
2962 1660 3046 1707 est
3069 1653 3214 1706 enim
3242 1652 3388 1721 quod
3429 1666 3603 1705 novem
3635 1649 3789 1704 dicitse

2302 1743 2679 1813 magniﬁcasse
2726 1742 3126 1812 insuspicabilia
3157 1742 3338 1797 cordis
3359 1782 3376 1807 ,
3416 1750 3470 1796 et
3499 1740 3719 1796 decimum
3735 1741 3787 1794 di—

622 1858 956 1913 queecunque
1012 1843 1201 1899 fecerit
1264 1857 1578 1913 prosperum
1652 1852 1904 1898 eventum
1963 1841 2199 1897 habeant
2227 1825 2273 1885 Β
2303 1837 2446 1893 xisse
2472 1837 2523 1890 in
2546 1836 2724 1905 lingua
2753 1835 3084 1899 hominibus,
3111 1835 3211 1889 nisi
3233 1834 3378 1903 quod
3403 1851 3421 1883 ι
3452 1832 3596 1888 corde
3618 1831 3789 1885 credam

623 1930 797 2003 (Psal.
829 1933 891 2002 ι).

700 2040 719 2072 ι
755 2022 925 2089 Quam
951 2024 1250 2093 speciosum
1274 2024 1487 2078 canitiei
1504 2022 1764 2091 judicium
1792 2034 1847 2078 et
1870 2021 2201 2094 presbyteris

630 2129 649 2161 ι
686 2113 969 2168 consilium
1018 2115 1370 2184 cognoscere!
1419 2114 1590 2181 Quam
1636 2114 1879 2184 speciosa
1925 2115 2201 2172 veteranis

630 2220 648 2253 ι
687 2203 968 2272 sapientia,
1002 2203 1341 2275 etgloriosus
1367 2204 1671 2259 intellectus
1692 2212 1747 2260 et
1767 2205 2078 2260 consilium!
2105 2205 2202 2262 Co-

631 2312 649 2343 c
688 2310 820 2349 rona
850 2310 1037 2349 senum
1069 2295 1235 2348 multa
1266 2295 1485 2364 peritia,
1521 2303 1576 2350 et
1603 2296 1770 2367 gloria
1805 2296 2015 2351 illorum
2040 2297 2201 2351 timor

628 2403 646 2433 α
686 2384 801 2439 Dei.
833 2404 851 2437 ι
882 2386 1044 2440 Decet
1074 2387 1216 2441 enim
1244 2402 1410 2441 canos
1435 2388 1610 2457 capite
1631 2387 1971 2457 prudentiam
2001 2389 2201 2444 habere

625 2493 839 2543 sensus,
870 2485 924 2531 et
946 2486 1160 2533 aetatem
1187 2478 1478 2549 longaevam
1510 2482 1796 2536 utilitatem
1820 2496 2046 2537 noscere
2065 2496 2199 2540 con-

623 2566 733 2621 silii
760 2607 776 2633 ,
808 2573 867 2620 ut
906 2567 1199 2622 secundum
1244 2570 1495 2625 timorem
1536 2570 1630 2625 Dei
1673 2570 1850 2625 sciant
1895 2578 1950 2625 et
1990 2571 2202 2639 possint

620 2655 880 2725 iudicium
900 2658 1102 2729 justum
1138 2658 1340 2725 facere,
1369 2671 1423 2715 et
1450 2661 1725 2731 proximos
1751 2676 1877 2716 suos
1904 2662 2200 2717 secundum

623 2748 933 2817 :equitatem
960 2750 1184 2820 justitiae
1222 2766 1409 2821 regere
1450 2767 1514 2806 ac
1542 2752 1836 2821 dijudicare
1867 2792 1882 2816 ,
1915 2739 2041 2821 quia
2078 2752 2199 2807 inde

621 2838 730 2893 illis
773 2854 965 2911 magna
995 2841 1261 2896 excrescit
1294 2843 1462 2913 gloria
1489 2883 1504 2908 ,
1533 2844 1576 2898 si
1611 2826 1901 2899 secundum
1932 2853 2199 2915 prmccpta

621 2930 803 2984 divina
829 2930 960 3001 legis
987 2932 1080 2986 Dei
1113 2933 1212 3003 ipsi
1236 2941 1381 2989 recte
1409 2934 1613 2999 vivant,
1640 2943 1695 2989 et
1723 2935 1858 2990 alios
1883 2943 1993 2989 tam
2021 2936 2201 2990 verbis

622 3036 785 3090 quam
828 3022 988 3077 etiam
1036 3024 1294 3093 exemplis
1342 3025 1479 3079 bene
1514 3025 1758 3079 doceant.
1807 3024 2043 3080 Andiant
2070 3039 2200 3096 ergo

619 3111 921 3181 presbyteri
973 3121 1027 3167 ct
1065 3114 1339 3184 praepositi
1380 3114 1733 3170 ecclesiarum
1760 3115 1896 3183 Dei,
1928 3116 2052 3186 quia
2090 3133 2197 3171 non

621 3199 750 3256 licet
776 3202 882 3257 illis
904 3202 1152 3271 ignorare
1198 3204 1330 3275 legis
1358 3205 1454 3260 Dci
1493 3205 1773 3260 scientiam
1822 3213 1877 3261 et
1924 3207 2200 3274 sapientiae

622 3291 949 3346 doctrinam.
987 3293 1140 3349 Unde
1191 3294 1386 3350 Paulus
1420 3295 1667 3365 przecipit
1706 3295 1990 3352 Timotheo
2023 3305 2085 3350 ut
2114 3297 2200 3352 his

619 3381 961 3437 commendet
1003 3383 1260 3439 doctrina?
1293 3384 1550 3451 oﬁicium,
1577 3386 1669 3455 qui
1714 3387 1891 3442 idonei
1931 3388 2041 3442 sint
2069 3387 2203 3443 alios

622 3471 818 3527 docere
859 3471 947 3543 (ΙΙ
976 3473 1110 3528 Tim.
1140 3477 1225 3547 ιι).
1266 3475 1402 3532 llinc
1447 3476 1568 3532 Tito
1609 3479 1853 3548 prtecipit
1891 3488 1950 3532 ut
1987 3480 2201 3550 dispen-

622 3569 856 3616 satorem
900 3562 1155 3620 Ecclesia:
1187 3566 1283 3620 Dei
1311 3568 1524 3623 ordinet
1550 3608 1566 3634 ,
1598 3584 1704 3624 non
1739 3570 2029 3640 superbum
2051 3612 2065 3635 ,
2093 3586 2201 3625 non

621 3651 945 3707 iracundum
966 3695 983 3720 ,
1022 3671 1128 3710 non
1166 3657 1495 3714 vinolentum
1512 3701 1525 3722 ,
1550 3675 1656 3715 non
1678 3677 2075 3731 percussorem,
2092 3678 2198 3718 non

622 3741 797 3809 turpis
830 3740 967 3796 lucri
993 3746 1269 3814 cupidum,
1290 3748 1382 3802 sed
1405 3749 1742 3818 hospitalem,
1772 3752 2086 3822 benignum,
2116 3767 2203 3807 so-

622 3826 820 3897 brium,
835 3828 1063 3899 justum,
1090 3842 1355 3901 sanctum,
1381 3838 1769 3903 continentem,
1791 3838 2201 3909 amplectentem

620 3935 745 3977 eum
776 3922 868 3991 qui
894 3924 1187 3978 secundum
1208 3925 1508 3980 doctrinam
1532 3936 1619 3982 est
1641 3927 1847 3983 ﬁdelem
1878 3943 2200 3995 sermonem,

622 4022 684 4067 ut
709 4021 903 4082 potens
943 4015 1015 4069 sit
1035 4017 1311 4071 exhortari
1344 4017 1397 4071 in
1424 4018 1665 4073 doctrina
1704 4035 1833 4074 sana
1863 4061 1876 4085 ,
1905 4028 1961 4076 et
1990 4037 2084 4076 eos
2111 4022 2202 4091 qui

622 4104 1005 4160 contradicunt
1053 4121 1281 4177 arguere
1324 4107 1565 4181 (Tim).
1616 4107 1897 4165 Pastorum
1934 4111 2201 4181 imperitia

623 4208 756 4249 voce
814 4196 1060 4253 veritatis
1112 4198 1436 4268 increpatur,
1473 4216 1595 4256 cum
1630 4217 1727 4272 per
1771 4204 2088 4273 prophetam
2122 4204 2204 4259 di—

623 4283 802 4338 citur:
860 4303 879 4335 ε
931 4286 1036 4356 lpsi
1078 4297 1322 4357 pastores
1368 4292 1751 4361 ignoravcrnnt
1795 4294 2203 4363 intelligentiam

622 4370 776 4443 (Esa.
803 4373 934 4442 va).
971 4395 989 4428 ι
1035 4376 1182 4443 Quos
1238 4395 1451 4433 rursum
1490 4380 1749 4436 Dominus
1770 4382 2088 4449 detestatur,
2119 4383 2203 4439 di-

620 4476 789 4516 cens:
822 4480 841 4512 c
876 4462 942 4516 Et
963 4471 1209 4520 tenentes
1233 4467 1407 4538 legem
1441 4470 1753 4523 nescierunt
1792 4485 1878 4525 me
1907 4469 2142 4542 (Jer.n).
2178 4491 2196 4524 ι

620 4549 830 4605 Nesciri
860 4566 989 4621 ergo
1021 4568 1080 4607 se
1108 4555 1175 4608 ab
1200 4555 1279 4610 eis
1307 4557 1552 4624 queritur
1575 4558 1806 4624 Veritas,
1838 4567 1891 4614 et
1911 4560 2123 4614 nescire
2145 4575 2203 4615 se

620 4640 984 4710 principatum
1016 4643 1370 4698 nescientium
1393 4655 1724 4715 protestatur
1746 4688 1762 4713 ,
1792 4647 1917 4717 quia
1959 4649 2204 4718 profecto

623 4733 679 4787 hi
701 4733 793 4803 qui
820 4749 881 4789 ea
924 4748 1045 4802 quae
1075 4743 1200 4789 sunt
1240 4735 1451 4792 Domini
1478 4741 1728 4794 nesciunt
1750 4780 1765 4806 ,
1797 4756 1828 4794 a
1856 4741 2082 4795 Domino
2112 4756 2205 4796 ne-

622 4820 888 4888 sciuntur,
920 4821 1089 4878 Paulo
1118 4833 1438 4893 attestante,
1472 4828 1563 4897 qui
1593 4829 1704 4883 ait:
1740 4848 1758 4879 ε
1794 4827 1851 4884 Si
1880 4831 2000 4899 quis
2024 4840 2204 4885 autem

622 4912 865 4982 ignorat,
919 4915 1258 4986 ignorabitur
1304 4917 1355 4987 (I
1386 4916 1507 4972 Cor.
1540 4921 1675 4990 xiv).
1708 4939 1726 4972 ι
1771 4920 1901 4988 Qua:
1946 4921 2203 4978 nimirum

619 5011 903 5070 pastorum
932 5022 1075 5076 saepe
1104 5008 1374 5077 imperitia
1400 5010 1608 5065 meritis
1651 5011 1895 5080 congruit
1939 5011 2208 5082 subjecto-

624 5109 765 5160 rum,
791 5096 883 5165 qui
906 5100 1155 5167 quamvis
1177 5099 1357 5155 lumen
1384 5100 1628 5155 scientiae
1654 5117 1749 5156 sua
1781 5101 1937 5171 culpa
1959 5102 2207 5172 exigente

620 5197 731 5236 non
757 5184 1012 5252 habeant,
1044 5188 1291 5244 districto
1321 5198 1497 5245 tamen
1516 5188 1718 5258 judicio
1760 5192 1937 5262 agitur
1961 5232 1976 5257 ,
2024 5201 2081 5245 ut
2109 5206 2208 5262 per

622 5284 811 5327 eorum
853 5276 1212 5342 ignorantiam
1253 5281 1308 5335 hi
1353 5281 1517 5335 ctiam
1554 5281 1645 5352 qui
1684 5291 1985 5352 sequuntur
2030 5283 2204 5337 oﬁ'en-

625 5361 774 5414 dant.
823 5363 958 5420 lline
1008 5385 1237 5439 namque
1284 5373 1336 5425 in
1380 5369 1672 5441 Evangelio
1720 5386 1816 5439 per
1859 5372 2205 5441 semetipsam

624 5450 839 5507 Veritas
884 5455 1044 5510 dicit:
1093 5477 1110 5508 ι
1160 5460 1216 5514 Si
1258 5477 1434 5516 ca'cus
1482 5476 1626 5516 croco
1666 5461 1918 5516 ducatum
1949 5463 2206 5531 praebeat,

625 5543 785 5598 ambo
826 5544 879 5599 in
925 5545 1133 5602 foveam
1171 5552 1367 5606 cadunt
1398 5553 1613 5624 (illailla.
1644 5552 1755 5626 xv).
1794 5573 1812 5605 ι
1857 5552 1991 5608 Cum
2026 5560 2203 5607 autem

626 5636 702 5689 ait
728 5636 978 5694 timorem
1004 5640 1098 5696 Dei
1129 5657 1248 5698 esse
1288 5645 1510 5714 gloriam
1556 5663 1778 5713 senum,
1816 5661 1939 5702 mox
1970 5645 2206 5702 subdidit

629 5728 812 5785 thecas

2227 4510 2280 4570 D

2300 1927 2365 1981 ad
2382 1927 2668 1997 justitiam,
2701 1941 2796 1981 ore
2844 1935 3020 1981 autem
3058 1926 3327 1982 confessio
3363 1925 3425 1980 ﬁt
3454 1926 3515 1980 ad
3552 1924 3785 1980 salutemii

2300 2017 2502 2073 Novem
2531 2032 2662 2088 ergo
2700 2025 2827 2072 sunt
2863 2016 3264 2088 insuspicahilia
3287 2057 3304 2083 ,
3349 2017 3449 2072 hoc
3491 2024 3598 2081 est,
3623 2023 3733 2070 certa
3753 2022 3789 2067 et

2300 2124 2448 2172 vera,
2494 2117 2549 2163 et
2578 2109 2647 2163 ab
2682 2108 2829 2163 omni
2868 2108 3174 2177 suspicione
3219 2107 3467 2163 falsitatis
3499 2106 3646 2160 aliena
3671 2105 3789 2158 virtu-

2301 2208 2414 2253 tum
2441 2197 2604 2263 dona,
2630 2212 2751 2267 qua:
2777 2197 2911 2252 ﬁdes
2938 2204 3084 2252 recta
3106 2198 3249 2267 parit
3280 2198 3337 2252 in
3357 2198 3594 2253 homine:
3621 2196 3701 2249 hoc
3717 2202 3789 2255 est,

2301 2295 2362 2342 nt
2390 2287 2550 2342 homo
2575 2286 2902 2356 jucundetur
2934 2286 2988 2340 in
3021 2286 3181 2352 ﬁliis;
3210 2287 3265 2342 in
3300 2286 3476 2341 fructu
3506 2282 3787 2340 videlicetbo-

2301 2392 2496 2433 norum
2525 2391 2750 2445 operum
2780 2377 2945 2440 vivat,
2979 2375 3171 2432 videns
3194 2377 3586 2433 subversionem
3608 2374 3788 2428 inimico-

2299 2483 2452 2534 rum;
2483 2469 2629 2523 vivat
2656 2467 2865 2523 scilicet
2890 2467 2998 2521 vita
3024 2468 3159 2533 Deo,
3188 2476 3245 2522 et
3271 2467 3452 2522 videat
3472 2464 3786 2521 subversionem

2300 2560 2602 2615 daemonum
2644 2561 2757 2616 sive
2799 2560 2961 2615 etiam
3002 2560 3297 2624 vitiorum,
3351 2559 3486 2614 sicut
3518 2557 3683 2612 Paulus
3715 2555 3787 2607 ait:

2307 2673 2325 2704 ι
2364 2650 2499 2708 Vivo
2527 2661 2707 2709 autem
2732 2652 2845 2722 jam
2889 2669 2994 2707 non
3036 2668 3158 2725 ego,
3188 2654 3325 2708 vivit
3365 2668 3487 2708 vero
3523 2652 3570 2706 in
3594 2666 3662 2704 me
3683 2648 3789 2702 Chri-

2300 2751 2416 2797 stus
2440 2740 2639 2814 (Galat.
2673 2742 2757 2814 ιι).
2798 2761 2818 2795 ι
2848 2742 2918 2797 Ει
2946 2744 3108 2798 item:
3150 2763 3169 2794 ι
3206 2743 3381 2808 State,
3422 2742 3608 2804 innuit,
3643 2738 3788 2794 succin-

2301 2832 2373 2887 cti
2397 2831 2606 2887 lumbos
2633 2843 2841 2887 vestros
2868 2832 2922 2886 in
2944 2833 3193 2897 veritate,
3216 2841 3274 2887 et
3305 2833 3497 2888 induite
3522 2831 3703 2885 loricam
3714 2827 3790 2896 jus-

2300 2922 2449 2987 tiliae,
2506 2932 2562 2977 et
2604 2921 2826 2977 calceati
2868 2923 3032 2992 pedes
3078 2922 3130 2976 in
3180 2922 3560 2992 praeparatione
3600 2913 3788 2985 evangelii

2298 3013 2486 3084 pacis:
2521 3013 2576 3067 in
2611 3012 2863 3067 omnibus
2908 3020 3183 3067 sumentes
3222 3022 3435 3067 scutum
3482 3010 3622 3073 ﬁdei,
3655 3009 3790 3074 inquo

2300 3106 2469 3174 possit
2499 3106 2547 3160 is
2569 3105 2749 3161 omnia
2780 3105 2881 3160 tela
2909 3105 3226 3175 nequissimi
3248 3106 3401 3176 ignea
3431 3105 3735 3174 exstinguere,
3753 3106 3790 3151 et

2302 3197 2507 3265 galeam
2535 3197 2723 3252 salutis
2749 3198 3025 3263 assumite,
3071 3205 3125 3252 et
3151 3197 3388 3268 gladium
3434 3197 3657 3267 spiritus,
3693 3190 3789 3261 quod

2302 3295 2385 3341 est
2429 3287 2653 3341 verbum
2704 3285 2802 3340 Dei
2827 3284 3040 3356 (Ep/tes.
3068 3287 3165 3358 vr).
3198 3307 3216 3338 ι
3252 3287 3452 3342 Beatus
3478 3294 3552 3340 est
3585 3285 3710 3339 homo
3729 3277 3789 3345 qni

2304 3375 2573 3430 inhabitat
2597 3390 2719 3429 cum
2750 3375 2974 3430 muliere
3004 3384 3247 3442 sensata,
3292 3379 3394 3432 hoc
3418 3386 3512 3440 est,
3540 3369 3740 3443 sapientia
3754 3374 3790 3419 et

2300 3468 2608 3537 prudentia.
2636 3467 2788 3524 Unde
2818 3470 3074 3540 scriptmn
3098 3479 3181 3526 est
3208 3488 3222 3524 :
3252 3490 3275 3523 ‹
3308 3472 3521 3527 Posside
3535 3466 3788 3539 sapientiam,

2299 3559 2515 3628 posside
2542 3560 2885 3629 prudentiam
2910 3560 3090 3631 (Prov.
3120 3561 3216 3632 tv).
3242 3582 3261 3613 ›
3284 3561 3344 3617 Si
3372 3560 3624 3617 intraverit
3643 3555 3790 3624 sapien-

2305 3649 2377 3703 tia
2428 3649 2481 3702 in
2517 3664 2613 3704 eor
2654 3658 2803 3703 tuum
2826 3691 2841 3714 ,
2873 3658 2927 3703 et
2971 3651 3197 3705 scientia
3237 3654 3432 3707 animm
3462 3658 3557 3705 tua:
3587 3642 3789 3720 placuerit,

2302 3737 2585 3793 consilium
2613 3738 2872 3794 custodiet
2910 3746 2982 3804 te,
3012 3748 3069 3794 et
3094 3741 3384 3810 prudentia
3410 3738 3619 3795 servabit
3646 3744 3699 3788 te.
3730 3729 3788 3783 Si-

2303 3829 2505 3884 militer
2524 3837 2581 3884 et
2608 3831 2799 3886 beatus
2817 3840 2902 3887 est
2926 3832 3017 3900 qui
3045 3832 3097 3886 in
3117 3832 3304 3902 lingua
3329 3848 3424 3887 sua
3444 3846 3540 3886 non
3558 3837 3628 3884 est
3649 3826 3791 3894 lapsus,

2303 3919 2558 3989 quoniam
2591 3920 2684 3989 qui
2724 3921 2777 3975 in
2801 3921 2969 3976 verbo
2996 3937 3101 3976 non
3128 3922 3375 3989 oll‘cndit,
3403 3922 3485 3977 hic
3510 3916 3790 3990 perlectusesl

2303 4013 2407 4066 vir.
2437 4012 2539 4080 Qui
2564 4012 2798 4067 custodit
2823 4028 2886 4067 os
2917 4028 3095 4078 suum,
3124 4015 3364 4069 custodit
3395 4012 3461 4067 ab
3492 4005 3704 4080 angustiis
3717 3999 3792 4054 ani‘

2304 4118 2446 4157 mam
2501 4117 2675 4157 suam.
2713 4123 2734 4154 ι
2779 4102 2847 4156 Ει
2878 4103 2969 4172 qui
3003 4118 3108 4157 non
3146 4104 3368 4159 servivit
3413 4099 3621 4171 indignis
3642 4110 3700 4157 se,
3723 4092 3789 4145 hoc

2304 4200 2388 4249 est
2429 4192 2679 4263 malignis
2718 4191 2996 4261 spiritibus
3045 4193 3159 4247 sive
3203 4193 3481 4262 peccatis;
3510 4205 3536 4243 a
3575 4200 3663 4258 quo
3692 4179 3790 4236 enim

2303 4283 2424 4352 quis
2454 4290 2756 4352 superatur,
2787 4280 2948 4351 hujus
2976 4290 3030 4336 et
3056 4296 3247 4338 servus
3271 4283 3511 4339 addictus
3535 4286 3621 4335 est.
3654 4273 3788 4327 Beatus

2304 4372 2394 4442 qui
2424 4372 2628 4426 invenit
2667 4372 2902 4427 amicum
2928 4388 3135 4438 verum,
3176 4373 3327 4428 illum
3367 4372 3596 4428 nimirum
3624 4362 3790 4419 amicum

2305 4464 2395 4534 (ιιιὶ
2436 4464 2491 4519 in
2538 4464 2831 4534 Evangelio
2864 4465 3142 4535 discipulis
3179 4466 3292 4520 suis
3340 4466 3443 4520 ait:
3491 4482 3508 4514 ι
3540 4462 3630 4515 Vos
3666 4461 3789 4507 autem

2306 4555 2417 4610 dixi
2466 4555 2691 4620 amicos,
2718 4556 2844 4627 quia
2882 4558 3061 4611 omnia
3091 4572 3423 4627 quaecunque
3460 4551 3615 4609 audivi
3637 4565 3661 4601 a
3683 4545 3789 4599 Patre

2307 4660 2449 4709 meo,
2482 4654 2608 4699 nota
2634 4644 2738 4700 feci
2766 4646 2920 4701 vobis
2947 4645 3129 4714 (Joan.
3161 4649 3307 4717 xv)»
3344 4649 3409 4703 Et
3439 4646 3523 4716 qui
3546 4631 3787 4698 enamllll'

2307 4736 2508 4791 stitiam
2532 4737 2587 4791 in
2616 4752 2748 4792 aure
2776 4738 3064 4803 audientis,
3093 4740 3196 4795 hoc
3216 4748 3300 4794 est
3340 4741 3519 4794 devote
3545 4719 3788 4787 verbum”ei

2310 4831 2689 4901 pereipientis,
2726 4840 2874 4886 recte
2907 4832 3256 4903 intelligentis
3279 4873 3294 4899 ,
3326 4842 3380 4888 et
3417 4832 3543 4886 bene
3573 4814 3785 4894 operantis.

2311 4920 2483 4987 Quam
2510 4935 2737 4989 magnus
2767 4929 2869 4984 est,
2903 4921 2995 4990 qui
3038 4921 3241 4975 invenit
3283 4918 3583 4992 sapientiam
3607 4906 3786 4966 ctscicn-

2318 5013 2483 5066 tiam!
2513 5011 2681 5083 Hujus
2726 5015 3005 5068 sententiae
3047 5014 3329 5086 integritas
3359 5016 3409 5070 in
3453 5014 3547 5067 duo
3581 5001 3785 5063 dividitur:

2312 5102 2415 5156 hoc
2439 5112 2542 5167 est,
2572 5103 2624 5157 in
2647 5104 2965 5174 sapientiam
2991 5112 3046 5159 et
3067 5107 3380 5171 scientiam;
3404 5106 3532 5160 hanc
3558 5098 3672 5156 cnim
3691 5096 3787 5143 vetc-

2312 5206 2400 5246 res
2427 5192 2709 5246 voluerunt
2754 5208 2874 5248 esse
2915 5193 3271 5249 diﬁ‘erentiam
3322 5195 3456 5250 inter
3479 5184 3734 5260 sapientiam
3751 5180 3785 5226 cl

2311 5284 2634 5349 scientiam;
2689 5286 2832 5354 quod
2884 5286 3162 5356 sapientiae
3226 5296 3371 5344 esset
3433 5287 3608 5340 bonum
3649 5275 3784 5329 facem

2311 5378 2552 5432 scientiae
2578 5394 2706 5433 vero
2744 5378 2943 5433 malum
2970 5396 3181 5435 cavere.
3224 5379 3374 5435 Unde
3414 5378 3462 5431 in
3487 5373 3574 5429 Job
3600 5365 3784 5431 srn'Plu'"

2308 5476 2422 5523 est:
2454 5487 2473 5518 ‹
2506 5469 2645 5523 Ecce
2670 5470 2831 5524 timor
2862 5471 3069 5525 Domini
3097 5472 3210 5541 ipse
3235 5480 3318 5526 est
3342 5465 3598 5538 sapientia,
3620 5464 3664 5512 εί
3686 5461 3785 5541 me:

2308 5558 2436 5614 dere
2460 5575 2490 5613 a
2516 5560 2658 5615 malo
2677 5560 3025 5629 intelligentia
3041 5533 3179 5633 (Job.
3208 5533 3417 5632 xxvm):
3435 5579 3451 5609 ι
3469 5555 3586 5610 ilinc
3606 5554 3671 5603 cst
3689 5533 3785 5610 ί1υ⁰¹¹

2310 5650 2396 5704 his
2441 5665 2635 5705 novem
2690 5651 2973 5721 speciebus
3008 5654 3263 5709 virtutum
3305 5637 3640 5722 superadditur
3674 5633 3784 5686 timor

2313 5741 2429 5808 Dei,
2459 5742 2713 5812 quoniatn
2745 5744 2883 5799 sicut
2911 5744 3233 5800 novenarius
3256 5755 3495 5801 numerus
3524 5723 3783 5801 imperfectus
