4030 6466
261 344 367 415 om

1133 350 1484 410 COMMENT.
1520 350 1586 406 IN
1623 347 2231 405 ECCLESIASTICUM.
2256 378 2312 390 -ν
2357 348 2486 403 LIB.
2527 347 2605 403 \‘I.

3394 348 3500 404 950

256 483 344 531 est
367 513 382 538 ,
420 485 697 542 quousque
735 470 954 527 denario
1002 471 1340 539 suppleatur,
1382 470 1452 522 ita
1479 468 1654 523 omnis
1698 481 1824 537 ope-
1850 468 1898 526 Α
1932 482 1951 515 ι
1993 471 2047 519 et
2073 479 2285 518 omnem
2306 463 2597 518 obductum
2625 470 2679 518 et
2717 477 2833 517 non.
2850 462 3138 519 obductum
3173 441 3530 528 odientiumf

257 562 397 616 ratio
424 560 681 613 virtutum
732 559 1019 614 mediocris
1058 567 1141 613 est
1174 560 1291 613 sine
1336 557 1545 611 timoris
1584 557 1677 612 Dei
1704 572 1827 627 per-

210 712 215 717 ,
259 651 509 707 fectione.
570 650 794 704 «'[imor
820 649 963 704 enim
1003 649 1216 704 Domini
1257 657 1475 703 sanctus
1507 662 1829 718 permanens

261 743 317 797 in
349 741 604 796 sarculum
648 740 849 795 muli.
880 759 898 792 ι
944 738 1062 809 Ipse
1104 747 1189 793 est
1225 738 1346 793 ﬁdei
1401 738 1845 801 fundamentum,

262 831 377 902 ipse
403 830 685 886 charitatis
725 828 906 899 origo;
956 843 1052 898 per
1085 828 1258 898 ipsum
1308 835 1564 896 operatur
1609 840 1827 889 nonum,

260 936 361 990 per
408 921 582 988 ipsum
629 918 940 989 pervenitur
987 917 1054 971 ad
1100 915 1393 986 praemium.
1426 915 1533 970 Sed
1578 915 1830 984 quoniam

261 1012 522 1079 scriptum
567 1017 692 1065 est:
733 1026 753 1059 ι
799 1008 1014 1063 Initium
1073 1006 1346 1075 sapientia:
1403 1007 1563 1060 timur
1621 1005 1831 1059 Domini

262 1099 466 1171 (.Prov.
510 1116 564 1165 ι,
612 1116 718 1164 rx;
772 1097 939 1151 Eccli.
972 1096 1062 1168 t);
1118 1105 1174 1152 et
1224 1096 1277 1151 in
1326 1096 1562 1166 Epistola
1611 1094 1833 1150 Joannis

1936 572 1956 603 ι
1993 560 2047 607 et
2064 568 2276 608 omnem
2292 552 2581 607 vindictam
2598 561 2651 606 et
2665 567 2770 605 non
2790 552 3074 606 vindictam
3096 551 3455 606 inimicorum.
3479 572 3508 605 »ς

1930 640 2088 696 Videt
2117 642 2259 696 enim
2289 641 2501 712 plagam
2539 642 2716 696 cordis
2748 656 2869 695 cum
2912 640 3160 710 intelligit
3190 639 3517 708 injustitiam»

1930 748 2039 786 suae
2064 732 2363 802 pravitatis.
2386 733 2494 787 Sed
2513 740 2688 787 tamen
2706 747 2813 784 non
2836 730 3199 799 videbit,.quia
3224 746 3326 799 per
3338 731 3511 801 pumi-

1932 823 2152 877 tentiam
2182 832 2236 878 et
2256 823 2646 878 correctionem
2674 821 2892 898 sceleris
2924 821 3025 876 sibi
3055 821 3120 875 ad
3145 820 3371 877 salutem
3402 837 3509 877 non

1930 912 2249 980 providebit.
2287 912 2589 982 Nequitiam
2612 901 2817 966 erroris
2844 913 3030 977 sentit,
3057 913 3151 966 sed
3184 921 3361 999 tamen
3389 929 3510 982 pce-

1935 1017 2058 1056 nant
2088 1000 2248 1056 futuri
2273 1003 2525 1056 tormenti
2551 1018 2656 1056 non
2675 1002 2902 1056 cavebit.
2930 1001 3202 1056 JuStitiam
3216 1004 3512 1072 aequissimi

1928 1090 2146 1162 iudicis,
2174 1092 2263 1160 qui
2283 1107 2381 1161 per
2408 1093 2703 1148 vindictam
2728 1092 2961 1146 futuram
2991 1108 3187 1149 nomen
3219 1095 3513 1149 odientium

264 1191 492 1262 legitur:
528 1210 548 1242 ι
583 1191 771 1246 Timor
794 1204 900 1244 non
932 1197 1016 1244 est
1043 1188 1097 1244 in
1133 1188 1397 1243 charitate
1422 1227 1437 1252 ,
1466 1186 1559 1243 sed
1595 1185 1837 1257 perfecta
1936 1196 1995 1235 se
2030 1180 2190 1246 delet,
2213 1190 2269 1235 et
2290 1181 2536 1237 inimicos
2559 1195 2685 1235 suos
2731 1180 3385 1251 ignegehennte-puniet,
3406 1199 3512 1237 non

264 1280 503 1335 cbaritas
526 1279 673 1334 foras
696 1279 862 1333 mittit
884 1276 1299 1347 timorem,,quia
1325 1277 1485 1330 timor
1507 1289 1721 1346 puniant
1745 1276 1837 1330 ha-
1936 1271 2181 1341 ignorat;
2212 1272 2305 1326 sed
2335 1280 2513 1327 tamen
2536 1272 2842 1327 evasionem
2867 1271 3128 1326 maiorum
3159 1273 3370 1328 illorum
3399 1275 3519 1328 nul-

265 1371 355 1425 bet
390 1369 442 1440 (Ι
480 1368 643 1424 Joan.
680 1367 792 1439 tv);
841 1376 898 1423 et
937 1367 990 1422 in
1040 1367 1246 1437 psalmo
1291 1367 1367 1421 ita
1407 1366 1667 1436 scriptum
1711 1374 1832 1420 est:
1936 1360 2043 1415 lam
2071 1361 2171 1416 sibi
2213 1368 2501 1430 praeparat.
2536 1359 2690 1416 Unde
2735 1361 2987 1431 impletur
3020 1361 3072 1414 in
3115 1376 3180 1416 ea
3215 1362 3344 1416 illud
3378 1364 3519 1433 Apo-

271 1478 306 1510 ιι.
327 1458 851 1521 TimeteDominum,
867 1470 1054 1513 omnes
1069 1457 1239 1511 sancti
1266 1455 1404 1525 ejus,
1428 1455 1679 1524 quoniam
1706 1454 1839 1510 nihil
1939 1448 2083 1513 stoli,
2110 1450 2252 1518 quod
2283 1450 2349 1503 de
2379 1449 2840 1520 contemptoribus
2878 1450 2971 1504 Dei
3016 1459 3070 1504 et
3104 1449 3328 1520 ingratis
3355 1453 3520 1506 benc—

265 1549 419 1605 deest
460 1548 775 1604 timentibus
831 1562 954 1602 eum
1009 1544 1193 1614 (Rsal.
1225 1546 1464 1617 xxxnt):
1502 1565 1522 1597 ι
1578 1545 1840 1615 quaeritur
1941 1538 2185 1595 liciorum
2222 1539 2364 1595 illius
2407 1540 2476 1594 ad
2513 1539 2788 1595 Romanos
2821 1540 3058 1610 scripsit,
3095 1542 3317 1597 dicens:
3365 1559 3383 1591 ι
3418 1542 3519 1608 Qui

265 1638 537 1708 quomodo
571 1638 755 1702 timor,
779 1637 828 1691 si
846 1637 1059 1694 initium
1087 1644 1176 1692 est
1216 1636 1577 1706 sapientiteet
1626 1635 1839 1693 initium
1942 1645 2063 1687 eum
2084 1630 2351 1700 justitiam
2391 1630 2484 1684 Dei
2527 1630 2936 1699 cognovissent,
2969 1646 3075 1685 non
3120 1631 3521 1697 intellexerunt,

267 1728 569 1783 dilectionis
594 1725 849 1793 Dei,.non
862 1726 933 1782 sit
962 1726 1300 1783 incharit'ate
1323 1743 1337 1792 ;
1360 1734 1417 1782 et
1438 1726 1707 1796 quomodo
1728 1740 1857 1780 om-.
1945 1719 2199 1788 Quoniam
2230 1719 2323 1788 qui
2361 1718 2491 1775 talia
2537 1728 2704 1791 agunt
2741 1721 2887 1793 digni
2920 1731 3045 1779 sunt
3072 1729 3273 1777 morte:
3304 1738 3408 1776 non
3439 1737 3526 1777 so-

271 1832 368 1873 nes
393 1817 566 1872 sancti
595 1817 817 1886 diligant
839 1816 1147 1881 Dominum,
1172 1826 1228 1872 et
1262 1817 1397 1871 nihil
1433 1818 1571 1873 desit
1600 1817 1838 1872 timenti-
1869 1809 1915 1868 B
1944 1808 2053 1862 lum
2083 1810 2174 1878 qni
2198 1810 2431 1876 faciunt,
2462 1810 2555 1866 sed
2582 1812 2748 1866 etiam
2774 1813 2865 1882 qui
2900 1813 3246 1869 consentiunt
3283 1813 3526 1870 facienti~

267 1907 370 1962 bus
390 1922 514 1962 eum
537 1924 553 1974 ;
580 1914 635 1962 et
660 1906 894 1977 qualiter
919 1906 1049 1965 illud
1094 1906 1190 1962 ﬂat
1216 1908 1359 1978 quod
1406 1908 1566 1963 timor
1596 1909 1689 1963 Dei
1721 1923 1845 1963 san-

269 2004 391 2052 ctus
414 2006 697 2067 permanet
726 1999 781 2054 in
810 2001 1065 2056 saeculum
1087 2002 1288 2056 saeculi.
1331 2002 1436 2058 Sed
1482 2003 1597 2058 hzec
1621 2004 1848 2073 quaestio

271 2087 346 2141 ita
389 2087 661 2142 solvitur:
714 2088 861 2147 illum
915 2090 1122 2145 scilicet
1162 2093 1411 2146 timorem
1455 2092 1696 2157 Domini,
1739 2107 1847 2161 quo

271 2176 426 2230 timet
453 2178 681 2246 quisque
725 2178 991 2249 incipiens
1032 2195 1194 2249 opera
1236 2178 1461 2249 justitia:
1488 2221 1504 2246 ,
1565 2196 1634 2239 ne
1670 2182 1853 2236 veniat

278 2268 560 2323 districtus
582 2268 749 2337 judcx
779 2279 835 2325 et
881 2286 939 2326 se
986 2272 1166 2327 ntinus
1206 2274 1522 2343 castigatum
1570 2273 1853 2331 inveniens

271 2359 511 2425 damnet,
539 2359 686 2415 illum
724 2361 961 2417 cbaritas
985 2363 1137 2432 pellit
1164 2363 1306 2419 foras
1328 2405 1345 2429 ,
1370 2380 1491 2435 quae
1535 2379 1633 2434 pro
1658 2363 1871 2418 merito-

263 2447 490 2515 justitia:
516 2448 766 2507 ﬁduciam
793 2451 956 2508 habet
982 2453 1036 2506 iu
1062 2453 1149 2508 die
1175 2451 1386 2521 iudicii.
1404 2452 1512 2511 Sed
1534 2461 1589 2508 et
1615 2467 1853 2522 praesen-

275 2542 412 2595 tium
439 2542 826 2596 adversitatum
860 2542 1106 2603 timorem
1154 2545 1394 2614 perfecta
1439 2547 1680 2602 charitas
1705 2546 1857 2617 ejicit

271 2647 338 2684 ex
359 2631 751 2717 animo,.quapt
790 2633 992 2688 habere
1019 2636 1315 2703 quaerebat,
1345 2636 1436 2705 qui
1456 2637 1683 2695 Domino
1727 2650 1853 2704 sup-

274 2720 490 2788 plicans
510 2721 621 2775 ait:
658 2739 677 2771 ‹
712 2721 754 2775 Α
774 2722 977 2777 timore
1004 2723 1206 2777 inimici
1232 2724 1387 2793 eripe
1410 2725 1648 2780 animam
1673 2739 1851 2779 meam

275 2808 452 2880 (Paul.
485 2810 645 2883 xxx);
673 2831 690 2863 ι
718 2826 896 2881 quant
929 2813 1161 2869 habebat
1193 2815 1285 2884 qui
1331 2816 1504 2870 dixit;
1547 2834 1573 2866 ι.
1596 2815 1729 2883 Quis
1755 2830 1854 2871 nos

278 2900 555 2968 separabit
601 2917 632 2955 a
661 2901 929 2959 charitate
954 2901 1193 2958 Christi?
1219 2904 1530 2961 tribulatio?
1570 2921 1638 2960 an
1685 2921 1854 2976 angu-

276 2987 419 3042 stia?
454 3003 522 3045 an
553 2990 904 3060 persecutio?
930 3006 1005 3047 an
1040 2993 1297 3049 nuditas?
1326 3009 1394 3048 an
1424 2995 1630 3050 fames?
1657 3010 1725 3049 an
1762 3010 1858 3064 pe-

274 3076 505 3134 riculum
526 3078 549 3131 ?
574 3094 642 3132 an
672 3078 916 3149 gladius?
950 3089 1100 3135 tete.
1142 3080 1321 3152 (Rom.
1353 3084 1499 3153 vnt.)
1538 3083 1647 3138 Nec
1676 3083 1856 3152 putari

1947 1899 2046 1953 bus
2069 1898 2239 1970 (Rom.
2264 1900 2302 1965 ι)
2322 1919 2375 1953 ει
2400 1901 2642 1956 scierunt
2669 1902 2812 1957 enim
2835 1903 2949 1961 haec
2971 1902 3082 1957 Deo
3105 1903 3408 1974 displicere,
3424 1903 3525 1963 sed

1948 1991 2064 2046 haec
2087 1992 2141 2046 in
2171 1992 2349 2047 animo
2371 2007 2573 2061 ponere
2600 1992 2914 2059 noluerunt,
2948 2011 2966 2044 ι
2994 1994 3246 2062 quoniam
3285 1995 3526 2063 quibs-0

1951 2093 2140 2153 agunt,
2171 2083 2316 2154 digni
2340 2092 2465 2138 sunt
2494 2094 2690 2151 morte,
2711 2105 2729 2138 ι
2773 2094 2969 2141 etnon
3005 2087 3176 2144 solum
3206 2088 3297 2157 qui
3320 2087 3528 2143 faciunt

1949 2188 2044 2238 ea,
2073 2175 2166 2229 sed
2189 2175 2351 2228 etiam
2391 2175 2483 2243 qui
2514 2177 2856 2230 consentiunt
2891 2176 3233 2233 facientibus.
3259 2179 3528 2235 Assensus

1950 2265 2094 2319 enim
2135 2265 2479 2337 participatio
2506 2276 2608 2321 est.
2651 2264 2789 2321 Sunt
2812 2268 3029 2336 quidam
3056 2267 3151 2337 qui
3175 2282 3234 2322 se
3272 2282 3394 2323 reos
3421 2283 3533 2323 non

1949 2363 2159 2427 putant,
2185 2356 2229 2410 si
2259 2371 2366 2411 non
2395 2365 2687 2427 operentur
2711 2373 2832 2427 qua:
2868 2358 3009 2412 mala
3049 2366 3204 2424 sunt,
3233 2358 3533 2413 assentiunt

1951 2456 2128 2503 autem
2152 2445 2493 2503 facientibus.
2516 2447 2794 2504 Assentire
2814 2458 2896 2504 est
2921 2458 3101 2504 autem
3120 2490 3134 2513 ,
3158 2450 3201 2504 si
3224 2465 3345 2504 cum
3361 2448 3536 2519 possit

1952 2537 2348 2606 reprehendere
2375 2546 2567 2601 taceat,
2594 2547 2686 2593 aut
2708 2539 2932 2594 audiens
2959 2555 3126 2594 vanas
3160 2538 3369 2594 fabulas
3403 2537 3534 2592 adu-

1954 2626 2123 2693 letur;
2153 2628 2332 2682 sciens
2359 2628 2500 2682 enim
2532 2628 2777 2698 impurus
2794 2638 2848 2683 et
2870 2628 3137 2699 malignus
3164 2644 3270 2684 non
3296 2627 3573 2701 ignorari.

1954 2733 2074 2787 quae
2102 2718 2249 2788 agit,
2301 2729 2357 2771 et
2389 2718 2611 2773 mininte
2657 2734 2715 2774 se
2763 2719 2948 2784 vitari,
2985 2721 3077 2775 sed
3103 2727 3158 2775 et
3180 2720 3377 2775 honori
3414 2733 3539 2774 esse

1954 2808 2217 2879 gloriatur
2245 2808 2358 2862 fore
2379 2823 2439 2862 se
2480 2808 2675 2873 talem;
2705 2824 2806 2864 nec
2843 2809 3095 2866 confundi
3139 2818 3316 2878 potest
3344 2809 3533 2872 inhis,

1955 2901 2173 2971 quando
2206 2900 2352 2955 videt
2374 2898 2541 2954 faveri
2586 2900 2687 2955 sibi
2714 2910 2773 2959 .et
2818 2900 3187 2956 obsecundare
3235 2901 3304 2955 ab
3336 2902 3420 2955 bis
3445 2902 3557 2975 quic

1957 3006 2063 3045 non
2091 2998 2218 3045 sunt
2246 2990 2378 3043 tales
2402 2999 2502 3056 ,eet
2546 2990 2619 3044 ita
2659 2999 2743 3045 est
2768 2998 2827 3045 ut
2853 2991 2944 3059 qui
2992 2990 3234 3045 fomitem
3264 2989 3575 3058 przebcant;

1958 3078 2169 3135 delictis
2211 3079 2446 3143 illorum,
2487 3079 2588 3148 ipsi
2631 3079 2777 3148 digni
2822 3079 3013 3134 sintut
3051 3079 3166 3149 pari
3203 3078 3432 3133 crimine
3462 3080 3573 3137 rei-

273 3171 438 3228 debet
499 3173 644 3227 beati
691 3172 923 3230 Joannis
979 3149 1315 3230 sermonibus
1359 3149 1490 3231 esset
1524 3149 1858 3231 contrarium
1884 3149 1929 3212 Ο
1962 3168 2281 3224 habeantur.
2324 3168 2463 3223 Sunt
2492 3169 2687 3224 iterum
2719 3169 2815 3223 alii
2841 3169 2933 3239 qui
2975 3186 3081 3223 non
3128 3168 3298 3225 solum
3337 3167 3540 3223 faciunt

276 3260 420 3331 quod
444 3260 730 3321 Psalmista
751 3264 919 3320 dicit:
967 3283 987 3315 ι
1020 3266 1205 3319 Timor
1230 3265 1443 3321 Domini
1481 3275 1700 3321 sanctus
1730 3281 1857 3336 per-

279 3368 505 3409 manens
529 3353 581 3407 in
611 3354 869 3413 satculum
899 3355 1077 3410 sazculi
1107 3354 1280 3426 (I’sal.
1305 3355 1479 3426 XVIII).
1516 3376 1535 3407 ι
1562 3356 1677 3411 Duo
1708 3371 1861 3410 nam-

281 3458 389 3514 que
413 3452 541 3498 sttnt
576 3445 833 3502 timores:
863 3463 1004 3502 unus
1028 3463 1136 3516 quo
1165 3447 1357 3503 timent
1406 3448 1572 3502 Deum
1616 3447 1883 3505 homines.

281 3547 350 3587 ne
379 3531 661 3588 mittantur
693 3534 747 3589 in
775 3534 1072 3605 gehennam
1104 3554 1117 3589 :
1143 3535 1257 3606 ipse
1300 3544 1386 3591 est
1424 3536 1588 3592 timor
1616 3535 1703 3592 ille
1726 3577 1740 3601 ,
1769 3536 1859 3603 qui

282 3620 588 3676 introducet
635 3624 984 3688 charitatem;
1016 3625 1108 3679 sed
1162 3625 1243 3679 sic
1266 3625 1453 3690 venit,
1501 3634 1560 3679 ttt
1590 3634 1765 3680 exeat.
1804 3624 1862 3679 Si

283 3713 429 3766 enim
462 3712 640 3768 adhuc
662 3722 884 3783 propter
926 3729 1118 3785 poenas
1161 3715 1357 3771 timens
1406 3715 1576 3771 Deum
1622 3714 1863 3770 nondum

282 3815 435 3855 amas
467 3816 626 3871 quem
658 3802 736 3857 sic
768 3804 945 3868 times,
965 3820 1074 3859 non
1101 3804 1241 3860 bona
1272 3804 1571 3871 desideras,
1604 3805 1699 3860 sed
1722 3802 1864 3859 mala

283 3907 469 3951 caves.
499 3893 594 3947 sed
621 3909 687 3948 ex
717 3907 783 3949 eo
808 3894 933 3963 quia
966 3894 1105 3948 mala
1136 3910 1312 3959 caves,
1336 3893 1569 3967 corrigis
1599 3902 1674 3956 te.
1703 3903 1757 3951 et
1781 3897 1865 3951 in-

284 3983 418 4053 cipis
442 3983 581 4038 bona
608 3984 1090 4041 desiderare.Cum
1118 3987 1257 4041 bona
1286 3988 1592 4046 desiderare
1610 3991 1864 4059 coeperis,

285 4073 390 4126 erit
417 4073 473 4127 in
515 4081 570 4130 te
620 4074 784 4129 timor
828 4086 1067 4142 sanctus,
1113 4077 1201 4132 ille
1250 4078 1455 4134 scilicet
1483 4095 1550 4135 ne
1586 4081 1700 4149 ipsa
1728 4082 1871 4136 bona

287 4165 539 4231 amittas;
568 4165 796 4221 nonille
816 4180 923 4236 quo
943 4167 1101 4223 times
1116 4182 1184 4222 ne
1213 4169 1447 4225 mittaris
1468 4169 1520 4224 in
1543 4171 1864 4241 gehennam,

289 4254 383 4308 sed
416 4270 485 4309 ne
515 4262 567 4309 te
603 4255 818 4311 deserat
850 4257 1143 4329 pmsentia
1189 4257 1438 4325 Domini,
1478 4275 1638 4330 quem
1668 4262 1870 4333 amplc-

290 4344 476 4411 cteris,
506 4360 614 4414 quo
641 4354 903 4403 teternum
931 4345 1036 4402 frui
1065 4346 1363 4403 desideras.

904 4475 1131 4533 CAPUT
1167 4475 1253 4532 IV.

290 4583 368 4639 De
390 4586 618 4657 nequitia
661 4586 915 4652 mulieris,
944 4586 999 4639 in
1034 4586 1186 4657 cujus
1222 4589 1480 4642 consortio
1508 4599 1708 4645 castum
1736 4601 1867 4647 velat

632 4657 963 4740 commorari,
986 4658 1029 4710 si
1058 4654 1166 4711 vult
1190 4667 1366 4712 castus
1399 4675 1526 4713 esse.

371 4783 610 4840 «Omnis
632 4783 787 4855 plaga
817 4785 1040 4840 tristitia
1062 4786 1392 4854 cordisest,
1427 4797 1482 4845 et
1511 4792 1687 4847 omnis
1715 4793 1870 4849 mali-

301 4892 321 4925 ι
352 4873 428 4927 tia
452 4874 690 4944 nequitia
713 4873 976 4932 mulieris.
1010 4896 1028 4928 ι
1058 4875 1208 4932 Sicut
1229 4878 1402 4947 maior
1431 4882 1604 4951 gratia
1628 4883 1734 4938 alia
1761 4901 1868 4940 non

295 4971 382 5020 est
417 4980 578 5033 quam
605 4964 845 5020 charitas
871 4981 1000 5020 vera
1037 4968 1091 5021 in
1139 4968 1326 5025 lzetitia
1367 4970 1522 5026 home
1554 4975 1767 5039 mentis,
1801 4975 1876 5029 ita

297 5051 470 5120 major
492 5052 646 5123 plaga
681 5070 788 5109 non
810 5064 895 5110 est
927 5072 1092 5131 quam
1125 5058 1347 5115 tristitia
1385 5061 1555 5117 dolosi
1598 5065 1779 5120 cordis
1822 5065 1875 5119 in

298 5138 602 5196 idololatria
623 5155 720 5197 seu
734 5158 920 5199 errore
932 5145 1199 5201 hacreticm
1220 5149 1580 5217 pravitatis.ln
1600 5151 1715 5221 ejus
1734 5153 1879 5211 enim

299 5228 537 5297 nequitia
578 5232 757 5286 omnis
788 5241 873 5288 est
906 5233 1149 5300 malitia;
1187 5238 1280 5291 sed
1314 5237 1442 5306 quia
1473 5239 1526 5293 itt
1567 5240 1762 5295 duritia
1787 5258 1883 5312 per

301 5334 541 5376 errorem
572 5324 805 5380 seductae
836 5326 1031 5381 animae
1055 5327 1210 5399 plaga
1256 5329 1396 5383 inest
1433 5330 1750 5400 iniquitatis,
1781 5348 1882 5387 nec

302 5414 482 5465 tamen
509 5412 623 5481 ipsa
646 5414 809 5468 sentit
838 5416 1049 5471 ruinam
1075 5433 1186 5472 sua:
1212 5418 1541 5489 deceptionis
1567 5461 1583 5486 ,
1606 5422 1727 5478 ideo
1754 5423 1884 5480 sub-

297 5503 543 5573 jungitur
568 5521 584 5559 :
772 5519 776 5523 '

379 5610 399 5641 ι
436 5592 504 5648 Ει
529 5610 742 5651 omnem
772 5611 983 5671 pingam
1006 5607 1062 5654 et
1083 5613 1190 5655 non
1210 5599 1423 5671 plagam
1443 5600 1647 5657 videbit
1671 5604 1878 5672 cordis;

315 5698 341 5732 ι
368 5689 662 5742 cLomnem
705 5690 996 5761 nequitiam
1023 5699 1080 5748 et
1119 5705 1226 5746 non
1273 5692 1564 5762 nequitiam
1605 5694 1877 5762 mulieris;

1961 3257 2124 3323 mala,
2157 3258 2249 3314 sed
2272 3258 2439 3313 etiam
2475 3258 2571 3328 qui
2594 3259 2940 3314 consentiunt
2965 3257 3305 3321 facientibus,
3338 3266 3400 3313 ut
3434 3274 3547 3315 non.

1961 3347 2133 3403 solum
2175 3346 2407 3409 faciant,
2462 3348 2559 3402 sed
2595 3355 2652 3402 et
2698 3347 2895 3403 talibus
2933 3348 3289 3402 consentiant.
3339 3344 3549 3415 Duplex

1961 3453 2089 3508 ergo
2114 3439 2318 3492 horum
2363 3446 2445 3492 est
2498 3438 2768 3507 nequitia;
2798 3453 2902 3492 non
2938 3437 3082 3493 enim
3111 3446 3221 3491 tam
3251 3435 3376 3491 mali
3416 3445 3542 3490 sunt

1962 3529 2056 3599 qui
2099 3529 2300 3583 faciunt
2328 3569 2343 3594 ,
2383 3538 2439 3583 et
2490 3527 2812 3584 facientibus
2848 3529 3264 3584 contradicunt:
3314 3528 3543 3583 scientes

1963 3622 2106 3677 enim
2138 3620 2364 3685 nefaria,
2411 3638 2516 3676 non
2563 3622 2650 3676 illa
2686 3621 2981 3679 vindicant.
3023 3621 3099 3681 Illi
3141 3622 3286 3675 enim
3312 3629 3424 3678 tam
3447 3635 3542 3675 nc-

1964 3713 2212 3781 quissimi
2240 3720 2401 3776 sunt,
2433 3712 2560 3781 quia
2605 3709 2813 3766 faciunt
2849 3718 2904 3765 et
2939 3711 3287 3765 consentiunt
3339 3710 3531 3764 facien-

1965 3804 2128 3867 tibus,
2178 3811 2238 3857 nt
2268 3819 2368 3858 nec
2415 3804 2585 3858 Deum
2615 3803 2861 3867 timeant,
2913 3803 3221 3857 increscere
3268 3800 3547 3871 cupientes

1965 3894 2134 3958 ntala;
2162 3893 2282 3949 ideo
2315 3895 2431 3949 haec
2457 3908 2564 3951 non
2595 3893 2866 3951 vindicant
2885 3932 2921 3959 ,7
2944 3902 3004 3946 ut
3033 3892 3297 3947 suadeant
3318 3892 3404 3947 illa
3438 3907 3546 3948 non
3584 3942 3591 3949 .

1965 3999 2085 4039 esse
2115 3984 2357 4040 vitanda.
2384 4040 2387 4043 .

2043 4093 2060 4125 ι
2106 4074 2218 4128 Νοη
2265 4083 2349 4129 est
2389 4082 2549 4144 caput
2583 4074 2814 4144 nequius
2841 4089 3008 4143 super
3041 4081 3204 4144 caput
3232 4072 3459 4136 colubri,
3491 4080 3583 4133 et.:

1974 4182 1992 4213 ι
2034 4178 2141 4219 non
2175 4172 2259 4217 est
2285 4164 2362 4217 ira
2391 4178 2552 4231 super
2581 4164 2716 4216 iram
2748 4163 3007 4217 mulieris.
3038 4162 3372 4219 Commorari
3406 4161 3547 4219 leoni

1976 4276 2005 4308 «η
2031 4266 2086 4310 et
2131 4257 2350 4311 draconi
2393 4255 2628 4324 placebit
2654 4269 2816 4322 quam
2860 4254 3105 4311 habitare
3149 4269 3272 4307 cum
3326 4252 3550 4306 muliere
3607 4303 3609 4307 Α

1976 4365 1995 4398 ι
2033 4361 2285 4416 nequam.
2316 4365 2337 4397 ι
2372 4344 2620 4413 Nequitia
2670 4358 2801 4414 ergo
2827 4343 3205 4398 haereticorum
3236 4353 3546 4410 comparata

1971 4438 2251 4493 venenatis
2290 4436 2649 4507 serpentibus,
2703 4436 2950 4490 et-saavis
2984 4443 3142 4489 terra:
3185 4435 3553 4490 animantibus

1900 4485 1949 4544 D
1974 4525 2205 4581 ferocior
2232 4485 2503 4580 invenritnr
2529 4524 2807 4594 magisque
2840 4523 3049 4579 noxia:
3074 4523 3199 4593 quia
3235 4523 3323 4580 illa
3353 4539 3550 4594 corpus

1974 4620 2332 4685 laedunt,hatc
2350 4616 2899 4681 animam'intcrimit;
2944 4616 3031 4670 illa
3080 4624 3307 4672 mortem
3340 4624 3551 4685 tempo-

1976 4710 2142 4765 ralem
2172 4710 2476 4775 confcrunt,
2510 4709 2625 4763 lucc
2664 4717 2998 4779 perpetuam.
3031 4708 3157 4762 Ideo
3187 4709 3303 4778 ejus
3331 4708 3555 4763 cohabi-

1974 4800 2109 4856 tatio
2135 4800 2388 4856 omnibus
2431 4801 2591 4856 noxia
2616 4807 2700 4855 est
2723 4840 2738 4865 ,
2770 4799 3011 4868 nullique
3042 4799 3293 4857 salubris.
3323 4798 3474 4858 Unde
3496 4810 3555 4853 et

1974 4890 2243 4959 sequitur:

2051 4996 2075 5029 ι
2112 4978 2361 5048 Nequitia
2389 4978 2632 5033 mulieris
2661 4977 3122 5033 immutatfaci‘em
3139 4976 3273 5046 ejus,
3302 4985 3359 5032 et
3377 4976 3548 5032 obeat-

1983 5088 2001 5121 ς
2038 5077 2127 5125 cat
2161 5068 2364 5123 vultum
2393 5083 2548 5122 suum
2578 5076 2833 5138 tanquam
2868 5084 3049 5133 ursus,
3084 5076 3139 5122 et
3162 5068 3567 5137 quasisaccum.

1984 5178 2003 5211 ι
2039 5158 2299 5214 ostendit.
2334 5157 2390 5212 In
2422 5157 2601 5213 medio
2626 5157 2996 5226 proximorum
3039 5155 3155 5224 ejus
3184 5156 3446 5226 ingemuit
3467 5156 3545 5210 vi:

1985 5267 2007 5301 ι
2046 5246 2162 5316 ejus
2185 5259 2242 5302 et
2265 5247 2490 5302 audiens
2514 5247 2806 5316 suspiravit
2833 5246 3126 5306 modicum.
3159 5266 3179 5299 ι
3217 5247 3550 5304 Pcrversitas

1979 5354 2108 5409 ergo
2146 5338 2415 5394 hrereticzc
2454 5336 2704 5393 factionis
2736 5338 2986 5392 immutat
3026 5336 3217 5392 faciem
3242 5335 3361 5407 ejus
3383 5352 3553 5403 ,cum

1976 5442 2078 5498 per
2100 5428 2408 5498 hypocrisin
2451 5426 2691 5497 loquitur
2722 5425 3081 5491 mendacium,
3127 5435 3184 5481 et
3210 5426 3365 5481 ﬁctas
3384 5426 3554 5481 simu-

1979 5518 2141 5573 lando
2163 5518 2399 5573 ostendit
2437 5517 2645 5586 species
2687 5516 2964 5570 virtutum.
3004 5516 3134 5583 Qua:
3177 5525 3430 5586 tanquam
3462 5528 3555 5568 ur-

1981 5622 2072 5663 sus
2091 5608 2328 5662 obcaecat
2358 5606 2559 5660 vultum
2598 5621 2776 5671 suum,
2808 5622 2930 5661 cum
2956 5621 3054 5676 per
3086 5607 3339 5662 duritiam
3369 5602 3555 5660 cordis

1981 5696 2174 5751 mentis
2202 5702 2435 5751 excaecat
2459 5694 2649 5761 visum,
2680 5708 2778 5749 nec
2800 5695 3037 5749 futurum
3062 5691 3421 5753 damnationis
3443 5702 3567 5750 sua.
