4030 6474
631 315 732 372 951
1263 315 1324 368 Β.
1364 313 1614 368 ΒΛΒΑΝΙ
1652 314 1871 372 MAURI
1909 317 2222 376 ARCHIEP.

2180 323 2224 376 Ρ.
2267 321 2573 379 MOGUNT.
2613 325 2896 384 OPERUM
2938 327 3116 388 PARS
3152 333 3191 389 Ι.
3695 353 3771 412 959

625 429 886 500 prospicit
907 427 1190 498 judicium.
1217 427 1381 496 Quasi
1425 445 1639 485 saccum
1675 433 1911 488 ostendit
1930 433 1983 488 in
2014 435 2191 491 medio
2216 441 2266 499 Α
2293 439 2382 494 lici
2408 440 2508 496 viri
2535 443 2802 512 superﬂua
2827 445 3125 515 loquacitas
3160 449 3391 508 haeretici
3407 469 3571 518 ;unoe
3591 459 3685 528 ejus
3709 479 3772 520 so-

624 522 993 592 proximorutn
1024 519 1162 588 ejus,
1209 535 1333 575 cum
1383 522 1592 590 ineptas
1638 538 1819 577 coram
1867 524 2203 582 auditoribus.
2299 532 2546 590 cietatcm
2576 537 2790 592 noxiam
2816 539 3128 606 ostendens,
3165 553 3536 614 consequenter
3561 519 3773 611 illis

623 613 736 669 suis
762 617 970 682 protert
1015 611 1388 668 doctrinarum
1413 613 1708 680 novitates,
1735 622 1790 668 et
1815 616 2201 686 turpitudinem
2299 625 2605 680 munionem
2631 635 2782 683 vetat.
2801 629 3030 685 dicens:

622 719 814 760 sensus
843 704 927 758 sui
965 703 1199 760 nefando
1243 704 1373 775 tegit
1405 703 1706 762 velamento
1753 707 2058 764 verborum.
2088 707 2199 765 Nec
2352 735 2391 787 ,ι
2429 715 2508 770 Ne
2538 717 2797 786 respicias
2821 718 2875 772 in
2899 720 3150 778 mulieris
3161 725 3413 794 speciem,
3433 735 3486 782 et
3506 743 3601 784 non
3622 745 3770 790 eoaut-

619 797 763 852 illius
791 796 1032 852 mulieris
1058 795 1368 852 fortissima:
1393 805 1556 867 atque
1597 799 2006 869 sapientissime
2043 809 2196 857 actus
2302 824 2320 856 ι
2355 805 2531 874 piseas
2569 807 2886 864 mulierem:
2925 811 2980 865 in
3009 813 3186 882 specie
3225 815 3459 872 mulieris
3499 818 3590 886 ira,
3625 823 3772 880 irrevo-

618 885 884 952 imitatur,
927 887 994 943 de
1037 902 1145 958 qua
1187 889 1240 941 in
1283 887 1590 943 Proverbiis
1631 888 1860 960 legitur:
1897 909 1914 940 ι
1942 889 2196 958 ρυωείνίι
2299 914 2319 946 ι
2359 897 2554 963 rentia,
2583 906 2639 952 et
2669 898 2910 955 confusio
2933 908 3148 974 magna.
3181 923 3199 955 ι
3231 905 3444 976 Species
3478 909 3680 969 mulieris
3704 916 3773 971 ιιυ.

613 975 795 1030 lanam
825 983 880 1030 et
904 975 1098 1041 linum,
1119 986 1175 1030 et
1198 985 1421 1046 operata
1439 986 1526 1033 est
1553 978 1777 1034 consilio
1798 996 2052 1034 manuum
2073 996 2192 1036 sua.-
2285 983 2377 1055 jus
2423 994 2507 1043 est
2537 999 2754 1044 versuta
2791 990 3038 1046 doctrina
3081 975 3466 1061 haereticorum,
3492 997 3600 1056 fuco
3629 1006 3772 1062 verbo-

613 1080 758 1120 rum.
788 1084 808 1118 ι
846 1065 1049 1134 Quaerit
1073 1081 1206 1138 ergo
1232 1068 1424 1122 mulier
1451 1067 1606 1124 fortis
1632 1069 1809 1126 lanam
1838 1080 1896 1125 et
1925 1069 2112 1137 linum,
2137 1080 2193 1128 et
2292 1091 2410 1132 rum
2436 1079 2713 1135 adornata.
2740 1081 2904 1150 Cujus
2923 1083 3163 1139 dolosam
3183 1085 3532 1156 eloquentiam
3556 1091 3772 1150 sianum-

612 1163 870 1224 operatur
913 1155 1138 1212 consilio
1176 1171 1430 1211 manuum
1479 1173 1734 1224 suarum,
1781 1174 1902 1214 cum
1951 1160 2190 1216 Ecclesia
2290 1168 2389 1232 ris,
2433 1185 2648 1239 pennam
2699 1184 2756 1230 et
2803 1174 3174 1232 confusionem
3225 1155 3475 1235 teterrima
3529 1184 3768 1242 sumimus,

611 1253 802 1298 sancta
833 1244 1058 1301 sollicite
1081 1246 1348 1316 perquirit
1371 1247 1567 1316 quibus
1598 1263 1659 1304 se
1685 1249 1901 1318 pietatis
1929 1248 2190 1306 fructibus
2287 1258 2472 1326 Qualis
2497 1270 2676 1318 autem
2706 1263 2778 1320 sit
2804 1266 3013 1336 species
3043 1265 3200 1336 hujus
3225 1269 3489 1334 mulieris,
3506 1269 3711 1327 Salomon
3731 1277 3770 1330 in

611 1340 889 1399 exerceat,
917 1334 1187 1402 quomodo.
1210 1350 1242 1389 a
1285 1335 1590 1392 carnalibus
1611 1337 1867 1392 emundet
1889 1336 2186 1396 illecebris:
2284 1349 2588 1408 Proverbiis
2619 1334 2874 1422 ostendit,
2905 1334 3126 1414 dicens;
3161 1377 3180 1410 ς
3218 1359 3392 1416 Εηνιιε
3416 1362 3548 1416 enim
3571 1362 3770 1421 diam“,

611 1429 668 1474 et
708 1421 812 1476 hoc
839 1430 1131 1492 utrumque
1171 1425 1398 1482 consilio
1437 1427 1874 1494 prudentissimo,
1923 1429 2026 1484 hoc
2079 1439 2192 1498 est,
2284 1437 2426 1494 labia
2445 1442 2768 1509 meretricis,
2805 1421 2865 1501 ei
2895 1446 3118 1504 nitidius
3147 1447 3269 1504 οιθο
3289 1457 3468 1520 suum
3487 1449 3620 1518 eius;
3642 1455 3770 1508 mis.

609 1526 858 1581 supernae
895 1512 1230 1570 solummodo
1267 1516 1637 1573 retributionis
1680 1517 1810 1572 facit
1845 1519 2059 1574 intuitu.
2106 1521 2184 1577 De
2281 1527 2418 1583 sima
2460 1528 2604 1586 illius
2641 1547 2825 1587 amara
2854 1534 3009 1603 quasi
3037 1512 3388 1602 absinthitim,
3410 1545 3463 1593 et
3500 1512 3634 1593 acuta
3658 1541 3768 1610 quasi

609 1615 717 1669 qua
759 1615 972 1655 rursum
1013 1603 1274 1673 scriptum
1319 1612 1442 1660 est:
1482 1625 1516 1680 _¢
1568 1606 1930 1678 Stragulatam
1976 1619 2180 1667 vestem
2280 1617 2488 1687 gladius
2514 1619 2697 1689 biceps
2725 1618 2906 1692 (Prov.
2931 1623 3008 1695 γ).
3041 1643 3061 1675 ι
3094 1623 3228 1679 Cum
3253 1624 3308 1678 in
3335 1641 3428 1680 ore
3451 1603 3770 1683 heretico-dul-

604 1690 737 1744 fecit
761 1691 1090 1762 sibi,byssus
1115 1702 1170 1748 et
1197 1709 1434 1784 purpura
1457 1696 1826 1752 indumentum
1849 1700 1964 1770 ejus
1990 1700 2174 1772 (Prov.
2208 1779 2247 1784 _
2279 1707 2412 1761 cedo
2449 1690 2768 1780 eloquentia:
2811 1727 2919 1766 non
2964 1690 3032 1768 ad
3077 1713 3450 1770 sullicicntiam
3485 1717 3773 1784 solummodo,

605 1777 779 1850 xxxi).
809 1798 830 1832 ι
885 1779 1190 1869 Stragulata
1244 1783 1410 1838 vestis
1433 1823 1450 1850 ,
1500 1799 1620 1854 qua:
1672 1786 1914 1842 variante
1967 1797 2180 1844 textura
2208 1779 2256 1838 Β
2282 1810 2469 1851 verum
2499 1777 2566 1851 ad
2597 1798 3020 1869 superﬂuitatem
3065 1813 3306 1869 resonat,
3344 1813 3401 1860 et
3427 1807 3492 1862 ob
3521 1805 3569 1860 id
3597 1777 3767 1868 falsitas.

601 1869 739 1925 solet
781 1859 1348 1938 ﬁrntissima'conlici,
1384 1873 1545 1932 fortia
1584 1874 1840 1931 Ecclesite
1877 1892 2074 1947 opera,
2121 1890 2178 1936 et
2280 1888 2408 1958 quia
2443 1897 2566 1959 apte
2611 1859 2840 1960 proferri
2878 1893 3136 1960 cernitur,
3167 1895 3367 1950 veritas
3411 1913 3443 1950 a
3485 1897 3638 1953 stultis
3665 1898 3768 1952 testi-

603 1961 817 2024 diversa
853 1961 1112 2016 virtutum
1137 1963 1257 2034 ejus
1283 1973 1602 2019 ornamenta
1645 1965 1934 2036 signiﬁcat,
1955 1969 2021 2024 de
2056 1971 2177 2040 qui-
2275 1988 2473 2035 matur.
2511 1979 2640 2036 Oleo
2679 1991 2858 2038 autem
2906 1983 3140 2054 Spiritus
3187 1987 3368 2042 sancti
3405 1987 3530 2043 ﬁdes
3569 1988 3766 2042 catholita

597 2053 702 2108 bus
721 2052 988 2124 Propheta
1014 2054 1066 2108 in
1089 2055 1284 2128 summi
1301 2056 1444 2126 regis
1465 2056 1568 2111 viri
1587 2056 1836 2113 videlicet
1859 2059 2000 2116 illius
2020 2061 2175 2118 laude
2274 2080 2641 2137 consecratur,
2669 2088 2776 2143 quo
2802 2052 3045 2128 haeretici
3089 2075 3316 2132 nitidius
3351 2090 3498 2132 suum
3525 2085 3677 2146 guttur
3701 2092 3765 2132 os-

596 2143 796 2197 cecinit
821 2161 834 2198 :
868 2161 888 2195 ι
919 2143 1109 2199 Astitit
1134 2145 1319 2216 regina
1347 2161 1378 2200 a
1405 2145 1611 2202 dextris
1632 2147 1739 2204 tuis
1774 2148 1829 2203 in
1855 2151 2051 2205 vestitu
2082 2153 2177 2208 de—
2274 2169 2506 2226 tentant,
2532 2162 2625 2232 qui
2652 2179 2750 2219 sua
2787 2179 2948 2221 sensa
2973 2173 3184 2234 patrum
3210 2167 3333 2223 fidei
3363 2143 3672 2238 anteponunt.
3693 2169 3764 2222 Pa-

596 2243 808 2300 aurato,
833 2235 1236 2292 circumamicta
1266 2235 1715 2308 varietate(Psal.
1739 2239 1936 2312 XLIV).)
1975 2242 2174 2312 Byssus
2272 2260 2350 2308 tet
2392 2253 2459 2308 de
2503 2255 2810 2322 meretrice,
2847 2255 2974 2325 quia
3017 2265 3076 2311 et.
3117 2259 3384 2314 sermonis
3431 2235 3700 2314 suavitatem
3725 2268 3765 2310 et

593 2341 812 2396 quoque
837 2335 892 2382 et
920 2343 1159 2398 purpura
1203 2329 1574 2384 indumentum
1601 2331 1736 2401 ejus.
1765 2331 1830 2403 Β)
1844 2346 1964 2388 ssus
1997 2335 2052 2388 in
2077 2350 2170 2390 ca-
2271 2343 2664 2400 tot-mositatem
2691 2347 2941 2416 corporis
2959 2347 3027 2402 ad
3053 2348 3348 2418 captandos
3381 2349 3587 2404 miseros
3603 2349 3760 2418 quaerit.

593 2417 778 2472 stitate
820 2431 1072 2487 purpura:
1095 2419 1538 2485 conversationis,
1567 2434 1802 2490 purpura
1829 2422 1885 2476 in
1912 2422 2171 2480 eﬂ'usione

2168 2447 2171 2475 ε
2275 2452 2295 2485 ε
2325 2433 2646 2501 Novissima,
2677 2435 2872 2506 inquit,
2915 2435 3058 2493 illius
3098 2417 3282 2492 amara
3311 2439 3458 2508 quasi
3485 2417 3759 2502 absinthium,

593 2508 816 2578 pretiosi
864 2509 1159 2578 sanguinis.
1201 2508 1400 2580 Byssus
1443 2526 1677 2581 namque
1727 2512 1940 2569 candidi
1975 2515 2171 2571 coloris
2269 2534 2324 2581 et
2357 2535 2513 2581 acuta
2533 2527 2688 2596 quasi
2719 2527 2930 2598 gladius
2949 2528 3150 2598 biceps.
3186 2549 3206 2580 ι
3241 2529 3394 2585 Potio
3417 2531 3639 2586 absinthii
3658 2529 3760 2584 intus

591 2607 708 2663 est;
739 2612 1040 2667 purpureus
1069 2607 1250 2654 autem
1286 2597 1434 2654 color
1469 2608 1527 2654 ει
1550 2599 1617 2654 de
1647 2602 1904 2672 sanguine
1928 2603 2169 2658 animan-
2267 2618 2557 2672 amarescit
2579 2617 2635 2672 in
2662 2597 2978 2682 visceribus,
3009 2597 3186 2688 gladio
3215 2620 3348 2675 foris
3374 2621 3592 2688 membra
3613 2620 3759 2674 feriun-

593 2684 688 2748 tis,
743 2687 885 2754 quod
927 2701 1166 2756 purpura
1195 2697 1448 2752 vocatur,
1473 2687 1776 2756 conficitur,
1807 2699 1863 2746 et
1906 2692 2020 2761 ipse
2046 2708 2169 2749 san-

2167 2726 2169 2734 ν
2268 2715 2378 2764 tu’r.
2405 2709 2476 2764 Ut
2500 2708 2665 2779 igitur
2689 2709 2936 2766 ostendat
2976 2684 3191 2780 iniquos
3215 2713 3270 2766 in
3298 2687 3570 2767 novissima
3593 2709 3758 2770 ultione,

591 2769 772 2841 guinis
811 2771 972 2826 habet
1015 2772 1281 2844 speciem;
1321 2775 1464 2829 unde
1510 2774 1732 2846 pulchre
1782 2777 1986 2834 dictum
2025 2789 2110 2836 est
2135 2797 2167 2836 a
2265 2806 2320 2852 ει
2359 2769 2582 2854 ima-ias
2611 2798 2822 2868 impleri
2861 2807 2918 2855 ει
2954 2769 3296 2856 extrinsecus
3319 2801 3486 2870 pretiis
3509 2769 3758 2855 circumdari

588 2859 882 2927 Patribus,
925 2863 1057 2932 quia.
1092 2872 1278 2920 sancta
1322 2864 1562 2920 Ecclesia
1609 2866 1901 2924 electorum
1947 2869 2168 2927 ﬂoribus
2264 2888 2561 2958 perpetuis,
2595 2899 2652 2946 οι
2679 2859 3037 2947 ξηιωτίιυάίηε
3064 2891 3184 2946 mos
3205 2859 3460 2948 abst-nimi
3488 2886 3760 2959 ιοηιπειιιιοε,

589 2969 822 3009 vernans
848 2954 898 3008 in
925 2969 1065 3024 pace
1081 2955 1242 3010 habet
1265 2955 1396 3020 lilia,
1429 2956 1484 3010 in
1511 2956 1651 3012 bello
1686 2973 1857 3015 rosas.
1897 2959 2048 3028 Quod
2071 2979 2166 3018 au—
2264 2954 2318 3032 ξι
2345 2954 2524 3050 gladio
2547 2954 2874 3036 asseverant
2907 2995 3026 3037 esse
3066 2982 3414 3046 ιιιιιηρειηάοε,
3448 2954 3596 3050 quare
3627 2984 3757 3032 autem

587 3053 700 3099 tem
748 3045 1122 3115 subiungitur:
1166 3065 1187 3098 ι
1212 3046 1454 3102 Audiens
1495 3049 1788 3120 suspiravit
1815 3052 2106 3119 modicum,
2136 3074 2155 3106 ι
2190 3117 2232 3139 η
2264 3045 2407 3122 ίάεξη
2441 3068 2651 3138 gladius
2675 3069 2859 3138 biceps
2885 3070 2956 3125 sit
2982 3069 3182 3136 dictus,
3223 3045 3480 3126 Dominus
3511 3067 3654 3139 aperit
3670 3077 3756 3119 cum

587 3135 858 3207 significat
905 3137 1046 3206 quod
1081 3152 1336 3206 perversa
1382 3155 1537 3195 mens
1577 3117 1950 3198 lia-reticorum
1975 3117 2101 3200 licet
2129 3161 2163 3214 a_
2188 3117 2232 3180 Ο
2262 3156 2378 3210 ait;
2411 3117 2572 3212 (uScd
2620 3175 2743 3213 cum
2789 3117 2994 3224 trimete,
3029 3159 3123 3230 qui
3165 3117 3348 3230 potest
3391 3177 3444 3214 el.
3486 3117 3684 3224 animam
3717 3161 3757 3206 et

583 3225 868 3288 catholicis
905 3232 1216 3288 doctoribus
1260 3233 1365 3288 rite
1394 3235 1740 3304 corripiatur,
1776 3235 2057 3293 dillicultcr
2077 3247 2176 3320 ta—l
2262 3260 2461 3316 corpus
2485 3247 2714 3316 perdere
2740 3248 2794 3303 in
2823 3225 3118 3319 gehennam
3150 3225 3367 3320 (Matth.
3395 3248 3468 3318 x).
3497 3269 3514 3300 ι

581 3337 710 3378 men
728 3323 796 3378 ad
819 3338 998 3379 veram
1025 3325 1400 3394 paenitentiam
1428 3325 1692 3393 ﬂectitur;
1725 3336 1780 3382 et
1800 3329 1846 3384 si
1875 3312 2176 3399 aliquando.
2217 3321 2222 3324 ’
2337 3312 2586 3392 {Mulier
2613 3338 2658 3394 si
2696 3312 2984 3406 primatum
3025 3340 3244 3405 habeat,
3291 3337 3544 3395 contraria
3576 3344 3646 3391 est
3673 3333 3757 3385 vim

584 3416 740 3488 lingit
765 3431 823 3472 se
848 3417 1137 3487 poenitere,
1169 3428 1348 3474 tamen
1371 3419 1498 3489 quia
1520 3435 1626 3474 non
1649 3421 1870 3490 corrigit
1895 3437 2158 3490 errorem,
2267 3443 2288 3476 ι
2324 3441 2442 3482 suo.
2480 3426 2587 3482 Cor
2620 3426 2840 3492 humile,
2873 3438 2929 3482 et
2957 3428 3123 3483 facies
3165 3429 3362 3494 tristis,
3388 3438 3440 3484 et
3469 3427 3602 3499 plaga
3626 3421 3756 3478 cordis

583 3508 896 3595 manifestat
923 3525 982 3564 se
1013 3509 1065 3563 in
1097 3519 1273 3579 coepta
1303 3510 1503 3565 malitia
1527 3526 1892 3579 perseverare.
2266 3533 2286 3566 ί
2321 3515 2516 3570 mulier
2541 3531 2792 3585 nequam,
2815 3531 3005 3571 manus
3023 3517 3252 3584 debiles,
3277 3525 3332 3573 et
3356 3533 3514 3588 genua
3537 3511 3750 3570 dissoluta.

659 3619 678 3649 ι
712 3597 901 3654 Brevis
936 3598 1114 3652 omnis
1143 3599 1346 3652 malitia
1385 3614 1548 3670 super
1596 3602 1851 3656 malitiam
1896 3604 2157 3670 mulieris,
2265 3621 2286 3653 ι
2321 3603 2515 3660 mulier
2539 3621 2658 3674 qua:
2683 3605 3096 3662 nonbcatiﬁcat
3131 3607 3310 3662 virum
3336 3622 3498 3663 suum.
3526 3605 3564 3658 Α
3589 3601 3754 3657 muliere

587 3710 607 3740 ι
643 3705 763 3744 sors
787 3699 1133 3760 peccatorum
1158 3692 1314 3746 cadet
1335 3707 1495 3762 super
1523 3692 1688 3748 illam.
1722 3714 1740 3744 ι
1776 3693 1888 3749 Hoc
1909 3705 1992 3750 est
2015 3696 2159 3764 quod
2264 3711 2284 3742 ‹
2320 3693 2530 3746 initimn
2559 3694 2757 3748 factum
2781 3703 2865 3750 est
2883 3697 3105 3764 peccati,
3139 3705 3196 3751 et
3229 3713 3327 3766 per
3347 3696 3484 3751 illam
3503 3707 3656 3749 omnes
3673 3703 3750 3742 me

578 3790 710 3836 ante
733 3782 887 3848 dixit,
919 3797 1026 3837 non
1055 3791 1138 3838 εει
1163 3791 1326 3852 caput
1371 3785 1598 3852 nequius
1633 3800 1795 3854 super
1818 3793 1977 3854 caput
2011 3786 2159 3840 colu.
2265 3799 2284 3830 ι
2321 3781 2511 3835 rimur.
2554 3803 2572 3833 ι
2619 3781 2745 3837 llaec
2783 3781 2940 3850 juxta
2995 3783 3280 3839 historiam
3323 3782 3604 3872 ostendunt,
3647 3774 3754 3872 quod

579 3870 688 3937 bri,
715 3880 771 3928 ct
805 3888 912 3928 non
941 3881 1026 3929 est
1058 3873 1140 3928 ira
1173 3888 1335 3944 super
1373 3873 1511 3928 iram
1546 3874 1807 3929 mulieris.
1853 3874 2026 3929 Parva
2073 3883 2157 3931 est
2259 3871 2502 3927 tnulieris
2529 3874 2791 3942 primatus
2819 3873 2989 3944 magis
3016 3873 3209 3928 noxius
3232 3874 3476 3942 sitquam
3501 3867 3642 3932 utilis,
3662 3867 3753 3933 quia

579 3965 727 4019 enim
771 3966 947 4019 onmis
976 3965 1179 4020 malitia
1222 3965 1278 4020 in
1321 3966 1718 4036 comparatione
1760 3965 2076 4022 idololatria:
2100 3977 2158 4024 et
2259 3961 2524 4018 inﬁrmiﬂr
2568 3979 2752 4029 sexus,
2792 3962 3002 4053 fortiori
3052 3963 3204 4053 sexui
3259 3961 3444 4031 subjici
3484 3957 3750 4053 debeant)"

579 4053 848 4108 haeretica:
869 4054 1172 4123 pravitatis,
1199 4054 1322 4124 quia
1356 4055 1410 4109 in
1443 4055 1527 4109 his
1555 4069 1658 4108 non
1687 4069 1784 4122 per
1811 4054 2154 4126 fragilitatem
2256 4053 2515 4122 praeponi.
2564 4053 2716 4108 Unde
2759 4052 2812 4106 in
2857 4052 3012 4106 initio
3049 4052 3261 4106 mulieri
3302 4047 3530 4121 peocanti
3555 4053 3602 4100 et
3621 4047 3748 4096 virum

577 4143 759 4197 carnis
803 4150 1080 4212 peccatur,
1122 4144 1214 4198 sed
1250 4159 1348 4212 per
1386 4143 1689 4212 superbiam
1732 4144 1944 4200 mentis.
1985 4145 2156 4202 Omne
2257 4145 2533 4200 seducenti
2575 4145 2834 4200 Dominus
2868 4143 3004 4198 dixit
3038 4159 3054 4198 :
3098 4163 3116 4194 ι
3155 4141 3507 4213 Multiplicabo
3545 4142 3748 4218 aerumnas

577 4233 722 4286 enim
749 4233 889 4302 quod
931 4233 987 4288 in
1031 4233 1111 4290 eis
1135 4235 1329 4304 agitur,
1361 4233 1412 4288 in
1442 4241 1807 4304 contemptum
1840 4235 1938 4290 Dei
1971 4237 2063 4304 fit;
2101 4248 2157 4294 et
2259 4245 2377 4292 tuas
2417 4245 2472 4291 et
2508 4243 2800 4306 conceptus
2845 4244 3006 4290 tuos:
3045 4235 3100 4326 in
3129 4233 3317 4326 dolore
3361 4232 3524 4326 paries
3564 4224 3750 4326 fil-it.)anl

576 4323 700 4379 ideo
727 4323 977 4394 impietas
1001 4325 1220 4390 dieitur,
1250 4340 1412 4395 quam
1455 4325 1561 4380 alio
1584 4326 1796 4381 nomine
1817 4329 2153 4399 negationem
2258 4327 2358 4382 sub
2381 4327 2482 4380 viri
2506 4334 2770 4410 potestate
2803 4325 2931 4390 eris,
2957 4333 3014 4380 et
3045 4325 3162 4394 ipse
3187 4315 3612 4410 donnnabiturilli
3633 4309 3742 4410 (δξξδ

575 4415 671 4470 Dei
722 4431 1012 4485 possumus
1047 4416 1338 4486 appellare,
1366 4431 1485 4485 qua:
1524 4417 1824 4472 incorreeta
1849 4436 1954 4474 non
1991 4422 2154 4478 habet

2151 4445 2154 4476 ;
2175 4456 2232 4516 D
2259 4413 2361 4486 tu).
2399 4435 2418 4466 ι
2447 4413 2584 4468 Hinc
2603 4403 2654 4469 εἰ
2681 4413 2968 4484 Apostolus
2990 4413 3057 4468 ad
3085 4413 3421 4468 Timotheum
3443 4407 3650 4506 scribens
3664 4403 3742 4450 ait:

570 4506 804 4572 veniam,
830 4507 923 4562 sed
950 4520 1164 4575 poenam
1207 4505 1611 4574 sempiternam.
1651 4507 1772 4561 Ideo
1800 4507 1852 4561 in
1886 4508 2145 4566 Zacharia
2175 4499 2226 4516 "
2259 4525 2276 4556 ι
2313 4504 2501 4560 Mulier
2547 4503 2599 4558 in
2645 4504 2857 4558 silentio
2903 4503 3076 4558 discat
3115 4518 3238 4557 cum
3283 4501 3423 4556 omni
3461 4499 3741 4589 subiectione:

571 4597 833 4665 propheta
859 4597 1072 4650 mulieri
1105 4595 1310 4652 sedenti
1353 4596 1408 4648 in
1436 4597 1612 4651 medio
1644 4598 1939 4666 amphorae,
1971 4617 2146 4656 massa

2255 4595 2454 4649 Docere
2478 4603 2658 4648 autem
2689 4593 2899 4648 mulieri
2927 4609 3031 4647 non
3057 4593 3332 4662 permitto,
3359 4601 3521 4658 neque
3544 4584 3742 4639 domina"

569 4685 822 4753 plumbea
869 4683 1147 4754 projicitur
1183 4685 1238 4738 in
1271 4700 1356 4750 os,
1381 4695 1435 4740 et
1473 4685 1710 4741 defertur
1739 4688 1792 4742 in
1820 4689 2144 4760 Babylonem

2251 4685 2305 4737 in
2335 4683 2529 4749 virum,
2561 4683 2653 4738 sed
2695 4697 2814 4738 esse
2861 4683 2918 4736 in
2963 4681 3175 4737 silentio
3199 4681 3252 4752 (1
3283 4680 3412 4734 Tim.
3459 4675 3534 4746 ιι).
3563 4692 3581 4725 ι
3605 4670 3741 4760 Etcur

573 4776 794 4846 (lat-Ita.
825 4775 878 4848 v)
903 4795 916 4830 :
944 4777 1072 4847 quia
1093 4776 1339 4847 impietas
1365 4793 1485 4846 qua:
1505 4779 1722 4834 sedebat
1740 4793 1901 4849 super
1926 4758 2144 4850 peccata
2249 4775 2354 4830 hoc
2370 4775 2614 4844 jusserit,
2658 4790 2782 4830 mox
2819 4788 3039 4829 causam
3067 4772 3320 4838 reddidit,
3345 4771 3551 4826 dicens:
3580 4783 3594 4814 ι
3617 4758 3740 4815 Adam

572 4865 755 4931 Israel,
786 4875 842 4921 et
879 4865 932 4919 in
961 4882 1056 4920 suo
1079 4867 1283 4921 scelere
1313 4866 1660 4936 gloriabatur,
1696 4879 1881 4938 postea
1913 4871 2144 4926 mittitur
2249 4867 2392 4921 enim
2434 4867 2646 4936 primus
2687 4866 2950 4920 formatus
2993 4872 3098 4930 εει,
3145 4865 3336 4920 deinde
3377 4864 3585 4925 Εντι;οι
3614 4851 3739 4945 Mi“?

573 4957 629 5011 in
656 4955 892 5011 medium
921 4953 1226 5026 Babylonis,
1256 4963 1312 5009 et
1339 4955 1667 5024 captivitatis
1693 4956 1833 5012 malo
1861 4959 2146 5026 premitur,
2249 4971 2352 5008 non
2377 4965 2461 5008 est
2485 4955 2755 5016 seductus,
2787 4953 2982 5008 mulier
3008 4965 3186 5008 autem
3227 4953 3441 5008 seducta
3479 4949 3526 5003 in
3551 4951 3740 5038 llr-“ﬂ”

568 5057 632 5102 ut
677 5047 1000 5102 obduratum
1036 5061 1098 5100 os
1141 5045 1360 5110 habeat,
1396 5054 1452 5098 et
1493 5045 1634 5100 ultra
1677 5063 1738 5101 se
1777 5046 1984 5114 jactare
2037 5065 2143 5104 non
2247 5045 2461 5099 catione
2484 5044 2582 5098 fuit
2606 5043 2655 5116 (1
2688 5043 2822 5098 Tim.
2847 5043 2930 5112 ιι).
2968 5064 2988 5094 ι
3022 5043 3242 5114 lllystice
3266 5039 3580 5097 autemhanc

567 5136 768 5207 possit;
817 5135 900 5190 vel
944 5143 1092 5190 certe
1116 5135 1184 5188 ab
1211 5133 1414 5205 angelis
1444 5133 1538 5188 Dei
1573 5135 1910 5205 opprimitur,
1943 5147 2001 5192 ut
2023 5154 2145 5208 qua:
2245 5151 2358 5190 rem
2406 5150 2729 5206 synagogam
2777 5149 3062 5204 possumus
3105 5135 3470 5230 hmreticot'uttl

568 5230 718 5298 prius
745 5227 945 5284 latebat
977 5229 1033 5284 in
1061 5226 1286 5292 scelere,
1311 5235 1516 5282 aeterno
1551 5225 1766 5281 silentio
1791 5227 2138 5283 conticescat.
2243 5243 2380 5297 quae,
2419 5227 2575 5295 iuxta
2635 5227 2765 5281 illud
2802 5226 3240 5292 Proverbiorum,
3291 5246 3311 5278 ι
3341 5219 3557 5290 Reliquit
3593 5209 3734 5266 (Ιιιοαιι

643 5339 662 5368 ι
700 5318 852 5373 Sicut
879 5333 1134 5374 ascensus
1159 5332 1418 5373 arenosus
1446 5315 1502 5370 in
1520 5317 1746 5384 pedibus
1774 5317 2032 5382 veterani,
2061 5317 2140 5372 sic
2242 5319 2544 5388 pubertatis
2568 5334 2698 5384 suae,
2721 5326 2778 5374 et
2795 5319 2938 5388 pacti
2958 5319 3053 5374 Dei
3071 5319 3154 5374 sui
3175 5318 3336 5374 oblita
3357 5323 3432 5371 est
3459 5300 3731 5403 (litanti-lit

569 5428 593 5466 α
629 5410 824 5465 mulier
847 5409 1084 5482 linguata
1105 5408 1307 5462 homini
1327 5409 1530 5477 quieto.
1565 5428 1583 5458 ι
1619 5408 1901 5478 Pulchram
1929 5425 2142 5478 compa-
2242 5410 2372 5480 quia
2397 5409 2617 5479 reliquit
2643 5410 2918 5464 doctorem
2945 5425 2974 5461 a
3004 5424 3112 5477 quo
3151 5408 3307 5462 fidem
3335 5400 3562 5460 Ecclesia:
3583 5391 3734 5486 didice-

563 5503 830 5558 t‘ationem
873 5500 1022 5564 facit,
1053 5500 1178 5569 quia
1218 5499 1357 5554 sicut
1398 5513 1562 5553 arena
1595 5497 1756 5553 ﬂuida
1791 5507 1848 5552 et
1875 5499 2139 5554 instabilis
2243 5508 2358 5564 rat;
2390 5509 2447 5554 et
2467 5501 2632 5554 oblita
2659 5509 2740 5555 est
2760 5500 2901 5570 pacti
2929 5500 3021 5555 Dei
3050 5498 3155 5564 sui,
3181 5498 3281 5554 hoc
3301 5505 3396 5559 est,
3423 5489 3530 5547 ﬁdei
3555 5487 3732 5540 sane"?

567 5594 746 5662 gravis
775 5600 858 5647 est
896 5592 963 5645 ad
995 5588 1346 5644 incedendum
1374 5590 1602 5645 infirmis
1625 5590 1850 5660 pedibus
1873 5592 2136 5656 veterani,
2241 5591 2327 5645 nis
2357 5591 2668 5654 Dominicae,
2699 5605 2816 5660 qua:
2857 5591 2910 5643 in
2954 5588 3196 5658 symbolo
3221 5586 3526 5680 continetur,
3547 5573 3732 5680 quati:

567 5651 643 5739 sic
669 5683 834 5738 etiam
857 5682 926 5737 ad
955 5679 1277 5736 audiendum
1304 5695 1529 5736 onerosa
1559 5651 1640 5736 esi
1663 5681 1938 5740 modestia:
1957 5681 2140 5739 catbo-
2243 5681 2329 5738 die
2369 5681 2709 5752 baptismatis
2751 5687 3084 5737 scrvaturam
3127 5691 3247 5734 esse
3293 5670 3597 5748 promiserat.
3636 5651 3732 5709 113:0
