  <div class='ocr_page' id='page_1' title='image "/cluster/home/n/w/nwhite01/storage/ocr_20150623/109/hvd.32044015466857/480.png"; bbox 0 0 4030 6474; ppageno 0'>
   <div class='ocr_carea' id='block_1_1' title="bbox 287 328 3529 435">
    <p class='ocr_par' dir='ltr' id='par_1_1' title="bbox 287 328 3529 435">
     <span class='ocr_line' id='line_1_1' title="bbox 287 328 3529 435; baseline 0.002 -16"><span class='ocrx_word' id='word_1_1' title='bbox 287 375 395 435; x_wconf 73' lang='lat'><strong>953</strong></span> <span class='ocrx_word' id='word_1_2' title='bbox 1167 364 1515 420; x_wconf 67' lang='lat' dir='ltr'><strong>comem.</strong></span> <span class='ocrx_word' id='word_1_3' title='bbox 1558 363 1623 419; x_wconf 66' lang='lat' dir='ltr'><strong>rs</strong></span> <span class='ocrx_word' id='word_1_4' title='bbox 1662 364 2269 421; x_wconf 69' lang='lat' dir='ltr'><strong>secessu-strenu.</strong></span> <span class='ocrx_word' id='word_1_5' title='bbox 2302 395 2370 405; x_wconf 88' lang='lat'><strong>—</strong></span> <span class='ocrx_word' id='word_1_6' title='bbox 2405 364 2530 420; x_wconf 82' lang='lat' dir='ltr'><strong>LIB.</strong></span> <span class='ocrx_word' id='word_1_7' title='bbox 2575 366 2660 422; x_wconf 81' lang='lat' dir='ltr'><strong>vi.</strong></span> <span class='ocrx_word' id='word_1_8' title='bbox 3424 328 3529 427; x_wconf 48' lang='lat' dir='ltr'><strong>is;</strong></span> 
     </span>
    </p>
   </div>
   <div class='ocr_carea' id='block_1_2' title="bbox 287 476 2901 559">
    <p class='ocr_par' dir='ltr' id='par_1_2' title="bbox 287 476 2901 559">
     <span class='ocr_line' id='line_1_2' title="bbox 287 476 2901 559; baseline -0.011 -16"><span class='ocrx_word' id='word_1_9' title='bbox 287 500 503 559; x_wconf 86' lang='lat' dir='ltr'><strong>quoque</strong></span> <span class='ocrx_word' id='word_1_10' title='bbox 528 500 574 539; x_wconf 86' lang='lat' dir='ltr'><strong>st</strong></span> <span class='ocrx_word' id='word_1_11' title='bbox 611 482 898 553; x_wconf 89' lang='lat' dir='ltr'><strong>primatum</strong></span> <span class='ocrx_word' id='word_1_12' title='bbox 938 479 1133 533; x_wconf 82' lang='lat' dir='ltr'><strong>habeat</strong></span> <span class='ocrx_word' id='word_1_13' title='bbox 1166 476 1436 533; x_wconf 87' lang='lat' dir='ltr'><strong>contraria</strong></span> <span class='ocrx_word' id='word_1_14' title='bbox 1469 478 1574 532; x_wconf 90' lang='lat' dir='ltr'><strong>erit</strong></span> <span class='ocrx_word' id='word_1_15' title='bbox 1596 477 1713 531; x_wconf 92' lang='lat' dir='ltr'><strong>viro</strong></span> <span class='ocrx_word' id='word_1_16' title='bbox 1731 491 1851 541; x_wconf 89' lang='lat' dir='ltr'><strong>suo,</strong></span> <span class='ocrx_word' id='word_1_17' title='bbox 1883 479 1931 539; x_wconf 79' lang='grc' dir='ltr'><strong>Α</strong></span> <span class='ocrx_word' id='word_1_18' title='bbox 2222 538 2223 541; x_wconf 18' lang='grc' dir='ltr'><strong>η</strong></span> <span class='ocrx_word' id='word_1_19' title='bbox 2572 478 2799 534; x_wconf 63' lang='lat' dir='ltr'><strong>CAPUT</strong></span> <span class='ocrx_word' id='word_1_20' title='bbox 2841 480 2901 535; x_wconf 48' lang='grc' dir='ltr'><strong>ν,</strong></span> 
     </span>
    </p>
   </div>
   <div class='ocr_carea' id='block_1_3' title="bbox 287 568 3532 658">
    <p class='ocr_par' dir='ltr' id='par_1_3' title="bbox 287 568 3532 658">
     <span class='ocr_line' id='line_1_3' title="bbox 287 568 3532 658; baseline -0.001 -25"><span class='ocrx_word' id='word_1_21' title='bbox 287 574 497 633; x_wconf 83' lang='lat' dir='ltr'><strong>doctori</strong></span> <span class='ocrx_word' id='word_1_22' title='bbox 538 572 788 627; x_wconf 88' lang='lat' dir='ltr'><strong>videlicet</strong></span> <span class='ocrx_word' id='word_1_23' title='bbox 833 569 1131 635; x_wconf 82' lang='lat' dir='ltr'><strong>catholico,</strong></span> <span class='ocrx_word' id='word_1_24' title='bbox 1175 584 1429 639; x_wconf 85' lang='lat' dir='ltr'><strong>perversa</strong></span> <span class='ocrx_word' id='word_1_25' title='bbox 1478 568 1759 623; x_wconf 74' lang='lat' dir='ltr'><strong>sentiendo</strong></span> <span class='ocrx_word' id='word_1_26' title='bbox 1801 575 1860 621; x_wconf 90' lang='lat' dir='ltr'><strong>et</strong></span> <span class='ocrx_word' id='word_1_27' title='bbox 1955 584 2031 639; x_wconf 68' lang='lat' dir='ltr'><strong>De</strong></span> <span class='ocrx_word' id='word_1_28' title='bbox 2061 585 2289 658; x_wconf 55' lang='lat' dir='ltr'><strong><em>munere</em></strong></span> <span class='ocrx_word' id='word_1_29' title='bbox 2340 586 2475 658; x_wconf 50' lang='lat' dir='ltr'><strong>bam,</strong></span> <span class='ocrx_word' id='word_1_30' title='bbox 2505 601 2522 639; x_wconf 60' lang='grc' dir='ltr'><strong><em>ε</em></strong></span> <span class='ocrx_word' id='word_1_31' title='bbox 2549 588 2687 658; x_wconf 68' lang='lat' dir='ltr'><strong>quod</strong></span> <span class='ocrx_word' id='word_1_32' title='bbox 2747 589 2934 642; x_wconf 58' lang='lat' dir='ltr'><strong>mulier</strong></span> <span class='ocrx_word' id='word_1_33' title='bbox 2976 589 3113 645; x_wconf 68' lang='lat' dir='ltr'><strong><em>bona</em></strong></span> <span class='ocrx_word' id='word_1_34' title='bbox 3161 603 3237 645; x_wconf 62' lang='grc' dir='ltr'><strong>εει</strong></span> <span class='ocrx_word' id='word_1_35' title='bbox 3297 590 3532 646; x_wconf 56' lang='lat' dir='ltr'><strong>Ecclesia</strong></span> 
     </span>
    </p>
   </div>
   <div class='ocr_carea' id='block_1_4' title="bbox 285 661 1855 738">
    <p class='ocr_par' dir='ltr' id='par_1_4' title="bbox 285 661 1855 738">
     <span class='ocr_line' id='line_1_4' title="bbox 285 661 1855 738; baseline -0.004 -17"><span class='ocrx_word' id='word_1_36' title='bbox 285 682 457 738; x_wconf 87' lang='lat' dir='ltr'><strong>prava-</strong></span> <span class='ocrx_word' id='word_1_37' title='bbox 497 663 757 720; x_wconf 84' lang='lat' dir='ltr'><strong>docendo.</strong></span> <span class='ocrx_word' id='word_1_38' title='bbox 790 662 960 733; x_wconf 81' lang='lat' dir='ltr'><strong>Hujus</strong></span> <span class='ocrx_word' id='word_1_39' title='bbox 998 676 1125 727; x_wconf 90' lang='lat' dir='ltr'><strong>cor,</strong></span> <span class='ocrx_word' id='word_1_40' title='bbox 1171 662 1425 731; x_wconf 73' lang='lat' dir='ltr'><strong>cogitatio</strong></span> <span class='ocrx_word' id='word_1_41' title='bbox 1456 662 1707 716; x_wconf 86' lang='lat' dir='ltr'><strong>videlicet</strong></span> <span class='ocrx_word' id='word_1_42' title='bbox 1735 661 1855 715; x_wconf 83' lang='lat' dir='ltr'><strong>vilis</strong></span> 
     </span>
    </p>
   </div>
   <div class='ocr_carea' id='block_1_5' title="bbox 287 751 1854 825">
    <p class='ocr_par' dir='ltr' id='par_1_5' title="bbox 287 751 1854 825">
     <span class='ocr_line' id='line_1_5' title="bbox 287 751 1854 825; baseline -0.003 -15"><span class='ocrx_word' id='word_1_43' title='bbox 287 765 370 810; x_wconf 87' lang='lat' dir='ltr'><strong>est</strong></span> <span class='ocrx_word' id='word_1_44' title='bbox 394 763 559 825; x_wconf 83' lang='lat' dir='ltr'><strong>atque</strong></span> <span class='ocrx_word' id='word_1_45' title='bbox 585 755 875 822; x_wconf 86' lang='lat' dir='ltr'><strong>despecta;</strong></span> <span class='ocrx_word' id='word_1_46' title='bbox 906 762 962 807; x_wconf 90' lang='lat' dir='ltr'><strong>et</strong></span> <span class='ocrx_word' id='word_1_47' title='bbox 1004 751 1168 806; x_wconf 79' lang='lat' dir='ltr'><strong>facies</strong></span> <span class='ocrx_word' id='word_1_48' title='bbox 1215 752 1403 816; x_wconf 81' lang='lat' dir='ltr'><strong>tristis,</strong></span> <span class='ocrx_word' id='word_1_49' title='bbox 1446 752 1579 821; x_wconf 84' lang='lat' dir='ltr'><strong>quia</strong></span> <span class='ocrx_word' id='word_1_50' title='bbox 1615 752 1854 807; x_wconf 78' lang='lat' dir='ltr'><strong>ketitiam</strong></span> 
     </span>
    </p>
   </div>
   <div class='ocr_carea' id='block_1_6' title="bbox 288 842 1856 914">
    <p class='ocr_par' dir='ltr' id='par_1_6' title="bbox 288 842 1856 914">
     <span class='ocr_line' id='line_1_6' title="bbox 288 842 1856 914; baseline -0.001 -14"><span class='ocrx_word' id='word_1_51' title='bbox 288 845 523 914; x_wconf 80' lang='lat' dir='ltr'><strong>Spiritus</strong></span> <span class='ocrx_word' id='word_1_52' title='bbox 546 843 718 898; x_wconf 81' lang='lat' dir='ltr'><strong>sancti</strong></span> <span class='ocrx_word' id='word_1_53' title='bbox 744 858 850 896; x_wconf 92' lang='lat' dir='ltr'><strong>non</strong></span> <span class='ocrx_word' id='word_1_54' title='bbox 877 842 1058 903; x_wconf 89' lang='lat' dir='ltr'><strong>habet,</strong></span> <span class='ocrx_word' id='word_1_55' title='bbox 1082 856 1202 910; x_wconf 66' lang='lat' dir='ltr'><strong>quae</strong></span> <span class='ocrx_word' id='word_1_56' title='bbox 1224 851 1278 896; x_wconf 89' lang='lat' dir='ltr'><strong>et</strong></span> <span class='ocrx_word' id='word_1_57' title='bbox 1299 842 1508 898; x_wconf 80' lang='lat' dir='ltr'><strong>confert</strong></span> <span class='ocrx_word' id='word_1_58' title='bbox 1526 843 1856 899; x_wconf 85' lang='lat' dir='ltr'><strong>amatoribus</strong></span> 
     </span>
    </p>
   </div>
   <div class='ocr_carea' id='block_1_7' title="bbox 287 932 1856 1005">
    <p class='ocr_par' dir='ltr' id='par_1_7' title="bbox 287 932 1856 1005">
     <span class='ocr_line' id='line_1_7' title="bbox 287 932 1856 1005; baseline -0.001 -16"><span class='ocrx_word' id='word_1_59' title='bbox 287 935 400 989; x_wconf 89' lang='lat' dir='ltr'><strong>suis</strong></span> <span class='ocrx_word' id='word_1_60' title='bbox 425 933 638 1004; x_wconf 78' lang='lat' dir='ltr'><strong>plagam</strong></span> <span class='ocrx_word' id='word_1_61' title='bbox 668 932 859 986; x_wconf 89' lang='lat' dir='ltr'><strong>mortis</strong></span> <span class='ocrx_word' id='word_1_62' title='bbox 901 942 1132 986; x_wconf 62' lang='lat' dir='ltr'><strong>internas.</strong></span> <span class='ocrx_word' id='word_1_63' title='bbox 1184 932 1351 1001; x_wconf 82' lang='lat' dir='ltr'><strong>llnjus</strong></span> <span class='ocrx_word' id='word_1_64' title='bbox 1387 935 1587 1004; x_wconf 83' lang='lat' dir='ltr'><strong>quippe</strong></span> <span class='ocrx_word' id='word_1_65' title='bbox 1615 934 1856 1005; x_wconf 80' lang='lat' dir='ltr'><strong>Operatio</strong></span> 
     </span>
    </p>
   </div>
   <div class='ocr_carea' id='block_1_8' title="bbox 285 1019 1854 1090">
    <p class='ocr_par' dir='ltr' id='par_1_8' title="bbox 285 1019 1854 1090">
     <span class='ocr_line' id='line_1_8' title="bbox 285 1019 1854 1090; baseline 0.001 -15"><span class='ocrx_word' id='word_1_66' title='bbox 285 1032 366 1075; x_wconf 84' lang='lat' dir='ltr'><strong>est</strong></span> <span class='ocrx_word' id='word_1_67' title='bbox 386 1022 576 1075; x_wconf 78' lang='lat' dir='ltr'><strong>debilis</strong></span> <span class='ocrx_word' id='word_1_68' title='bbox 603 1030 658 1075; x_wconf 90' lang='lat' dir='ltr'><strong>et</strong></span> <span class='ocrx_word' id='word_1_69' title='bbox 686 1034 901 1090; x_wconf 88' lang='lat' dir='ltr'><strong>gressus</strong></span> <span class='ocrx_word' id='word_1_70' title='bbox 945 1019 1240 1083; x_wconf 71' lang='lat' dir='ltr'><strong>instabilis,</strong></span> <span class='ocrx_word' id='word_1_71' title='bbox 1261 1024 1514 1090; x_wconf 87' lang='lat' dir='ltr'><strong>quoniam</strong></span> <span class='ocrx_word' id='word_1_72' title='bbox 1543 1040 1645 1076; x_wconf 87' lang='lat' dir='ltr'><strong>non</strong></span> <span class='ocrx_word' id='word_1_73' title='bbox 1682 1023 1854 1077; x_wconf 83' lang='lat' dir='ltr'><strong>beati-</strong></span> 
     </span>
    </p>
   </div>
   <div class='ocr_carea' id='block_1_9' title="bbox 287 1109 1859 1183">
    <p class='ocr_par' dir='ltr' id='par_1_9' title="bbox 287 1109 1859 1183">
     <span class='ocr_line' id='line_1_9' title="bbox 287 1109 1859 1183; baseline 0.003 -18"><span class='ocrx_word' id='word_1_74' title='bbox 287 1112 468 1166; x_wconf 82' lang='lat' dir='ltr'><strong>licavit</strong></span> <span class='ocrx_word' id='word_1_75' title='bbox 498 1112 670 1165; x_wconf 90' lang='lat' dir='ltr'><strong>virum</strong></span> <span class='ocrx_word' id='word_1_76' title='bbox 715 1126 870 1165; x_wconf 85' lang='lat' dir='ltr'><strong>suum</strong></span> <span class='ocrx_word' id='word_1_77' title='bbox 904 1109 1163 1179; x_wconf 69' lang='lat' dir='ltr'><strong>priorem“,</strong></span> <span class='ocrx_word' id='word_1_78' title='bbox 1188 1127 1310 1165; x_wconf 85' lang='lat' dir='ltr'><strong>Clllll</strong></span> <span class='ocrx_word' id='word_1_79' title='bbox 1344 1128 1458 1182; x_wconf 89' lang='lat' dir='ltr'><strong>quo</strong></span> <span class='ocrx_word' id='word_1_80' title='bbox 1480 1114 1707 1183; x_wconf 84' lang='lat' dir='ltr'><strong>primum</strong></span> <span class='ocrx_word' id='word_1_81' title='bbox 1740 1113 1859 1169; x_wconf 89' lang='lat' dir='ltr'><strong>iniit</strong></span> 
     </span>
    </p>
   </div>
   <div class='ocr_carea' id='block_1_10' title="bbox 286 1200 1857 1273">
    <p class='ocr_par' dir='ltr' id='par_1_10' title="bbox 286 1200 1857 1273">
     <span class='ocr_line' id='line_1_10' title="bbox 286 1200 1857 1273; baseline 0.003 -18"><span class='ocrx_word' id='word_1_82' title='bbox 286 1210 529 1273; x_wconf 78' lang='lat' dir='ltr'><strong>pactum,</strong></span> <span class='ocrx_word' id='word_1_83' title='bbox 550 1211 610 1255; x_wconf 88' lang='lat' dir='ltr'><strong>ut</strong></span> <span class='ocrx_word' id='word_1_84' title='bbox 635 1201 709 1255; x_wconf 92' lang='lat' dir='ltr'><strong>illi</strong></span> <span class='ocrx_word' id='word_1_85' title='bbox 742 1201 982 1255; x_wconf 87' lang='lat' dir='ltr'><strong>obediret</strong></span> <span class='ocrx_word' id='word_1_86' title='bbox 1022 1209 1076 1255; x_wconf 86' lang='lat' dir='ltr'><strong>et</strong></span> <span class='ocrx_word' id='word_1_87' title='bbox 1121 1200 1279 1255; x_wconf 85' lang='lat' dir='ltr'><strong>ﬁdem</strong></span> <span class='ocrx_word' id='word_1_88' title='bbox 1318 1204 1436 1273; x_wconf 88' lang='lat' dir='ltr'><strong>ejus</strong></span> <span class='ocrx_word' id='word_1_89' title='bbox 1461 1214 1737 1269; x_wconf 81' lang='lat' dir='ltr'><strong>servaret,</strong></span> <span class='ocrx_word' id='word_1_90' title='bbox 1762 1205 1857 1259; x_wconf 80' lang='lat' dir='ltr'><strong>scd</strong></span> 
     </span>
    </p>
   </div>
   <div class='ocr_carea' id='block_1_11' title="bbox 287 1292 1856 1365">
    <p class='ocr_par' dir='ltr' id='par_1_11' title="bbox 287 1292 1856 1365">
     <span class='ocr_line' id='line_1_11' title="bbox 287 1292 1856 1365; baseline 0.001 -18"><span class='ocrx_word' id='word_1_91' title='bbox 287 1293 608 1348; x_wconf 83' lang='lat' dir='ltr'><strong>adulterium</strong></span> <span class='ocrx_word' id='word_1_92' title='bbox 630 1292 963 1361; x_wconf 86' lang='lat' dir='ltr'><strong>perpetravit-</strong></span> <span class='ocrx_word' id='word_1_93' title='bbox 980 1308 1099 1346; x_wconf 92' lang='lat' dir='ltr'><strong>eum</strong></span> <span class='ocrx_word' id='word_1_94' title='bbox 1120 1293 1461 1358; x_wconf 87' lang='lat' dir='ltr'><strong>viroalieuo;</strong></span> <span class='ocrx_word' id='word_1_95' title='bbox 1483 1296 1551 1350; x_wconf 90' lang='lat' dir='ltr'><strong>ab</strong></span> <span class='ocrx_word' id='word_1_96' title='bbox 1573 1296 1689 1365; x_wconf 82' lang='lat' dir='ltr'><strong>ipsa</strong></span> <span class='ocrx_word' id='word_1_97' title='bbox 1711 1296 1856 1349; x_wconf 87' lang='lat' dir='ltr'><strong>enim</strong></span> 
     </span>
    </p>
   </div>
   <div class='ocr_carea' id='block_1_12' title="bbox 286 1388 1857 1459">
    <p class='ocr_par' dir='ltr' id='par_1_12' title="bbox 286 1388 1857 1459">
     <span class='ocr_line' id='line_1_12' title="bbox 286 1388 1857 1459; baseline 0 -16"><span class='ocrx_word' id='word_1_98' title='bbox 286 1389 498 1444; x_wconf 89' lang='lat' dir='ltr'><strong>initium</strong></span> <span class='ocrx_word' id='word_1_99' title='bbox 543 1388 741 1442; x_wconf 90' lang='lat' dir='ltr'><strong>factum</strong></span> <span class='ocrx_word' id='word_1_100' title='bbox 783 1396 867 1443; x_wconf 88' lang='lat' dir='ltr'><strong>est</strong></span> <span class='ocrx_word' id='word_1_101' title='bbox 907 1388 1135 1458; x_wconf 80' lang='lat' dir='ltr'><strong>peccati.</strong></span> <span class='ocrx_word' id='word_1_102' title='bbox 1169 1388 1438 1455; x_wconf 86' lang='lat' dir='ltr'><strong>Quoniam</strong></span> <span class='ocrx_word' id='word_1_103' title='bbox 1469 1390 1718 1459; x_wconf 82' lang='lat' dir='ltr'><strong>superbia</strong></span> <span class='ocrx_word' id='word_1_104' title='bbox 1749 1389 1857 1444; x_wconf 86' lang='lat' dir='ltr'><strong>ela-</strong></span> 
     </span>
    </p>
   </div>
   <div class='ocr_carea' id='block_1_13' title="bbox 286 1477 1869 1547">
    <p class='ocr_par' dir='ltr' id='par_1_13' title="bbox 286 1477 1869 1547">
     <span class='ocr_line' id='line_1_13' title="bbox 286 1477 1869 1547; baseline 0.001 -14"><span class='ocrx_word' id='word_1_105' title='bbox 286 1479 453 1534; x_wconf 85' lang='lat' dir='ltr'><strong>tionis</strong></span> <span class='ocrx_word' id='word_1_106' title='bbox 475 1477 610 1547; x_wconf 78' lang='lat' dir='ltr'><strong>ejus,</strong></span> <span class='ocrx_word' id='word_1_107' title='bbox 636 1493 740 1547; x_wconf 84' lang='lat' dir='ltr'><strong>qua</strong></span> <span class='ocrx_word' id='word_1_108' title='bbox 761 1478 902 1532; x_wconf 84' lang='lat' dir='ltr'><strong>viam</strong></span> <span class='ocrx_word' id='word_1_109' title='bbox 932 1478 1473 1547; x_wconf 65' lang='lat' dir='ltr'><strong>veritatisjdeserere,</strong></span> <span class='ocrx_word' id='word_1_110' title='bbox 1494 1489 1549 1534; x_wconf 94' lang='lat' dir='ltr'><strong>et</strong></span> <span class='ocrx_word' id='word_1_111' title='bbox 1575 1481 1631 1534; x_wconf 87' lang='lat' dir='ltr'><strong>in</strong></span> <span class='ocrx_word' id='word_1_112' title='bbox 1657 1480 1869 1535; x_wconf 80' lang='lat' dir='ltr'><strong>erroris</strong></span> 
     </span>
    </p>
   </div>
   <div class='ocr_carea' id='block_1_14' title="bbox 285 1567 1857 1639">
    <p class='ocr_par' dir='ltr' id='par_1_14' title="bbox 285 1567 1857 1639">
     <span class='ocr_line' id='line_1_14' title="bbox 285 1567 1857 1639; baseline 0 -16"><span class='ocrx_word' id='word_1_113' title='bbox 285 1568 438 1623; x_wconf 85' lang='lat' dir='ltr'><strong>devia</strong></span> <span class='ocrx_word' id='word_1_114' title='bbox 485 1567 756 1623; x_wconf 89' lang='lat' dir='ltr'><strong>declinare</strong></span> <span class='ocrx_word' id='word_1_115' title='bbox 806 1568 1166 1637; x_wconf 58' lang='lat' dir='ltr'><strong>prie-sumpsit,</strong></span> <span class='ocrx_word' id='word_1_116' title='bbox 1225 1568 1375 1639; x_wconf 85' lang='lat' dir='ltr'><strong>origo</strong></span> <span class='ocrx_word' id='word_1_117' title='bbox 1429 1577 1484 1624; x_wconf 93' lang='lat' dir='ltr'><strong>et</strong></span> <span class='ocrx_word' id='word_1_118' title='bbox 1526 1585 1687 1624; x_wconf 92' lang='lat' dir='ltr'><strong>causa</strong></span> <span class='ocrx_word' id='word_1_119' title='bbox 1747 1578 1857 1623; x_wconf 91' lang='lat' dir='ltr'><strong>tam</strong></span> 
     </span>
    </p>
   </div>
   <div class='ocr_carea' id='block_1_15' title="bbox 284 1657 1867 1729">
    <p class='ocr_par' dir='ltr' id='par_1_15' title="bbox 284 1657 1867 1729">
     <span class='ocr_line' id='line_1_15' title="bbox 284 1657 1867 1729; baseline 0.002 -17"><span class='ocrx_word' id='word_1_120' title='bbox 284 1658 601 1727; x_wconf 79' lang='lat' dir='ltr'><strong>sibimetipsi</strong></span> <span class='ocrx_word' id='word_1_121' title='bbox 635 1672 795 1727; x_wconf 85' lang='lat' dir='ltr'><strong>quam</strong></span> <span class='ocrx_word' id='word_1_122' title='bbox 833 1657 995 1712; x_wconf 86' lang='lat' dir='ltr'><strong>etiam</strong></span> <span class='ocrx_word' id='word_1_123' title='bbox 1024 1658 1273 1714; x_wconf 81' lang='lat' dir='ltr'><strong>omnibus</strong></span> <span class='ocrx_word' id='word_1_124' title='bbox 1316 1659 1415 1714; x_wconf 77' lang='lat' dir='ltr'><strong>sibi</strong></span> <span class='ocrx_word' id='word_1_125' title='bbox 1441 1659 1867 1729; x_wconf 82' lang='lat' dir='ltr'><strong>obsequentibus</strong></span> 
     </span>
    </p>
   </div>
   <div class='ocr_carea' id='block_1_16' title="bbox 284 1746 987 1816">
    <p class='ocr_par' dir='ltr' id='par_1_16' title="bbox 284 1746 987 1816">
     <span class='ocr_line' id='line_1_16' title="bbox 284 1746 987 1816; baseline 0 -15"><span class='ocrx_word' id='word_1_126' title='bbox 284 1746 386 1802; x_wconf 86' lang='lat' dir='ltr'><strong>fuit</strong></span> <span class='ocrx_word' id='word_1_127' title='bbox 407 1755 624 1803; x_wconf 77' lang='lat' dir='ltr'><strong>:eterna:</strong></span> <span class='ocrx_word' id='word_1_128' title='bbox 648 1747 987 1816; x_wconf 87' lang='lat' dir='ltr'><strong>perditionis.</strong></span> 
     </span>
    </p>
   </div>
   <div class='ocr_carea' id='block_1_17' title="bbox 2024 656 3528 730">
    <p class='ocr_par' dir='ltr' id='par_1_17' title="bbox 2024 656 3528 730">
     <span class='ocr_line' id='line_1_17' title="bbox 2024 656 3528 730; baseline 0.005 -22"><span class='ocrx_word' id='word_1_129' title='bbox 2024 656 2196 730; x_wconf 68' lang='lat' dir='ltr'><strong>virgo,</strong></span> <span class='ocrx_word' id='word_1_130' title='bbox 2235 673 2392 724; x_wconf 82' lang='lat' dir='ltr'><strong>quam</strong></span> <span class='ocrx_word' id='word_1_131' title='bbox 2439 656 2673 730; x_wconf 63' lang='lat' dir='ltr'><strong>Christus</strong></span> <span class='ocrx_word' id='word_1_132' title='bbox 2717 675 2813 712; x_wconf 75' lang='lat' dir='ltr'><strong>suo</strong></span> <span class='ocrx_word' id='word_1_133' title='bbox 2858 662 3111 729; x_wconf 78' lang='lat' dir='ltr'><strong>sanguine</strong></span> <span class='ocrx_word' id='word_1_134' title='bbox 3154 662 3339 716; x_wconf 83' lang='lat' dir='ltr'><strong>bonam</strong></span> <span class='ocrx_word' id='word_1_135' title='bbox 3386 662 3528 730; x_wconf 79' lang='lat' dir='ltr'><strong>fecit,</strong></span> 
     </span>
    </p>
   </div>
   <div class='ocr_carea' id='block_1_18' title="bbox 2024 724 3278 799">
    <p class='ocr_par' dir='ltr' id='par_1_18' title="bbox 2024 724 3278 799">
     <span class='ocr_line' id='line_1_18' title="bbox 2024 724 3278 799; baseline 0.009 -23"><span class='ocrx_word' id='word_1_136' title='bbox 2024 724 2284 778; x_wconf 78' lang='lat' dir='ltr'><strong>mumlans</strong></span> <span class='ocrx_word' id='word_1_137' title='bbox 2305 742 2423 779; x_wconf 78' lang='lat' dir='ltr'><strong>eam</strong></span> <span class='ocrx_word' id='word_1_138' title='bbox 2440 743 2534 796; x_wconf 81' lang='lat' dir='ltr'><strong>per</strong></span> <span class='ocrx_word' id='word_1_139' title='bbox 2558 727 2825 782; x_wconf 83' lang='lat' dir='ltr'><strong>lavacrum</strong></span> <span class='ocrx_word' id='word_1_140' title='bbox 2853 724 3278 799; x_wconf 69' lang='lat' dir='ltr'><strong>regéncratt&#39;ouis.</strong></span> 
     </span>
    </p>
   </div>
   <div class='ocr_carea' id='block_1_19' title="bbox 2024 836 3541 911">
    <p class='ocr_par' dir='ltr' id='par_1_19' title="bbox 2024 836 3541 911">
     <span class='ocr_line' id='line_1_19' title="bbox 2024 836 3541 911; baseline 0.005 -18"><span class='ocrx_word' id='word_1_141' title='bbox 2024 836 2174 908; x_wconf 61' lang='lat' dir='ltr'><strong>(Car.</strong></span> <span class='ocrx_word' id='word_1_142' title='bbox 2202 838 2372 909; x_wconf 67' lang='lat' dir='ltr'><strong>nrt.)</strong></span> <span class='ocrx_word' id='word_1_143' title='bbox 2413 858 2435 889; x_wconf 74' lang='grc' dir='ltr'><strong><em>ο</em></strong></span> <span class='ocrx_word' id='word_1_144' title='bbox 2467 838 2706 911; x_wconf 82' lang='lat' dir='ltr'><strong>Mulieris</strong></span> <span class='ocrx_word' id='word_1_145' title='bbox 2728 839 2882 894; x_wconf 78' lang='lat' dir='ltr'><strong>bona:</strong></span> <span class='ocrx_word' id='word_1_146' title='bbox 2908 843 3099 897; x_wconf 89' lang='lat' dir='ltr'><strong>beatus</strong></span> <span class='ocrx_word' id='word_1_147' title='bbox 3122 843 3205 897; x_wconf 86' lang='lat' dir='ltr'><strong>vir</strong></span> <span class='ocrx_word' id='word_1_148' title='bbox 3229 862 3254 897; x_wconf 86' lang='lat'><strong>:.</strong></span> <span class='ocrx_word' id='word_1_149' title='bbox 3273 860 3541 900; x_wconf 80' lang='lat' dir='ltr'><strong>numerus.</strong></span> 
     </span>
    </p>
   </div>
   <div class='ocr_carea' id='block_1_20' title="bbox 1960 930 3536 1004">
    <p class='ocr_par' dir='ltr' id='par_1_20' title="bbox 1960 930 3536 1004">
     <span class='ocr_line' id='line_1_20' title="bbox 1960 930 3536 1004; baseline 0.008 -25"><span class='ocrx_word' id='word_1_150' title='bbox 1960 947 1980 979; x_wconf 73' lang='grc' dir='ltr'><strong>ι</strong></span> <span class='ocrx_word' id='word_1_151' title='bbox 2020 930 2164 984; x_wconf 91' lang='lat' dir='ltr'><strong>enim</strong></span> <span class='ocrx_word' id='word_1_152' title='bbox 2210 946 2470 985; x_wconf 83' lang='lat' dir='ltr'><strong>annorum</strong></span> <span class='ocrx_word' id='word_1_153' title='bbox 2501 930 2642 987; x_wconf 91' lang='lat' dir='ltr'><strong>illius</strong></span> <span class='ocrx_word' id='word_1_154' title='bbox 2684 931 2898 1001; x_wconf 82' lang='lat' dir='ltr'><strong>duplex.</strong></span> <span class='ocrx_word' id='word_1_155' title='bbox 2928 953 2948 988; x_wconf 74' lang='grc' dir='ltr'><strong>ι</strong></span> <span class='ocrx_word' id='word_1_156' title='bbox 2985 933 3140 989; x_wconf 91' lang='lat' dir='ltr'><strong>Sicut</strong></span> <span class='ocrx_word' id='word_1_157' title='bbox 3176 936 3326 1004; x_wconf 92' lang='lat' dir='ltr'><strong>prius</strong></span> <span class='ocrx_word' id='word_1_158' title='bbox 3363 937 3417 991; x_wconf 92' lang='lat' dir='ltr'><strong>in</strong></span> <span class='ocrx_word' id='word_1_159' title='bbox 3447 952 3536 991; x_wconf 79' lang='lat' dir='ltr'><strong>v-</strong></span> 
     </span>
    </p>
   </div>
   <div class='ocr_carea' id='block_1_21' title="bbox 1954 1019 3541 1092">
    <p class='ocr_par' dir='ltr' id='par_1_21' title="bbox 1954 1019 3541 1092">
     <span class='ocr_line' id='line_1_21' title="bbox 1954 1019 3541 1092; baseline 0.006 -20"><span class='ocrx_word' id='word_1_160' title='bbox 1954 1022 2293 1089; x_wconf 73' lang='lat' dir='ltr'><strong>tnperatimie</strong></span> <span class='ocrx_word' id='word_1_161' title='bbox 2334 1019 2574 1075; x_wconf 86' lang='lat' dir='ltr'><strong>mulieris</strong></span> <span class='ocrx_word' id='word_1_162' title='bbox 2608 1034 2839 1090; x_wconf 86' lang='lat' dir='ltr'><strong>nequam</strong></span> <span class='ocrx_word' id='word_1_163' title='bbox 2873 1038 2935 1077; x_wconf 91' lang='lat' dir='ltr'><strong>os</strong></span> <span class='ocrx_word' id='word_1_164' title='bbox 2976 1023 3217 1092; x_wconf 73' lang='lat' dir='ltr'><strong>aperuit,</strong></span> <span class='ocrx_word' id='word_1_165' title='bbox 3246 1026 3333 1080; x_wconf 84' lang='lat' dir='ltr'><strong>sic</strong></span> <span class='ocrx_word' id='word_1_166' title='bbox 3369 1027 3541 1081; x_wconf 71' lang='lat' dir='ltr'><strong>etiam</strong></span> 
     </span>
    </p>
   </div>
   <div class='ocr_carea' id='block_1_22' title="bbox 1956 1109 3533 1177">
    <p class='ocr_par' dir='ltr' id='par_1_22' title="bbox 1956 1109 3533 1177">
     <span class='ocr_line' id='line_1_22' title="bbox 1956 1109 3533 1177; baseline 0.003 -14"><span class='ocrx_word' id='word_1_167' title='bbox 1956 1124 2103 1163; x_wconf 78' lang='lat' dir='ltr'><strong>tuine</strong></span> <span class='ocrx_word' id='word_1_168' title='bbox 2146 1109 2211 1162; x_wconf 87' lang='lat' dir='ltr'><strong>ad</strong></span> <span class='ocrx_word' id='word_1_169' title='bbox 2263 1110 2699 1177; x_wconf 75' lang='lat' dir='ltr'><strong>prmdicationem</strong></span> <span class='ocrx_word' id='word_1_170' title='bbox 2749 1111 2992 1168; x_wconf 85' lang='lat' dir='ltr'><strong>mulieris</strong></span> <span class='ocrx_word' id='word_1_171' title='bbox 3035 1112 3188 1168; x_wconf 79' lang='lat' dir='ltr'><strong>bona:</strong></span> <span class='ocrx_word' id='word_1_172' title='bbox 3229 1128 3533 1172; x_wconf 79' lang='lat' dir='ltr'><strong>sermonem</strong></span> 
     </span>
    </p>
   </div>
   <div class='ocr_carea' id='block_1_23' title="bbox 1955 1202 3535 1279">
    <p class='ocr_par' dir='ltr' id='par_1_23' title="bbox 1955 1202 3535 1279">
     <span class='ocr_line' id='line_1_23' title="bbox 1955 1202 3535 1279; baseline 0.006 -23"><span class='ocrx_word' id='word_1_173' title='bbox 1955 1203 2240 1256; x_wconf 83' lang='lat' dir='ltr'><strong>convertit.</strong></span> <span class='ocrx_word' id='word_1_174' title='bbox 2282 1202 2475 1258; x_wconf 85' lang='lat' dir='ltr'><strong>Mulier</strong></span> <span class='ocrx_word' id='word_1_175' title='bbox 2499 1204 2642 1257; x_wconf 90' lang='lat' dir='ltr'><strong>enim</strong></span> <span class='ocrx_word' id='word_1_176' title='bbox 2673 1205 2813 1260; x_wconf 91' lang='lat' dir='ltr'><strong>bona</strong></span> <span class='ocrx_word' id='word_1_177' title='bbox 2862 1214 2957 1260; x_wconf 85' lang='lat' dir='ltr'><strong>aut</strong></span> <span class='ocrx_word' id='word_1_178' title='bbox 2992 1207 3298 1276; x_wconf 83' lang='lat' dir='ltr'><strong>specialiter</strong></span> <span class='ocrx_word' id='word_1_179' title='bbox 3313 1211 3445 1279; x_wconf 80' lang='lat' dir='ltr'><strong>justi</strong></span> <span class='ocrx_word' id='word_1_180' title='bbox 3471 1227 3535 1267; x_wconf 92' lang='lat' dir='ltr'><strong>ac</strong></span> 
     </span>
    </p>
   </div>
   <div class='ocr_carea' id='block_1_24' title="bbox 1955 1292 3537 1365">
    <p class='ocr_par' dir='ltr' id='par_1_24' title="bbox 1955 1292 3537 1365">
     <span class='ocr_line' id='line_1_24' title="bbox 1955 1292 3537 1365; baseline 0.006 -18"><span class='ocrx_word' id='word_1_181' title='bbox 1955 1292 2078 1347; x_wconf 93' lang='lat' dir='ltr'><strong>boui</strong></span> <span class='ocrx_word' id='word_1_182' title='bbox 2116 1292 2350 1347; x_wconf 92' lang='lat' dir='ltr'><strong>hominis</strong></span> <span class='ocrx_word' id='word_1_183' title='bbox 2381 1301 2465 1348; x_wconf 92' lang='lat' dir='ltr'><strong>cst</strong></span> <span class='ocrx_word' id='word_1_184' title='bbox 2493 1294 2691 1359; x_wconf 89' lang='lat' dir='ltr'><strong>anima,</strong></span> <span class='ocrx_word' id='word_1_185' title='bbox 2720 1304 2814 1349; x_wconf 88' lang='lat' dir='ltr'><strong>aut</strong></span> <span class='ocrx_word' id='word_1_186' title='bbox 2834 1296 3161 1365; x_wconf 79' lang='lat' dir='ltr'><strong>generaliter</strong></span> <span class='ocrx_word' id='word_1_187' title='bbox 3188 1306 3298 1352; x_wconf 89' lang='lat' dir='ltr'><strong>tota</strong></span> <span class='ocrx_word' id='word_1_188' title='bbox 3330 1300 3537 1356; x_wconf 86' lang='lat' dir='ltr'><strong>electo-</strong></span> 
     </span>
    </p>
   </div>
   <div class='ocr_carea' id='block_1_25' title="bbox 1958 1382 3535 1459">
    <p class='ocr_par' dir='ltr' id='par_1_25' title="bbox 1958 1382 3535 1459">
     <span class='ocr_line' id='line_1_25' title="bbox 1958 1382 3535 1459; baseline 0.006 -25"><span class='ocrx_word' id='word_1_189' title='bbox 1958 1398 2074 1436; x_wconf 86' lang='lat' dir='ltr'><strong>rum</strong></span> <span class='ocrx_word' id='word_1_190' title='bbox 2105 1382 2365 1446; x_wconf 82' lang='lat' dir='ltr'><strong>Ecclesia,</strong></span> <span class='ocrx_word' id='word_1_191' title='bbox 2399 1383 2552 1452; x_wconf 88' lang='lat' dir='ltr'><strong>cujus</strong></span> <span class='ocrx_word' id='word_1_192' title='bbox 2576 1385 2661 1439; x_wconf 91' lang='lat' dir='ltr'><strong>vir</strong></span> <span class='ocrx_word' id='word_1_193' title='bbox 2684 1386 2877 1441; x_wconf 89' lang='lat' dir='ltr'><strong>beatus</strong></span> <span class='ocrx_word' id='word_1_194' title='bbox 2902 1400 3027 1441; x_wconf 82' lang='lat' dir='ltr'><strong>esse</strong></span> <span class='ocrx_word' id='word_1_195' title='bbox 3048 1388 3386 1459; x_wconf 79' lang='lat' dir='ltr'><strong>describitur,</strong></span> <span class='ocrx_word' id='word_1_196' title='bbox 3410 1391 3535 1459; x_wconf 78' lang='lat' dir='ltr'><strong>quia</strong></span> 
     </span>
    </p>
   </div>
   <div class='ocr_carea' id='block_1_26' title="bbox 1955 1456 3535 1540">
    <p class='ocr_par' dir='ltr' id='par_1_26' title="bbox 1955 1456 3535 1540">
     <span class='ocr_line' id='line_1_26' title="bbox 1955 1456 3535 1540; baseline 0.004 -15"><span class='ocrx_word' id='word_1_197' title='bbox 1955 1470 2221 1535; x_wconf 82' lang='lat' dir='ltr'><strong>Christus,</strong></span> <span class='ocrx_word' id='word_1_198' title='bbox 2260 1472 2352 1540; x_wconf 90' lang='lat' dir='ltr'><strong>qui</strong></span> <span class='ocrx_word' id='word_1_199' title='bbox 2382 1471 2498 1539; x_wconf 89' lang='lat' dir='ltr'><strong>ejus</strong></span> <span class='ocrx_word' id='word_1_200' title='bbox 2551 1473 2635 1527; x_wconf 89' lang='lat' dir='ltr'><strong>vir</strong></span> <span class='ocrx_word' id='word_1_201' title='bbox 2673 1482 2777 1537; x_wconf 89' lang='lat' dir='ltr'><strong>est,</strong></span> <span class='ocrx_word' id='word_1_202' title='bbox 2808 1475 3041 1530; x_wconf 76' lang='lat' dir='ltr'><strong>beatitas</strong></span> <span class='ocrx_word' id='word_1_203' title='bbox 3086 1456 3142 1530; x_wconf 76' lang='lat' dir='ltr'><strong>et</strong></span> <span class='ocrx_word' id='word_1_204' title='bbox 3184 1456 3448 1533; x_wconf 83' lang='lat' dir='ltr'><strong>celsitudo</strong></span> <span class='ocrx_word' id='word_1_205' title='bbox 3483 1480 3535 1533; x_wconf 92' lang='lat' dir='ltr'><strong>in</strong></span> 
     </span>
    </p>
   </div>
   <div class='ocr_carea' id='block_1_27' title="bbox 1958 1562 3535 1633">
    <p class='ocr_par' dir='ltr' id='par_1_27' title="bbox 1958 1562 3535 1633">
     <span class='ocr_line' id='line_1_27' title="bbox 1958 1562 3535 1633; baseline 0.005 -18"><span class='ocrx_word' id='word_1_206' title='bbox 1958 1562 2209 1616; x_wconf 86' lang='lat' dir='ltr'><strong>universo</strong></span> <span class='ocrx_word' id='word_1_207' title='bbox 2235 1564 2435 1617; x_wconf 90' lang='lat' dir='ltr'><strong>mundo</strong></span> <span class='ocrx_word' id='word_1_208' title='bbox 2461 1564 2805 1633; x_wconf 76' lang='lat' dir='ltr'><strong>pnedicatur.</strong></span> <span class='ocrx_word' id='word_1_209' title='bbox 2834 1584 2857 1631; x_wconf 70' lang='lat'><strong>_¢</strong></span> <span class='ocrx_word' id='word_1_210' title='bbox 2894 1565 3161 1621; x_wconf 83' lang='lat' dir='ltr'><strong>Numerus</strong></span> <span class='ocrx_word' id='word_1_211' title='bbox 3193 1568 3337 1622; x_wconf 91' lang='lat' dir='ltr'><strong>enim</strong></span> <span class='ocrx_word' id='word_1_212' title='bbox 3362 1584 3535 1623; x_wconf 90' lang='lat' dir='ltr'><strong>anno—</strong></span> 
     </span>
    </p>
   </div>
   <div class='ocr_carea' id='block_1_28' title="bbox 1958 1653 3537 1724">
    <p class='ocr_par' dir='ltr' id='par_1_28' title="bbox 1958 1653 3537 1724">
     <span class='ocr_line' id='line_1_28' title="bbox 1958 1653 3537 1724; baseline 0.003 -15"><span class='ocrx_word' id='word_1_213' title='bbox 1958 1669 2078 1709; x_wconf 84' lang='lat' dir='ltr'><strong>rum</strong></span> <span class='ocrx_word' id='word_1_214' title='bbox 2128 1653 2338 1709; x_wconf 86' lang='lat' dir='ltr'><strong>illorum</strong></span> <span class='ocrx_word' id='word_1_215' title='bbox 2382 1655 2598 1723; x_wconf 78' lang='lat' dir='ltr'><strong>duplex,</strong></span> <span class='ocrx_word' id='word_1_216' title='bbox 2635 1674 2653 1707; x_wconf 72' lang='grc' dir='ltr'><strong>ι</strong></span> <span class='ocrx_word' id='word_1_217' title='bbox 2684 1655 2809 1724; x_wconf 90' lang='lat' dir='ltr'><strong>quia</strong></span> <span class='ocrx_word' id='word_1_218' title='bbox 2850 1656 2940 1710; x_wconf 81' lang='lat' dir='ltr'><strong>hic</strong></span> <span class='ocrx_word' id='word_1_219' title='bbox 2984 1657 3119 1711; x_wconf 90' lang='lat' dir='ltr'><strong>vivit</strong></span> <span class='ocrx_word' id='word_1_220' title='bbox 3157 1656 3395 1713; x_wconf 85' lang='lat' dir='ltr'><strong>Ecclesia</strong></span> <span class='ocrx_word' id='word_1_221' title='bbox 3437 1660 3537 1714; x_wconf 90' lang='lat' dir='ltr'><strong>sub</strong></span> 
     </span>
    </p>
   </div>
   <div class='ocr_carea' id='block_1_29' title="bbox 1957 1746 3532 1814">
    <p class='ocr_par' dir='ltr' id='par_1_29' title="bbox 1957 1746 3532 1814">
     <span class='ocr_line' id='line_1_29' title="bbox 1957 1746 3532 1814; baseline 0.004 -14"><span class='ocrx_word' id='word_1_222' title='bbox 1957 1746 2201 1800; x_wconf 84' lang='lat' dir='ltr'><strong>custodia</strong></span> <span class='ocrx_word' id='word_1_223' title='bbox 2245 1747 2625 1801; x_wconf 84' lang='lat' dir='ltr'><strong>mandatorum</strong></span> <span class='ocrx_word' id='word_1_224' title='bbox 2660 1747 2753 1801; x_wconf 91' lang='lat' dir='ltr'><strong>Dei</strong></span> <span class='ocrx_word' id='word_1_225' title='bbox 2784 1763 2908 1803; x_wconf 81' lang='lat' dir='ltr'><strong>cum</strong></span> <span class='ocrx_word' id='word_1_226' title='bbox 2937 1750 3218 1806; x_wconf 81' lang='lat' dir='ltr'><strong>honestate</strong></span> <span class='ocrx_word' id='word_1_227' title='bbox 3255 1752 3532 1814; x_wconf 90' lang='lat' dir='ltr'><strong>virtutum,</strong></span> 
     </span>
    </p>
   </div>
   <div class='ocr_carea' id='block_1_30' title="bbox 360 1817 3534 1911">
    <p class='ocr_par' dir='ltr' id='par_1_30' title="bbox 360 1817 3534 1911">
     <span class='ocr_line' id='line_1_30' title="bbox 360 1817 3534 1911; baseline 0.003 -25"><span class='ocrx_word' id='word_1_228' title='bbox 360 1855 381 1887; x_wconf 70' lang='grc' dir='ltr'><strong>ι</strong></span> <span class='ocrx_word' id='word_1_229' title='bbox 411 1835 526 1891; x_wconf 85' lang='grc' dir='ltr'><strong>Νοη</strong></span> <span class='ocrx_word' id='word_1_230' title='bbox 572 1836 666 1892; x_wconf 86' lang='lat' dir='ltr'><strong>des</strong></span> <span class='ocrx_word' id='word_1_231' title='bbox 693 1851 847 1906; x_wconf 70' lang='lat' dir='ltr'><strong>aqua:</strong></span> <span class='ocrx_word' id='word_1_232' title='bbox 893 1844 1000 1891; x_wconf 70' lang='lat' dir='ltr'><strong>tua:</strong></span> <span class='ocrx_word' id='word_1_233' title='bbox 1042 1838 1244 1893; x_wconf 78' lang='lat' dir='ltr'><strong>exitum</strong></span> <span class='ocrx_word' id='word_1_234' title='bbox 1287 1853 1388 1894; x_wconf 81' lang='lat' dir='ltr'><strong>nec</strong></span> <span class='ocrx_word' id='word_1_235' title='bbox 1427 1840 1718 1906; x_wconf 82' lang='lat' dir='ltr'><strong>modicum,</strong></span> <span class='ocrx_word' id='word_1_236' title='bbox 1760 1858 1861 1898; x_wconf 78' lang='lat' dir='ltr'><strong>nec</strong></span> <span class='ocrx_word' id='word_1_237' title='bbox 1889 1817 1935 1876; x_wconf 81' lang='grc' dir='ltr'><strong>Β</strong></span> <span class='ocrx_word' id='word_1_238' title='bbox 1961 1845 2017 1889; x_wconf 92' lang='lat' dir='ltr'><strong>et</strong></span> <span class='ocrx_word' id='word_1_239' title='bbox 2039 1836 2091 1889; x_wconf 92' lang='lat' dir='ltr'><strong>in</strong></span> <span class='ocrx_word' id='word_1_240' title='bbox 2128 1835 2308 1891; x_wconf 89' lang='lat' dir='ltr'><strong>futuro</strong></span> <span class='ocrx_word' id='word_1_241' title='bbox 2330 1838 2592 1892; x_wconf 88' lang='lat' dir='ltr'><strong>veraciter</strong></span> <span class='ocrx_word' id='word_1_242' title='bbox 2619 1838 2872 1908; x_wconf 79' lang='lat' dir='ltr'><strong>gaudebit</strong></span> <span class='ocrx_word' id='word_1_243' title='bbox 2907 1839 2961 1893; x_wconf 93' lang='lat' dir='ltr'><strong>in</strong></span> <span class='ocrx_word' id='word_1_244' title='bbox 2997 1841 3340 1911; x_wconf 83' lang='lat' dir='ltr'><strong>perceptione</strong></span> <span class='ocrx_word' id='word_1_245' title='bbox 3368 1843 3534 1897; x_wconf 74' lang='lat' dir='ltr'><strong>cmlc-</strong></span> 
     </span>
    </p>
   </div>
   <div class='ocr_carea' id='block_1_31' title="bbox 289 1924 1858 1995">
    <p class='ocr_par' dir='ltr' id='par_1_31' title="bbox 289 1924 1858 1995">
     <span class='ocr_line' id='line_1_31' title="bbox 289 1924 1858 1995; baseline 0.004 -18"><span class='ocrx_word' id='word_1_246' title='bbox 289 1944 309 1976; x_wconf 75' lang='grc' dir='ltr'><strong><em>ο</em></strong></span> <span class='ocrx_word' id='word_1_247' title='bbox 345 1924 552 1978; x_wconf 91' lang='lat' dir='ltr'><strong>mulieri</strong></span> <span class='ocrx_word' id='word_1_248' title='bbox 589 1939 818 1994; x_wconf 86' lang='lat' dir='ltr'><strong>nequam</strong></span> <span class='ocrx_word' id='word_1_249' title='bbox 846 1926 1056 1979; x_wconf 90' lang='lat' dir='ltr'><strong>veniam</strong></span> <span class='ocrx_word' id='word_1_250' title='bbox 1097 1927 1392 1995; x_wconf 89' lang='lat' dir='ltr'><strong>prodeundi</strong></span> <span class='ocrx_word' id='word_1_251' title='bbox 1450 1925 1507 1981; x_wconf 90' lang='lat' dir='ltr'><strong>Si</strong></span> <span class='ocrx_word' id='word_1_252' title='bbox 1537 1944 1641 1982; x_wconf 93' lang='lat' dir='ltr'><strong>non</strong></span> <span class='ocrx_word' id='word_1_253' title='bbox 1668 1930 1858 1983; x_wconf 89' lang='lat' dir='ltr'><strong>ambu-</strong></span> 
     </span>
    </p>
   </div>
   <div class='ocr_carea' id='block_1_32' title="bbox 289 2016 1859 2089">
    <p class='ocr_par' dir='ltr' id='par_1_32' title="bbox 289 2016 1859 2089">
     <span class='ocr_line' id='line_1_32' title="bbox 289 2016 1859 2089; baseline 0.005 -22"><span class='ocrx_word' id='word_1_254' title='bbox 289 2035 309 2067; x_wconf 75' lang='grc' dir='ltr'><strong>ι</strong></span> <span class='ocrx_word' id='word_1_255' title='bbox 344 2016 536 2069; x_wconf 85' lang='lat' dir='ltr'><strong>laverit</strong></span> <span class='ocrx_word' id='word_1_256' title='bbox 556 2016 622 2070; x_wconf 90' lang='lat' dir='ltr'><strong>ad</strong></span> <span class='ocrx_word' id='word_1_257' title='bbox 644 2031 861 2071; x_wconf 92' lang='lat' dir='ltr'><strong>manum</strong></span> <span class='ocrx_word' id='word_1_258' title='bbox 900 2026 1069 2083; x_wconf 89' lang='lat' dir='ltr'><strong>tuam,</strong></span> <span class='ocrx_word' id='word_1_259' title='bbox 1096 2018 1387 2072; x_wconf 88' lang='lat' dir='ltr'><strong>confundet</strong></span> <span class='ocrx_word' id='word_1_260' title='bbox 1413 2027 1463 2073; x_wconf 88' lang='lat' dir='ltr'><strong>te</strong></span> <span class='ocrx_word' id='word_1_261' title='bbox 1488 2020 1541 2073; x_wconf 93' lang='lat' dir='ltr'><strong>in</strong></span> <span class='ocrx_word' id='word_1_262' title='bbox 1568 2028 1859 2089; x_wconf 88' lang='lat' dir='ltr'><strong>conspectu</strong></span> 
     </span>
    </p>
   </div>
   <div class='ocr_carea' id='block_1_33' title="bbox 290 2107 1859 2175">
    <p class='ocr_par' dir='ltr' id='par_1_33' title="bbox 290 2107 1859 2175">
     <span class='ocr_line' id='line_1_33' title="bbox 290 2107 1859 2175; baseline 0.005 -17"><span class='ocrx_word' id='word_1_263' title='bbox 290 2126 309 2158; x_wconf 77' lang='grc' dir='ltr'><strong>ι</strong></span> <span class='ocrx_word' id='word_1_264' title='bbox 344 2107 706 2161; x_wconf 89' lang='lat' dir='ltr'><strong>inimicorum.</strong></span> <span class='ocrx_word' id='word_1_265' title='bbox 739 2107 779 2160; x_wconf 81' lang='grc' dir='ltr'><strong>Α</strong></span> <span class='ocrx_word' id='word_1_266' title='bbox 819 2108 1074 2163; x_wconf 89' lang='lat' dir='ltr'><strong>carnibus</strong></span> <span class='ocrx_word' id='word_1_267' title='bbox 1120 2108 1227 2164; x_wconf 91' lang='lat' dir='ltr'><strong>tuis</strong></span> <span class='ocrx_word' id='word_1_268' title='bbox 1276 2109 1530 2165; x_wconf 90' lang='lat' dir='ltr'><strong>abscinde</strong></span> <span class='ocrx_word' id='word_1_269' title='bbox 1579 2110 1746 2175; x_wconf 87' lang='lat' dir='ltr'><strong>illam,</strong></span> <span class='ocrx_word' id='word_1_270' title='bbox 1790 2126 1859 2167; x_wconf 90' lang='lat' dir='ltr'><strong>ne</strong></span> 
     </span>
    </p>
   </div>
   <div class='ocr_carea' id='block_1_34' title="bbox 289 2184 1857 2268">
    <p class='ocr_par' dir='ltr' id='par_1_34' title="bbox 289 2184 1857 2268">
     <span class='ocr_line' id='line_1_34' title="bbox 289 2184 1857 2268; baseline 0.005 -21"><span class='ocrx_word' id='word_1_271' title='bbox 289 2216 308 2247; x_wconf 77' lang='grc' dir='ltr'><strong>ι</strong></span> <span class='ocrx_word' id='word_1_272' title='bbox 345 2184 557 2265; x_wconf 76' lang='lat' dir='ltr'><strong>semper</strong></span> <span class='ocrx_word' id='word_1_273' title='bbox 585 2204 638 2250; x_wconf 92' lang='lat' dir='ltr'><strong>te</strong></span> <span class='ocrx_word' id='word_1_274' title='bbox 664 2195 937 2250; x_wconf 83' lang='lat' dir='ltr'><strong>abutatur.</strong></span> <span class='ocrx_word' id='word_1_275' title='bbox 976 2216 994 2247; x_wconf 74' lang='grc' dir='ltr'><strong>ι</strong></span> <span class='ocrx_word' id='word_1_276' title='bbox 1021 2196 1172 2267; x_wconf 84' lang='lat' dir='ltr'><strong>Aqua</strong></span> <span class='ocrx_word' id='word_1_277' title='bbox 1210 2198 1301 2253; x_wconf 90' lang='lat' dir='ltr'><strong>hic</strong></span> <span class='ocrx_word' id='word_1_278' title='bbox 1337 2199 1612 2268; x_wconf 83' lang='lat' dir='ltr'><strong>sapientiae</strong></span> <span class='ocrx_word' id='word_1_279' title='bbox 1656 2200 1857 2255; x_wconf 89' lang='lat' dir='ltr'><strong>doctri-</strong></span> 
     </span>
    </p>
   </div>
   <div class='ocr_carea' id='block_1_35' title="bbox 283 2284 1861 2357">
    <p class='ocr_par' dir='ltr' id='par_1_35' title="bbox 283 2284 1861 2357">
     <span class='ocr_line' id='line_1_35' title="bbox 283 2284 1861 2357; baseline 0.006 -18"><span class='ocrx_word' id='word_1_280' title='bbox 283 2301 411 2339; x_wconf 91' lang='lat' dir='ltr'><strong>nam</strong></span> <span class='ocrx_word' id='word_1_281' title='bbox 438 2284 723 2354; x_wconf 84' lang='lat' dir='ltr'><strong>signiﬁcat.</strong></span> <span class='ocrx_word' id='word_1_282' title='bbox 755 2285 922 2342; x_wconf 89' lang='lat' dir='ltr'><strong>Docet</strong></span> <span class='ocrx_word' id='word_1_283' title='bbox 944 2302 1074 2357; x_wconf 87' lang='lat' dir='ltr'><strong>ergo</strong></span> <span class='ocrx_word' id='word_1_284' title='bbox 1095 2297 1153 2343; x_wconf 92' lang='lat' dir='ltr'><strong>ut</strong></span> <span class='ocrx_word' id='word_1_285' title='bbox 1175 2300 1330 2344; x_wconf 77' lang='lat' dir='ltr'><strong>extra</strong></span> <span class='ocrx_word' id='word_1_286' title='bbox 1360 2298 1556 2345; x_wconf 89' lang='lat' dir='ltr'><strong>statum</strong></span> <span class='ocrx_word' id='word_1_287' title='bbox 1571 2292 1861 2347; x_wconf 88' lang='lat' dir='ltr'><strong>&#39;rectitndi-</strong></span> 
     </span>
    </p>
   </div>
   <div class='ocr_carea' id='block_1_36' title="bbox 285 2377 1861 2451">
    <p class='ocr_par' dir='ltr' id='par_1_36' title="bbox 285 2377 1861 2451">
     <span class='ocr_line' id='line_1_36' title="bbox 285 2377 1861 2451; baseline 0.008 -21"><span class='ocrx_word' id='word_1_288' title='bbox 285 2377 378 2432; x_wconf 88' lang='lat' dir='ltr'><strong>nis</strong></span> <span class='ocrx_word' id='word_1_289' title='bbox 403 2378 690 2432; x_wconf 88' lang='lat' dir='ltr'><strong>eruditioni</strong></span> <span class='ocrx_word' id='word_1_290' title='bbox 734 2387 836 2434; x_wconf 74' lang='lat' dir='ltr'><strong>tua:</strong></span> <span class='ocrx_word' id='word_1_291' title='bbox 860 2380 1155 2450; x_wconf 88' lang='lat' dir='ltr'><strong>prodeundi</strong></span> <span class='ocrx_word' id='word_1_292' title='bbox 1184 2399 1290 2437; x_wconf 91' lang='lat' dir='ltr'><strong>non</strong></span> <span class='ocrx_word' id='word_1_293' title='bbox 1314 2384 1409 2438; x_wconf 90' lang='lat' dir='ltr'><strong>des</strong></span> <span class='ocrx_word' id='word_1_294' title='bbox 1432 2383 1725 2451; x_wconf 88' lang='lat' dir='ltr'><strong>licentiam,</strong></span> <span class='ocrx_word' id='word_1_295' title='bbox 1758 2402 1861 2443; x_wconf 89' lang='lat' dir='ltr'><strong>nec</strong></span> 
     </span>
    </p>
   </div>
   <div class='ocr_carea' id='block_1_37' title="bbox 281 2470 1860 2542">
    <p class='ocr_par' dir='ltr' id='par_1_37' title="bbox 281 2470 1860 2542">
     <span class='ocr_line' id='line_1_37' title="bbox 281 2470 1860 2542; baseline 0.008 -20"><span class='ocrx_word' id='word_1_296' title='bbox 281 2470 447 2524; x_wconf 89' lang='lat' dir='ltr'><strong>etiam</strong></span> <span class='ocrx_word' id='word_1_297' title='bbox 477 2471 671 2526; x_wconf 70' lang='lat' dir='ltr'><strong>anima:</strong></span> <span class='ocrx_word' id='word_1_298' title='bbox 692 2486 792 2542; x_wconf 88' lang='lat' dir='ltr'><strong>per</strong></span> <span class='ocrx_word' id='word_1_299' title='bbox 816 2471 1121 2527; x_wconf 60' lang='lat' dir='ltr'><strong>haeretieam</strong></span> <span class='ocrx_word' id='word_1_300' title='bbox 1156 2473 1472 2542; x_wconf 85' lang='lat' dir='ltr'><strong>pravitatem</strong></span> <span class='ocrx_word' id='word_1_301' title='bbox 1515 2476 1712 2533; x_wconf 91' lang='lat' dir='ltr'><strong>diaboli</strong></span> <span class='ocrx_word' id='word_1_302' title='bbox 1745 2486 1860 2534; x_wconf 88' lang='lat' dir='ltr'><strong>arte</strong></span> 
     </span>
    </p>
   </div>
   <div class='ocr_carea' id='block_1_38' title="bbox 284 2562 1855 2634">
    <p class='ocr_par' dir='ltr' id='par_1_38' title="bbox 284 2562 1855 2634">
     <span class='ocr_line' id='line_1_38' title="bbox 284 2562 1855 2634; baseline 0.003 -16"><span class='ocrx_word' id='word_1_303' title='bbox 284 2563 481 2618; x_wconf 77' lang='lat' dir='ltr'><strong>delusa:</strong></span> <span class='ocrx_word' id='word_1_304' title='bbox 500 2562 824 2629; x_wconf 81' lang='lat' dir='ltr'><strong>consentias,</strong></span> <span class='ocrx_word' id='word_1_305' title='bbox 847 2578 1018 2632; x_wconf 88' lang='lat' dir='ltr'><strong>neque</strong></span> <span class='ocrx_word' id='word_1_306' title='bbox 1042 2562 1343 2619; x_wconf 89' lang='lat' dir='ltr'><strong>libertatem</strong></span> <span class='ocrx_word' id='word_1_307' title='bbox 1367 2566 1574 2622; x_wconf 89' lang='lat' dir='ltr'><strong>tribuas</strong></span> <span class='ocrx_word' id='word_1_308' title='bbox 1599 2567 1855 2634; x_wconf 91' lang='lat' dir='ltr'><strong>docendi;</strong></span> 
     </span>
    </p>
   </div>
   <div class='ocr_carea' id='block_1_39' title="bbox 284 2652 1861 2719">
    <p class='ocr_par' dir='ltr' id='par_1_39' title="bbox 284 2652 1861 2719">
     <span class='ocr_line' id='line_1_39' title="bbox 284 2652 1861 2719; baseline 0.003 -12"><span class='ocrx_word' id='word_1_309' title='bbox 284 2652 378 2707; x_wconf 88' lang='lat' dir='ltr'><strong>sed</strong></span> <span class='ocrx_word' id='word_1_310' title='bbox 402 2652 446 2705; x_wconf 94' lang='lat' dir='ltr'><strong>si</strong></span> <span class='ocrx_word' id='word_1_311' title='bbox 471 2652 562 2705; x_wconf 89' lang='lat' dir='ltr'><strong>tibi</strong></span> <span class='ocrx_word' id='word_1_312' title='bbox 593 2652 660 2705; x_wconf 82' lang='lat' dir='ltr'><strong>ab</strong></span> <span class='ocrx_word' id='word_1_313' title='bbox 680 2666 867 2706; x_wconf 86' lang='lat' dir='ltr'><strong>errore</strong></span> <span class='ocrx_word' id='word_1_314' title='bbox 888 2652 1187 2707; x_wconf 88' lang='lat' dir='ltr'><strong>recedendo</strong></span> <span class='ocrx_word' id='word_1_315' title='bbox 1206 2653 1360 2707; x_wconf 89' lang='lat' dir='ltr'><strong>subdi</strong></span> <span class='ocrx_word' id='word_1_316' title='bbox 1383 2654 1630 2719; x_wconf 83' lang='lat' dir='ltr'><strong>noluerit,</strong></span> <span class='ocrx_word' id='word_1_317' title='bbox 1654 2664 1710 2710; x_wconf 91' lang='lat' dir='ltr'><strong>et</strong></span> <span class='ocrx_word' id='word_1_318' title='bbox 1733 2671 1861 2711; x_wconf 91' lang='lat' dir='ltr'><strong>con-</strong></span> 
     </span>
    </p>
   </div>
   <div class='ocr_carea' id='block_1_40' title="bbox 288 2741 1863 2817">
    <p class='ocr_par' dir='ltr' id='par_1_40' title="bbox 288 2741 1863 2817">
     <span class='ocr_line' id='line_1_40' title="bbox 288 2741 1863 2817; baseline 0.006 -24"><span class='ocrx_word' id='word_1_319' title='bbox 288 2741 556 2795; x_wconf 89' lang='lat' dir='ltr'><strong>tentiones</strong></span> <span class='ocrx_word' id='word_1_320' title='bbox 581 2749 637 2796; x_wconf 89' lang='lat' dir='ltr'><strong>et</strong></span> <span class='ocrx_word' id='word_1_321' title='bbox 665 2741 787 2796; x_wconf 90' lang='lat' dir='ltr'><strong>lites</strong></span> <span class='ocrx_word' id='word_1_322' title='bbox 816 2751 1000 2796; x_wconf 81' lang='lat' dir='ltr'><strong>contra</strong></span> <span class='ocrx_word' id='word_1_323' title='bbox 1029 2751 1080 2797; x_wconf 88' lang='lat' dir='ltr'><strong>te</strong></span> <span class='ocrx_word' id='word_1_324' title='bbox 1101 2758 1285 2798; x_wconf 89' lang='lat' dir='ltr'><strong>coram</strong></span> <span class='ocrx_word' id='word_1_325' title='bbox 1311 2743 1488 2799; x_wconf 80' lang='lat' dir='ltr'><strong>stultis</strong></span> <span class='ocrx_word' id='word_1_326' title='bbox 1523 2753 1580 2801; x_wconf 92' lang='lat' dir='ltr'><strong>et</strong></span> <span class='ocrx_word' id='word_1_327' title='bbox 1606 2747 1863 2817; x_wconf 83' lang='lat' dir='ltr'><strong>insipien-</strong></span> 
     </span>
    </p>
   </div>
   <div class='ocr_carea' id='block_1_41' title="bbox 284 2829 1862 2900">
    <p class='ocr_par' dir='ltr' id='par_1_41' title="bbox 284 2829 1862 2900">
     <span class='ocr_line' id='line_1_41' title="bbox 284 2829 1862 2900; baseline 0.007 -18"><span class='ocrx_word' id='word_1_328' title='bbox 284 2829 428 2884; x_wconf 90' lang='lat' dir='ltr'><strong>tibus</strong></span> <span class='ocrx_word' id='word_1_329' title='bbox 467 2830 771 2900; x_wconf 80' lang='lat' dir='ltr'><strong>agitaverit,</strong></span> <span class='ocrx_word' id='word_1_330' title='bbox 810 2833 879 2887; x_wconf 89' lang='lat' dir='ltr'><strong>ab</strong></span> <span class='ocrx_word' id='word_1_331' title='bbox 918 2832 1171 2887; x_wconf 74' lang='lat' dir='ltr'><strong>Ecclesia:</strong></span> <span class='ocrx_word' id='word_1_332' title='bbox 1200 2836 1576 2892; x_wconf 84' lang='lat' dir='ltr'><strong>communione</strong></span> <span class='ocrx_word' id='word_1_333' title='bbox 1605 2838 1750 2892; x_wconf 91' lang='lat' dir='ltr'><strong>illam</strong></span> <span class='ocrx_word' id='word_1_334' title='bbox 1779 2854 1862 2893; x_wconf 90' lang='lat' dir='ltr'><strong>sc-</strong></span> 
     </span>
    </p>
   </div>
   <div class='ocr_carea' id='block_1_42' title="bbox 282 2920 1856 2994">
    <p class='ocr_par' dir='ltr' id='par_1_42' title="bbox 282 2920 1856 2994">
     <span class='ocr_line' id='line_1_42' title="bbox 282 2920 1856 2994; baseline 0.008 -24"><span class='ocrx_word' id='word_1_335' title='bbox 282 2934 459 2986; x_wconf 90' lang='lat' dir='ltr'><strong>pares,</strong></span> <span class='ocrx_word' id='word_1_336' title='bbox 487 2936 555 2975; x_wconf 91' lang='lat' dir='ltr'><strong>ne</strong></span> <span class='ocrx_word' id='word_1_337' title='bbox 581 2920 721 2975; x_wconf 89' lang='lat' dir='ltr'><strong>ultra</strong></span> <span class='ocrx_word' id='word_1_338' title='bbox 751 2922 819 2974; x_wconf 91' lang='lat' dir='ltr'><strong>ad</strong></span> <span class='ocrx_word' id='word_1_339' title='bbox 847 2922 1026 2975; x_wconf 79' lang='lat' dir='ltr'><strong>luxum</strong></span> <span class='ocrx_word' id='word_1_340' title='bbox 1056 2939 1167 2977; x_wconf 67' lang='lat' dir='ltr'><strong>sum</strong></span> <span class='ocrx_word' id='word_1_341' title='bbox 1202 2925 1487 2994; x_wconf 86' lang='lat' dir='ltr'><strong>pravitatis</strong></span> <span class='ocrx_word' id='word_1_342' title='bbox 1513 2935 1565 2980; x_wconf 90' lang='lat' dir='ltr'><strong>te</strong></span> <span class='ocrx_word' id='word_1_343' title='bbox 1585 2929 1856 2983; x_wconf 87' lang='lat' dir='ltr'><strong>abutatur.</strong></span> 
     </span>
    </p>
   </div>
   <div class='ocr_carea' id='block_1_43' title="bbox 282 3006 1858 3083">
    <p class='ocr_par' dir='ltr' id='par_1_43' title="bbox 282 3006 1858 3083">
     <span class='ocr_line' id='line_1_43' title="bbox 282 3006 1858 3083; baseline 0.008 -23"><span class='ocrx_word' id='word_1_344' title='bbox 282 3006 419 3062; x_wconf 83' lang='lat' dir='ltr'><strong>llinc</strong></span> <span class='ocrx_word' id='word_1_345' title='bbox 443 3024 657 3080; x_wconf 88' lang='lat' dir='ltr'><strong>quoque</strong></span> <span class='ocrx_word' id='word_1_346' title='bbox 685 3011 958 3080; x_wconf 82' lang='lat' dir='ltr'><strong>apostolus</strong></span> <span class='ocrx_word' id='word_1_347' title='bbox 987 3012 1108 3067; x_wconf 86' lang='lat' dir='ltr'><strong>Tito</strong></span> <span class='ocrx_word' id='word_1_348' title='bbox 1130 3013 1303 3083; x_wconf 91' lang='lat' dir='ltr'><strong>jubet,</strong></span> <span class='ocrx_word' id='word_1_349' title='bbox 1330 3024 1389 3069; x_wconf 93' lang='lat' dir='ltr'><strong>ut</strong></span> <span class='ocrx_word' id='word_1_350' title='bbox 1421 3016 1729 3071; x_wconf 80' lang='lat' dir='ltr'><strong>luereticum</strong></span> <span class='ocrx_word' id='word_1_351' title='bbox 1758 3018 1858 3071; x_wconf 92' lang='lat' dir='ltr'><strong>ho-</strong></span> 
     </span>
    </p>
   </div>
   <div class='ocr_carea' id='block_1_44' title="bbox 281 3098 1859 3173">
    <p class='ocr_par' dir='ltr' id='par_1_44' title="bbox 281 3098 1859 3173">
     <span class='ocr_line' id='line_1_44' title="bbox 281 3098 1859 3173; baseline 0.008 -24"><span class='ocrx_word' id='word_1_352' title='bbox 281 3098 482 3152; x_wconf 80' lang='lat' dir='ltr'><strong>minem</strong></span> <span class='ocrx_word' id='word_1_353' title='bbox 512 3108 635 3169; x_wconf 92' lang='lat' dir='ltr'><strong>post</strong></span> <span class='ocrx_word' id='word_1_354' title='bbox 665 3116 825 3154; x_wconf 87' lang='lat' dir='ltr'><strong>unam</strong></span> <span class='ocrx_word' id='word_1_355' title='bbox 871 3111 925 3155; x_wconf 95' lang='lat' dir='ltr'><strong>ct</strong></span> <span class='ocrx_word' id='word_1_356' title='bbox 971 3103 1256 3157; x_wconf 88' lang='lat' dir='ltr'><strong>secundam</strong></span> <span class='ocrx_word' id='word_1_357' title='bbox 1280 3106 1673 3173; x_wconf 88' lang='lat' dir='ltr'><strong>correptionem</strong></span> <span class='ocrx_word' id='word_1_358' title='bbox 1710 3107 1859 3161; x_wconf 88' lang='lat' dir='ltr'><strong>devi—</strong></span> 
     </span>
    </p>
   </div>
   <div class='ocr_carea' id='block_1_45' title="bbox 1960 1925 2511 1994">
    <p class='ocr_par' dir='ltr' id='par_1_45' title="bbox 1960 1925 2511 1994">
     <span class='ocr_line' id='line_1_45' title="bbox 1960 1925 2511 1994; baseline 0.005 -16"><span class='ocrx_word' id='word_1_359' title='bbox 1960 1925 2122 1979; x_wconf 88' lang='lat' dir='ltr'><strong>stium</strong></span> <span class='ocrx_word' id='word_1_360' title='bbox 2146 1926 2511 1994; x_wconf 57' lang='lat' dir='ltr'><strong>praemiorum.</strong></span> 
     </span>
    </p>
   </div>
   <div class='ocr_carea' id='block_1_46' title="bbox 2036 2015 3536 2083">
    <p class='ocr_par' dir='ltr' id='par_1_46' title="bbox 2036 2015 3536 2083">
     <span class='ocr_line' id='line_1_46' title="bbox 2036 2015 3536 2083; baseline 0.009 -18"><span class='ocrx_word' id='word_1_361' title='bbox 2036 2033 2054 2064; x_wconf 73' lang='grc' dir='ltr'><strong>ι</strong></span> <span class='ocrx_word' id='word_1_362' title='bbox 2088 2015 2276 2071; x_wconf 83' lang='lat' dir='ltr'><strong>Mulier</strong></span> <span class='ocrx_word' id='word_1_363' title='bbox 2324 2016 2479 2072; x_wconf 89' lang='lat' dir='ltr'><strong>fortis</strong></span> <span class='ocrx_word' id='word_1_364' title='bbox 2529 2017 2765 2074; x_wconf 88' lang='lat' dir='ltr'><strong>oblectat</strong></span> <span class='ocrx_word' id='word_1_365' title='bbox 2807 2020 2981 2075; x_wconf 90' lang='lat' dir='ltr'><strong>virum</strong></span> <span class='ocrx_word' id='word_1_366' title='bbox 3035 2036 3214 2083; x_wconf 90' lang='lat' dir='ltr'><strong>suum,</strong></span> <span class='ocrx_word' id='word_1_367' title='bbox 3264 2031 3321 2077; x_wconf 92' lang='lat' dir='ltr'><strong>et</strong></span> <span class='ocrx_word' id='word_1_368' title='bbox 3366 2038 3536 2078; x_wconf 86' lang='lat' dir='ltr'><strong>annos</strong></span> 
     </span>
    </p>
   </div>
   <div class='ocr_carea' id='block_1_47' title="bbox 1964 2105 3536 2178">
    <p class='ocr_par' dir='ltr' id='par_1_47' title="bbox 1964 2105 3536 2178">
     <span class='ocr_line' id='line_1_47' title="bbox 1964 2105 3536 2178; baseline 0.006 -21"><span class='ocrx_word' id='word_1_369' title='bbox 1964 2123 1985 2155; x_wconf 71' lang='grc' dir='ltr'><strong>ι</strong></span> <span class='ocrx_word' id='word_1_370' title='bbox 2016 2107 2140 2159; x_wconf 65' lang='lat' dir='ltr'><strong>vitae</strong></span> <span class='ocrx_word' id='word_1_371' title='bbox 2166 2105 2308 2159; x_wconf 89' lang='lat' dir='ltr'><strong>illius</strong></span> <span class='ocrx_word' id='word_1_372' title='bbox 2339 2106 2392 2160; x_wconf 93' lang='lat' dir='ltr'><strong>in</strong></span> <span class='ocrx_word' id='word_1_373' title='bbox 2420 2122 2552 2177; x_wconf 88' lang='lat' dir='ltr'><strong>pace</strong></span> <span class='ocrx_word' id='word_1_374' title='bbox 2590 2108 2850 2178; x_wconf 88' lang='lat' dir='ltr'><strong>implebit.</strong></span> <span class='ocrx_word' id='word_1_375' title='bbox 2889 2130 2907 2162; x_wconf 77' lang='grc' dir='ltr'><strong>ι</strong></span> <span class='ocrx_word' id='word_1_376' title='bbox 2939 2110 3233 2166; x_wconf 85' lang='lat' dir='ltr'><strong>Delectatio</strong></span> <span class='ocrx_word' id='word_1_377' title='bbox 3269 2122 3349 2166; x_wconf 89' lang='lat' dir='ltr'><strong>est</strong></span> <span class='ocrx_word' id='word_1_378' title='bbox 3391 2113 3536 2167; x_wconf 90' lang='lat' dir='ltr'><strong>enim</strong></span> 
     </span>
    </p>
   </div>
   <div class='ocr_carea' id='block_1_48' title="bbox 1958 2196 3537 2270">
    <p class='ocr_par' dir='ltr' id='par_1_48' title="bbox 1958 2196 3537 2270">
     <span class='ocr_line' id='line_1_48' title="bbox 1958 2196 3537 2270; baseline 0.004 -18"><span class='ocrx_word' id='word_1_379' title='bbox 1958 2196 2157 2252; x_wconf 88' lang='lat' dir='ltr'><strong>Christi</strong></span> <span class='ocrx_word' id='word_1_380' title='bbox 2187 2196 2444 2252; x_wconf 84' lang='lat' dir='ltr'><strong>fortitudo</strong></span> <span class='ocrx_word' id='word_1_381' title='bbox 2479 2197 2753 2265; x_wconf 78' lang='lat' dir='ltr'><strong>Ecclesiae,</strong></span> <span class='ocrx_word' id='word_1_382' title='bbox 2782 2215 2945 2270; x_wconf 87' lang='lat' dir='ltr'><strong>quam</strong></span> <span class='ocrx_word' id='word_1_383' title='bbox 2976 2200 3065 2254; x_wconf 92' lang='lat' dir='ltr'><strong>illa</strong></span> <span class='ocrx_word' id='word_1_384' title='bbox 3092 2217 3199 2255; x_wconf 94' lang='lat' dir='ltr'><strong>non</strong></span> <span class='ocrx_word' id='word_1_385' title='bbox 3228 2217 3294 2257; x_wconf 82' lang='lat' dir='ltr'><strong>ex</strong></span> <span class='ocrx_word' id='word_1_386' title='bbox 3334 2211 3537 2257; x_wconf 89' lang='lat' dir='ltr'><strong>semet-</strong></span> 
     </span>
    </p>
   </div>
   <div class='ocr_carea' id='block_1_49' title="bbox 1959 2287 3535 2359">
    <p class='ocr_par' dir='ltr' id='par_1_49' title="bbox 1959 2287 3535 2359">
     <span class='ocr_line' id='line_1_49' title="bbox 1959 2287 3535 2359; baseline 0.002 -18"><span class='ocrx_word' id='word_1_387' title='bbox 1959 2287 2096 2357; x_wconf 89' lang='lat' dir='ltr'><strong>ipsa,</strong></span> <span class='ocrx_word' id='word_1_388' title='bbox 2138 2287 2231 2341; x_wconf 89' lang='lat' dir='ltr'><strong>sed</strong></span> <span class='ocrx_word' id='word_1_389' title='bbox 2253 2304 2316 2341; x_wconf 75' lang='lat' dir='ltr'><strong>ex</strong></span> <span class='ocrx_word' id='word_1_390' title='bbox 2348 2287 2464 2357; x_wconf 89' lang='lat' dir='ltr'><strong>ejus</strong></span> <span class='ocrx_word' id='word_1_391' title='bbox 2514 2289 2655 2343; x_wconf 91' lang='lat' dir='ltr'><strong>dono</strong></span> <span class='ocrx_word' id='word_1_392' title='bbox 2686 2289 2867 2354; x_wconf 84' lang='lat' dir='ltr'><strong>habet,</strong></span> <span class='ocrx_word' id='word_1_393' title='bbox 2898 2290 2988 2359; x_wconf 92' lang='lat' dir='ltr'><strong>qui</strong></span> <span class='ocrx_word' id='word_1_394' title='bbox 3025 2298 3080 2345; x_wconf 90' lang='lat' dir='ltr'><strong>et</strong></span> <span class='ocrx_word' id='word_1_395' title='bbox 3111 2305 3281 2345; x_wconf 91' lang='lat' dir='ltr'><strong>annos</strong></span> <span class='ocrx_word' id='word_1_396' title='bbox 3311 2291 3452 2347; x_wconf 93' lang='lat' dir='ltr'><strong>illius</strong></span> <span class='ocrx_word' id='word_1_397' title='bbox 3482 2293 3535 2345; x_wconf 94' lang='lat' dir='ltr'><strong>in</strong></span> 
     </span>
    </p>
   </div>
   <div class='ocr_carea' id='block_1_50' title="bbox 1959 2376 3538 2449">
    <p class='ocr_par' dir='ltr' id='par_1_50' title="bbox 1959 2376 3538 2449">
     <span class='ocr_line' id='line_1_50' title="bbox 1959 2376 3538 2449; baseline 0.003 -18"><span class='ocrx_word' id='word_1_398' title='bbox 1959 2392 2090 2447; x_wconf 90' lang='lat' dir='ltr'><strong>pace</strong></span> <span class='ocrx_word' id='word_1_399' title='bbox 2126 2376 2457 2447; x_wconf 86' lang='lat' dir='ltr'><strong>adimplebit,</strong></span> <span class='ocrx_word' id='word_1_400' title='bbox 2495 2393 2618 2432; x_wconf 91' lang='lat' dir='ltr'><strong>eum</strong></span> <span class='ocrx_word' id='word_1_401' title='bbox 2647 2379 2699 2432; x_wconf 93' lang='lat' dir='ltr'><strong>iu</strong></span> <span class='ocrx_word' id='word_1_402' title='bbox 2730 2380 2978 2448; x_wconf 61' lang='lat' dir='ltr'><strong>praesenti</strong></span> <span class='ocrx_word' id='word_1_403' title='bbox 3003 2379 3151 2449; x_wconf 89' lang='lat' dir='ltr'><strong>pacis</strong></span> <span class='ocrx_word' id='word_1_404' title='bbox 3177 2394 3288 2434; x_wconf 72' lang='lat' dir='ltr'><strong>sua:</strong></span> <span class='ocrx_word' id='word_1_405' title='bbox 3317 2396 3538 2437; x_wconf 90' lang='lat' dir='ltr'><strong>munere</strong></span> 
     </span>
    </p>
   </div>
   <div class='ocr_carea' id='block_1_51' title="bbox 1959 2466 3540 2538">
    <p class='ocr_par' dir='ltr' id='par_1_51' title="bbox 1959 2466 3540 2538">
     <span class='ocr_line' id='line_1_51' title="bbox 1959 2466 3540 2538; baseline 0.002 -17"><span class='ocrx_word' id='word_1_406' title='bbox 1959 2481 2079 2521; x_wconf 90' lang='lat' dir='ltr'><strong>eam</strong></span> <span class='ocrx_word' id='word_1_407' title='bbox 2101 2466 2313 2530; x_wconf 76' lang='lat' dir='ltr'><strong>(litabit,</strong></span> <span class='ocrx_word' id='word_1_408' title='bbox 2344 2475 2399 2520; x_wconf 92' lang='lat' dir='ltr'><strong>ct</strong></span> <span class='ocrx_word' id='word_1_409' title='bbox 2419 2475 2539 2535; x_wconf 85' lang='lat' dir='ltr'><strong>post</strong></span> <span class='ocrx_word' id='word_1_410' title='bbox 2563 2466 2700 2521; x_wconf 88' lang='lat' dir='ltr'><strong>hanc</strong></span> <span class='ocrx_word' id='word_1_411' title='bbox 2721 2468 2886 2521; x_wconf 88' lang='lat' dir='ltr'><strong>vitam</strong></span> <span class='ocrx_word' id='word_1_412' title='bbox 2910 2468 2963 2521; x_wconf 91' lang='lat' dir='ltr'><strong>iu</strong></span> <span class='ocrx_word' id='word_1_413' title='bbox 2984 2476 3185 2522; x_wconf 80' lang='lat' dir='ltr'><strong>:eterna</strong></span> <span class='ocrx_word' id='word_1_414' title='bbox 3211 2469 3390 2538; x_wconf 91' lang='lat' dir='ltr'><strong>quiete</strong></span> <span class='ocrx_word' id='word_1_415' title='bbox 3412 2485 3540 2524; x_wconf 90' lang='lat' dir='ltr'><strong>san-</strong></span> 
     </span>
    </p>
   </div>
   <div class='ocr_carea' id='block_1_52' title="bbox 1958 2555 3538 2626">
    <p class='ocr_par' dir='ltr' id='par_1_52' title="bbox 1958 2555 3538 2626">
     <span class='ocr_line' id='line_1_52' title="bbox 1958 2555 3538 2626; baseline 0.002 -16"><span class='ocrx_word' id='word_1_416' title='bbox 1958 2555 2061 2611; x_wconf 87' lang='lat' dir='ltr'><strong>ctis</strong></span> <span class='ocrx_word' id='word_1_417' title='bbox 2083 2555 2284 2626; x_wconf 80' lang='lat' dir='ltr'><strong>angelis</strong></span> <span class='ocrx_word' id='word_1_418' title='bbox 2314 2555 2642 2624; x_wconf 69' lang='lat' dir='ltr'><strong>adzequando</strong></span> <span class='ocrx_word' id='word_1_419' title='bbox 2683 2555 2923 2626; x_wconf 77' lang='lat' dir='ltr'><strong>perfecta</strong></span> <span class='ocrx_word' id='word_1_420' title='bbox 2961 2572 3096 2626; x_wconf 85' lang='lat' dir='ltr'><strong>pace</strong></span> <span class='ocrx_word' id='word_1_421' title='bbox 3115 2559 3538 2626; x_wconf 87' lang='lat' dir='ltr'><strong>consummabit,</strong></span> 
     </span>
    </p>
   </div>
   <div class='ocr_carea' id='block_1_53' title="bbox 1954 2644 3536 2717">
    <p class='ocr_par' dir='ltr' id='par_1_53' title="bbox 1954 2644 3536 2717">
     <span class='ocr_line' id='line_1_53' title="bbox 1954 2644 3536 2717; baseline 0.003 -18"><span class='ocrx_word' id='word_1_422' title='bbox 1954 2644 2107 2715; x_wconf 76' lang='lat' dir='ltr'><strong>juxta</strong></span> <span class='ocrx_word' id='word_1_423' title='bbox 2154 2644 2280 2700; x_wconf 90' lang='lat' dir='ltr'><strong>illud</strong></span> <span class='ocrx_word' id='word_1_424' title='bbox 2316 2646 2458 2714; x_wconf 91' lang='lat' dir='ltr'><strong>quod</strong></span> <span class='ocrx_word' id='word_1_425' title='bbox 2501 2646 2616 2715; x_wconf 89' lang='lat' dir='ltr'><strong>ipsc</strong></span> <span class='ocrx_word' id='word_1_426' title='bbox 2656 2646 2708 2701; x_wconf 93' lang='lat' dir='ltr'><strong>in</strong></span> <span class='ocrx_word' id='word_1_427' title='bbox 2751 2647 3038 2717; x_wconf 84' lang='lat' dir='ltr'><strong>Evangelio</strong></span> <span class='ocrx_word' id='word_1_428' title='bbox 3086 2646 3363 2716; x_wconf 89' lang='lat' dir='ltr'><strong>discipulis</strong></span> <span class='ocrx_word' id='word_1_429' title='bbox 3411 2648 3536 2703; x_wconf 87' lang='lat' dir='ltr'><strong>ait:</strong></span> 
     </span>
    </p>
   </div>
   <div class='ocr_carea' id='block_1_54' title="bbox 1966 2734 3532 2806">
    <p class='ocr_par' dir='ltr' id='par_1_54' title="bbox 1966 2734 3532 2806">
     <span class='ocr_line' id='line_1_54' title="bbox 1966 2734 3532 2806; baseline 0.004 -21"><span class='ocrx_word' id='word_1_430' title='bbox 1966 2754 1983 2785; x_wconf 73' lang='grc' dir='ltr'><strong><em>ο</em></strong></span> <span class='ocrx_word' id='word_1_431' title='bbox 2013 2735 2206 2789; x_wconf 86' lang='lat' dir='ltr'><strong>Pacem</strong></span> <span class='ocrx_word' id='word_1_432' title='bbox 2229 2735 2474 2803; x_wconf 88' lang='lat' dir='ltr'><strong>relinquo</strong></span> <span class='ocrx_word' id='word_1_433' title='bbox 2490 2735 2659 2799; x_wconf 87' lang='lat' dir='ltr'><strong>vobis,</strong></span> <span class='ocrx_word' id='word_1_434' title='bbox 2686 2751 2871 2805; x_wconf 81' lang='lat' dir='ltr'><strong>paceni</strong></span> <span class='ocrx_word' id='word_1_435' title='bbox 2895 2750 3069 2790; x_wconf 86' lang='lat' dir='ltr'><strong>meam</strong></span> <span class='ocrx_word' id='word_1_436' title='bbox 3089 2734 3160 2789; x_wconf 91' lang='lat' dir='ltr'><strong>do</strong></span> <span class='ocrx_word' id='word_1_437' title='bbox 3181 2736 3332 2790; x_wconf 86' lang='lat' dir='ltr'><strong>vobis</strong></span> <span class='ocrx_word' id='word_1_438' title='bbox 3352 2735 3532 2806; x_wconf 75' lang='lat' dir='ltr'><strong>(lacn.</strong></span> 
     </span>
    </p>
   </div>
   <div class='ocr_carea' id='block_1_55' title="bbox 1961 2824 3537 2895">
    <p class='ocr_par' dir='ltr' id='par_1_55' title="bbox 1961 2824 3537 2895">
     <span class='ocr_line' id='line_1_55' title="bbox 1961 2824 3537 2895; baseline 0.001 -16"><span class='ocrx_word' id='word_1_439' title='bbox 1961 2828 2075 2895; x_wconf 78' lang='lat' dir='ltr'><strong>xw)</strong></span> <span class='ocrx_word' id='word_1_440' title='bbox 2101 2844 2114 2879; x_wconf 92' lang='lat'><strong>:</strong></span> <span class='ocrx_word' id='word_1_441' title='bbox 2153 2845 2170 2877; x_wconf 77' lang='grc' dir='ltr'><strong>ι</strong></span> <span class='ocrx_word' id='word_1_442' title='bbox 2202 2840 2266 2880; x_wconf 90' lang='lat' dir='ltr'><strong>ac</strong></span> <span class='ocrx_word' id='word_1_443' title='bbox 2292 2825 2337 2879; x_wconf 90' lang='lat' dir='ltr'><strong>si</strong></span> <span class='ocrx_word' id='word_1_444' title='bbox 2359 2824 2596 2879; x_wconf 89' lang='lat' dir='ltr'><strong>diceret:</strong></span> <span class='ocrx_word' id='word_1_445' title='bbox 2629 2824 2728 2879; x_wconf 92' lang='lat' dir='ltr'><strong>llic</strong></span> <span class='ocrx_word' id='word_1_446' title='bbox 2751 2825 3017 2895; x_wconf 73' lang='lat' dir='ltr'><strong>relinquo,</strong></span> <span class='ocrx_word' id='word_1_447' title='bbox 3046 2824 3154 2878; x_wconf 92' lang='lat' dir='ltr'><strong>illic</strong></span> <span class='ocrx_word' id='word_1_448' title='bbox 3177 2825 3275 2889; x_wconf 92' lang='lat' dir='ltr'><strong>do;</strong></span> <span class='ocrx_word' id='word_1_449' title='bbox 3308 2839 3537 2895; x_wconf 85' lang='lat' dir='ltr'><strong>sequen-</strong></span> 
     </span>
    </p>
   </div>
   <div class='ocr_carea' id='block_1_56' title="bbox 1961 2918 3538 2988">
    <p class='ocr_par' dir='ltr' id='par_1_56' title="bbox 1961 2918 3538 2988">
     <span class='ocr_line' id='line_1_56' title="bbox 1961 2918 3538 2988; baseline 0.001 -15"><span class='ocrx_word' id='word_1_450' title='bbox 1961 2919 2102 2973; x_wconf 92' lang='lat' dir='ltr'><strong>tibus</strong></span> <span class='ocrx_word' id='word_1_451' title='bbox 2150 2918 2415 2987; x_wconf 82' lang='lat' dir='ltr'><strong>relinquo,</strong></span> <span class='ocrx_word' id='word_1_452' title='bbox 2444 2919 2880 2988; x_wconf 87' lang='lat' dir='ltr'><strong>pcrvenientibus</strong></span> <span class='ocrx_word' id='word_1_453' title='bbox 2917 2921 3003 2975; x_wconf 92' lang='lat' dir='ltr'><strong>do.</strong></span> <span class='ocrx_word' id='word_1_454' title='bbox 3045 2921 3122 2976; x_wconf 89' lang='lat' dir='ltr'><strong>De</strong></span> <span class='ocrx_word' id='word_1_455' title='bbox 3162 2922 3265 2976; x_wconf 88' lang='lat' dir='ltr'><strong>hac</strong></span> <span class='ocrx_word' id='word_1_456' title='bbox 3310 2919 3538 2974; x_wconf 87' lang='lat' dir='ltr'><strong>muliere</strong></span> 
     </span>
    </p>
   </div>
   <div class='ocr_carea' id='block_1_57' title="bbox 1960 3006 3535 3079">
    <p class='ocr_par' dir='ltr' id='par_1_57' title="bbox 1960 3006 3535 3079">
     <span class='ocr_line' id='line_1_57' title="bbox 1960 3006 3535 3079; baseline 0.001 -18"><span class='ocrx_word' id='word_1_457' title='bbox 1960 3007 2082 3061; x_wconf 86' lang='lat' dir='ltr'><strong>forti</strong></span> <span class='ocrx_word' id='word_1_458' title='bbox 2109 3015 2166 3061; x_wconf 88' lang='lat' dir='ltr'><strong>et</strong></span> <span class='ocrx_word' id='word_1_459' title='bbox 2203 3006 2256 3059; x_wconf 92' lang='lat' dir='ltr'><strong>in</strong></span> <span class='ocrx_word' id='word_1_460' title='bbox 2300 3006 2606 3062; x_wconf 88' lang='lat' dir='ltr'><strong>Proverbiis</strong></span> <span class='ocrx_word' id='word_1_461' title='bbox 2636 3009 2712 3063; x_wconf 89' lang='lat' dir='ltr'><strong>ita</strong></span> <span class='ocrx_word' id='word_1_462' title='bbox 2751 3010 3009 3079; x_wconf 89' lang='lat' dir='ltr'><strong>scriptum</strong></span> <span class='ocrx_word' id='word_1_463' title='bbox 3047 3020 3168 3065; x_wconf 89' lang='lat' dir='ltr'><strong>est:</strong></span> <span class='ocrx_word' id='word_1_464' title='bbox 3205 3029 3229 3061; x_wconf 74' lang='grc' dir='ltr'><strong>ι</strong></span> <span class='ocrx_word' id='word_1_465' title='bbox 3262 3009 3535 3064; x_wconf 84' lang='lat' dir='ltr'><strong>Mulierem</strong></span> 
     </span>
    </p>
   </div>
   <div class='ocr_carea' id='block_1_58' title="bbox 1961 3097 3539 3168">
    <p class='ocr_par' dir='ltr' id='par_1_58' title="bbox 1961 3097 3539 3168">
     <span class='ocr_line' id='line_1_58' title="bbox 1961 3097 3539 3168; baseline 0.003 -18"><span class='ocrx_word' id='word_1_466' title='bbox 1961 3097 2156 3152; x_wconf 80' lang='lat' dir='ltr'><strong>fortem</strong></span> <span class='ocrx_word' id='word_1_467' title='bbox 2198 3097 2319 3166; x_wconf 93' lang='lat' dir='ltr'><strong>quis</strong></span> <span class='ocrx_word' id='word_1_468' title='bbox 2355 3097 2622 3152; x_wconf 79' lang='lat' dir='ltr'><strong>inveniet?</strong></span> <span class='ocrx_word' id='word_1_469' title='bbox 2663 3099 2847 3168; x_wconf 89' lang='lat' dir='ltr'><strong>procul</strong></span> <span class='ocrx_word' id='word_1_470' title='bbox 2894 3108 2949 3154; x_wconf 90' lang='lat' dir='ltr'><strong>et</strong></span> <span class='ocrx_word' id='word_1_471' title='bbox 2989 3102 3055 3155; x_wconf 92' lang='lat' dir='ltr'><strong>de</strong></span> <span class='ocrx_word' id='word_1_472' title='bbox 3101 3100 3303 3156; x_wconf 88' lang='lat' dir='ltr'><strong>ultimis</strong></span> <span class='ocrx_word' id='word_1_473' title='bbox 3344 3100 3539 3155; x_wconf 89' lang='lat' dir='ltr'><strong>ﬁnibus</strong></span> 
     </span>
    </p>
   </div>
   <div class='ocr_carea' id='block_1_59' title="bbox 284 3156 1856 3265">
    <p class='ocr_par' dir='ltr' id='par_1_59' title="bbox 284 3188 1856 3265">
     <span class='ocr_line' id='line_1_59' title="bbox 284 3188 1856 3265; baseline 0.009 -25"><span class='ocrx_word' id='word_1_474' title='bbox 284 3194 383 3265; x_wconf 86' lang='lat' dir='ltr'><strong>t_ct,</strong></span> <span class='ocrx_word' id='word_1_475' title='bbox 415 3188 594 3243; x_wconf 88' lang='lat' dir='ltr'><strong>sciens</strong></span> <span class='ocrx_word' id='word_1_476' title='bbox 621 3189 746 3258; x_wconf 89' lang='lat' dir='ltr'><strong>quia</strong></span> <span class='ocrx_word' id='word_1_477' title='bbox 795 3191 1084 3246; x_wconf 82' lang='lat' dir='ltr'><strong>subversas</strong></span> <span class='ocrx_word' id='word_1_478' title='bbox 1110 3201 1194 3246; x_wconf 84' lang='lat' dir='ltr'><strong>est</strong></span> <span class='ocrx_word' id='word_1_479' title='bbox 1236 3194 1328 3262; x_wconf 87' lang='lat' dir='ltr'><strong>qui</strong></span> <span class='ocrx_word' id='word_1_480' title='bbox 1374 3194 1635 3264; x_wconf 86' lang='lat' dir='ltr'><strong>ejusmodi</strong></span> <span class='ocrx_word' id='word_1_481' title='bbox 1663 3206 1766 3265; x_wconf 90' lang='lat' dir='ltr'><strong>est,</strong></span> <span class='ocrx_word' id='word_1_482' title='bbox 1802 3208 1856 3255; x_wconf 90' lang='lat' dir='ltr'><strong>et</strong></span> 
     </span>
    </p>
   </div>
   <div class='ocr_carea' id='block_1_60' title="bbox 1958 3156 3539 3265">
    <p class='ocr_par' dir='ltr' id='par_1_60' title="bbox 1958 3156 3539 3260">
     <span class='ocr_line' id='line_1_60' title="bbox 1958 3156 3539 3260; baseline 0.001 -19"><span class='ocrx_word' id='word_1_483' title='bbox 1958 3186 2188 3257; x_wconf 89' lang='lat' dir='ltr'><strong>pretium</strong></span> <span class='ocrx_word' id='word_1_484' title='bbox 2216 3156 2353 3257; x_wconf 67' lang='lat' dir='ltr'><strong>ejus.</strong></span> <span class='ocrx_word' id='word_1_485' title='bbox 2401 3187 2635 3243; x_wconf 84' lang='lat' dir='ltr'><strong>Conﬁdit</strong></span> <span class='ocrx_word' id='word_1_486' title='bbox 2664 3156 2721 3242; x_wconf 82' lang='lat' dir='ltr'><strong>in</strong></span> <span class='ocrx_word' id='word_1_487' title='bbox 2775 3204 2838 3244; x_wconf 88' lang='lat' dir='ltr'><strong>ea</strong></span> <span class='ocrx_word' id='word_1_488' title='bbox 2864 3204 2959 3245; x_wconf 87' lang='lat' dir='ltr'><strong>cor</strong></span> <span class='ocrx_word' id='word_1_489' title='bbox 2989 3191 3093 3245; x_wconf 86' lang='lat' dir='ltr'><strong>viri</strong></span> <span class='ocrx_word' id='word_1_490' title='bbox 3134 3191 3239 3256; x_wconf 85' lang='lat' dir='ltr'><strong>sui,</strong></span> <span class='ocrx_word' id='word_1_491' title='bbox 3271 3198 3326 3245; x_wconf 90' lang='lat' dir='ltr'><strong>et</strong></span> <span class='ocrx_word' id='word_1_492' title='bbox 3352 3190 3539 3260; x_wconf 85' lang='lat' dir='ltr'><strong>spoliis</strong></span> 
     </span>
    </p>
   </div>
   <div class='ocr_carea' id='block_1_61' title="bbox 280 3255 1862 3359">
    <p class='ocr_par' dir='ltr' id='par_1_61' title="bbox 280 3255 1862 3359">
     <span class='ocr_line' id='line_1_61' title="bbox 280 3255 1862 3359; baseline 0.011 -31"><span class='ocrx_word' id='word_1_493' title='bbox 280 3255 507 3344; x_wconf 75' lang='lat' dir='ltr'><strong>deliquit</strong></span> <span class='ocrx_word' id='word_1_494' title='bbox 546 3255 765 3350; x_wconf 82' lang='lat' dir='ltr'><strong>proprio</strong></span> <span class='ocrx_word' id='word_1_495' title='bbox 806 3281 1009 3351; x_wconf 92' lang='lat' dir='ltr'><strong>judicio</strong></span> <span class='ocrx_word' id='word_1_496' title='bbox 1042 3255 1426 3341; x_wconf 76' lang='lat' dir='ltr'><strong>condemnatus</strong></span> <span class='ocrx_word' id='word_1_497' title='bbox 1462 3286 1590 3357; x_wconf 80' lang='lat' dir='ltr'><strong>(Tit.</strong></span> <span class='ocrx_word' id='word_1_498' title='bbox 1644 3255 1764 3359; x_wconf 43' lang='lat' dir='ltr'><strong>Ill):</strong></span> <span class='ocrx_word' id='word_1_499' title='bbox 1792 3291 1862 3346; x_wconf 84' lang='lat' dir='ltr'><strong>Et</strong></span> 
     </span>
    </p>
   </div>
   <div class='ocr_carea' id='block_1_62' title="bbox 276 3367 1858 3449">
    <p class='ocr_par' dir='ltr' id='par_1_62' title="bbox 276 3367 1858 3449">
     <span class='ocr_line' id='line_1_62' title="bbox 276 3367 1858 3449; baseline 0.01 -28"><span class='ocrx_word' id='word_1_500' title='bbox 276 3367 514 3423; x_wconf 83' lang='lat' dir='ltr'><strong>Joannes</strong></span> <span class='ocrx_word' id='word_1_501' title='bbox 537 3370 589 3423; x_wconf 93' lang='lat' dir='ltr'><strong>in</strong></span> <span class='ocrx_word' id='word_1_502' title='bbox 610 3371 832 3439; x_wconf 82' lang='lat' dir='ltr'><strong>epistola</strong></span> <span class='ocrx_word' id='word_1_503' title='bbox 867 3387 965 3427; x_wconf 90' lang='lat' dir='ltr'><strong>sua</strong></span> <span class='ocrx_word' id='word_1_504' title='bbox 992 3382 1192 3439; x_wconf 91' lang='lat' dir='ltr'><strong>monet,</strong></span> <span class='ocrx_word' id='word_1_505' title='bbox 1220 3384 1279 3429; x_wconf 90' lang='lat' dir='ltr'><strong>ut</strong></span> <span class='ocrx_word' id='word_1_506' title='bbox 1305 3392 1405 3432; x_wconf 91' lang='lat' dir='ltr'><strong>nec</strong></span> <span class='ocrx_word' id='word_1_507' title='bbox 1432 3394 1531 3433; x_wconf 89' lang='lat' dir='ltr'><strong>ave</strong></span> <span class='ocrx_word' id='word_1_508' title='bbox 1556 3379 1858 3449; x_wconf 80' lang='lat' dir='ltr'><strong>hujusniodi</strong></span> 
     </span>
    </p>
   </div>
   <div class='ocr_carea' id='block_1_63' title="bbox 284 3457 1858 3541">
    <p class='ocr_par' dir='ltr' id='par_1_63' title="bbox 284 3457 1858 3541">
     <span class='ocr_line' id='line_1_63' title="bbox 284 3457 1858 3541; baseline 0.011 -33"><span class='ocrx_word' id='word_1_509' title='bbox 284 3457 591 3513; x_wconf 91' lang='lat' dir='ltr'><strong>hominibus</strong></span> <span class='ocrx_word' id='word_1_510' title='bbox 617 3458 880 3527; x_wconf 88' lang='lat' dir='ltr'><strong>dicamus,</strong></span> <span class='ocrx_word' id='word_1_511' title='bbox 914 3477 1013 3518; x_wconf 92' lang='lat' dir='ltr'><strong>nec</strong></span> <span class='ocrx_word' id='word_1_512' title='bbox 1039 3480 1132 3519; x_wconf 89' lang='lat' dir='ltr'><strong>eos</strong></span> <span class='ocrx_word' id='word_1_513' title='bbox 1172 3465 1229 3519; x_wconf 91' lang='lat' dir='ltr'><strong>in</strong></span> <span class='ocrx_word' id='word_1_514' title='bbox 1256 3466 1472 3522; x_wconf 90' lang='lat' dir='ltr'><strong>domum</strong></span> <span class='ocrx_word' id='word_1_515' title='bbox 1515 3470 1858 3541; x_wconf 85' lang='lat' dir='ltr'><strong>recipiamus.</strong></span> 
     </span>
    </p>
   </div>
   <div class='ocr_carea' id='block_1_64' title="bbox 281 3539 1858 3630">
    <p class='ocr_par' dir='ltr' id='par_1_64' title="bbox 281 3539 1858 3630">
     <span class='ocr_line' id='line_1_64' title="bbox 281 3539 1858 3630; baseline 0.013 -33"><span class='ocrx_word' id='word_1_516' title='bbox 281 3539 398 3599; x_wconf 79' lang='lat' dir='ltr'><strong>Non</strong></span> <span class='ocrx_word' id='word_1_517' title='bbox 444 3557 529 3601; x_wconf 91' lang='lat' dir='ltr'><strong>est</strong></span> <span class='ocrx_word' id='word_1_518' title='bbox 564 3562 695 3617; x_wconf 86' lang='lat' dir='ltr'><strong>ergo</strong></span> <span class='ocrx_word' id='word_1_519' title='bbox 739 3551 862 3607; x_wconf 87' lang='lat' dir='ltr'><strong>huic</strong></span> <span class='ocrx_word' id='word_1_520' title='bbox 910 3551 1030 3608; x_wconf 88' lang='lat' dir='ltr'><strong>loco</strong></span> <span class='ocrx_word' id='word_1_521' title='bbox 1071 3555 1399 3611; x_wconf 89' lang='lat' dir='ltr'><strong>contrarium</strong></span> <span class='ocrx_word' id='word_1_522' title='bbox 1448 3558 1578 3614; x_wconf 92' lang='lat' dir='ltr'><strong>illud</strong></span> <span class='ocrx_word' id='word_1_523' title='bbox 1622 3539 1763 3630; x_wconf 85' lang='lat' dir='ltr'><strong>quod</strong></span> <span class='ocrx_word' id='word_1_524' title='bbox 1802 3562 1858 3617; x_wconf 91' lang='lat' dir='ltr'><strong>in</strong></span> 
     </span>
    </p>
   </div>
   <div class='ocr_carea' id='block_1_65' title="bbox 282 3636 1858 3717">
    <p class='ocr_par' dir='ltr' id='par_1_65' title="bbox 282 3636 1858 3717">
     <span class='ocr_line' id='line_1_65' title="bbox 282 3636 1858 3717; baseline 0.013 -27"><span class='ocrx_word' id='word_1_525' title='bbox 282 3636 589 3695; x_wconf 85' lang='lat' dir='ltr'><strong>Proverbiis</strong></span> <span class='ocrx_word' id='word_1_526' title='bbox 616 3642 875 3712; x_wconf 90' lang='lat' dir='ltr'><strong>scriptum</strong></span> <span class='ocrx_word' id='word_1_527' title='bbox 902 3653 987 3699; x_wconf 88' lang='lat' dir='ltr'><strong>est</strong></span> <span class='ocrx_word' id='word_1_528' title='bbox 1019 3662 1034 3700; x_wconf 91' lang='lat'><strong>:</strong></span> <span class='ocrx_word' id='word_1_529' title='bbox 1076 3664 1095 3697; x_wconf 77' lang='grc' dir='ltr'><strong>ι</strong></span> <span class='ocrx_word' id='word_1_530' title='bbox 1135 3647 1264 3702; x_wconf 74' lang='lat' dir='ltr'><strong>Bibe</strong></span> <span class='ocrx_word' id='word_1_531' title='bbox 1302 3663 1498 3717; x_wconf 89' lang='lat' dir='ltr'><strong>aquam</strong></span> <span class='ocrx_word' id='word_1_532' title='bbox 1532 3651 1597 3706; x_wconf 92' lang='lat' dir='ltr'><strong>de</strong></span> <span class='ocrx_word' id='word_1_533' title='bbox 1622 3654 1858 3710; x_wconf 89' lang='lat' dir='ltr'><strong>cisterna</strong></span> 
     </span>
    </p>
   </div>
   <div class='ocr_carea' id='block_1_66' title="bbox 282 3729 1859 3812">
    <p class='ocr_par' dir='ltr' id='par_1_66' title="bbox 282 3729 1859 3812">
     <span class='ocr_line' id='line_1_66' title="bbox 282 3729 1859 3812; baseline 0.013 -32"><span class='ocrx_word' id='word_1_534' title='bbox 282 3737 394 3793; x_wconf 87' lang='lat' dir='ltr'><strong>tua,</strong></span> <span class='ocrx_word' id='word_1_535' title='bbox 419 3737 475 3783; x_wconf 91' lang='lat' dir='ltr'><strong>ct</strong></span> <span class='ocrx_word' id='word_1_536' title='bbox 498 3729 693 3786; x_wconf 89' lang='lat' dir='ltr'><strong>ﬁueuta</strong></span> <span class='ocrx_word' id='word_1_537' title='bbox 725 3734 871 3802; x_wconf 88' lang='lat' dir='ltr'><strong>putei</strong></span> <span class='ocrx_word' id='word_1_538' title='bbox 902 3735 1011 3800; x_wconf 90' lang='lat' dir='ltr'><strong>tui;</strong></span> <span class='ocrx_word' id='word_1_539' title='bbox 1051 3737 1360 3793; x_wconf 87' lang='lat' dir='ltr'><strong>derivcntur</strong></span> <span class='ocrx_word' id='word_1_540' title='bbox 1386 3739 1565 3797; x_wconf 90' lang='lat' dir='ltr'><strong>fontes</strong></span> <span class='ocrx_word' id='word_1_541' title='bbox 1588 3744 1660 3797; x_wconf 91' lang='lat' dir='ltr'><strong>tui</strong></span> <span class='ocrx_word' id='word_1_542' title='bbox 1691 3743 1859 3812; x_wconf 90' lang='lat' dir='ltr'><strong>foras,</strong></span> 
     </span>
    </p>
   </div>
   <div class='ocr_carea' id='block_1_67' title="bbox 279 3817 1860 3899">
    <p class='ocr_par' dir='ltr' id='par_1_67' title="bbox 279 3817 1860 3899">
     <span class='ocr_line' id='line_1_67' title="bbox 279 3817 1860 3899; baseline 0.014 -30"><span class='ocrx_word' id='word_1_543' title='bbox 279 3823 335 3870; x_wconf 89' lang='lat' dir='ltr'><strong>et</strong></span> <span class='ocrx_word' id='word_1_544' title='bbox 359 3817 411 3871; x_wconf 93' lang='lat' dir='ltr'><strong>in</strong></span> <span class='ocrx_word' id='word_1_545' title='bbox 449 3818 643 3888; x_wconf 89' lang='lat' dir='ltr'><strong>plateis</strong></span> <span class='ocrx_word' id='word_1_546' title='bbox 670 3836 840 3891; x_wconf 90' lang='lat' dir='ltr'><strong>aquas</strong></span> <span class='ocrx_word' id='word_1_547' title='bbox 868 3832 988 3880; x_wconf 91' lang='lat' dir='ltr'><strong>tuas</strong></span> <span class='ocrx_word' id='word_1_548' title='bbox 1012 3825 1215 3893; x_wconf 88' lang='lat' dir='ltr'><strong>divide;</strong></span> <span class='ocrx_word' id='word_1_549' title='bbox 1252 3829 1449 3885; x_wconf 84' lang='lat' dir='ltr'><strong>habeto</strong></span> <span class='ocrx_word' id='word_1_550' title='bbox 1473 3846 1565 3887; x_wconf 89' lang='lat' dir='ltr'><strong>eas</strong></span> <span class='ocrx_word' id='word_1_551' title='bbox 1592 3834 1758 3899; x_wconf 91' lang='lat' dir='ltr'><strong>solus,</strong></span> <span class='ocrx_word' id='word_1_552' title='bbox 1791 3850 1860 3891; x_wconf 90' lang='lat' dir='ltr'><strong>ne</strong></span> 
     </span>
    </p>
   </div>
   <div class='ocr_carea' id='block_1_68' title="bbox 280 3906 1855 3986">
    <p class='ocr_par' dir='ltr' id='par_1_68' title="bbox 280 3906 1855 3986">
     <span class='ocr_line' id='line_1_68' title="bbox 280 3906 1855 3986; baseline 0.015 -29"><span class='ocrx_word' id='word_1_553' title='bbox 280 3906 391 3961; x_wconf 85' lang='lat' dir='ltr'><strong>sint</strong></span> <span class='ocrx_word' id='word_1_554' title='bbox 419 3908 578 3963; x_wconf 91' lang='lat' dir='ltr'><strong>alieni</strong></span> <span class='ocrx_word' id='word_1_555' title='bbox 603 3911 893 3981; x_wconf 88' lang='lat' dir='ltr'><strong>participes</strong></span> <span class='ocrx_word' id='word_1_556' title='bbox 918 3914 993 3967; x_wconf 90' lang='lat' dir='ltr'><strong>tui</strong></span> <span class='ocrx_word' id='word_1_557' title='bbox 1021 3914 1201 3984; x_wconf 77' lang='lat' dir='ltr'><strong>(Prov.</strong></span> <span class='ocrx_word' id='word_1_558' title='bbox 1231 3916 1305 3986; x_wconf 85' lang='lat' dir='ltr'><strong>v).</strong></span> <span class='ocrx_word' id='word_1_559' title='bbox 1347 3939 1365 3969; x_wconf 76' lang='grc' dir='ltr'><strong>ι</strong></span> <span class='ocrx_word' id='word_1_560' title='bbox 1398 3921 1565 3977; x_wconf 88' lang='lat' dir='ltr'><strong>Docet</strong></span> <span class='ocrx_word' id='word_1_561' title='bbox 1587 3923 1656 3977; x_wconf 88' lang='lat' dir='ltr'><strong>ab</strong></span> <span class='ocrx_word' id='word_1_562' title='bbox 1685 3924 1855 3980; x_wconf 83' lang='lat' dir='ltr'><strong>ha:re-</strong></span> 
     </span>
    </p>
   </div>
   <div class='ocr_carea' id='block_1_69' title="bbox 281 3997 1857 4077">
    <p class='ocr_par' dir='ltr' id='par_1_69' title="bbox 281 3997 1857 4077">
     <span class='ocr_line' id='line_1_69' title="bbox 281 3997 1857 4077; baseline 0.015 -30"><span class='ocrx_word' id='word_1_563' title='bbox 281 3997 406 4051; x_wconf 84' lang='lat' dir='ltr'><strong>ticis</strong></span> <span class='ocrx_word' id='word_1_564' title='bbox 429 4000 748 4066; x_wconf 90' lang='lat' dir='ltr'><strong>cavendum,</strong></span> <span class='ocrx_word' id='word_1_565' title='bbox 770 4009 826 4055; x_wconf 90' lang='lat' dir='ltr'><strong>ct</strong></span> <span class='ocrx_word' id='word_1_566' title='bbox 849 4004 1104 4059; x_wconf 79' lang='lat' dir='ltr'><strong>custodia:</strong></span> <span class='ocrx_word' id='word_1_567' title='bbox 1125 4004 1526 4077; x_wconf 87' lang='lat' dir='ltr'><strong>Scripturarnm</strong></span> <span class='ocrx_word' id='word_1_568' title='bbox 1551 4026 1617 4067; x_wconf 91' lang='lat' dir='ltr'><strong>ac</strong></span> <span class='ocrx_word' id='word_1_569' title='bbox 1641 4012 1857 4070; x_wconf 91' lang='lat' dir='ltr'><strong>lectioni</strong></span> 
     </span>
    </p>
   </div>
   <div class='ocr_carea' id='block_1_70' title="bbox 280 4089 1858 4170">
    <p class='ocr_par' dir='ltr' id='par_1_70' title="bbox 280 4089 1858 4170">
     <span class='ocr_line' id='line_1_70' title="bbox 280 4089 1858 4170; baseline 0.014 -32"><span class='ocrx_word' id='word_1_570' title='bbox 280 4089 686 4146; x_wconf 88' lang='lat' dir='ltr'><strong>attendendum.</strong></span> <span class='ocrx_word' id='word_1_571' title='bbox 722 4090 1038 4156; x_wconf 86' lang='lat' dir='ltr'><strong>Scientiam,</strong></span> <span class='ocrx_word' id='word_1_572' title='bbox 1083 4097 1277 4165; x_wconf 91' lang='lat' dir='ltr'><strong>inquit,</strong></span> <span class='ocrx_word' id='word_1_573' title='bbox 1305 4114 1410 4169; x_wconf 85' lang='lat' dir='ltr'><strong>qua</strong></span> <span class='ocrx_word' id='word_1_574' title='bbox 1439 4103 1699 4170; x_wconf 70' lang='lat' dir='ltr'><strong>prazdicas</strong></span> <span class='ocrx_word' id='word_1_575' title='bbox 1738 4105 1858 4161; x_wconf 90' lang='lat' dir='ltr'><strong>aliis</strong></span> 
     </span>
    </p>
   </div>
   <div class='ocr_carea' id='block_1_71' title="bbox 279 4180 1859 4256">
    <p class='ocr_par' dir='ltr' id='par_1_71' title="bbox 279 4180 1859 4256">
     <span class='ocr_line' id='line_1_71' title="bbox 279 4180 1859 4256; baseline 0.013 -24"><span class='ocrx_word' id='word_1_576' title='bbox 279 4180 396 4248; x_wconf 68' lang='lat' dir='ltr'><strong>ipse</strong></span> <span class='ocrx_word' id='word_1_577' title='bbox 426 4197 604 4247; x_wconf 86' lang='lat' dir='ltr'><strong>serva,</strong></span> <span class='ocrx_word' id='word_1_578' title='bbox 634 4192 688 4238; x_wconf 92' lang='lat' dir='ltr'><strong>ct</strong></span> <span class='ocrx_word' id='word_1_579' title='bbox 717 4186 791 4240; x_wconf 90' lang='lat' dir='ltr'><strong>tui</strong></span> <span class='ocrx_word' id='word_1_580' title='bbox 819 4186 1131 4256; x_wconf 83' lang='lat' dir='ltr'><strong>irrigatione</strong></span> <span class='ocrx_word' id='word_1_581' title='bbox 1156 4194 1437 4247; x_wconf 82' lang='lat' dir='ltr'><strong>sermonis</strong></span> <span class='ocrx_word' id='word_1_582' title='bbox 1480 4195 1719 4250; x_wconf 84' lang='lat' dir='ltr'><strong>fundere.</strong></span> <span class='ocrx_word' id='word_1_583' title='bbox 1760 4198 1859 4252; x_wconf 85' lang='lat' dir='ltr'><strong>De-</strong></span> 
     </span>
    </p>
   </div>
   <div class='ocr_carea' id='block_1_72' title="bbox 278 4271 1861 4357">
    <p class='ocr_par' dir='ltr' id='par_1_72' title="bbox 278 4271 1861 4357">
     <span class='ocr_line' id='line_1_72' title="bbox 278 4271 1861 4357; baseline 0.013 -33"><span class='ocrx_word' id='word_1_584' title='bbox 278 4271 523 4326; x_wconf 83' lang='lat' dir='ltr'><strong>ri‘ventur</strong></span> <span class='ocrx_word' id='word_1_585' title='bbox 570 4273 747 4331; x_wconf 89' lang='lat' dir='ltr'><strong>fontes</strong></span> <span class='ocrx_word' id='word_1_586' title='bbox 794 4277 868 4333; x_wconf 90' lang='lat' dir='ltr'><strong>tui</strong></span> <span class='ocrx_word' id='word_1_587' title='bbox 916 4277 1082 4345; x_wconf 89' lang='lat' dir='ltr'><strong>foras,</strong></span> <span class='ocrx_word' id='word_1_588' title='bbox 1124 4290 1180 4335; x_wconf 91' lang='lat' dir='ltr'><strong>et</strong></span> <span class='ocrx_word' id='word_1_589' title='bbox 1226 4283 1279 4336; x_wconf 94' lang='lat' dir='ltr'><strong>iu</strong></span> <span class='ocrx_word' id='word_1_590' title='bbox 1309 4283 1499 4352; x_wconf 89' lang='lat' dir='ltr'><strong>plateis</strong></span> <span class='ocrx_word' id='word_1_591' title='bbox 1533 4301 1702 4357; x_wconf 88' lang='lat' dir='ltr'><strong>aquas</strong></span> <span class='ocrx_word' id='word_1_592' title='bbox 1739 4296 1861 4345; x_wconf 88' lang='lat' dir='ltr'><strong>tuas</strong></span> 
     </span>
    </p>
   </div>
   <div class='ocr_carea' id='block_1_73' title="bbox 279 4362 1853 4448">
    <p class='ocr_par' dir='ltr' id='par_1_73' title="bbox 279 4362 1853 4448">
     <span class='ocr_line' id='line_1_73' title="bbox 279 4362 1853 4448; baseline 0.01 -29"><span class='ocrx_word' id='word_1_593' title='bbox 279 4362 477 4419; x_wconf 90' lang='lat' dir='ltr'><strong>divide.</strong></span> <span class='ocrx_word' id='word_1_594' title='bbox 504 4363 637 4420; x_wconf 89' lang='lat' dir='ltr'><strong>Cum</strong></span> <span class='ocrx_word' id='word_1_595' title='bbox 674 4368 786 4436; x_wconf 88' lang='lat' dir='ltr'><strong>ipse</strong></span> <span class='ocrx_word' id='word_1_596' title='bbox 818 4372 1140 4436; x_wconf 87' lang='lat' dir='ltr'><strong>servaveris,</strong></span> <span class='ocrx_word' id='word_1_597' title='bbox 1190 4381 1317 4428; x_wconf 91' lang='lat' dir='ltr'><strong>tunc</strong></span> <span class='ocrx_word' id='word_1_598' title='bbox 1351 4383 1407 4429; x_wconf 88' lang='lat' dir='ltr'><strong>et</strong></span> <span class='ocrx_word' id='word_1_599' title='bbox 1456 4377 1575 4431; x_wconf 89' lang='lat' dir='ltr'><strong>aliis</strong></span> <span class='ocrx_word' id='word_1_600' title='bbox 1599 4380 1853 4448; x_wconf 77' lang='lat' dir='ltr'><strong>pnedica,</strong></span> 
     </span>
    </p>
   </div>
   <div class='ocr_carea' id='block_1_74' title="bbox 1960 3277 3537 3349">
    <p class='ocr_par' dir='ltr' id='par_1_74' title="bbox 1960 3277 3537 3349">
     <span class='ocr_line' id='line_1_74' title="bbox 1960 3277 3537 3349; baseline -0.001 -17"><span class='ocrx_word' id='word_1_601' title='bbox 1960 3294 2064 3332; x_wconf 91' lang='lat' dir='ltr'><strong>non</strong></span> <span class='ocrx_word' id='word_1_602' title='bbox 2094 3277 2353 3347; x_wconf 85' lang='lat' dir='ltr'><strong>indigebit</strong></span> <span class='ocrx_word' id='word_1_603' title='bbox 2393 3277 2576 3348; x_wconf 83' lang='lat' dir='ltr'><strong>(Prov.</strong></span> <span class='ocrx_word' id='word_1_604' title='bbox 2614 3278 2791 3349; x_wconf 67' lang='lat' dir='ltr'><strong>xxvi).</strong></span> <span class='ocrx_word' id='word_1_605' title='bbox 2835 3298 2854 3330; x_wconf 77' lang='grc' dir='ltr'><strong>ι</strong></span> <span class='ocrx_word' id='word_1_606' title='bbox 2890 3278 3080 3333; x_wconf 82' lang='lat' dir='ltr'><strong>Mulier</strong></span> <span class='ocrx_word' id='word_1_607' title='bbox 3114 3280 3271 3335; x_wconf 86' lang='lat' dir='ltr'><strong>fortis</strong></span> <span class='ocrx_word' id='word_1_608' title='bbox 3301 3278 3537 3333; x_wconf 85' lang='lat' dir='ltr'><strong>Ecclesia</strong></span> 
     </span>
    </p>
   </div>
   <div class='ocr_carea' id='block_1_75' title="bbox 1959 3367 3539 3439">
    <p class='ocr_par' dir='ltr' id='par_1_75' title="bbox 1959 3367 3539 3439">
     <span class='ocr_line' id='line_1_75' title="bbox 1959 3367 3539 3439; baseline 0.001 -17"><span class='ocrx_word' id='word_1_609' title='bbox 1959 3367 2221 3422; x_wconf 87' lang='lat' dir='ltr'><strong>catholica</strong></span> <span class='ocrx_word' id='word_1_610' title='bbox 2258 3374 2502 3422; x_wconf 90' lang='lat' dir='ltr'><strong>vocatur.</strong></span> <span class='ocrx_word' id='word_1_611' title='bbox 2549 3368 2739 3423; x_wconf 90' lang='lat' dir='ltr'><strong>Mulier</strong></span> <span class='ocrx_word' id='word_1_612' title='bbox 2786 3368 3052 3433; x_wconf 87' lang='lat' dir='ltr'><strong>videlicet,</strong></span> <span class='ocrx_word' id='word_1_613' title='bbox 3096 3369 3222 3438; x_wconf 86' lang='lat' dir='ltr'><strong>quia</strong></span> <span class='ocrx_word' id='word_1_614' title='bbox 3266 3368 3539 3439; x_wconf 67' lang='lat' dir='ltr'><strong>spiritales</strong></span> 
     </span>
    </p>
   </div>
   <div class='ocr_carea' id='block_1_76' title="bbox 1958 3456 3537 3528">
    <p class='ocr_par' dir='ltr' id='par_1_76' title="bbox 1958 3456 3537 3528">
     <span class='ocr_line' id='line_1_76' title="bbox 1958 3456 3537 3528; baseline 0.001 -17"><span class='ocrx_word' id='word_1_615' title='bbox 1958 3457 2070 3511; x_wconf 89' lang='lat' dir='ltr'><strong>Deo</strong></span> <span class='ocrx_word' id='word_1_616' title='bbox 2102 3457 2238 3511; x_wconf 88' lang='lat' dir='ltr'><strong>ﬁlios</strong></span> <span class='ocrx_word' id='word_1_617' title='bbox 2263 3472 2330 3512; x_wconf 77' lang='lat' dir='ltr'><strong>ex</strong></span> <span class='ocrx_word' id='word_1_618' title='bbox 2355 3471 2494 3527; x_wconf 90' lang='lat' dir='ltr'><strong>aqua</strong></span> <span class='ocrx_word' id='word_1_619' title='bbox 2523 3465 2579 3513; x_wconf 90' lang='lat' dir='ltr'><strong>et</strong></span> <span class='ocrx_word' id='word_1_620' title='bbox 2608 3456 2810 3526; x_wconf 89' lang='lat' dir='ltr'><strong>Spiritu</strong></span> <span class='ocrx_word' id='word_1_621' title='bbox 2848 3466 3036 3513; x_wconf 89' lang='lat' dir='ltr'><strong>saneto</strong></span> <span class='ocrx_word' id='word_1_622' title='bbox 3061 3459 3283 3528; x_wconf 82' lang='lat' dir='ltr'><strong>gignere</strong></span> <span class='ocrx_word' id='word_1_623' title='bbox 3309 3473 3537 3512; x_wconf 87' lang='lat' dir='ltr'><strong>consue-</strong></span> 
     </span>
    </p>
   </div>
   <div class='ocr_carea' id='block_1_77' title="bbox 1957 3545 3535 3615">
    <p class='ocr_par' dir='ltr' id='par_1_77' title="bbox 1957 3545 3535 3615">
     <span class='ocr_line' id='line_1_77' title="bbox 1957 3545 3535 3615; baseline -0.001 -15"><span class='ocrx_word' id='word_1_624' title='bbox 1957 3546 2054 3600; x_wconf 87' lang='lat' dir='ltr'><strong>vit.</strong></span> <span class='ocrx_word' id='word_1_625' title='bbox 2083 3545 2282 3611; x_wconf 88' lang='lat' dir='ltr'><strong>Fortis,</strong></span> <span class='ocrx_word' id='word_1_626' title='bbox 2314 3546 2439 3615; x_wconf 89' lang='lat' dir='ltr'><strong>quia</strong></span> <span class='ocrx_word' id='word_1_627' title='bbox 2469 3554 2661 3601; x_wconf 89' lang='lat' dir='ltr'><strong>cuncta</strong></span> <span class='ocrx_word' id='word_1_628' title='bbox 2689 3545 2870 3601; x_wconf 57' lang='lat' dir='ltr'><strong>saeculi</strong></span> <span class='ocrx_word' id='word_1_629' title='bbox 2894 3546 3120 3601; x_wconf 87' lang='lat' dir='ltr'><strong>adversa</strong></span> <span class='ocrx_word' id='word_1_630' title='bbox 3145 3545 3381 3601; x_wconf 86' lang='lat' dir='ltr'><strong>simulet</strong></span> <span class='ocrx_word' id='word_1_631' title='bbox 3410 3560 3535 3615; x_wconf 87' lang='lat' dir='ltr'><strong>pro-</strong></span> 
     </span>
    </p>
   </div>
   <div class='ocr_carea' id='block_1_78' title="bbox 1958 3635 3535 3706">
    <p class='ocr_par' dir='ltr' id='par_1_78' title="bbox 1958 3635 3535 3706">
     <span class='ocr_line' id='line_1_78' title="bbox 1958 3635 3535 3706; baseline 0.001 -16"><span class='ocrx_word' id='word_1_632' title='bbox 1958 3652 2114 3706; x_wconf 86' lang='lat' dir='ltr'><strong>spera</strong></span> <span class='ocrx_word' id='word_1_633' title='bbox 2153 3651 2249 3705; x_wconf 91' lang='lat' dir='ltr'><strong>pro</strong></span> <span class='ocrx_word' id='word_1_634' title='bbox 2291 3635 2588 3692; x_wconf 89' lang='lat' dir='ltr'><strong>conditoris</strong></span> <span class='ocrx_word' id='word_1_635' title='bbox 2626 3636 2709 3691; x_wconf 88' lang='lat' dir='ltr'><strong>sui</strong></span> <span class='ocrx_word' id='word_1_636' title='bbox 2748 3636 2853 3691; x_wconf 89' lang='lat' dir='ltr'><strong>ﬁde</strong></span> <span class='ocrx_word' id='word_1_637' title='bbox 2896 3637 3233 3691; x_wconf 87' lang='lat' dir='ltr'><strong>contemnit:</strong></span> <span class='ocrx_word' id='word_1_638' title='bbox 3263 3636 3390 3705; x_wconf 89' lang='lat' dir='ltr'><strong>quia</strong></span> <span class='ocrx_word' id='word_1_639' title='bbox 3421 3637 3535 3705; x_wconf 91' lang='lat' dir='ltr'><strong>ipse</strong></span> 
     </span>
    </p>
   </div>
   <div class='ocr_carea' id='block_1_79' title="bbox 1958 3725 3534 3797">
    <p class='ocr_par' dir='ltr' id='par_1_79' title="bbox 1958 3725 3534 3797">
     <span class='ocr_line' id='line_1_79' title="bbox 1958 3725 3534 3797; baseline -0.001 -16"><span class='ocrx_word' id='word_1_640' title='bbox 1958 3726 2013 3781; x_wconf 92' lang='lat' dir='ltr'><strong>in</strong></span> <span class='ocrx_word' id='word_1_641' title='bbox 2041 3741 2203 3781; x_wconf 87' lang='lat' dir='ltr'><strong>carne</strong></span> <span class='ocrx_word' id='word_1_642' title='bbox 2228 3740 2493 3796; x_wconf 80' lang='lat' dir='ltr'><strong>apparens</strong></span> <span class='ocrx_word' id='word_1_643' title='bbox 2514 3726 2780 3782; x_wconf 88' lang='lat' dir='ltr'><strong>inlinnam</strong></span> <span class='ocrx_word' id='word_1_644' title='bbox 2811 3727 3028 3797; x_wconf 88' lang='lat' dir='ltr'><strong>quidem</strong></span> <span class='ocrx_word' id='word_1_645' title='bbox 3074 3728 3299 3795; x_wconf 88' lang='lat' dir='ltr'><strong>invenit,</strong></span> <span class='ocrx_word' id='word_1_646' title='bbox 3325 3725 3417 3783; x_wconf 87' lang='lat' dir='ltr'><strong>sed</strong></span> <span class='ocrx_word' id='word_1_647' title='bbox 3449 3727 3534 3781; x_wconf 83' lang='lat' dir='ltr'><strong>in-</strong></span> 
     </span>
    </p>
   </div>
   <div class='ocr_carea' id='block_1_80' title="bbox 1956 3803 3539 3889">
    <p class='ocr_par' dir='ltr' id='par_1_80' title="bbox 1956 3803 3539 3889">
     <span class='ocr_line' id='line_1_80' title="bbox 1956 3803 3539 3889; baseline 0.002 -19"><span class='ocrx_word' id='word_1_648' title='bbox 1956 3816 2206 3872; x_wconf 90' lang='lat' dir='ltr'><strong>ventione</strong></span> <span class='ocrx_word' id='word_1_649' title='bbox 2247 3832 2363 3882; x_wconf 90' lang='lat' dir='ltr'><strong>sua,</strong></span> <span class='ocrx_word' id='word_1_650' title='bbox 2405 3818 2508 3873; x_wconf 91' lang='lat' dir='ltr'><strong>boe</strong></span> <span class='ocrx_word' id='word_1_651' title='bbox 2534 3825 2637 3882; x_wconf 90' lang='lat' dir='ltr'><strong>est,</strong></span> <span class='ocrx_word' id='word_1_652' title='bbox 2668 3818 2756 3889; x_wconf 91' lang='lat' dir='ltr'><strong>pia</strong></span> <span class='ocrx_word' id='word_1_653' title='bbox 2793 3803 3103 3874; x_wconf 82' lang='lat' dir='ltr'><strong>visitatione</strong></span> <span class='ocrx_word' id='word_1_654' title='bbox 3136 3820 3330 3874; x_wconf 80' lang='lat' dir='ltr'><strong>fortem</strong></span> <span class='ocrx_word' id='word_1_655' title='bbox 3360 3821 3539 3875; x_wconf 57' lang='lat' dir='ltr'><strong>reddi.</strong></span> 
     </span>
    </p>
   </div>
   <div class='ocr_carea' id='block_1_81' title="bbox 1957 3906 3535 3980">
    <p class='ocr_par' dir='ltr' id='par_1_81' title="bbox 1957 3906 3535 3980">
     <span class='ocr_line' id='line_1_81' title="bbox 1957 3906 3535 3980; baseline 0.004 -19"><span class='ocrx_word' id='word_1_656' title='bbox 1957 3907 2053 3962; x_wconf 87' lang='lat' dir='ltr'><strong>dit.</strong></span> <span class='ocrx_word' id='word_1_657' title='bbox 2088 3906 2237 3963; x_wconf 89' lang='lat' dir='ltr'><strong>Unde</strong></span> <span class='ocrx_word' id='word_1_658' title='bbox 2272 3916 2393 3978; x_wconf 90' lang='lat' dir='ltr'><strong>post</strong></span> <span class='ocrx_word' id='word_1_659' title='bbox 2419 3907 2533 3977; x_wconf 87' lang='lat' dir='ltr'><strong>cjus</strong></span> <span class='ocrx_word' id='word_1_660' title='bbox 2568 3910 2990 3980; x_wconf 89' lang='lat' dir='ltr'><strong>redemptionem</strong></span> <span class='ocrx_word' id='word_1_661' title='bbox 3018 3913 3088 3967; x_wconf 91' lang='lat' dir='ltr'><strong>ad</strong></span> <span class='ocrx_word' id='word_1_662' title='bbox 3114 3912 3282 3968; x_wconf 74' lang='lat' dir='ltr'><strong>cwlos</strong></span> <span class='ocrx_word' id='word_1_663' title='bbox 3321 3914 3535 3968; x_wconf 82' lang='lat' dir='ltr'><strong>rediens</strong></span> 
     </span>
    </p>
   </div>
   <div class='ocr_carea' id='block_1_82' title="bbox 1956 3997 3531 4075">
    <p class='ocr_par' dir='ltr' id='par_1_82' title="bbox 1956 3997 3531 4075">
     <span class='ocr_line' id='line_1_82' title="bbox 1956 3997 3531 4075; baseline 0.004 -26"><span class='ocrx_word' id='word_1_664' title='bbox 1956 3997 2204 4066; x_wconf 88' lang='lat' dir='ltr'><strong>supernis</strong></span> <span class='ocrx_word' id='word_1_665' title='bbox 2251 3998 2458 4053; x_wconf 89' lang='lat' dir='ltr'><strong>civibus</strong></span> <span class='ocrx_word' id='word_1_666' title='bbox 2504 4000 2743 4069; x_wconf 82' lang='lat' dir='ltr'><strong>gaudens</strong></span> <span class='ocrx_word' id='word_1_667' title='bbox 2772 4001 2986 4056; x_wconf 88' lang='lat' dir='ltr'><strong>aiebat:</strong></span> <span class='ocrx_word' id='word_1_668' title='bbox 3018 4020 3037 4053; x_wconf 70' lang='grc' dir='ltr'><strong>ι</strong></span> <span class='ocrx_word' id='word_1_669' title='bbox 3074 4002 3531 4075; x_wconf 85' lang='lat' dir='ltr'><strong>Congratulamini</strong></span> 
     </span>
    </p>
   </div>
   <div class='ocr_carea' id='block_1_83' title="bbox 1956 4086 3534 4164">
    <p class='ocr_par' dir='ltr' id='par_1_83' title="bbox 1956 4086 3534 4164">
     <span class='ocr_line' id='line_1_83' title="bbox 1956 4086 3534 4164; baseline 0.004 -25"><span class='ocrx_word' id='word_1_670' title='bbox 1956 4086 2110 4152; x_wconf 89' lang='lat' dir='ltr'><strong>mihi,</strong></span> <span class='ocrx_word' id='word_1_671' title='bbox 2153 4088 2279 4157; x_wconf 89' lang='lat' dir='ltr'><strong>quia</strong></span> <span class='ocrx_word' id='word_1_672' title='bbox 2321 4088 2499 4143; x_wconf 88' lang='lat' dir='ltr'><strong>inveni</strong></span> <span class='ocrx_word' id='word_1_673' title='bbox 2538 4105 2694 4145; x_wconf 92' lang='lat' dir='ltr'><strong>ovem</strong></span> <span class='ocrx_word' id='word_1_674' title='bbox 2737 4107 2859 4160; x_wconf 73' lang='lat' dir='ltr'><strong>qua:</strong></span> <span class='ocrx_word' id='word_1_675' title='bbox 2898 4092 3134 4161; x_wconf 86' lang='lat' dir='ltr'><strong>perierat</strong></span> <span class='ocrx_word' id='word_1_676' title='bbox 3173 4092 3323 4164; x_wconf 79' lang='lat' dir='ltr'><strong>(Luc.</strong></span> <span class='ocrx_word' id='word_1_677' title='bbox 3371 4094 3479 4163; x_wconf 79' lang='lat' dir='ltr'><strong>xv).</strong></span> <span class='ocrx_word' id='word_1_678' title='bbox 3514 4113 3534 4146; x_wconf 71' lang='grc' dir='ltr'><strong>ι</strong></span> 
     </span>
    </p>
   </div>
   <div class='ocr_carea' id='block_1_84' title="bbox 1958 4172 3539 4248">
    <p class='ocr_par' dir='ltr' id='par_1_84' title="bbox 1958 4172 3539 4248">
     <span class='ocr_line' id='line_1_84' title="bbox 1958 4172 3539 4248; baseline 0.005 -21"><span class='ocrx_word' id='word_1_679' title='bbox 1958 4172 2153 4229; x_wconf 81' lang='lat' dir='ltr'><strong>Vidcns</strong></span> <span class='ocrx_word' id='word_1_680' title='bbox 2199 4192 2329 4246; x_wconf 88' lang='lat' dir='ltr'><strong>ergo</strong></span> <span class='ocrx_word' id='word_1_681' title='bbox 2377 4176 2629 4232; x_wconf 87' lang='lat' dir='ltr'><strong>Salomon</strong></span> <span class='ocrx_word' id='word_1_682' title='bbox 2676 4194 2846 4248; x_wconf 82' lang='lat' dir='ltr'><strong>genus</strong></span> <span class='ocrx_word' id='word_1_683' title='bbox 2895 4180 3190 4234; x_wconf 90' lang='lat' dir='ltr'><strong>humanum</strong></span> <span class='ocrx_word' id='word_1_684' title='bbox 3241 4182 3539 4236; x_wconf 80' lang='lat' dir='ltr'><strong>innumeris</strong></span> 
     </span>
    </p>
   </div>
   <div class='ocr_carea' id='block_1_85' title="bbox 1957 4263 3536 4338">
    <p class='ocr_par' dir='ltr' id='par_1_85' title="bbox 1957 4263 3536 4338">
     <span class='ocr_line' id='line_1_85' title="bbox 1957 4263 3536 4338; baseline 0.005 -22"><span class='ocrx_word' id='word_1_685' title='bbox 1957 4263 2286 4332; x_wconf 90' lang='lat' dir='ltr'><strong>implicatum</strong></span> <span class='ocrx_word' id='word_1_686' title='bbox 2315 4268 2611 4332; x_wconf 90' lang='lat' dir='ltr'><strong>erroribus,</strong></span> <span class='ocrx_word' id='word_1_687' title='bbox 2653 4270 2904 4338; x_wconf 89' lang='lat' dir='ltr'><strong>quodque</strong></span> <span class='ocrx_word' id='word_1_688' title='bbox 2942 4271 3008 4323; x_wconf 88' lang='lat' dir='ltr'><strong>ad</strong></span> <span class='ocrx_word' id='word_1_689' title='bbox 3038 4269 3157 4338; x_wconf 89' lang='lat' dir='ltr'><strong>ejus</strong></span> <span class='ocrx_word' id='word_1_690' title='bbox 3185 4270 3536 4326; x_wconf 87' lang='lat' dir='ltr'><strong>salvationcm</strong></span> 
     </span>
    </p>
   </div>
   <div class='ocr_carea' id='block_1_86' title="bbox 1956 4353 3540 4427">
    <p class='ocr_par' dir='ltr' id='par_1_86' title="bbox 1956 4353 3540 4427">
     <span class='ocr_line' id='line_1_86' title="bbox 1956 4353 3540 4427; baseline 0.005 -20"><span class='ocrx_word' id='word_1_691' title='bbox 1956 4353 2133 4407; x_wconf 89' lang='lat' dir='ltr'><strong>nullus</strong></span> <span class='ocrx_word' id='word_1_692' title='bbox 2178 4355 2506 4423; x_wconf 87' lang='lat' dir='ltr'><strong>patriarcha,</strong></span> <span class='ocrx_word' id='word_1_693' title='bbox 2555 4356 2732 4412; x_wconf 91' lang='lat' dir='ltr'><strong>nullus</strong></span> <span class='ocrx_word' id='word_1_694' title='bbox 2776 4360 3061 4427; x_wconf 89' lang='lat' dir='ltr'><strong>propheta,</strong></span> <span class='ocrx_word' id='word_1_695' title='bbox 3104 4360 3281 4416; x_wconf 91' lang='lat' dir='ltr'><strong>nullus</strong></span> <span class='ocrx_word' id='word_1_696' title='bbox 3315 4362 3540 4415; x_wconf 80' lang='lat' dir='ltr'><strong>onniino</strong></span> 
     </span>
    </p>
   </div>
   <div class='ocr_carea' id='block_1_87' title="bbox 277 4445 1856 4548">
    <p class='ocr_par' dir='ltr' id='par_1_87' title="bbox 277 4445 1852 4541">
     <span class='ocr_line' id='line_1_87' title="bbox 277 4445 1852 4541; baseline 0.01 -29"><span class='ocrx_word' id='word_1_697' title='bbox 277 4467 335 4512; x_wconf 90' lang='lat' dir='ltr'><strong>et</strong></span> <span class='ocrx_word' id='word_1_698' title='bbox 364 4458 418 4513; x_wconf 93' lang='lat' dir='ltr'><strong>in</strong></span> <span class='ocrx_word' id='word_1_699' title='bbox 441 4475 631 4530; x_wconf 88' lang='lat' dir='ltr'><strong>magna</strong></span> <span class='ocrx_word' id='word_1_700' title='bbox 674 4463 976 4518; x_wconf 90' lang='lat' dir='ltr'><strong>auditorum</strong></span> <span class='ocrx_word' id='word_1_701' title='bbox 1005 4466 1372 4536; x_wconf 87' lang='lat' dir='ltr'><strong>amplitudine,</strong></span> <span class='ocrx_word' id='word_1_702' title='bbox 1419 4445 1614 4525; x_wconf 31' lang='lat' dir='ltr'><strong>divina-</strong></span> <span class='ocrx_word' id='word_1_703' title='bbox 1641 4472 1852 4541; x_wconf 88' lang='lat' dir='ltr'><strong>eloquia</strong></span> 
     </span>
    </p>
   </div>
   <div class='ocr_carea' id='block_1_88' title="bbox 1958 4445 3535 4548">
    <p class='ocr_par' dir='ltr' id='par_1_88' title="bbox 1958 4445 3535 4515">
     <span class='ocr_line' id='line_1_88' title="bbox 1958 4445 3535 4515; baseline 0.002 -15"><span class='ocrx_word' id='word_1_704' title='bbox 1958 4446 2249 4500; x_wconf 87' lang='lat' dir='ltr'><strong>electorum</strong></span> <span class='ocrx_word' id='word_1_705' title='bbox 2298 4454 2495 4515; x_wconf 70' lang='lat' dir='ltr'><strong>praztcr</strong></span> <span class='ocrx_word' id='word_1_706' title='bbox 2524 4445 2697 4501; x_wconf 90' lang='lat' dir='ltr'><strong>solum</strong></span> <span class='ocrx_word' id='word_1_707' title='bbox 2747 4449 3096 4504; x_wconf 74' lang='lat' dir='ltr'><strong>mediator-em</strong></span> <span class='ocrx_word' id='word_1_708' title='bbox 3136 4450 3233 4505; x_wconf 89' lang='lat' dir='ltr'><strong>Dei</strong></span> <span class='ocrx_word' id='word_1_709' title='bbox 3275 4460 3331 4505; x_wconf 85' lang='lat' dir='ltr'><strong>et</strong></span> <span class='ocrx_word' id='word_1_710' title='bbox 3358 4450 3535 4505; x_wconf 86' lang='lat' dir='ltr'><strong>homi-</strong></span> 
     </span>
    </p>
   </div>
   <div class='ocr_carea' id='block_1_89' title="bbox 270 4549 1854 4628">
    <p class='ocr_par' dir='ltr' id='par_1_89' title="bbox 270 4549 1854 4628">
     <span class='ocr_line' id='line_1_89' title="bbox 270 4549 1854 4628; baseline 0.011 -27"><span class='ocrx_word' id='word_1_711' title='bbox 270 4549 429 4618; x_wconf 74' lang='lat' dir='ltr'><strong>juxta</strong></span> <span class='ocrx_word' id='word_1_712' title='bbox 458 4552 874 4622; x_wconf 87' lang='lat' dir='ltr'><strong>uniuscujusque</strong></span> <span class='ocrx_word' id='word_1_713' title='bbox 913 4555 1229 4624; x_wconf 89' lang='lat' dir='ltr'><strong>qualitatem</strong></span> <span class='ocrx_word' id='word_1_714' title='bbox 1274 4557 1545 4628; x_wconf 87' lang='lat' dir='ltr'><strong>dispensa.</strong></span> <span class='ocrx_word' id='word_1_715' title='bbox 1585 4581 1604 4612; x_wconf 73' lang='grc' dir='ltr'><strong>ι</strong></span> <span class='ocrx_word' id='word_1_716' title='bbox 1648 4561 1854 4617; x_wconf 89' lang='lat' dir='ltr'><strong>llabcto</strong></span> 
     </span>
    </p>
   </div>
   <div class='ocr_carea' id='block_1_90' title="bbox 275 4642 1850 4717">
    <p class='ocr_par' dir='ltr' id='par_1_90' title="bbox 275 4642 1850 4717">
     <span class='ocr_line' id='line_1_90' title="bbox 275 4642 1850 4717; baseline 0.012 -24"><span class='ocrx_word' id='word_1_717' title='bbox 275 4654 371 4694; x_wconf 87' lang='lat' dir='ltr'><strong>eas</strong></span> <span class='ocrx_word' id='word_1_718' title='bbox 397 4642 562 4696; x_wconf 89' lang='lat' dir='ltr'><strong>solus.</strong></span> <span class='ocrx_word' id='word_1_719' title='bbox 596 4663 616 4695; x_wconf 75' lang='grc' dir='ltr'><strong>ι</strong></span> <span class='ocrx_word' id='word_1_720' title='bbox 642 4642 823 4713; x_wconf 82' lang='lat' dir='ltr'><strong>Aquas</strong></span> <span class='ocrx_word' id='word_1_721' title='bbox 861 4654 917 4700; x_wconf 91' lang='lat' dir='ltr'><strong>et</strong></span> <span class='ocrx_word' id='word_1_722' title='bbox 948 4646 1002 4699; x_wconf 92' lang='lat' dir='ltr'><strong>in</strong></span> <span class='ocrx_word' id='word_1_723' title='bbox 1029 4646 1220 4716; x_wconf 90' lang='lat' dir='ltr'><strong>plateis</strong></span> <span class='ocrx_word' id='word_1_724' title='bbox 1253 4648 1564 4717; x_wconf 86' lang='lat' dir='ltr'><strong>dividimus,</strong></span> <span class='ocrx_word' id='word_1_725' title='bbox 1594 4663 1649 4710; x_wconf 93' lang='lat' dir='ltr'><strong>et</strong></span> <span class='ocrx_word' id='word_1_726' title='bbox 1674 4663 1850 4711; x_wconf 88' lang='lat' dir='ltr'><strong>tamen</strong></span> 
     </span>
    </p>
   </div>
   <div class='ocr_carea' id='block_1_91' title="bbox 276 4733 1846 4813">
    <p class='ocr_par' dir='ltr' id='par_1_91' title="bbox 276 4733 1846 4813">
     <span class='ocr_line' id='line_1_91' title="bbox 276 4733 1846 4813; baseline 0.008 -26"><span class='ocrx_word' id='word_1_727' title='bbox 276 4733 375 4787; x_wconf 88' lang='lat' dir='ltr'><strong>soli</strong></span> <span class='ocrx_word' id='word_1_728' title='bbox 407 4734 762 4803; x_wconf 87' lang='lat' dir='ltr'><strong>possidemus,</strong></span> <span class='ocrx_word' id='word_1_729' title='bbox 792 4739 1005 4806; x_wconf 89' lang='lat' dir='ltr'><strong>quando</strong></span> <span class='ocrx_word' id='word_1_730' title='bbox 1028 4746 1084 4793; x_wconf 87' lang='lat' dir='ltr'><strong>et</strong></span> <span class='ocrx_word' id='word_1_731' title='bbox 1110 4740 1349 4795; x_wconf 75' lang='lat' dir='ltr'><strong>exterius</strong></span> <span class='ocrx_word' id='word_1_732' title='bbox 1375 4742 1482 4797; x_wconf 86' lang='lat' dir='ltr'><strong>late</strong></span> <span class='ocrx_word' id='word_1_733' title='bbox 1510 4746 1846 4813; x_wconf 74' lang='lat' dir='ltr'><strong>prmdicatio-</strong></span> 
     </span>
    </p>
   </div>
   <div class='ocr_carea' id='block_1_92' title="bbox 276 4822 1847 4898">
    <p class='ocr_par' dir='ltr' id='par_1_92' title="bbox 276 4822 1847 4898">
     <span class='ocr_line' id='line_1_92' title="bbox 276 4822 1847 4898; baseline 0.009 -22"><span class='ocrx_word' id='word_1_734' title='bbox 276 4838 401 4877; x_wconf 90' lang='lat' dir='ltr'><strong>nem</strong></span> <span class='ocrx_word' id='word_1_735' title='bbox 446 4822 741 4890; x_wconf 83' lang='lat' dir='ltr'><strong>fundimus,</strong></span> <span class='ocrx_word' id='word_1_736' title='bbox 786 4834 841 4882; x_wconf 90' lang='lat' dir='ltr'><strong>et</strong></span> <span class='ocrx_word' id='word_1_737' title='bbox 871 4836 1048 4884; x_wconf 88' lang='lat' dir='ltr'><strong>tamen</strong></span> <span class='ocrx_word' id='word_1_738' title='bbox 1093 4844 1191 4898; x_wconf 89' lang='lat' dir='ltr'><strong>per</strong></span> <span class='ocrx_word' id='word_1_739' title='bbox 1227 4846 1345 4886; x_wconf 86' lang='lat' dir='ltr'><strong>cam</strong></span> <span class='ocrx_word' id='word_1_740' title='bbox 1369 4831 1554 4888; x_wconf 89' lang='lat' dir='ltr'><strong>laudes</strong></span> <span class='ocrx_word' id='word_1_741' title='bbox 1587 4834 1847 4890; x_wconf 87' lang='lat' dir='ltr'><strong>humanas</strong></span> 
     </span>
    </p>
   </div>
   <div class='ocr_carea' id='block_1_93' title="bbox 274 4914 1841 4993">
    <p class='ocr_par' dir='ltr' id='par_1_93' title="bbox 274 4914 1841 4993">
     <span class='ocr_line' id='line_1_93' title="bbox 274 4914 1841 4993; baseline 0.008 -28"><span class='ocrx_word' id='word_1_742' title='bbox 274 4914 532 4981; x_wconf 89' lang='lat' dir='ltr'><strong>consequi</strong></span> <span class='ocrx_word' id='word_1_743' title='bbox 563 4914 784 4971; x_wconf 88' lang='lat' dir='ltr'><strong>minime</strong></span> <span class='ocrx_word' id='word_1_744' title='bbox 806 4916 1088 4972; x_wconf 87' lang='lat' dir='ltr'><strong>ambimus.</strong></span> <span class='ocrx_word' id='word_1_745' title='bbox 1121 4939 1138 4970; x_wconf 78' lang='grc' dir='ltr'><strong>ι</strong></span> <span class='ocrx_word' id='word_1_746' title='bbox 1172 4920 1281 4975; x_wconf 83' lang='lat' dir='ltr'><strong>Nec</strong></span> <span class='ocrx_word' id='word_1_747' title='bbox 1304 4920 1412 4976; x_wconf 89' lang='lat' dir='ltr'><strong>sint</strong></span> <span class='ocrx_word' id='word_1_748' title='bbox 1436 4922 1595 4976; x_wconf 90' lang='lat' dir='ltr'><strong>alieni</strong></span> <span class='ocrx_word' id='word_1_749' title='bbox 1623 4925 1841 4993; x_wconf 80' lang='lat' dir='ltr'><strong>partici-</strong></span> 
     </span>
    </p>
   </div>
   <div class='ocr_carea' id='block_1_94' title="bbox 274 5002 1850 5080">
    <p class='ocr_par' dir='ltr' id='par_1_94' title="bbox 274 5002 1850 5080">
     <span class='ocr_line' id='line_1_94' title="bbox 274 5002 1850 5080; baseline 0.007 -24"><span class='ocrx_word' id='word_1_750' title='bbox 274 5018 372 5073; x_wconf 90' lang='lat' dir='ltr'><strong>pes</strong></span> <span class='ocrx_word' id='word_1_751' title='bbox 401 5002 495 5058; x_wconf 88' lang='lat' dir='ltr'><strong>tui.</strong></span> <span class='ocrx_word' id='word_1_752' title='bbox 532 5024 551 5055; x_wconf 76' lang='grc' dir='ltr'><strong>ι</strong></span> <span class='ocrx_word' id='word_1_753' title='bbox 579 5005 843 5062; x_wconf 88' lang='lat' dir='ltr'><strong>lmmundi</strong></span> <span class='ocrx_word' id='word_1_754' title='bbox 872 5007 1094 5076; x_wconf 89' lang='lat' dir='ltr'><strong>spiritus</strong></span> <span class='ocrx_word' id='word_1_755' title='bbox 1119 5011 1412 5080; x_wconf 88' lang='lat' dir='ltr'><strong>participes</strong></span> <span class='ocrx_word' id='word_1_756' title='bbox 1437 5011 1571 5065; x_wconf 90' lang='lat' dir='ltr'><strong>ﬁunt</strong></span> <span class='ocrx_word' id='word_1_757' title='bbox 1595 5014 1850 5078; x_wconf 90' lang='lat' dir='ltr'><strong>doctoris,</strong></span> 
     </span>
    </p>
   </div>
   <div class='ocr_carea' id='block_1_95' title="bbox 275 5093 1851 5170">
    <p class='ocr_par' dir='ltr' id='par_1_95' title="bbox 275 5093 1851 5170">
     <span class='ocr_line' id='line_1_95' title="bbox 275 5093 1851 5170; baseline 0.006 -22"><span class='ocrx_word' id='word_1_758' title='bbox 275 5094 322 5148; x_wconf 89' lang='lat' dir='ltr'><strong>si</strong></span> <span class='ocrx_word' id='word_1_759' title='bbox 352 5093 468 5162; x_wconf 87' lang='lat' dir='ltr'><strong>ejus</strong></span> <span class='ocrx_word' id='word_1_760' title='bbox 499 5104 730 5151; x_wconf 90' lang='lat' dir='ltr'><strong>mentem</strong></span> <span class='ocrx_word' id='word_1_761' title='bbox 762 5096 842 5152; x_wconf 91' lang='lat' dir='ltr'><strong>vel</strong></span> <span class='ocrx_word' id='word_1_762' title='bbox 874 5096 1016 5152; x_wconf 84' lang='lat' dir='ltr'><strong>fastu</strong></span> <span class='ocrx_word' id='word_1_763' title='bbox 1040 5099 1287 5154; x_wconf 89' lang='lat' dir='ltr'><strong>elationis</strong></span> <span class='ocrx_word' id='word_1_764' title='bbox 1312 5102 1436 5154; x_wconf 89' lang='lat' dir='ltr'><strong>dum</strong></span> <span class='ocrx_word' id='word_1_765' title='bbox 1469 5102 1744 5170; x_wconf 61' lang='lat' dir='ltr'><strong>praedicat,</strong></span> <span class='ocrx_word' id='word_1_766' title='bbox 1771 5103 1851 5158; x_wconf 87' lang='lat' dir='ltr'><strong>vel</strong></span> 
     </span>
    </p>
   </div>
   <div class='ocr_carea' id='block_1_96' title="bbox 273 5183 1854 5258">
    <p class='ocr_par' dir='ltr' id='par_1_96' title="bbox 273 5183 1854 5258">
     <span class='ocr_line' id='line_1_96' title="bbox 273 5183 1854 5258; baseline 0.006 -20"><span class='ocrx_word' id='word_1_767' title='bbox 273 5183 490 5250; x_wconf 57' lang='lat' dir='ltr'><strong>haeresi,</strong></span> <span class='ocrx_word' id='word_1_768' title='bbox 520 5185 607 5239; x_wconf 88' lang='lat' dir='ltr'><strong>vel</strong></span> <span class='ocrx_word' id='word_1_769' title='bbox 631 5185 735 5241; x_wconf 89' lang='lat' dir='ltr'><strong>alio</strong></span> <span class='ocrx_word' id='word_1_770' title='bbox 765 5186 1003 5256; x_wconf 87' lang='lat' dir='ltr'><strong>quolibet</strong></span> <span class='ocrx_word' id='word_1_771' title='bbox 1028 5188 1158 5245; x_wconf 89' lang='lat' dir='ltr'><strong>vitio</strong></span> <span class='ocrx_word' id='word_1_772' title='bbox 1180 5199 1546 5258; x_wconf 88' lang='lat' dir='ltr'><strong>corrumpunt.</strong></span> <span class='ocrx_word' id='word_1_773' title='bbox 1576 5192 1733 5247; x_wconf 83' lang='lat' dir='ltr'><strong>Solus</strong></span> <span class='ocrx_word' id='word_1_774' title='bbox 1758 5210 1854 5247; x_wconf 79' lang='lat' dir='ltr'><strong>au-</strong></span> 
     </span>
    </p>
   </div>
   <div class='ocr_carea' id='block_1_97' title="bbox 274 5278 1852 5345">
    <p class='ocr_par' dir='ltr' id='par_1_97' title="bbox 274 5278 1852 5345">
     <span class='ocr_line' id='line_1_97' title="bbox 274 5278 1852 5345; baseline 0.006 -16"><span class='ocrx_word' id='word_1_775' title='bbox 274 5283 385 5330; x_wconf 87' lang='lat' dir='ltr'><strong>tem</strong></span> <span class='ocrx_word' id='word_1_776' title='bbox 414 5289 583 5345; x_wconf 89' lang='lat' dir='ltr'><strong>aquas</strong></span> <span class='ocrx_word' id='word_1_777' title='bbox 613 5278 868 5345; x_wconf 85' lang='lat' dir='ltr'><strong>possidet,</strong></span> <span class='ocrx_word' id='word_1_778' title='bbox 896 5294 1018 5331; x_wconf 91' lang='lat' dir='ltr'><strong>cum</strong></span> <span class='ocrx_word' id='word_1_779' title='bbox 1059 5280 1314 5334; x_wconf 81' lang='lat' dir='ltr'><strong>membris</strong></span> <span class='ocrx_word' id='word_1_780' title='bbox 1344 5280 1591 5335; x_wconf 59' lang='lat' dir='ltr'><strong>l‘lcclcsire</strong></span> <span class='ocrx_word' id='word_1_781' title='bbox 1622 5283 1852 5338; x_wconf 88' lang='lat' dir='ltr'><strong>ﬁdeliter</strong></span> 
     </span>
    </p>
   </div>
   <div class='ocr_carea' id='block_1_98' title="bbox 272 5366 1849 5427">
    <p class='ocr_par' dir='ltr' id='par_1_98' title="bbox 272 5366 1849 5427">
     <span class='ocr_line' id='line_1_98' title="bbox 272 5366 1849 5427; baseline 0.003 -6"><span class='ocrx_word' id='word_1_782' title='bbox 272 5379 550 5421; x_wconf 66' lang='lat' dir='ltr'><strong>animosus</strong></span> <span class='ocrx_word' id='word_1_783' title='bbox 572 5366 640 5421; x_wconf 90' lang='lat' dir='ltr'><strong>ab</strong></span> <span class='ocrx_word' id='word_1_784' title='bbox 663 5373 1042 5421; x_wconf 77' lang='lat' dir='ltr'><strong>extraneorum</strong></span> <span class='ocrx_word' id='word_1_785' title='bbox 1087 5381 1145 5422; x_wconf 86' lang='lat' dir='ltr'><strong>se</strong></span> <span class='ocrx_word' id='word_1_786' title='bbox 1185 5368 1457 5423; x_wconf 79' lang='lat' dir='ltr'><strong>consortio</strong></span> <span class='ocrx_word' id='word_1_787' title='bbox 1479 5368 1705 5426; x_wconf 87' lang='lat' dir='ltr'><strong>liberum</strong></span> <span class='ocrx_word' id='word_1_788' title='bbox 1734 5388 1849 5427; x_wconf 84' lang='lat' dir='ltr'><strong>scr-</strong></span> 
     </span>
    </p>
   </div>
   <div class='ocr_carea' id='block_1_99' title="bbox 274 5463 366 5515">
    <p class='ocr_par' dir='ltr' id='par_1_99' title="bbox 274 5463 366 5515">
     <span class='ocr_line' id='line_1_99' title="bbox 274 5463 366 5515; baseline 0.033 -9"><span class='ocrx_word' id='word_1_789' title='bbox 274 5463 366 5515; x_wconf 82' lang='lat' dir='ltr'><strong>vat</strong></span> 
     </span>
    </p>
   </div>
   <div class='ocr_carea' id='block_1_100' title="bbox 1960 4534 3535 4610">
    <p class='ocr_par' dir='ltr' id='par_1_100' title="bbox 1960 4534 3535 4610">
     <span class='ocr_line' id='line_1_100' title="bbox 1960 4534 3535 4610; baseline 0.003 -22"><span class='ocrx_word' id='word_1_790' title='bbox 1960 4552 2087 4588; x_wconf 90' lang='lat' dir='ltr'><strong>num</strong></span> <span class='ocrx_word' id='word_1_791' title='bbox 2127 4534 2413 4599; x_wconf 81' lang='lat' dir='ltr'><strong>sufﬁceret,</strong></span> <span class='ocrx_word' id='word_1_792' title='bbox 2459 4535 2573 4589; x_wconf 90' lang='lat' dir='ltr'><strong>ait:</strong></span> <span class='ocrx_word' id='word_1_793' title='bbox 2606 4554 2625 4587; x_wconf 77' lang='grc' dir='ltr'><strong>ι</strong></span> <span class='ocrx_word' id='word_1_794' title='bbox 2659 4536 2935 4593; x_wconf 74' lang='lat' dir='ltr'><strong>Mulierem</strong></span> <span class='ocrx_word' id='word_1_795' title='bbox 2984 4539 3175 4595; x_wconf 77' lang='lat' dir='ltr'><strong>fortem</strong></span> <span class='ocrx_word' id='word_1_796' title='bbox 3218 4540 3341 4610; x_wconf 90' lang='lat' dir='ltr'><strong>quis</strong></span> <span class='ocrx_word' id='word_1_797' title='bbox 3392 4555 3535 4594; x_wconf 85' lang='lat' dir='ltr'><strong>mve-</strong></span> 
     </span>
    </p>
   </div>
   <div class='ocr_carea' id='block_1_101' title="bbox 1958 4624 3537 4698">
    <p class='ocr_par' dir='ltr' id='par_1_101' title="bbox 1958 4624 3537 4698">
     <span class='ocr_line' id='line_1_101' title="bbox 1958 4624 3537 4698; baseline 0.002 -19"><span class='ocrx_word' id='word_1_798' title='bbox 1958 4625 2103 4679; x_wconf 86' lang='lat' dir='ltr'><strong>niet?</strong></span> <span class='ocrx_word' id='word_1_799' title='bbox 2130 4624 2315 4693; x_wconf 87' lang='lat' dir='ltr'><strong>procul</strong></span> <span class='ocrx_word' id='word_1_800' title='bbox 2341 4634 2395 4678; x_wconf 90' lang='lat' dir='ltr'><strong>et</strong></span> <span class='ocrx_word' id='word_1_801' title='bbox 2419 4625 2486 4679; x_wconf 90' lang='lat' dir='ltr'><strong>de</strong></span> <span class='ocrx_word' id='word_1_802' title='bbox 2516 4624 2720 4681; x_wconf 89' lang='lat' dir='ltr'><strong>ultimis</strong></span> <span class='ocrx_word' id='word_1_803' title='bbox 2748 4627 2943 4683; x_wconf 90' lang='lat' dir='ltr'><strong>ﬁnibus</strong></span> <span class='ocrx_word' id='word_1_804' title='bbox 2971 4629 3200 4698; x_wconf 88' lang='lat' dir='ltr'><strong>pretium</strong></span> <span class='ocrx_word' id='word_1_805' title='bbox 3224 4627 3340 4698; x_wconf 84' lang='lat' dir='ltr'><strong>ejus</strong></span> <span class='ocrx_word' id='word_1_806' title='bbox 3374 4650 3392 4680; x_wconf 72' lang='grc' dir='ltr'><strong>ι</strong></span> <span class='ocrx_word' id='word_1_807' title='bbox 3416 4645 3431 4694; x_wconf 87' lang='grc'>;</span> <span class='ocrx_word' id='word_1_808' title='bbox 3474 4644 3537 4682; x_wconf 88' lang='lat' dir='ltr'><strong>ac</strong></span> 
     </span>
    </p>
   </div>
   <div class='ocr_carea' id='block_1_102' title="bbox 1955 4716 3532 4788">
    <p class='ocr_par' dir='ltr' id='par_1_102' title="bbox 1955 4716 3532 4788">
     <span class='ocr_line' id='line_1_102' title="bbox 1955 4716 3532 4788; baseline 0 -17"><span class='ocrx_word' id='word_1_809' title='bbox 1955 4716 2001 4771; x_wconf 91' lang='lat' dir='ltr'><strong>si</strong></span> <span class='ocrx_word' id='word_1_810' title='bbox 2047 4726 2232 4786; x_wconf 86' lang='lat' dir='ltr'><strong>aperte</strong></span> <span class='ocrx_word' id='word_1_811' title='bbox 2274 4716 2507 4770; x_wconf 87' lang='lat' dir='ltr'><strong>futuram</strong></span> <span class='ocrx_word' id='word_1_812' title='bbox 2539 4716 2749 4773; x_wconf 88' lang='lat' dir='ltr'><strong>Domini</strong></span> <span class='ocrx_word' id='word_1_813' title='bbox 2791 4718 3018 4788; x_wconf 78' lang='lat' dir='ltr'><strong>gratiam</strong></span> <span class='ocrx_word' id='word_1_814' title='bbox 3051 4719 3366 4775; x_wconf 89' lang='lat' dir='ltr'><strong>admirando</strong></span> <span class='ocrx_word' id='word_1_815' title='bbox 3406 4733 3532 4788; x_wconf 82' lang='lat' dir='ltr'><strong>pro—</strong></span> 
     </span>
    </p>
   </div>
   <div class='ocr_carea' id='block_1_103' title="bbox 1956 4808 3532 4882">
    <p class='ocr_par' dir='ltr' id='par_1_103' title="bbox 1956 4808 3532 4882">
     <span class='ocr_line' id='line_1_103' title="bbox 1956 4808 3532 4882; baseline 0.001 -20"><span class='ocrx_word' id='word_1_816' title='bbox 1956 4818 2223 4865; x_wconf 87' lang='lat' dir='ltr'><strong>Iestctur:</strong></span> <span class='ocrx_word' id='word_1_817' title='bbox 2276 4808 2407 4875; x_wconf 83' lang='lat' dir='ltr'><strong>Quis</strong></span> <span class='ocrx_word' id='word_1_818' title='bbox 2458 4818 2619 4865; x_wconf 73' lang='lat' dir='ltr'><strong>tanta:</strong></span> <span class='ocrx_word' id='word_1_819' title='bbox 2666 4811 2902 4877; x_wconf 87' lang='lat' dir='ltr'><strong>virtutis,</strong></span> <span class='ocrx_word' id='word_1_820' title='bbox 2945 4813 3069 4882; x_wconf 91' lang='lat' dir='ltr'><strong>quis</strong></span> <span class='ocrx_word' id='word_1_821' title='bbox 3115 4813 3240 4867; x_wconf 90' lang='lat' dir='ltr'><strong>talis</strong></span> <span class='ocrx_word' id='word_1_822' title='bbox 3287 4824 3372 4867; x_wconf 89' lang='lat' dir='ltr'><strong>est</strong></span> <span class='ocrx_word' id='word_1_823' title='bbox 3418 4828 3532 4865; x_wconf 90' lang='lat' dir='ltr'><strong>me—</strong></span> 
     </span>
    </p>
   </div>
   <div class='ocr_carea' id='block_1_104' title="bbox 1953 4900 3531 4972">
    <p class='ocr_par' dir='ltr' id='par_1_104' title="bbox 1953 4900 3531 4972">
     <span class='ocr_line' id='line_1_104' title="bbox 1953 4900 3531 4972; baseline 0.002 -18"><span class='ocrx_word' id='word_1_824' title='bbox 1953 4901 2065 4964; x_wconf 87' lang='lat' dir='ltr'><strong>riti,</strong></span> <span class='ocrx_word' id='word_1_825' title='bbox 2113 4900 2205 4972; x_wconf 90' lang='lat' dir='ltr'><strong>qui</strong></span> <span class='ocrx_word' id='word_1_826' title='bbox 2245 4901 2313 4956; x_wconf 92' lang='lat' dir='ltr'><strong>de</strong></span> <span class='ocrx_word' id='word_1_827' title='bbox 2345 4909 2425 4955; x_wconf 90' lang='lat' dir='ltr'><strong>tot</strong></span> <span class='ocrx_word' id='word_1_828' title='bbox 2472 4901 2761 4957; x_wconf 89' lang='lat' dir='ltr'><strong>incredulis</strong></span> <span class='ocrx_word' id='word_1_829' title='bbox 2812 4919 2876 4958; x_wconf 89' lang='lat' dir='ltr'><strong>ac</strong></span> <span class='ocrx_word' id='word_1_830' title='bbox 2921 4903 3164 4958; x_wconf 80' lang='lat' dir='ltr'><strong>scelestis</strong></span> <span class='ocrx_word' id='word_1_831' title='bbox 3200 4902 3381 4957; x_wconf 90' lang='lat' dir='ltr'><strong>mundi</strong></span> <span class='ocrx_word' id='word_1_832' title='bbox 3434 4920 3531 4957; x_wconf 88' lang='lat' dir='ltr'><strong>na-</strong></span> 
     </span>
    </p>
   </div>
   <div class='ocr_carea' id='block_1_105' title="bbox 1956 4992 3534 5064">
    <p class='ocr_par' dir='ltr' id='par_1_105' title="bbox 1956 4992 3534 5064">
     <span class='ocr_line' id='line_1_105' title="bbox 1956 4992 3534 5064; baseline 0.003 -20"><span class='ocrx_word' id='word_1_833' title='bbox 1956 4993 2221 5058; x_wconf 90' lang='lat' dir='ltr'><strong>tionibus,</strong></span> <span class='ocrx_word' id='word_1_834' title='bbox 2254 5008 2414 5046; x_wconf 90' lang='lat' dir='ltr'><strong>unam</strong></span> <span class='ocrx_word' id='word_1_835' title='bbox 2443 4992 2543 5047; x_wconf 67' lang='lat' dir='ltr'><strong>sibi</strong></span> <span class='ocrx_word' id='word_1_836' title='bbox 2566 4992 2858 5049; x_wconf 87' lang='lat' dir='ltr'><strong>electorum</strong></span> <span class='ocrx_word' id='word_1_837' title='bbox 2881 4994 3176 5049; x_wconf 84' lang='lat' dir='ltr'><strong>Ecclesiam</strong></span> <span class='ocrx_word' id='word_1_838' title='bbox 3207 4997 3534 5064; x_wconf 84' lang='lat' dir='ltr'><strong>congregct?</strong></span> 
     </span>
    </p>
   </div>
   <div class='ocr_carea' id='block_1_106' title="bbox 1954 5082 3537 5154">
    <p class='ocr_par' dir='ltr' id='par_1_106' title="bbox 1954 5082 3537 5154">
     <span class='ocr_line' id='line_1_106' title="bbox 1954 5082 3537 5154; baseline 0.003 -19"><span class='ocrx_word' id='word_1_839' title='bbox 1954 5097 2117 5151; x_wconf 90' lang='lat' dir='ltr'><strong>quam</strong></span> <span class='ocrx_word' id='word_1_840' title='bbox 2144 5098 2241 5138; x_wconf 90' lang='lat' dir='ltr'><strong>sua</strong></span> <span class='ocrx_word' id='word_1_841' title='bbox 2277 5083 2451 5153; x_wconf 86' lang='lat' dir='ltr'><strong>gratia</strong></span> <span class='ocrx_word' id='word_1_842' title='bbox 2486 5082 2677 5138; x_wconf 89' lang='lat' dir='ltr'><strong>fortem</strong></span> <span class='ocrx_word' id='word_1_843' title='bbox 2714 5093 2873 5153; x_wconf 87' lang='lat' dir='ltr'><strong>atque</strong></span> <span class='ocrx_word' id='word_1_844' title='bbox 2912 5084 3326 5154; x_wconf 84' lang='lat' dir='ltr'><strong>insuperabilem</strong></span> <span class='ocrx_word' id='word_1_845' title='bbox 3352 5086 3537 5140; x_wconf 89' lang='lat' dir='ltr'><strong>adver-</strong></span> 
     </span>
    </p>
   </div>
   <div class='ocr_carea' id='block_1_107' title="bbox 1953 5172 3536 5243">
    <p class='ocr_par' dir='ltr' id='par_1_107' title="bbox 1953 5172 3536 5243">
     <span class='ocr_line' id='line_1_107' title="bbox 1953 5172 3536 5243; baseline 0.001 -17"><span class='ocrx_word' id='word_1_846' title='bbox 1953 5172 2196 5227; x_wconf 89' lang='lat' dir='ltr'><strong>santibus</strong></span> <span class='ocrx_word' id='word_1_847' title='bbox 2236 5174 2445 5227; x_wconf 90' lang='lat' dir='ltr'><strong>cunctis</strong></span> <span class='ocrx_word' id='word_1_848' title='bbox 2466 5172 2695 5228; x_wconf 88' lang='lat' dir='ltr'><strong>eﬁiciat?</strong></span> <span class='ocrx_word' id='word_1_849' title='bbox 2731 5174 2884 5241; x_wconf 82' lang='lat' dir='ltr'><strong>Quod</strong></span> <span class='ocrx_word' id='word_1_850' title='bbox 2914 5190 3044 5243; x_wconf 82' lang='lat' dir='ltr'><strong>ergo</strong></span> <span class='ocrx_word' id='word_1_851' title='bbox 3072 5174 3220 5241; x_wconf 85' lang='lat' dir='ltr'><strong>dicit,</strong></span> <span class='ocrx_word' id='word_1_852' title='bbox 3254 5192 3274 5226; x_wconf 69' lang='grc' dir='ltr'><strong>ι</strong></span> <span class='ocrx_word' id='word_1_853' title='bbox 3312 5174 3536 5228; x_wconf 87' lang='lat' dir='ltr'><strong>conﬁdit</strong></span> 
     </span>
    </p>
   </div>
   <div class='ocr_carea' id='block_1_108' title="bbox 1954 5261 3533 5326">
    <p class='ocr_par' dir='ltr' id='par_1_108' title="bbox 1954 5261 3533 5326">
     <span class='ocr_line' id='line_1_108' title="bbox 1954 5261 3533 5326; baseline 0.001 -11"><span class='ocrx_word' id='word_1_854' title='bbox 1954 5261 2007 5315; x_wconf 90' lang='lat' dir='ltr'><strong>in</strong></span> <span class='ocrx_word' id='word_1_855' title='bbox 2032 5277 2096 5315; x_wconf 89' lang='lat' dir='ltr'><strong>ea</strong></span> <span class='ocrx_word' id='word_1_856' title='bbox 2125 5278 2221 5316; x_wconf 90' lang='lat' dir='ltr'><strong>cor</strong></span> <span class='ocrx_word' id='word_1_857' title='bbox 2243 5261 2345 5316; x_wconf 90' lang='lat' dir='ltr'><strong>viri</strong></span> <span class='ocrx_word' id='word_1_858' title='bbox 2377 5262 2484 5326; x_wconf 89' lang='lat' dir='ltr'><strong>sui,</strong></span> <span class='ocrx_word' id='word_1_859' title='bbox 2522 5281 2539 5312; x_wconf 77' lang='grc' dir='ltr'><strong>ι</strong></span> <span class='ocrx_word' id='word_1_860' title='bbox 2572 5261 2639 5316; x_wconf 91' lang='lat' dir='ltr'><strong>ab</strong></span> <span class='ocrx_word' id='word_1_861' title='bbox 2677 5262 2912 5317; x_wconf 87' lang='lat' dir='ltr'><strong>humana</strong></span> <span class='ocrx_word' id='word_1_862' title='bbox 2955 5261 3208 5316; x_wconf 91' lang='lat' dir='ltr'><strong>nimirum</strong></span> <span class='ocrx_word' id='word_1_863' title='bbox 3249 5269 3533 5323; x_wconf 84' lang='lat' dir='ltr'><strong>consuetu-</strong></span> 
     </span>
    </p>
   </div>
   <div class='ocr_carea' id='block_1_109' title="bbox 1952 5349 3530 5420">
    <p class='ocr_par' dir='ltr' id='par_1_109' title="bbox 1952 5349 3530 5420">
     <span class='ocr_line' id='line_1_109' title="bbox 1952 5349 3530 5420; baseline -0.001 -15"><span class='ocrx_word' id='word_1_864' title='bbox 1952 5351 2076 5407; x_wconf 88' lang='lat' dir='ltr'><strong>dine</strong></span> <span class='ocrx_word' id='word_1_865' title='bbox 2101 5359 2330 5405; x_wconf 90' lang='lat' dir='ltr'><strong>tractum</strong></span> <span class='ocrx_word' id='word_1_866' title='bbox 2361 5360 2463 5405; x_wconf 89' lang='lat' dir='ltr'><strong>cst.</strong></span> <span class='ocrx_word' id='word_1_867' title='bbox 2500 5351 2652 5405; x_wconf 87' lang='lat' dir='ltr'><strong>Sicut</strong></span> <span class='ocrx_word' id='word_1_868' title='bbox 2693 5352 2837 5405; x_wconf 90' lang='lat' dir='ltr'><strong>enim</strong></span> <span class='ocrx_word' id='word_1_869' title='bbox 2873 5349 2920 5406; x_wconf 91' lang='lat' dir='ltr'><strong>is</strong></span> <span class='ocrx_word' id='word_1_870' title='bbox 2947 5350 3036 5420; x_wconf 90' lang='lat' dir='ltr'><strong>qui</strong></span> <span class='ocrx_word' id='word_1_871' title='bbox 3075 5350 3266 5405; x_wconf 90' lang='lat' dir='ltr'><strong>fortem</strong></span> <span class='ocrx_word' id='word_1_872' title='bbox 3292 5350 3530 5406; x_wconf 88' lang='lat' dir='ltr'><strong>ﬁdelem-</strong></span> 
     </span>
    </p>
   </div>
   <div class='ocr_carea' id='block_1_110' title="bbox 1951 5441 3533 5511">
    <p class='ocr_par' dir='ltr' id='par_1_110' title="bbox 1951 5441 3533 5511">
     <span class='ocr_line' id='line_1_110' title="bbox 1951 5441 3533 5511; baseline 0.001 -15"><span class='ocrx_word' id='word_1_873' title='bbox 1951 5457 2057 5511; x_wconf 88' lang='lat' dir='ltr'><strong>quc</strong></span> <span class='ocrx_word' id='word_1_874' title='bbox 2078 5451 2131 5497; x_wconf 93' lang='lat' dir='ltr'><strong>ct</strong></span> <span class='ocrx_word' id='word_1_875' title='bbox 2162 5451 2362 5496; x_wconf 87' lang='lat' dir='ltr'><strong>castam</strong></span> <span class='ocrx_word' id='word_1_876' title='bbox 2395 5443 2557 5496; x_wconf 82' lang='lat' dir='ltr'><strong>habet</strong></span> <span class='ocrx_word' id='word_1_877' title='bbox 2597 5441 2895 5511; x_wconf 80' lang='lat' dir='ltr'><strong>conjugem,</strong></span> <span class='ocrx_word' id='word_1_878' title='bbox 2929 5442 3149 5497; x_wconf 91' lang='lat' dir='ltr'><strong>conﬁdit</strong></span> <span class='ocrx_word' id='word_1_879' title='bbox 3177 5442 3228 5496; x_wconf 91' lang='lat' dir='ltr'><strong>in</strong></span> <span class='ocrx_word' id='word_1_880' title='bbox 3256 5457 3319 5497; x_wconf 90' lang='lat' dir='ltr'><strong>ea</strong></span> <span class='ocrx_word' id='word_1_881' title='bbox 3345 5444 3533 5497; x_wconf 88' lang='lat' dir='ltr'><strong>certis-</strong></span> 
     </span>
    </p>
   </div>
   <div class='ocr_carea' id='block_1_111' title="bbox 1953 5533 3528 5604">
    <p class='ocr_par' dir='ltr' id='par_1_111' title="bbox 1953 5533 3528 5604">
     <span class='ocr_line' id='line_1_111' title="bbox 1953 5533 3528 5604; baseline -0.001 -17"><span class='ocrx_word' id='word_1_882' title='bbox 1953 5534 2117 5597; x_wconf 79' lang='lat' dir='ltr'><strong>sime,</strong></span> <span class='ocrx_word' id='word_1_883' title='bbox 2139 5534 2263 5602; x_wconf 91' lang='lat' dir='ltr'><strong>quia</strong></span> <span class='ocrx_word' id='word_1_884' title='bbox 2300 5534 2372 5586; x_wconf 93' lang='lat' dir='ltr'><strong>nil</strong></span> <span class='ocrx_word' id='word_1_885' title='bbox 2403 5541 2590 5587; x_wconf 88' lang='lat' dir='ltr'><strong>contra</strong></span> <span class='ocrx_word' id='word_1_886' title='bbox 2625 5549 2777 5587; x_wconf 83' lang='lat' dir='ltr'><strong>suam</strong></span> <span class='ocrx_word' id='word_1_887' title='bbox 2808 5533 3134 5587; x_wconf 82' lang='lat' dir='ltr'><strong>voluntatem</strong></span> <span class='ocrx_word' id='word_1_888' title='bbox 3170 5549 3348 5604; x_wconf 89' lang='lat' dir='ltr'><strong>agere,</strong></span> <span class='ocrx_word' id='word_1_889' title='bbox 3386 5533 3528 5587; x_wconf 87' lang='lat' dir='ltr'><strong>nulla</strong></span> 
     </span>
    </p>
   </div>
   <div class='ocr_carea' id='block_1_112' title="bbox 1954 5623 3530 5694">
    <p class='ocr_par' dir='ltr' id='par_1_112' title="bbox 1954 5623 3530 5694">
     <span class='ocr_line' id='line_1_112' title="bbox 1954 5623 3530 5694; baseline 0 -18"><span class='ocrx_word' id='word_1_890' title='bbox 1954 5623 2251 5677; x_wconf 86' lang='lat' dir='ltr'><strong>adulterina</strong></span> <span class='ocrx_word' id='word_1_891' title='bbox 2280 5623 2465 5678; x_wconf 88' lang='lat' dir='ltr'><strong>saltem</strong></span> <span class='ocrx_word' id='word_1_892' title='bbox 2494 5624 2819 5694; x_wconf 79' lang='lat' dir='ltr'><strong>cogitatione</strong></span> <span class='ocrx_word' id='word_1_893' title='bbox 2850 5625 3018 5694; x_wconf 88' lang='lat' dir='ltr'><strong>possit</strong></span> <span class='ocrx_word' id='word_1_894' title='bbox 3041 5625 3370 5686; x_wconf 83' lang='lat' dir='ltr'><strong>attaininari,</strong></span> <span class='ocrx_word' id='word_1_895' title='bbox 3395 5638 3530 5676; x_wconf 89' lang='lat' dir='ltr'><strong>cun-</strong></span> 
     </span>
    </p>
   </div>
   <div class='ocr_carea' id='block_1_113' title="bbox 1956 5711 3527 5783">
    <p class='ocr_par' dir='ltr' id='par_1_113' title="bbox 1956 5711 3527 5783">
     <span class='ocr_line' id='line_1_113' title="bbox 1956 5711 3527 5783; baseline -0.003 -16"><span class='ocrx_word' id='word_1_896' title='bbox 1956 5722 2044 5768; x_wconf 85' lang='lat' dir='ltr'><strong>cta</strong></span> <span class='ocrx_word' id='word_1_897' title='bbox 2088 5730 2185 5783; x_wconf 86' lang='lat' dir='ltr'><strong>pro</strong></span> <span class='ocrx_word' id='word_1_898' title='bbox 2214 5728 2311 5770; x_wconf 87' lang='lat' dir='ltr'><strong>suo</strong></span> <span class='ocrx_word' id='word_1_899' title='bbox 2342 5730 2525 5769; x_wconf 77' lang='lat' dir='ltr'><strong>amore</strong></span> <span class='ocrx_word' id='word_1_900' title='bbox 2571 5714 2734 5769; x_wconf 83' lang='lat' dir='ltr'><strong>ctiam</strong></span> <span class='ocrx_word' id='word_1_901' title='bbox 2771 5714 2992 5771; x_wconf 85' lang='lat' dir='ltr'><strong>adversa</strong></span> <span class='ocrx_word' id='word_1_902' title='bbox 3026 5714 3253 5769; x_wconf 87' lang='lat' dir='ltr'><strong>libenter</strong></span> <span class='ocrx_word' id='word_1_903' title='bbox 3296 5711 3527 5776; x_wconf 79' lang='lat' dir='ltr'><strong>tolleret,</strong></span> 
     </span>
    </p>
   </div>
  </div>
