4030 6470
493 346 599 402 955

1129 340 1192 395 B.
1235 338 1487 395 RABANI
1526 337 1743 394 MAURI
1781 337 2097 394 ARClllEl’.
2141 335 2448 391 MUCUNT.
2489 336 2777 393 OPERUM
2816 337 2999 394 PARS
3034 338 3077 395 Ι.

3615 308 3619 311 ’
3658 340 3774 403 ese

485 465 543 511 et
568 467 914 525 quoscunque
948 451 1109 521 valet,
1146 451 1215 505 ad
1252 465 1405 507 suam
1435 449 1727 504 amicitiam
1753 456 2072 502 convertere
2099 450 2147 511 Λ
2175 447 2480 515 persecutio
2510 446 2846 518 intelligitur,
2871 458 2928 503 et
2954 450 3010 504 in
3043 448 3314 506 calumnia
3346 450 3597 506 mendaci
3620 450 3770 508 blas—

485 545 773 610 dcsideret,
820 543 901 598 sic
942 542 1196 596 nimirum
1247 542 1327 596 sic
1369 540 1629 595 Dominus
1653 547 1709 595 et
1743 539 2073 609 Redemptor

484 645 669 693 noster
711 636 766 690 in
816 634 1054 689 Ecclesia
1105 632 1368 699 conﬁdit;
1418 631 1569 687 novit
1622 631 1767 686 enim
1823 630 2070 700 spiritum

481 726 670 798 gratia:
708 740 872 795 quem
916 725 1079 789 dedit,
1109 723 1258 778 novit
1296 723 1554 777 virtutem
1576 720 1878 785 charitatis,
1907 736 2071 791 quam

480 820 597 891 ejus
644 817 958 888 praecordiis
1005 815 1215 871 infudit.
1267 815 1500 883 Ideoque
1540 830 1648 869 non
1697 812 1911 868 dubitat
1950 828 2069 867 eam

478 924 589 965 non
625 907 801 962 solum
827 924 858 962 a
889 923 1001 963 suae
1029 906 1153 960 ﬁdei
1184 905 1495 975 integritate
1539 918 1882 974 nequaquam
1912 918 2085 972 posse

477 1000 779 1070 corrumpi,
809 998 903 1055 sed
945 1008 1002 1055 et.
1042 1005 1456 1068 perseveranter
1500 995 1769 1058 insistere,
1803 1003 1861 1048 ut
1891 993 2089 1063 plures.

475 1094 546 1148 ad
573 1092 814 1162 ejusdem
860 1091 993 1146 ﬁdei
1028 1082 1319 1161 congreget
1356 1090 1653 1144 unitatem..
1681 1087 1794 1143 Hoc
1819 1094 1904 1142 est
1925 1085 2069 1140 enim

475 1183 621 1252 quod
659 1181 944 1251 sequitur:
981 1199 1008 1231 ι
1040 1180 1107 1234 Et
1132 1178 1318 1250 spoliis
1349 1195 1454 1234 non
1498 1177 1777 1248 indigebit.
1815 1197 1835 1227 ι
1867 1175 2073 1250 Spoliat

475 1271 623 1326 enim
654 1269 925 1326 diabolum
947 1269 1209 1334 Ecclesia,
1239 1284 1360 1323 cum
1387 1283 1484 1337 per
1511 1267 1891 1336 praedicatores
1918 1279 2066 1330 suos,

476 1344 572 1417 eos
600 1377 737 1432 quos
774 1362 888 1429 ipse
920 1361 1230 1430 deceperat,
1274 1359 1344 1415 ad
1389 1358 1634 1413 veritatis
1677 1358 1782 1412 iter
1828 1364 2085 1415 revocata

475 1451 548 1507 Et
581 1452 720 1507 bene
757 1438 987 1515 dicitur,
1012 1468 1030 1501 ι
1069 1449 1254 1521 spoliis
1279 1464 1386 1503 non
1416 1447 1698 1519 indigebit,
1732 1468 1765 1495 δ.
1780 1447 1906 1516 quia
1932 1463 2071 1502 nuu-

474 1556 644 1611 quam
669 1541 905 1597 cessabit
945 1540 1186 1597 Ecclesia
1231 1539 1487 1596 liberatas
1517 1555 1547 1593 a
1575 1538 1840 1595 diabolica
1879 1538 2086 1594 fraude

472 1632 697 1689 animas
739 1631 943 1688 Christi
996 1632 1122 1687 ﬁdei
1175 1634 1461 1690 restituere
1487 1672 1505 1699 ,
1553 1631 1745 1698 donec,
1799 1631 2070 1702 completo

2176 537 2391 606 phemia
2408 536 2736 593 Judaeorum.
2760 538 2819 592 In
2844 539 3071 595 muliere
3095 555 3309 611 quoque
3331 542 3578 613 zelotypa
3594 542 3771 598 hatre-

2177 625 2292 691 tici,
2333 626 2423 695 qui
2467 626 2587 681 zelo
2610 636 2666 681 et
2704 627 2903 683 invidia
2944 637 3135 684 contra
3166 631 3454 685 veritatem
3500 643 3766 701 pugnam,

2173 725 2228 769 et
2248 715 2488 770 dolorem
2525 716 2672 770 cordi
2700 716 3011 787 luctumque
3039 719 3335 774 maximum
3366 719 3626 775 Ecclesia:
3651 736 3771 775 nn:—

2175 805 2243 859 tri
2282 806 2552 878 ingerunt.
2586 805 2709 881 Haec
2734 807 2918 861 omnia
2943 822 3107 878 super
3145 818 3375 864 mortem
3398 818 3529 864 sunt
3559 809 3766 879 gravia,

2172 895 2299 967 quia
2354 895 2688 950 tolerabilius
2743 903 2829 950 est
2871 904 3101 951 mortem
3157 897 3341 953 subire
3386 897 3770 968 temporalem,

2170 1002 2344 1057 quam.
2377 995 2636 1041 :eternam
2671 986 2725 1040 in
2764 987 3013 1057 gehenna
3062 1001 3162 1056 pro
3208 988 3451 1058 peccatis
3491 988 3772 1043 sustinere

2174 1076 2624 1133 eombustionem.

2247 1188 2266 1222 ι
2299 1168 2355 1223 In
2402 1157 2628 1225 muliere
2676 1169 2880 1224 inﬁdeli
2927 1169 3193 1241 flagellum
3257 1187 3461 1242 .nguze,
3507 1172 3774 1230 omnibus

2177 1260 2654 1316 «.comniunicans.
2702 1282 2720 1313 ι
2771 1260 2886 1319 Hoc
2928 1270 3032 1326 est,
3081 1261 3134 1316 in
3187 1263 3369 1316 anima
3416 1264 3609 1334 gentili
3652 1264 3773 1320 sive

2170 1347 2426 1405 haeretica
2450 1351 2716 1419 pravitate
2741 1351 2991 1421 decepta,
3033 1352 3369 1422 blasphemia
3415 1363 3581 1408 sonat
3603 1363 3659 1408 et
3688 1352 3767 1407 lc-

2170 1440 2315 1497 cutio
2343 1456 2615 1511 perversa,
2647 1444 2774 1516 quia
2818 1444 2933 1500 sive
2981 1445 3144 1500 corde
3184 1447 3388 1516 cogitet
3437 1448 3607 1513 mala,
3655 1450 3771 1503 sive

2169 1545 2265 1585 ore
2311 1530 2547 1601 proferat
2595 1535 2757 1588 verba
2807 1535 3062 1601 nefanda,
3104 1551 3321 1608 semper
3349 1540 3418 1594 ad
3457 1541 3769 1595 nocendum

2169 1619 2254 1678 c‘st
2298 1633 2523 1693 parata,
2572 1624 2803 1697 indeque
2846 1626 3099 1683 omnibus
3144 1627 3248 1685 sibi
3296 1630 3772 1686 consentientibus

473 1724 661 1779 mundi
704 1740 889 1788 cursu,
913 1739 1134 1778 suorum
1163 1739 1379 1796 quoque
1418 1723 1701 1794 praeﬁnita.
1735 1723 2079 1793 compleatur
2172 1714 2277 1768 ενὶι
2302 1716 2483 1771 "03131-

474 1829 687 1870 summa
719 1815 1113 1870 membrorum.

550 1922 570 1954 ι
600 1903 736 1959 Pars
778 1906 915 1958 bona
967 1903 1161 1958 mulier
1202 1917 1380 1968 oena;
1415 1903 1468 1957 in
1511 1910 1666 1972 parte
1700 1902 1838 1957 bona
1870 1903 2083 1957 timen-.

481 2011 503 2044 ι
538 1993 670 2047 tium
705 1993 871 2047 Deum
920 1993 1136 2048 dabitur
1166 1993 1283 2047 viro
1324 2008 1421 2062 pro
1465 1991 1624 2047 faetis
1668 1993 1845 2047 bonis.
1885 2011 1902 2043 ι
1936 1992 2070 2047 Pars

472 2084 616 2138 bona
640 2090 695 2137 et
716 2083 913 2137 mulier
939 2083 1079 2136 bona
1120 2091 1207 2139 est
1239 2081 1480 2138 Ecclesia
1516 2082 1802 2147 catholica,
1848 2098 1969 2151 qua:
2014 2082 2070 2137 in

473 2183 621 2228 sorte
648 2172 955 2228 timentium
986 2172 1153 2228 Deum
1187 2182 1597 2237 annumeratur,
1636 2173 1763 2245 quia
1794 2173 1863 2227 ad
1899 2173 2068 2227 haere-

472 2262 699 2318 ditatem
725 2260 847 2331 ejus
880 2262 1133 2332 pertinet.
1163 2262 1241 2333 De
1267 2278 1374 2332 quo
1401 2263 1460 2318 in
1489 2262 1705 2318 cantico
1736 2262 2071 2317 Deuterono-

472 2353 566 2408 mii
596 2354 859 2423 scriptum
890 2360 974 2409 est
1006 2371 1019 2407 :
1060 2371 1078 2404 ι
1112 2353 1247 2409 Pars
1292 2354 1505 2409 Domini
1554 2352 1784 2423 populus
1828 2353 1945 2423 ejus
1985 2350 2075 2409 Ja.

473 2444 599 2509 cob,
619 2443 891 2499 funicuhis
917 2444 1251 2499 hmreditatis
1281 2445 1399 2515 ejus
1424 2444 1590 2501 Israel
1613 2445 1791 2516 (Deut.
1816 2444 2010 2516 χχχιι).
2042 2464 2073 2498 ι

473 2533 576 2589 Cui
610 2534 778 2588 etiam
810 2535 877 2588 ad
906 2533 1187 2589 dexteram
1217 2533 1332 2604 ejus
1359 2536 1701 2599 constitutae,
1733 2536 1848 2604 ipse
1888 2536 1941 2589 in
1982 2534 2071 2603 ju-

474 2627 615 2682 dicio
644 2627 895 2681 dicturus
912 2635 996 2681 est
1029 2625 1213 2682 futuro
1243 2646 1255 2680 :
1287 2646 1309 2677 ι
1336 2626 1549 2692 Venite,
1583 2627 1852 2682 benedicti
1891 2626 2073 2683 Patris

474 2719 607 2783 mei,
650 2718 913 2788 percipite
958 2733 1213 2788 regnum,
1233 2719 1378 2787 quod
1418 2718 1572 2772 vobis
1594 2725 1844 2786 paratum
1887 2725 1972 2771 est
2000 2718 2069 2771 ab

470 2808 684 2879 origine
706 2807 890 2862 mundi
921 2807 1134 2879 (Matth.
1166 2808 1316 2879 xxv).
1361 2828 1380 2861 ι
1411 2807 1537 2862 ιιευο
1563 2809 1687 2862 data
1715 2816 1800 2861 est
1824 2807 1939 2863 viro
1967 2822 2069 2862 suo

470 2898 689 2954 Christo
735 2913 837 2968 pro
882 2897 1038 2954 factis
1079 2898 1259 2964 bonis,
1286 2915 1384 2969 pro
1415 2898 1784 2968 redemptione
1818 2898 2072 2953 videlicet

471 2990 686 3060 generis
736 2990 980 3055 humani,
1022 2991 1163 3045 sicut
1209 2990 1373 3046 Isaias
1406 2998 1659 3053 testatur,
1694 2989 1922 3044 dicens:
1961 3007 1980 3040 ε
2008 2989 2068 3043 Si

470 3080 715 3148 posuerit
752 3094 849 3148 pro
898 3089 1120 3149 peccato
1158 3081 1394 3136 animam
1430 3098 1608 3146 suam,
1649 3083 1857 3135 videbit
1881 3097 2063 3136 semen

468 3168 792 3239 longaevum,
819 3177 875 3225 et
895 3171 1152 3227 voluntas
1176 3172 1387 3226 Domini
1434 3173 1495 3227 in
1535 3188 1696 3227 manu
1728 3172 1853 3241 ejus
1870 3173 2069 3244 dirige-

469 3266 560 3312 tur
585 3257 722 3329 (Isa.
770 3259 943 3332 ιιιι).›
973 3261 1111 3315 [line
1149 3276 1364 3330 quoque
1408 3263 1524 3331 ipse
1549 3269 1689 3332 post:
1715 3267 2070 3319 resurrectio-

469 3365 596 3405 nem
623 3366 775 3405 suam
810 3367 1080 3422 apparens
1123 3353 1403 3424 discipulis
1442 3356 1518 3409 ait
1542 3374 1556 3386 ο
1594 3374 1621 3405 ι
1652 3356 1782 3410 Data
1813 3364 1897 3411 cst
1934 3356 2067 3412 mihi

468 3441 647 3496 omnis
687 3450 933 3511 potestas
973 3444 1027 3496 in
1068 3444 1206 3499 cmlo
1243 3453 1300 3499 ct
1345 3446 1399 3500 in
1442 3455 1606 3500 terra.
1636 3447 1840 3502 Eiintes
1878 3447 2069 3502 docete

468 3545 657 3586 omnes
705 3541 915 3601 gentes,
947 3533 1279 3604 baptizantes
1305 3552 1398 3592 eos
1444 3537 1496 3590 in
1537 3538 1755 3593 nomine
1786 3539 1980 3605 Patris,
2013 3548 2069 3594 et.

467 3617 616 3682 Filii,
645 3629 700 3673 et
726 3619 961 3689 Spiritus
1004 3625 1177 3679 sancti
1216 3624 1430 3696 (Matth.
1478 3628 1694 3699 xxvm).
1736 3649 1755 3680 ›
1785 3628 1923 3695 Quid
1966 3646 2066 3683 au-

469 3715 579 3761 tem
626 3708 761 3763 ﬁdes
790 3711 991 3766 Christi
1035 3722 1092 3768 et
1136 3714 1483 3785 baptismatis
1526 3727 1924 3773 sacramentum
1962 3721 2069 3773 hu-

468 3815 633 3855 mano
658 3803 842 3871 generi
869 3803 1134 3871 conferat,
1158 3821 1392 3876 sequens
1421 3810 1689 3863 sententia
1721 3809 2063 3864 manifestat:

546 3915 567 3947 ε
602 3896 795 3951 Divitis
831 3907 1013 3953 autem
1043 3908 1099 3953 et
1131 3900 1385 3969 pauperis
1429 3915 1526 3955 cor
1563 3901 1785 3964 bonum,
1823 3901 1876 3954 in
1919 3900 2067 3955 omni

476 4005 499 4038 ι
534 3995 776 4058 tempore
796 3990 975 4044 vultus
1000 3990 1210 4045 illorum
1248 3992 1468 4047 hilares.
1506 4013 1524 4044 ι
1558 3992 1671 4046 Non
1702 4001 1785 4046 est
1813 4008 2068 4063 persona-

467 4093 592 4134 rum
623 4087 878 4147 acceptor
903 4080 1083 4136 Deus:
1120 4081 1235 4137 sive
1278 4082 1451 4145 dives,
1478 4081 1593 4136 sive
1622 4097 1827 4152 pauper
1852 4082 1917 4137 ad
1941 4098 2067 4153 gra-

469 4168 606 4223 tiam
644 4168 848 4224 Christi
898 4173 1200 4240 perveniat,
1243 4172 1290 4227 si
1335 4172 1526 4227 devota
1555 4180 1734 4228 mente
1771 4173 1824 4227 in
1854 4190 1915 4228 ea
1944 4188 2067 4242 pcr-

469 4260 825 4327 severaverit,
869 4262 1049 4318 vultus
1072 4262 1214 4318 illius
1244 4262 1581 4318 laetabundus
1610 4264 2066 4334 contemplatione

466 4346 569 4405 Dei
608 4348 820 4405 fruetur
852 4361 1133 4422 perpetua.
1179 4353 1319 4418 Quid
1370 4362 1551 4408 autem
1589 4369 1656 4409 ex
1696 4353 1799 4408 illis
1830 4356 1940 4420 ﬁat,
1973 4355 2064 4424 qui

469 4439 540 4494 ab
562 4440 665 4494 hoc
686 4455 910 4496 munere
932 4442 1093 4496 alieni
1115 4443 1378 4508 existunt,
1396 4442 1767 4515 subjungendo
1792 4445 2058 4500 insinuat:

545 4547 566 4579 ς
601 4529 648 4582 A
681 4530 853 4585 tribus
889 4532 1067 4586 timuit
1109 4548 1206 4587 cor
1242 4549 1443 4598 meum,
1485 4542 1540 4588 et
1580 4536 1635 4589 in
1671 4545 1867 4604 quarto
1897 4536 2062 4592 facies

478 4637 499 4671 ε
534 4634 656 4675 mea
687 4620 896 4674 metuit.
939 4621 1246 4678 Delaturam
1283 4624 1538 4691 civitatis,
1584 4635 1641 4681 et
1688 4626 2059 4682 collectionem

476 4726 499 4763 ι
531 4708 734 4779 populi,
773 4717 828 4763 et
861 4710 1186 4766 calumniam
1233 4716 1569 4782 mendacem,
1614 4733 1778 4787 super
1829 4726 2060 4773 mortem

476 4815 497 4850 ι
528 4797 714 4853 omnia
739 4799 950 4870 gravia;
986 4800 1140 4855 dolor
1166 4804 1345 4859 cordis
1375 4813 1432 4859 et
1456 4805 1649 4873 luctus,
1680 4807 1876 4864 mulier
1919 4809 2061 4864 zelo-

476 4909 498 4943 α
534 4898 681 4963 typa.
715 4910 734 4943 ι
767 4890 862 4946 His
881 4906 1010 4962 ergo
1038 4894 1320 4964 speciebus
1356 4896 1800 4953 demonstrantur
1826 4899 1926 4964 illi,
1966 4900 2059 4970 qui

469 4991 628 5037 extra
656 4982 954 5038 Ecclesium
984 4994 1128 5047 sunt,
1161 4995 1217 5041 et
1262 4987 1317 5040 in
1364 4990 1573 5044 unitate
1611 5006 1755 5046 vera:
1781 4992 2060 5063 religionis

467 5088 577 5129 non
623 5073 947 5139 consistunt,
988 5075 1089 5129 hoc
1116 5086 1221 5141 est,
1252 5076 1441 5143 lintei,
1478 5082 1675 5152 pagani
1710 5091 1767 5137 et
1796 5084 2056 5150 haeretici,

469 5180 571 5221 nec
608 5179 718 5219 non
759 5172 814 5220 et
850 5163 1313 5223 falsi.Christiani.
1345 5169 1585 5240 Namque
1631 5172 1684 5226 in
1729 5173 2060 5231 delatoribus

469 5256 748 5320 civitatis,
796 5255 901 5310 hoc
948 5265 1070 5322 est,
1114 5260 1479 5328 proditoribus
1527 5261 1821 5328 Ecclesize,
1870 5280 2061 5335 possu-

471 5362 593 5401 mus
630 5348 878 5419 accipere
919 5348 1084 5406 falsos
1123 5352 1478 5421 Christianos,
1509 5357 1602 5426 qui
1641 5357 1968 5413 conﬁtentur
2002 5375 2061 5416 se

470 5454 632 5495 nosse
672 5441 863 5507 Deum,
896 5440 1051 5496 factis
1085 5454 1263 5500 autem
1309 5456 1532 5517 negant;
1584 5462 1685 5504 nec
1715 5451 2059 5517 charitatem,

469 5547 592 5602 qua:
619 5534 1018 5590 munimentum
1046 5538 1340 5593 maximum
1367 5541 1769 5609 prmstatcmtui
1803 5540 2059 5609 ﬁdelimn,

470 5624 574 5695 ipsi
605 5627 808 5682 habere
852 5627 1060 5694 volunt,
1095 5632 1190 5686 sed
1228 5635 1406 5689 omnia
1449 5634 1573 5691 ﬁcte
1602 5644 1789 5706 agunt.
1820 5635 1877 5691 In
1901 5636 2064 5692 colle-

470 5716 651 5773 ctione
708 5734 837 5774 vero
895 5719 1074 5791 populi
1127 5738 1234 5778 non
1282 5726 1726 5783 inconvcnicnter
1781 5729 2059 5801 gentilium

2088 4489 2140 4548 D

2248 1822 2267 1855 ι
2307 1803 2457 1859 Sicut
2502 1805 2665 1861 boum
2698 1804 2913 1879 jngum,
2956 1810 3101 1879 quod
3137 1819 3407 1876 movetur,
3434 1812 3511 1866 ita
3556 1821 3616 1868 et
3653 1827 3787 1867 mu-A

2176 1914 2203 1947 ι
2232 1896 2332 1951 lier
2382 1912 2647 1967 nequam;
2672 1896 2908 1969 nlugum
2955 1901 3044 1956 hic
3090 1901 3259 1958 boum
3296 1902 3597 1973 ponit’pm
3640 1903 3776 1959 insi-

2167 1987 2373 2056 pientia
2416 1986 2726 2044 stultorum.
2776 1990 2928 2044 Sicut
2972 1991 3117 2047 enim
3166 1992 3329 2051 bruta
3363 1993 3627 2053 animalia
3670 2009 3773 2049 ne-

2170 2078 2347 2132 sciunt
2371 2078 2682 2133 discernere
2727 2079 2872 2134 inter
2911 2079 3241 2136 amicumet
3283 2081 3589 2146 inimicum,
3629 2082 3779 2137 inter

2169 2183 2419 2223 veracem
2446 2176 2501 2223 et
2526 2166 2809 2234 fallacem,
2831 2169 2973 2224 inter
3004 2170 3209 2226 bonum
3241 2179 3297 2227 et
3321 2172 3552 2238 malum,
3583 2172 3661 2227 ita
3692 2172 3778 2226 in-

2170 2261 2427 2330 sipientes
2465 2260 2729 2331 ignorant-
2745 2261 3057 2316 distantiam
3099 2262 3381 2318 catholicae
3414 2262 3687 2318 doctrina:
3719 2269 3779 2317 et

2170 2353 2465 2418 haereticai,
2480 2353 2724 2408 veritatis
2744 2361 2800 2408 et
2819 2353 3095 2420 falsitatis,
3110 2353 3336 2423 iustitiae
3353 2361 3411 2408 et
3426 2354 3771 2424 iniquitatis;

2169 2443 2263 2498 sed
2291 2443 2573 2512 aequaliter
2599 2442 2752 2500 falsis
2784 2452 2840 2499 et
2866 2444 3353 2500 verisdoctoribus
3382 2445 3620 2515 prompti
3645 2453 3779 2500 sunt

2169 2533 2410 2590 obedire.
2449 2534 2651 2589 Contra
2699 2535 2828 2590 illud
2858 2535 3128 2605 Apostoli,
3163 2554 3182 2587 ι
3216 2535 3393 2593 Nolite
3431 2537 3585 2592 omni
3614 2536 3778 2607 spiri-

2170 2624 2246 2678 tui
2293 2625 2543 2690 credere,
2600 2626 2693 2680 sed
2735 2626 2960 2694 probate
3010 2626 3234 2696 spiritus
3286 2627 3332 2681 si
3386 2641 3456 2681 ex
3506 2627 3622 2681 Deo
3663 2628 3778 2683 sint

2171 2713 2221 2785 (Ι
2256 2714 2419 2769 Joau.
2457 2716 2555 2787 iv).
2595 2736 2613 2769 ι
2650 2716 2786 2771 Huic
2813 2716 2989 2773 simile
3014 2726 3101 2772 est
3128 2716 3256 2772 illud
3279 2718 3424 2787 quod
3450 2717 3505 2771 in
3534 2716 3778 2773 Prover-

2168 2805 2274 2860 biis
2298 2806 2397 2861 ubi.
2428 2806 2494 2861 de
2526 2808 2860 2877 procacitate
2898 2809 3204 2864 meretricis
3236 2820 3514 2874 narratur,
3543 2808 3777 2881 quaein-

2168 2910 2362 2950 venem
2404 2897 2589 2951 multis
2614 2900 2961 2955 sermonibus
3000 2900 3255 2965 irrctivit,
3297 2909 3354 2957 et
3387 2901 3666 2957 blanditiis
3694 2900 3799 2956 1³--

2168 2986 2381 3042 biornm
2424 2991 2715 3058 protraxit,
2759 2992 3023 3061 scriptum
3066 3002 3192 3048 est:
3233 3011 3252 3045 ι
3290 2993 3487 3048 Statim
3524 3009 3651 3049 eam
3692 3009 3777 3049 se-

2168 3080 2354 3153 quitur
2384 3080 2538 3150 quasi
2577 3082 2677 3137 bos
2699 3082 2768 3137 ad
2794 3083 3095 3149 victimam,
3125 3092 3182 3138 et
3218 3085 3375 3153 quasi
3402 3100 3587 3157 agnus
3614 3084 3776 3140 lasci-

2171 3173 2352 3237 viens;
2385 3181 2441 3227 et
2466 3174 2683 3243 ignorat
2702 3177 2845 3244 quod
2867 3177 2937 3230 ad
2967 3177 3243 3231 victimam
3264 3178 3464 3234 stultus
3484 3180 3775 3249 protraha-

2171 3273 2279 3328 tur,
2306 3266 2476 3321 donec
2516 3266 2800 3339 transﬁgat
2829 3269 3026 3339 sagitta
3048 3266 3206 3336 jecur
3231 3267 3349 3336 ejus
3370 3267 3556 3340 (Prov.
3584 3270 3710 3340 vn).
3741 3288 3766 3324 ι

2170 3353 2353 3410 Nescit
2387 3356 2531 3411 enim
2574 3358 2874 3426 periculum
2905 3375 3063 3414 suum
3095 3360 3269 3415 donec
3292 3360 3465 3415 cadat.
3488 3361 3544 3414 in
3598 3361 3773 3416 inter-

2171 3448 2305 3507 itum
2336 3450 2705 3506 manifestum.

2243 3560 2261 3590 ‹
2300 3541 2401 3607 Qui
2445 3550 2593 3596 tenet
2622 3543 2786 3609 illam,
2824 3546 2979 3615 quasi
3008 3547 3097 3615 qui
3128 3547 3771 3620 apprehendatscorpio-

2176 3651 2201 3683 ι
2231 3648 2377 3688 nem.
2414 3654 2433 3685 ι
2467 3633 2700 3690 Pulchre
2746 3652 2963 3707 quoque
3011 3637 3259 3693 hzeresim
3296 3640 3572 3694 assimulat
3616 3657 3768 3697 scor-

2167 3725 2333 3796 pioni,
2362 3728 2491 3797 quia
2520 3728 2662 3782 sicut
2690 3729 2904 3798 scorpio
2933 3745 3041 3783 non
3071 3745 3187 3795 ore,
3226 3733 3320 3786 sed
3368 3734 3542 3787 cauda
3570 3732 3773 3790 feriens

2167 3832 2434 3872 venenum
2474 3818 2712 3876 infundit
2751 3838 2765 3873 :
2812 3821 2891 3875 sic
2917 3828 2973 3875 et
3000 3821 3381 3877 haereticorum
3430 3824 3630 3879 astutia
3660 3840 3773 3882 non

2167 3917 2353 3975 aperta
2404 3910 2601 3975 fronte,
2646 3911 2741 3967 sed
2777 3912 2959 3967 dolosa
2998 3913 3236 3982 nequitia
3263 3914 3515 3971 incautos
3542 3916 3768 3985 decipit.

2242 4018 2260 4048 ‹
2297 3999 2486 4055 Mulier
2512 4002 2727 4057 ebriosa
2756 4004 2835 4057 ira
2868 4020 3060 4074 magna
3090 4018 3104 4057 :
3131 4012 3187 4059 et
3217 4005 3543 4060 contumelia
3570 4015 3627 4061 et
3655 4019 3775 4064 tur—

2172 4108 2199 4141 ι
2230 4091 2417 4160 pitudo
2450 4092 2596 4148 illius
2620 4108 2726 4147 non
2760 4105 3096 4165 contegetiir.
3139 4114 3158 4146 ι
3189 4094 3383 4150 Mulier
3404 4097 3621 4151 ebriosa
3650 4097 3768 4152 ha:—

2167 4183 2462 4239 reticorum
2501 4195 2584 4240 est
2623 4201 2915 4257 synagoga,
2964 4202 3085 4257 qum
3130 4188 3255 4243 dolo
3296 4199 3354 4244 et
3395 4190 3638 4259 nequitia
3682 4200 3777 4269 est

2164 4274 2509 4342 plenissima;
2546 4292 2711 4346 quam
2729 4280 2893 4333 etiam
2916 4281 3161 4349 sequitur
3187 4281 3269 4335 ira
3292 4297 3488 4354 magna
3510 4292 3773 4339 etcentu-

2164 4365 2349 4429 melia,
2378 4368 2594 4435 quando
2614 4368 2730 4437 ejus
2774 4370 3043 4440 iniquitati
3087 4372 3343 4428 succedet
3376 4376 3559 4445 gravis
3603 4392 3767 4446 pmna

2166 4464 2221 4510 et
2247 4457 2524 4513 damnatio
2560 4471 2842 4531 perpetua,
2895 4464 2983 4517 ubi
3036 4464 3313 4534 turpitudo
3357 4468 3566 4522 erroris
3622 4468 3781 4525 illius.

2169 4547 2605 4605 manifestabitur
2624 4551 2679 4605 in
2709 4563 2951 4607 extrema
2979 4555 3271 4609 sententia.
3426 4541 3433 4549 ’

2241 4654 2266 4692 ι
2302 4638 2613 4695 Fornieatio
2660 4642 2901 4698 mulieris
2938 4643 2990 4697 in
3032 4644 3341 4699 extollentia
3372 4645 3679 4711 oculorum,
3711 4656 3770 4701 et

2173 4749 2191 4780 ε
2228 4732 2281 4785 in
2323 4732 2599 4802 palpebris
2626 4733 2766 4786 illius
2791 4744 3138 4805 agnoscetur.
3165 4754 3191 4786 ι
3218 4735 3371 4790 Licet
3408 4737 3769 4792 historialiter

2169 4824 2438 4879 describat
2479 4826 2722 4881 habitum
2764 4826 3009 4882 mulieris
3041 4829 3360 4893 meretricis,
3395 4845 3519 4900 qua:
3546 4830 3765 4885 lascivis

2166 4917 2403 4971 motibus
2443 4917 2686 4987 corporis
2722 4926 2776 4973 et
2804 4918 3023 4974 nutibus
3051 4919 3328 4974 oculorum
3362 4930 3604 4976 obtentat
3644 4922 3777 4975 libi-7

2166 5004 2345 5060 dinem
2373 5006 2573 5071 carnis,
2612 5008 2837 5077 mystice
2869 5016 3049 5062 tamen
3074 5009 3312 5063 ostendit
3346 5025 3554 5065 morem
3589 5010 3765 5064 haere-

2167 5095 2287 5151 tica:
2308 5098 2610 5167 pravitatis,
2641 5115 2761 5169 quae
2786 5101 3200 5155 tornicationem
3235 5116 3389 5156 suam
3420 5103 3472 5156 in
3503 5102 3769 5171 superbia.

2165 5204 2377 5254 sensus,
2407 5196 2465 5244 et
2507 5190 2559 5244 in
2589 5190 2839 5246 facundia
2884 5191 3171 5247 verborum
3208 5190 3442 5260 iactitat,
3475 5208 3586 5262 quo
3636 5192 3765 5247 faci-

2166 5276 2271 5333 lius
2318 5279 2562 5336 euriosos
2606 5289 2659 5335 et
2700 5282 2996 5335 novitatnm
3043 5288 3312 5335 amatores
3360 5282 3413 5335 in
3470 5296 3763 5337 ascensum

2166 5384 2321 5422 suum
2361 5372 2628 5436 attrahat;
2672 5371 2737 5426 de
2774 5372 2969 5441 quibus
3009 5371 3134 5426 alibi
3176 5371 3388 5442 legitur,
3440 5373 3587 5441 quod
3630 5387 3761 5442 pra-

2164 5462 2367 5518 rientes
2396 5464 2614 5518 auribus
2646 5480 2676 5517 a
2708 5465 2936 5519 veritate
2967 5466 3210 5519 auditum
3250 5473 3520 5530 avertant,
3562 5465 3632 5519 ad
3672 5462 3760 5520 fa-

2163 5550 2321 5606 bulas
2356 5560 2535 5606 autem
2563 5561 2949 5608 convertantur
2979 5553 3065 5625 (II
3097 5554 3231 5608 Tim.
3264 5554 3362 5626 iv).

2243 5658 2261 5690 ι
2296 5640 2353 5695 In
2390 5641 2497 5696 ﬁlia
2520 5658 2626 5696 non
2655 5653 2933 5698 avertente
2958 5659 3018 5699 se
3044 5642 3199 5698 ﬁrma
3223 5644 3548 5709 custodiam,
3581 5660 3652 5700 ne
3676 5645 3758 5700 in—

2172 5750 2193 5783 ι
2229 5740 2386 5788 venta
2416 5733 2701 5790 occasione
2735 5736 2991 5791 abutatur
3023 5751 3104 5804 se,
3131 5737 3198 5793 ab
3224 5737 3372 5792 omni
3402 5736 3767 5793 irreverentia
