4030 6474
293 384 396 441 937

1189 378 1538 437 COMMENT.
1581 378 1645 432 IN
1688 372 2294 434 ECCLESIASTLCUM.
2334 405 2411 418 —~
2439 375 2566 431 LIB.
2611 374 2696 432 Vl.

3450 373 3554 430 958

298 514 318 546 ι
356 496 635 549 oculorum
663 493 782 563 ejus
806 505 955 546 eave.
988 509 1013 542 ι
1048 489 1161 545 Hoc
1186 497 1368 544 monet
1393 496 1452 543 ut
1477 486 1592 556 ejus
1629 502 1879 556 persona:
1903 491 1953 549 Α
1977 486 2192 550 diendo,
2224 485 2600 557 pinguedinem
2628 484 2910 540 charitatis
2939 483 3056 553 ejus
3092 483 3147 541 in
3175 483 3406 540 medulla
3435 500 3557 541 eor-

292 600 413 656 qua:
442 583 543 640 sibi
589 580 961 638 commendata
1001 588 1106 645 est,
1154 580 1341 635 doctor
1380 587 1651 632 strenuam
1686 591 1875 631 curam

291 677 511 741 habeat,
560 689 661 729 nec
705 688 826 729 eam
870 672 1127 741 negligat,
1174 669 1269 724 sed
1320 667 1603 737 diligenter
1646 666 1869 730 nutriat,

292 762 862 835 disciplinabiliterque
906 761 1088 814 vivere
1123 759 1330 821 doceat,
1362 770 1429 810 ne
1470 756 1684 809 inventa
1713 754 1874 809 occa-

291 857 445 914 sione
471 868 568 925 per
590 850 860 908 carnalem
901 846 1390 918 concupiscentiam
1417 845 1469 898 in
1496 844 1710 913 aliquod
1738 841 1871 895 faci-

290 962 393 1003 nus
420 950 664 1016 proruat.
694 940 897 997 Sensus
919 940 1064 995 enim
1090 944 1143 991 et
1172 935 1427 1006 cogitatio
1451 932 1671 989 humani
1693 932 1873 987 cordis

289 1040 359 1094 ad
382 1037 585 1092 malum
617 1035 824 1090 intenta
857 1038 939 1086 est
970 1029 1114 1085 omni
1145 1035 1386 1098 tempore
1415 1027 1484 1081 ab
1510 1024 1872 1081 adolescentia

286 1144 406 1185 sua.
433 1127 587 1184 Unde
616 1131 1008 1194 consequenter
1036 1118 1340 1189 subiungit:
1686 1102 1689 1105 ’

367 1238 388 1270 ι
415 1219 483 1272 Ει
507 1233 575 1273 ne
605 1215 821 1270 mireris
849 1214 895 1268 si
929 1220 982 1267 te
1023 1210 1360 1282 neglexerit:
1388 1209 1528 1263 sicut
1568 1206 1744 1261 viator
1791 1206 1873 1261 si-

293 1328 311 1361 ι
351 1309 489 1364 tiens
545 1307 611 1363 ad
665 1306 867 1360 fontem
912 1318 973 1359 os
1023 1302 1275 1373 aperiet,
1313 1309 1369 1355 et
1416 1300 1485 1354 ab
1536 1297 1681 1353 omni
1735 1311 1873 1367 aqua

293 1419 313 1451 ι
350 1399 598 1469 proxima
630 1398 800 1461 bibet,
837 1402 891 1452 et
938 1404 1123 1448 contra
1164 1405 1379 1447 omnem
1419 1389 1600 1461 palum
1642 1389 1871 1452 sedebit,

293 1507 313 1541 ‹
353 1497 409 1543 et
437 1494 623 1543 contra
647 1500 861 1540 omnem
910 1483 1159 1554 sagittam
1190 1480 1398 1552 aperiet
1436 1479 1745 1550 pharetram
1775 1477 1871 1532 do-

287 1593 390 1633 nec
416 1577 648 1632 deficiat.
683 1596 700 1627 ι
730 1575 833 1629 Per
856 1575 972 1629 hmo
994 1572 1209 1643 quidem
1253 1570 1356 1625 tria
1385 1568 1627 1639 exempla
1653 1567 1874 1624 curiosi-

286 1678 453 1725 tatem
494 1668 730 1724 ostendit
775 1668 1023 1722 humanae
1065 1664 1285 1728 mentis,
1323 1677 1442 1733 qua:
1486 1660 1656 1716 facilis
1687 1668 1789 1724 est,
1817 1666 1873 1715 et

286 1776 500 1833 semper
545 1768 693 1831 patet
739 1758 807 1813 ad
855 1757 1039 1812 mundi
1082 1755 1384 1811 illecebras.
1439 1752 1591 1808 Unde
1636 1749 1875 1806 Joannes

1973 578 2057 632 dis
2098 593 2156 634 se
2199 577 2401 633 habere
2445 578 2699 633 ostendit.
2749 577 2903 633 Unde
2946 576 3113 632 etiam
3154 589 3397 631 amorem
3438 572 3555 641 eius

1974 669 2087 738 ipse
2116 669 2453 738 impetrabit;
2487 668 2626 723 sicut
2651 668 2764 737 ipsa
2792 666 3005 722 Veritas
3030 667 3083 721 in
3110 665 3401 737 Evangelia
3430 666 3507 721 ait
3534 683 3549 720 :

1979 778 1998 811 ‹
2035 759 2132 827 Qui
2162 767 2311 813 amat
2352 758 2605 813 mandata
2633 773 2749 813 mea
2778 766 2830 813 et
2874 764 3056 812 servat
3097 771 3185 822 ea,
3211 756 3302 812 ille
3343 765 3426 811 est
3460 756 3556 826 qui

1972 849 2146 920 diligit
2188 864 2294 904 me.
2345 848 2446 916 Qui
2492 856 2675 902 autem
2704 847 2880 917 diligit
2908 863 3025 912 me,
3067 846 3305 918 diligitur
3334 861 3366 900 a
3394 847 3556 903 Patre

1971 956 2119 1006 meo,
2146 947 2199 995 et
2223 955 2323 1013 ego
2346 938 2562 1010 diligam
2592 954 2716 992 eum
2749 946 2805 992 et
2832 936 3189 992 manifestabo
3214 936 3266 992 ei
3292 935 3554 1006 meipsum

1973 1030 2155 1103 (Joan.
2182 1030 2314 1102 XIV)‘.
2354 1050 2372 1082 ι
2409 1029 2515 1086 Sed
2538 1029 2664 1100 quia
2691 1044 2849 1085 nemo
2876 1030 3024 1099 prius
3043 1044 3166 1084 eum
3192 1028 3367 1099 diligit
3390 1042 3556 1098 quam

1970 1122 2089 1192 ejus
2128 1121 2301 1193 gratia
2345 1120 2415 1175 ad
2456 1120 2537 1176 sui
2568 1134 2808 1175 amorem
2853 1119 3002 1173 illum
3030 1116 3438 1189 provocaverit,
3468 1129 3556 1173 se-
3608 1148 3613 1149 ί

1970 1227 2142 1282 quens
2171 1210 2434 1265 sententia
2464 1209 2701 1264 declarat
2724 1226 2742 1262 :

2046 1323 2064 1355 ι
2101 1301 2393 1371 Disciplina
2430 1300 2577 1354 illius
2605 1301 2792 1354 datum
2832 1297 2926 1352 Dei
2963 1305 3066 1352 est.
3105 1315 3125 1348 ι
3160 1296 3331 1353 Omne
3356 1295 3557 1368 quippe

1969 1392 2169 1449 bonum
2202 1391 2489 1456 Ecclesiae,
2530 1390 2730 1445 donum
2761 1396 2844 1442 est
2883 1387 2976 1442 Dei
3009 1405 3029 1441 :_
3061 1386 3186 1456 quia
3216 1404 3235 1438 ι
3265 1400 3426 1443 omne
3461 1385 3558 1441 da-

1970 1493 2084 1539 tum
2108 1483 2393 1554 optimum,
2419 1489 2475 1535 et
2500 1495 2660 1535 omne
2687 1480 2884 1533 donum
2922 1458 3220 1551 perfectum
3246 1477 3313 1533 de
3342 1492 3554 1532 sursum

1969 1582 2083 1638 est,
2125 1571 2457 1628 descendens
2490 1587 2521 1625 a
2551 1570 2712 1625 Patre
2742 1569 3037 1632 luminum,
3072 1566 3210 1637 apud
3249 1580 3410 1637 quem
3445 1582 3553 1621 non

1968 1674 2055 1720 est
2082 1662 2482 1727 transmutatio,
2511 1675 2614 1716 nec
2639 1657 3028 1716 vicissitudinis
3055 1655 3417 1712 obumbratio.
3449 1654 3556 1710 Vo—

1970 1755 2205 1812 luntarie
2236 1754 2380 1809 enim
2420 1752 2604 1824 genuit
2648 1766 2744 1806 nos
2777 1749 2943 1804 verbo
2978 1746 3248 1812 veritatis,
3287 1753 3349 1800 ut
3389 1745 3558 1801 simus

287 1851 563 1922 apostolus
588 1849 785 1919 triplici
824 1846 1168 1903 distinctione
1199 1859 1319 1898 eam
1347 1841 1612 1905 distinxit,
1636 1839 1822 1894 dicens
1855 1857 1867 1892 :
1903 1835 1947 1894 B
1977 1847 2187 1901 initium
2218 1843 2434 1913 aliquod
2460 1849 2722 1897 creatura:
2752 1839 2868 1909 ejus
2896 1836 3103 1908 (Iacob.
3136 1835 3197 1907 ι).
3235 1855 3254 1887 ι

293 1961 312 1994 ι
352 1941 530 1996 Nolite
556 1940 779 2008 diligere
823 1937 1103 2000 mundum,
1133 1949 1307 2005 neque
1332 1929 1396 1990 ea
1441 1947 1559 2002 qua:
1595 1931 1647 1985 in
1676 1930 1873 1986 mundo

285 2039 433 2088 sunt.
464 2030 522 2086 Si
559 2031 682 2102 quis
722 2029 895 2099 diligit
930 2029 1209 2091 mundum,
1248 2040 1353 2079 non
1391 2032 1474 2078 cst
1509 2022 1747 2077 Charitas
1776 2021 1876 2075 Pa-

285 2122 388 2177 tris
412 2122 464 2175 in
499 2136 604 2177 eo:
638 2119 892 2190 quoniam
937 2133 1097 2173 omne
1120 2118 1264 2188 quod
1297 2117 1352 2171 in
1384 2116 1583 2170 mundo
1618 2123 1721 2179 est,
1746 2128 1874 2169 con-

285 2211 619 2281 cupiscentia
660 2210 858 2275 carnis,
905 2217 960 2263 et
987 2206 1426 2279 concupiscentia
1470 2205 1745 2261 oculorum
1766 2212 1872 2270 est,

280 2312 341 2359 et
374 2301 625 2374 superbia
667 2301 793 2355 vita:
827 2318 840 2353 :
871 2316 991 2370 qua:
1032 2315 1139 2354 non
1185 2307 1267 2354 est
1311 2313 1380 2352 ex
1426 2297 1605 2361 Patre,
1654 2296 1747 2350 sed
1804 2311 1873 2350 ex

286 2395 489 2451 mundo
537 2403 651 2459 est;
699 2401 752 2448 et
801 2394 1034 2447 mundus
1082 2391 1298 2456 transit,
1337 2398 1392 2445 et
1439 2386 1873 2458 concupiscentia

287 2483 423 2555 ejus.
448 2484 548 2552 Qui
572 2493 749 2537 autem
775 2482 905 2537 facit
929 2483 1259 2537 voluntatem
1289 2480 1403 2545 Dei,
1427 2487 1611 2534 manet
1635 2478 1687 2532 in
1717 2487 1874 2532 aeter-

285 2597 417 2636 num
432 2580 483 2653 (I
498 2577 659 2634 Joan.
681 2577 763 2649 ιι).
778 2578 902 2632 illis
925 2577 1120 2647 quippe
1135 2575 1385 2630 vitiorum
1402 2571 1675 2628 vocabulis
1694 2569 1872 2626 omnia

285 2670 541 2724 vitiorum
575 2683 769 2739 genera
792 2665 1218 2736 comprehendit.
1246 2662 1694 2733 Concupiscentia
1726 2673 1877 2714 nam-

286 2776 392 2832 que
426 2760 608 2815 carnis
642 2768 726 2815 est
768 2774 927 2813 omne
953 2759 1097 2827 quod
1124 2757 1191 2811 ad
1221 2755 1548 2826 voluptatem
1574 2761 1629 2808 et
1654 2751 1875 2806 delicias

287 2852 532 2924 corporis
560 2852 814 2922 pertinet,
848 2851 901 2905 in
947 2850 1144 2920 quibus
1166 2857 1293 2905 sunt
1321 2847 1557 2902 maxima
1583 2845 1755 2909 cibus,
1781 2858 1876 2913 po-

287 2951 399 3010 tus,
443 2943 779 2999 concubitus.
811 2943 886 2996 De
913 2942 1108 3011 quibus
1137 2938 1387 2994 Salomon
1433 2938 1549 2992 ait:
1586 2954 1604 2987 ι
1648 2934 1876 3007 Sangui-

286 3050 431 3105 suga:
451 3034 568 3089 duae
589 3040 715 3088 sunt
738 3033 859 3086 ﬁlia:
882 3032 1144 3095 dicentes,
1164 3030 1314 3095 affer,
1332 3028 1464 3083 atl‘er
1485 3026 1664 3100 (Prov.
1685 3025 1836 3095 nx).
1852 3044 1869 3076 ι

289 3127 735 3198 Concupiscentia
774 3126 1052 3182 oculorum
1084 3132 1168 3179 est
1200 3122 1376 3178 omnis
1420 3121 1726 3185 curiositas,
1756 3133 1878 3188 quae

288 3223 351 3277 iit
394 3221 449 3275 in
484 3219 752 3275 discendis
796 3219 1002 3273 artibus
1051 3215 1303 3280 nefariis,
1347 3215 1403 3269 in
1450 3184 1877 3281 contemplandis
1905 3184 1949 3247 δ

291 3315 614 3387 spectaculis
653 3315 895 3384 turpibus
932 3312 1017 3368 vel
1055 3311 1422 3383 supervacuis,
1452 3310 1505 3364 in
1532 3308 1876 3379 acquirendis

289 3409 455 3464 rebus
483 3408 885 3477 temporalibus,
913 3406 966 3460 in
992 3403 1365 3475 dignosccndis
1387 3402 1549 3457 etiam
1571 3400 1878 3472 carpendiso

289 3514 394 3568 que
437 3499 583 3553 vitiis
612 3498 1001 3569 proximorum.
1053 3494 1317 3565 Superbia
1368 3492 1491 3546 vita:
1520 3501 1623 3559 est,
1651 3508 1772 3548 cum
1819 3506 1879 3546 se

288 3593 414 3664 quis
436 3591 653 3663 jactitat
691 3591 747 3645 in
787 3589 1104 3654 honoribus,
1144 3594 1197 3641 et
1238 3602 1336 3657 per
1362 3585 1647 3640 elationem
1679 3584 1877 3639 mentis

287 3697 442 3736 vana:
468 3680 650 3751 gloriae
696 3687 753 3734 et
797 3678 1118 3749 arrogantia:
1156 3675 1411 3731 deservit.
1460 3675 1564 3729 Per
1610 3673 1726 3728 haec
1773 3673 1876 3726 tria

289 3779 501 3828 tantum
527 3768 792 3840 cupiditas
832 3768 1069 3822 humana
1115 3773 1371 3821 tentatur.
1416 3762 1519 3818 Per
1556 3763 1673 3817 haec
1705 3760 1878 3816 Adam

288 3871 531 3919 tentatus
558 3868 720 3916 estet
746 3861 918 3915 victus
965 3876 978 3911 :
1013 3873 1110 3929 per
1153 3855 1643 3925 concupiscentiam
1673 3852 1878 3907 scilicet

289 3955 492 4018 carnis,
544 3967 670 4008 cum
713 3952 764 4008 ci
812 3949 983 4006 hostis
1031 3950 1207 4005 cibum
1251 3947 1383 4017 ligni
1423 3947 1574 4003 vetiti
1620 3944 1877 4010 ostendit,

290 4062 525 4117 eumque
549 4044 616 4101 ad
637 4042 1026 4101 comedendum
1045 4041 1234 4097 suasit.
1259 4039 1363 4095 Per
1384 4038 1878 4110 concupiscentiam

290 4139 594 4204 oculorum,
618 4152 739 4193 cum
766 4135 1006 4191 diceret:
1045 4152 1062 4186 ι
1100 4133 1296 4188 Scietis
1334 4131 1536 4187 bonum
1566 4139 1620 4185 et
1653 4130 1876 4195 malum,

292 4238 347 4286 et
372 4229 686 4300 aperientur
711 4225 875 4282 oculi'
897 4223 1066 4280 vestri
1097 4220 1248 4294 (Gen.
1295 4222 1400 4293 ιιι).
1432 4221 1535 4276 Per
1575 4221 1881 4292 superbiam

291 4322 437 4387 vitm,
469 4336 591 4376 cum
619 4320 859 4375 diceret:
891 4336 908 4369 ε
935 4316 1104 4371 Erilis
1133 4315 1275 4371 sicut
1310 4315 1405 4370 dii.
1442 4334 1460 4367 ι
1484 4313 1587 4369 Per
1616 4313 1732 4368 hmc
1761 4320 1880 4366 ten-

294 4419 438 4468 tatus
479 4418 563 4466 est
610 4409 869 4466 Dominus
915 4416 969 4463 et
1016 4406 1188 4472 vicit;
1243 4422 1342 4478 per
1391 4404 1882 4474 concupiscentiam

290 4502 497 4566 carnis,
528 4500 582 4556 id
619 4507 703 4555 est
740 4499 946 4564 cibum,
997 4498 1089 4552 ubi
1135 4496 1476 4567 suggeritur:
1503 4512 1538 4565 ο(
1581 4493 1679 4549 Dic
1719 4501 1778 4547 ut
1806 4492 1883 4547 la-

290 4593 448 4664 pides
496 4591 585 4646 isti
639 4605 808 4660 panes
864 4589 996 4643 ﬁant
1050 4586 1277 4660 (Matth.
1319 4586 1439 4656 1v);
1477 4605 1495 4638 ι
1533 4600 1633 4656 per
1686 4599 1884 4640 concu-

290 4683 617 4755 piscentiam
665 4680 968 4745 oculorum,
1021 4679 1073 4733 id
1119 4685 1223 4742 est,
1257 4677 1644 4754 curiositatem,
1675 4675 1769 4730 ubi
1817 4675 1885 4730 de

292 4748 461 4845 pinna
487 4772 671 4842 templi
708 4771 1049 4835 admonetur,
1080 4778 1139 4822 nt
1172 4783 1230 4823 se
1262 4769 1508 4823 deorsum
1536 4748 1732 4827 mittat,
1767 4772 1885 4818 ten-

297 4865 447 4921 tandi
490 4865 683 4935 gratia,
714 4871 893 4917 utrum
942 4862 1010 4915 ab
1050 4860 1257 4928 angelis
1291 4855 1639 4928 suscipiatur.
1665 4855 1769 4909 Per
1794 4870 1881 4909 su-

296 4957 539 5028 perbiam
558 4956 703 5022 vitm,
732 4955 785 5009 id
807 4963 911 5019 est,
936 4954 1148 5008 inanem
1162 4950 1500 5020 jactantiam,
1518 4949 1605 5005 ubi
1628 4948 1682 5002 in
1703 4957 1884 5003 monte

298 5047 595 5105 constituto
629 5044 986 5100 ostenduntur
1014 5042 1195 5098 omnia
1240 5055 1402 5112 regna
1429 5038 1587 5108 hujus
1625 5046 1802 5103 terrm,
1831 5046 1886 5092 ct

298 5139 692 5212 promittuntur
718 5135 763 5191 si
790 5135 1115 5191 adoraverit.

377 5250 397 5283 ι
435 5229 622 5287 Gratia
654 5229 898 5285 mulieris
932 5226 1132 5284 sedulae
1168 5225 1458 5281 delectabit
1485 5223 1661 5278 virum
1702 5237 1884 5287 suum,

305 5340 327 5376 ς
364 5329 421 5378 et
450 5336 573 5377 ossa
609 5321 751 5376 illius
794 5319 1167 5391 impinguabit.
1210 5337 1229 5369 ι
1274 5316 1458 5373 Gratia
1496 5315 1691 5385 quippe
1732 5314 1887 5367 bona:

305 5414 609 5471 devotionis
634 5421 689 5468 et
714 5412 1062 5477 obedientize,
1094 5425 1258 5482 quam
1287 5409 1449 5464 habet
1481 5407 1731 5479 quaelibet
1759 5421 1887 5460 san-

305 5518 393 5565 cta
423 5507 627 5572 anima,
658 5504 744 5559 vel
791 5503 1117 5578 generaliter
1145 5510 1257 5558 tota
1292 5498 1587 5556 electorum
1628 5496 1887 5561 Ecclesia,

298 5600 567 5671 jucundat
610 5597 739 5652 boni
782 5595 1019 5652 doctoris
1055 5594 1325 5658 animum,
1354 5589 1442 5646 vel
1478 5589 1658 5659 potius
1690 5586 1891 5644 Christi

308 5688 524 5743 Domini
569 5687 766 5752 nostri,
803 5685 895 5756 qui
923 5698 1084 5740 verus
1111 5695 1341 5753 sponsus
1367 5687 1451 5735 est
1487 5678 1759 5734 Ecclesiae.
1793 5676 1892 5732 Cui

312 5779 403 5849 qui
439 5779 632 5838 devota
664 5778 959 5845 humilitate
993 5775 1193 5843 obedit,
1218 5779 1486 5847 pra‘ccpta
1524 5770 1690 5841 ipsius
1719 5777 1896 5827 custo-

2050 1956 2067 1988 ι
2103 1935 2293 1989 Mulier
2318 1940 2537 1989 sensata
2567 1940 2624 1986 et
2648 1930 2830 1991 tacita,
2864 1943 2971 1981 non
2999 1934 3083 1982 est
3109 1924 3411 1981 immutatio
3436 1938 3559 1978 eru-

1978 2047 1997 2079 ¢
2032 2029 2157 2081 dita:
2198 2025 2412 2078 animae.
2447 2041 2467 2074 ι
2504 2020 2782 2091 Sapientia
2809 2018 3004 2088 quippe
3040 2016 3154 2077 Dei,
3198 2030 3317 2086 qua:
3350 2014 3563 2069 animas

1972 2119 2267 2174 electorum
2315 2113 2533 2179 imbuit,
2562 2113 2751 2183 eisque
2785 2110 2901 2166 oris
2938 2107 3238 2164 custodiam
3281 2115 3336 2160 et
3377 2104 3559 2173 operis

1972 2207 2266 2266 efﬁcaciam
2299 2204 2507 2270 tribuit,
2532 2219 2562 2257 a
2592 2218 2651 2258 se
2682 2216 2779 2257 eos
2817 2199 3042 2264 mutari,
3074 2207 3129 2253 et
3153 2198 3206 2251 in
3241 2197 3445 2252 erroris
3470 2195 3564 2250 de-

1972 2299 2058 2353 via
2078 2297 2351 2352 declinare
2376 2310 2481 2349 non
2505 2292 2791 2364 permittit.
2816 2288 2968 2356 Quod
2990 2287 3227 2344 Joannes
3251 2286 3304 2340 in
3325 2278 3564 2356 Epistol'a

1973 2404 2068 2443 sua
2101 2386 2447 2450 manifestat,
2487 2384 2673 2438 dicens
2716 2398 2729 2436 :
2784 2400 2802 2432 ι
2839 2378 3027 2435 Omnis
3054 2378 3147 2448 qui
3178 2385 3338 2431 natus
3377 2383 3462 2431 est
3496 2389 3563 2429 ex

1974 2479 2105 2544 Deo,
2143 2484 2424 2547 peccatum
2454 2490 2559 2529 non
2590 2471 2750 2536 facit,
2781 2470 3036 2541 quoniam
3068 2482 3254 2523 semen
3293 2465 3461 2536 ipsius
3507 2463 3563 2517 in

1974 2585 2039 2625 eo
2084 2577 2296 2633 manet;
2330 2574 2387 2621 et
2429 2580 2535 2619 non
2579 2571 2758 2634 potest
2785 2575 3031 2632 pacare,
3063 2558 3319 2628 quoniam
3349 2571 3418 2610 ex
3453 2554 3564 2607 Deo

1976 2669 2135 2717 natus
2159 2669 2243 2714 est
2270 2657 2320 2731 (Ι
2343 2652 2506 2712 Ιοαή.
2536 2655 2610 2727 v).
2646 2674 2665 2704 ι
2697 2653 2811 2707 lloc
2838 2660 3015 2706 tamen
3038 2664 3146 2703 non
3170 2648 3235 2702 de
3261 2645 3408 2702 omni
3435 2660 3564 2714 pec—

1976 2762 2098 2810 cato
2122 2751 2273 2815 dicit,
2301 2749 2397 2804 sed
2424 2748 2489 2803 de
2512 2743 2802 2801 violatione
2830 2751 2991 2797 recta:
3015 2739 3138 2795 fidei
3165 2746 3222 2793 et
3245 2735 3563 2793 charitatis:

1977 2860 2137 2915 quam
2168 2842 2259 2912 qui
2290 2854 2475 2895 semen
2518 2836 2630 2901 Dei,
2658 2835 2708 2889 id
2737 2840 2841 2896 est,
2872 2832 3096 2886 verbum
3130 2827 3248 2892 Dei,
3278 2839 3384 2896 quo
3413 2837 3568 2879 rena-

1979 2949 2066 2994 tus
2096 2945 2200 3001 est,
2234 2936 2287 2990 in
2316 2948 2374 2989 sc
2402 2932 2585 2993 habet,
2616 2927 2956 2983 committere
2986 2937 3093 2977 non
3120 2927 3316 2990 potest.

2056 3044 2075 3078 ‹
2111 3023 2298 3081 Gratia
2334 3035 2497 3091 super
2538 3017 2799 3089 gratiam,
2846 3011 3038 3067 mulier
3075 3016 3261 3064 sancta
3306 3013 3363 3059 et
3402 3002 3569 3074 pudo-

1987 3135 2006 3168 r
2045 3125 2179 3171 rata.
2217 3133 2235 3164 ι
2270 3113 2445 3182 Super
2470 3108 2699 3180 gratiam
2730 3119 2861 3175 ergo
2891 3101 3025 3172 legis
3055 3106 3111 3155 et
3157 3110 3438 3168 synagoga:
3468 3095 3569 3149 sub

1981 3224 2042 3265 ea
2069 3204 2374 3263 constituta:
2404 3200 2578 3271 gratia
2607 3206 2689 3252 est
2736 3192 3007 3262 Evangelii
3037 3198 3093 3245 et
3121 3188 3286 3243 decor
3313 3184 3571 3241 Ecclesia:

1979 3308 2203 3362 sanctae,
2250 3310 2370 3366 qua:
2404 3293 2563 3348 fidem
2595 3287 2890 3345 Salvatoris
2916 3283 2999 3339 sui
3029 3289 3176 3337 caste
3218 3286 3275 3334 et
3316 3275 3570 3332 inviolate

1979 3391 2235 3455 custodit,
2257 3395 2307 3444 et
2331 3383 2653 3455 sapientiam
2678 3378 2914 3435 divinam
2939 3373 3211 3429 inhianter
3234 3367 3422 3430 discit;
3455 3366 3571 3420 btec

1979 3489 2032 3544 in
2065 3487 2296 3543 lectione
2321 3481 2478 3552 Legis
2503 3485 2559 3534 et
2585 3476 2973 3546 Prophetarum
3001 3470 3246 3525 velamen
3275 3461 3569 3552 Mosaicum

1979 3592 2142 3647 super
2165 3589 2260 3629 cor
2284 3550 2615 3632 non—habet,
2645 3563 2740 3621 sed
2769 3562 3008 3618 revelata
3038 3553 3177 3614 facie
3205 3554 3432 3628 gloriam
3469 3550 3572 3604 Do—

1981 3643 2113 3724 mini
2146 3662 2563 3733 contemplatur,
2605 3665 2659 3714 et
2701 3657 2868 3726 intrat
2897 3655 2953 3708 in
2983 3648 3351 3707 sanctuarium
3385 3643 3480 3699 Dei
3510 3647 3572 3696 ut

1979 3757 2242 3825 intelligat
2266 3750 2661 3823 propositiones
2686 3747 2754 3799 ab
2780 3743 2935 3799 initio
2965 3739 3168 3796 szeculi.

2057 3866 2076 3899 ι
2110 3823 2299 3901 omnis
2337 3852 2515 3897 autem
2558 3834 2876 3908 ponderatio
2914 3846 3021 3888 non
3063 3837 3149 3885 est
3194 3827 3353 3897 digna
3396 3823 3571 3879 conti-

1988 3959 2005 3992 ι
2039 3937 2218 3994 nentis
2247 3934 2460 3989 animae.
2499 3950 2517 3982 ι
2554 3929 2776 3984 Cuncta:
2818 3923 3070 3979 videlicet
3107 3934 3240 3989 opes
3285 3914 3470 3970 mundi
3516 3921 3574 3969 et

1980 4032 2181 4089 divitia:
2220 4026 2497 4099 sapientia:
2534 4018 2813 4077 saecularis
2853 4032 2957 4072 non
2997 4019 3222 4084 possunt
3259 4009 3377 4079 ejus
3416 4007 3575 4065 devo-

1982 4124 2138 4188 tioni,
2170 4097 2333 4191 quam
2364 4119 2527 4174 habet
2558 4115 2614 4170 in
2651 4109 2873 4167 servitio
2906 4104 3108 4162 Christi
3151 4110 3208 4158 et
3248 4101 3303 4155 in
3343 4097 3572 4155 scicntia

1982 4187 2212 4285 spiritali
2242 4207 2540 4277 adaequari;
2592 4205 2707 4273 ipsa
2750 4196 3075 4268 negotiatrix
3103 4200 3186 4249 est
3220 4191 3331 4254 illa,
3363 4203 3484 4259 qua:
3517 4187 3573 4240 in

1984 4282 2275 4374 Evangelio
2302 4297 2654 4376 margaritam
2700 4288 3172 4361 pretiosissimam,
3197 4282 3398 4352 spretis
3444 4289 3576 4334 tem-

1984 4394 2261 4468 poralibus
2286 4389 2465 4453 bonis,
2495 4384 2851 4456 comparavit,
2884 4382 3139 4451 utipsam
3168 4377 3472 4450 possideret
3518 4375 3576 4429 in

1985 4466 2248 4544 internum
2283 4480 2498 4553 (Matth.
2529 4476 2671 4547 xm).
2707 4474 2862 4531 Unde
2890 4471 2951 4527 ﬁt
2976 4469 3122 4541 quod
3151 4466 3426 4537 sequitur:

2062 4597 2079 4630 ι
2125 4552 2403 4631 Sicutsol
2435 4570 2618 4625 oriens
2659 4565 2861 4622 mundo
2897 4562 2953 4618 in
2997 4558 3280 4616 altissimis
3319 4554 3450 4620 Dei,
3495 4552 3579 4607 sic

1990 4688 2009 4721 ‹
2039 4664 2282 4722 mulieris
2300 4663 2440 4717 bona
2461 4658 2667 4729 species
2690 4657 2745 4710 in
2766 4657 3146 4710 ornamentum
3167 4647 3359 4703 domus
3382 4643 3518 4714 ejus.
3550 4661 3572 4693 ι

1987 4760 2130 4817 Solis
2158 4756 2301 4814 enim
2323 4753 2547 4826 justitiu:
2577 4748 2828 4821 splendor
2852 4744 3022 4814 fulget
3046 4741 3099 4796 in
3127 4739 3308 4810 specie
3334 4734 3577 4791 mulieris

1986 4852 2167 4923 hujus,
2194 4856 2251 4903 et
2277 4853 2444 4902 totam
2480 4843 2698 4898 domum
2723 4839 2862 4909 ejus,
2888 4849 3008 4905 quae
3032 4847 3131 4903 per
3152 4830 3463 4884 universum
3487 4841 3578 4881 or-

1986 4917 2108 4997 bein
2134 4939 2359 4994 dilatata
2383 4942 2495 4999 est,
2524 4938 2719 4988 ornatu
2750 4925 3031 4998 sapientia:
3054 4932 3112 4976 et
3133 4921 3395 4975 virtutum
3419 4917 3578 4971 deco-

1991 5042 2070 5088 rat
2099 5031 2252 5104 (Sap.
2283 5028 2365 5099 ιιι)
2397 5046 2411 5082 :
2440 5042 2541 5097 pro
2568 5040 2675 5094 quo
2705 5022 2871 5076 etiam
2907 5027 3159 5084 superna:
3180 5009 3443 5104 claritatis
3471 5006 3580 5104 ful-

1990 5096 2175 5196 gorem
2200 5096 2490 5184 obtinebit,
2513 5124 2576 5170 ut
2610 5114 2704 5168 fiat
2728 5109 2871 5180 quod
2888 5106 3152 5174 scriptum
3178 5108 3302 5156 est:
3336 5096 3583 5196 «irrige-

1990 5188 2126 5271 bunt
2152 5212 2287 5283 justi
2321 5210 2464 5266 sicut
2501 5206 2584 5264 sol
2611 5207 2666 5260 in
2703 5215 2869 5273 regno
2904 5196 3094 5264 Patris
3127 5206 3315 5250 eorum
3358 5188 3578 5263 (Malm.

1992 5321 2136 5361 XIII).
2172 5322 2190 5355 ι

2074 5321 2087 5357 1
2121 5342 2136 5357 .
2172 5322 2190 5355 ι

2069 5304 2365 5449 «)Lucerna
2391 5386 2680 5458 splendens
2703 5396 2866 5453 super
2885 5376 3273 5435 candelabrum
3296 5380 3544 5428 sanctum
3566 5408 3581 5433 ,

2002 5506 2021 5540 ι
2053 5498 2110 5543 et
2132 5485 2340 5556 species
2365 5481 2522 5537 faciei
2547 5493 2710 5549 super
2730 5482 2945 5532 :etatem
2976 5462 3250 5528 stabilem.
3283 5486 3304 5522 ι
3337 5467 3584 5523 Lucerna

1994 5577 2258 5633 doctrina:
2305 5571 2640 5641 Evangelica:
2692 5564 2938 5637 splendet
2984 5576 3152 5642 super
3202 5556 3585 5616 candelabrum

1997 5668 2274 5734 Ecclesiae,
2318 5673 2374 5722 et
2416 5663 2624 5734 species
2667 5660 2930 5715 virtutum
2958 5648 3083 5738 qua:
3131 5655 3186 5709 in
3233 5650 3372 5706 facie
3421 5646 3583 5708 illius,

2000 5766 2102 5821 hoc
2127 5769 2238 5830 est,
2271 5760 2325 5816 in
2367 5755 2619 5829 operibus
2655 5750 2772 5824 ejus
2804 5751 3004 5817 elucet,
3035 5760 3149 5803 aevo
3183 5747 3443 5813 perpetuo
3471 5742 3585 5792 sta-
