4030 6468
271 361 370 418 961

1155 355 1509 450 ΕΟΜΜΕἰξΤ.
1540 355 1615 440 ἸΝ
1638 350 2264 448 βαειιεειιιδτιεωι.
2304 384 2372 393 —-
2409 354 2536 411 LIB.
2578 356 2657 412 γι

3430 355 3532 418 962

270 473 428 528 istius
456 469 637 525 surculi
681 483 852 538 usque
894 467 948 522 in
984 466 1145 523 ﬁnem
1177 469 1301 522 vita:
1320 474 1714 533 servaverunt,
1743 465 1848 520 sie-
1874 471 1920 528 Α
1949 468 2041 535 qui
2072 466 2309 522 triticum
2339 477 2529 537 purgat
2556 466 2862 522 ventilanda
2889 476 3198 533 concutere,
3232 470 3388 526 docet
3418 472 3510 527 nul

267 581 374 636 que
402 565 470 619 ad
496 577 749 618 coronam
789 570 1005 617 :ctcrnm
1032 560 1155 615 vitzc
1183 566 1574 629 pervenerunt;
1604 558 1697 626 qui
1740 573 1848 610 ma-

268 656 351 726 gis
394 654 706 709 thesaurum
753 651 1027 707 cmlestem
1077 665 1240 720 quam
1304 657 1618 703 terrestrem
1658 650 1850 718 qumsi~

268 756 449 802 erunt.
467 745 682 799 mBeati
706 757 970 814 pauperes
994 741 1209 810 spiritu,
1234 740 1484 810 quoniam
1509 740 1746 809 ipsorum
1767 748 1852 795 est

268 850 494 907 regnum
524 833 812 889 'cmlorum.
846 852 864 884 ι
898 831 1078 885 Atille
1100 829 1192 900 qui
1215 830 1409 899 quaerit
1438 828 1494 893 in
1528 829 1631 883 hoc
1650 829 1850 887 mundo

269 923 605 994 locupletari,
649 921 846 977 avertit
883 920 1098 977 oculum
1140 934 1295 975 suum
1338 934 1369 972 a
1409 918 1603 973 timore
1640 917 1755 982 Dei,
1796 924 1853 971 et

267 1016 514 1085 sequitur
551 1014 875 1084 cupiditates
915 1012 1071 1069 istius
1105 1010 1311 1075 mundi,
1350 1009 1472 1065 ideo
1505 1009 1714 1064 carebit
1751 1008 1849 1063 be-

265 1105 575 1161 nedictione
613 1104 850 1159 ctelcstis
890 1103 1060 1174 regni.

343 1217 362 1247 ε
390 1195 559 1252 .Sicut
599 1196 651 1250 in
677 1195 869 1250 .medio
904 1194 1236 1265 compaginis
1276 1192 1510 1263 lapidum
1548 1191 1702 1262 palus
1741 1191 1849 1260 ﬁgi-

272 1307 290 1338 ι
329 1295 439 1353 tur,
472 1288 550 1343 sic
579 1296 635 1342 et
667 1287 808 1342 inter
839 1286 1071 1341 medium
1100 1285 1424 1340 venditionis
1466 1292 1521 1338 et
1563 1282 1850 1353 emptionis

271 1396 290 1427 ι
328 1374 1004 1448 δηειιειίιιὺίιιιτεροεειιιίε.
1043 1395 1061 1426 ι
1103 1375 1239 1445 Apte
1266 1390 1360 1444 per
1391 1372 1846 1441 comparationem

264 1468 371 1537 pali
403 1468 455 1522 in
488 1469 677 1524 medio
704 1467 936 1537 lapidum
963 1466 1078 1529 ﬁxi.
1106 1465 1360 1535 exprimit
1384 1464 1848 1532 interemptionctu

264 1568 321 1613 et
348 1559 710 1614 venditionem
740 1558 1043 1630 angustiam
1072 1556 1221 1612 avari
1253 1571 1268 1610 :
1299 1555 1384 1611 cui
1418 1563 1524 1609 tam
1548 1556 1737 1609 deesse
1767 1554 1847 1609 vi-

263 1650 420 1703 detur
440 1649 582 1719 quod
613 1650 795 1715 habet,
832 1664 993 1719 quam
1017 1648 1303 1717 quodnon
1333 1647 1535 1700 habet:
1566 1646 1691 1715 quia
1720 1645 1847 1700 dum

265 1739 419 1793 timet
463 1730 713 1795 amittere
760 1741 907 1809 quod
952 1739 1228 1810 possidet,
1270 1746 1333 1793 et
1380 1738 1556 1791 aliena
1616 1750 1843 1806 rapere,

264 1829 446 1883 animo
494 1829 825 1885 incessanter
863 1831 1048 1894 ardet,
1099 1843 1312 1899 semper
1356 1828 1502 1881 illum
1547 1826 1848 1882 sollicitudo

265 1919 425 1973 noxia
456 1927 685 1988 torquet.
716 1919 830 1974 Sed
873 1920 1001 1974 licet
1036 1920 1123 1974 hic
1166 1919 1470 1989 hujusmodi
1522 1925 1847 1973 tormentum

264 2009 478 2074 habeat,
513 2011 558 2066 si
590 2027 648 2066 se
676 2029 780 2066 non
810 2011 1124 2073 corrc-xerit,
1148 2019 1367 2065 certum
1396 2017 1480 2064 est
1510 2018 1569 2062 ut
1612 2007 1849 2061 futuram

260 2104 522 2173 gehenna:
563 2101 776 2173 pmnam
802 2118 912 2158 non
940 2103 1151 2158 evadat.
1197 2101 1295 2157 Ubi
1338 2099 1395 2155 ﬁt
1422 2098 1664 2171 profecto
1706 2095 1850 2169 quod

263 2195 508 2264 sequitur
530 2213 544 2249 :

339 2306 357 2336 ι
393 2286 713 2341 Conterctur
734 2301 855 2341 cum
881 2286 1225 2355 delinquente
1252 2283 1527 2340 delictum.
1564 2304 1582 2337 ι
1614 2283 1695 2339 lbi
1720 2299 1849 2355 ergo

261 2385 440 2429 cessat
478 2378 828 2445 pecuniarum
861 2378 1107 2441 ambitio,
1150 2375 1239 2430 ubi
1282 2375 1513 2444 raptoris
1553 2375 1732 2430 anima
1773 2374 1847 2430 si-

262 2465 372 2518 nml
401 2473 455 2519 et
477 2482 671 2536 corpus
706 2467 1000 2535 punientur
1024 2466 1075 2520 in
1111 2466 1361 2521 examine
1395 2464 1703 2519 novissimo.
1739 2462 1846 2518 Sed

262 2557 387 2624 quia
421 2557 533 2612 sola
561 2569 645 2613 est
673 2573 835 2612 causa
866 2574 961 2627 per
992 2572 1152 2627 quam
1183 2554 1378 2610 salvari
1408 2562 1585 2624 potest
1611 2555 1848 2609 humana

263 2655 479 2710 natura,
526 2648 798 2717 quomodo
838 2649 953 2703 lia-e
1002 2646 1167 2702 nmlta
1209 2646 1365 2701 vitari
1403 2647 1616 2716 possint
1653 2645 1849 2702 discri-

263 2737 427 2799 mina,
449 2738 693 2806 protinus
720 2737 1089 2808 subjungendo
1112 2737 1378 2792 ostendit:

340 2846 357 2878 ι
401 2827 456 2882 Si
490 2845 595 2882 non
641 2830 693 2883 in
740 2830 932 2884 timore
971 2828 1180 2883 Domini
1217 2827 1454 2882 tenueris
1484 2836 1536 2882 te
1562 2827 1845 2893 instanter,

268 2938 285 2969 ι
322 2918 430 2972 cito
454 2919 800 2974 subvertetnr
818 2921 1008 2975 domus
1034 2929 1144 2974 tua.
1175 2940 1193 2969 ι
1231 2917 1569 2973 Manifestum
1598 2928 1683 2974 est
1705 2920 1847 2972 enim

262 3010 407 3079 quod
436 3010 597 3064 timor
626 3010 836 3064 Domini
866 3009 1101 3065 hominis
1126 3009 1362 3064 custodit
1390 3009 1589 3073 vitam;
1619 3025 1777 3078 quem
1803 3009 1849 3065 si

263 3102 586 3167 deseruerit,
610 3118 732 3156 mox
763 3103 1105 3157 inimicorum
1132 3098 1340 3157 insidiis
1363 3110 1524 3171 atque
1549 3101 1849 3157 seductioni

256 3193 487 3262 patebit.
546 3213 564 3244 ι
619 3193 853 3249 Timcnti
908 3194 1054 3249 enim
1110 3178 1393 3248 Dominum
1444 3208 1658 3263 semper
1711 3194 1849 3249 bene

263 3283 402 3347 erit,
438 3304 457 3337 ι
500 3284 624 3353 quia
668 3285 830 3339 timor
868 3284 1081 3340 Domini
1121 3283 1242 3340 fons
1272 3292 1357 3339 est
1396 3284 1549 3349 vita},
1593 3284 1759 3355 gloria
1797 3295 1851 3341 et

264 3374 449 3428 laetitia
489 3384 545 3429 et
582 3390 783 3430 corona
813 3374 1184 3430 exsultationis
1219 3393 1231 3428 :
1273 3390 1432 3445 quem
1468 3375 1557 3445 qui
1599 3376 1849 3441 tenuerit,

263 3465 353 3519 hic
380 3466 643 3519 bonorum
663 3480 888 3535 cperunt
915 3466 1089 3535 dignis
1131 3465 1338 3519 meritis
1365 3464 1581 3528 crescit,
1609 3472 1664 3519 et
1689 3466 1740 3519 in
1773 3464 1854 3518 fu-

267 3563 388 3607 turo
444 3554 682 3609 lanitium
733 3563 789 3610 et
836 3556 1099 3627 gaudium
1156 3556 1210 3610 in
1261 3555 1591 3626 longitudine
1644 3556 1852 3611 dierum

268 3645 508 3699 habebit.
1549 3708 1555 3713 _

346 3758 364 3786 ι
402 3736 553 3805 Sicut
587 3737 639 3791 in
667 3752 988 3807 percussum
1020 3737 1183 3793 cribri
1215 3738 1517 3792 remanebit
1544 3737 1741 3807 pulvis,
1775 3737 1860 3792 sie

272 3848 291 3879 ι
327 3827 511 3896 aporia
541 3826 776 3882 hominis
802 3829 854 3882 in
896 3828 1133 3897 rugitatu
1171 3827 1331 3882 illius.
1366 3828 1505 3883 Vasa
1544 3827 1687 3898 ﬁguli
1730 3843 1853 3896 pro-

272 3936 293 3968 ι
330 3918 423 3972 bat
455 3916 665 3983 fornax,
698 3927 753 3972 et
799 3918 1043 3972 homines
1080 3916 1262 3986 justos
1294 3919 1516 3974 tentatio
1552 3918 1853 3974 tribulatio-

271 4029 292 4060 ‹
326 4010 431 4064 nis.
466 4029 485 4062 ι
526 4008 877 4065 Convcnicnti
917 4008 1165 4078 exemplo
1200 4009 1437 4064 ostendit
1474 4010 1726 4065 timorem
1761 4010 1851 4065 Dei

266 4117 499 4172 purgare
543 4102 777 4156 animam
821 4101 1071 4156 hominis.
1108 4099 1261 4156 Sicut
1283 4102 1429 4155 enim
1460 4102 1697 4156 cribrum
1726 4084 1854 4171 pur‘

264 4200 518 4262 gamcnta
546 4191 768 4261 colligit,
794 4199 849 4246 et
871 4207 1037 4261 grana
1060 4206 1090 4244 a
1108 4190 1279 4260 paleis
1309 4192 1562 4267 secernit,
1592 4191 1664 4244 ita
1695 4191 1855 4245 timor

270 4282 366 4336 Dei
393 4297 490 4351 per
514 4297 699 4336 curam
729 4280 891 4353 atque
917 4298 1171 4352 angorem
1198 4282 1363 4337 animi
1393 4297 1581 4336 omnes
1609 4281 1855 4336 sordidas

267 4373 624 4443 cogitationes
650 4390 680 4429 a
707 4375 871 4428 corde
895 4374 1132 4444 expellit.
1160 4373 1225 4427 Et
1254 4374 1394 4428 sicut
1412 4388 1537 4427 vasa
1563 4373 1706 4442 ﬁguli
1732 4388 1855 4442 pro-

1949 558 2054 612 lius
2100 560 2259 614 ﬁdem
2305 574 2335 612 a
2365 560 2578 614 diabolo
2626 560 2726 614 nisi
2776 560 2884 614 Deo
2927 562 3271 629 permittente
3300 565 3529 626 tentari:

1946 646 2164 702 Satanrc
2192 647 2390 717 quippe
2430 649 2497 702 ad
2528 649 2873 704 cribramlum
2921 650 3090 715 bonos
3118 660 3403 720 expetere,
3449 663 3534 709 est

1948 739 2017 794 ad
2043 738 2387 795 aﬂlictionem
2413 755 2600 795 eorum
2629 742 2847 796 malitize
2869 744 3089 798 aestibus
3113 744 3386 798 anhelare.
3415 747 3533 812 Quo

1948 828 2093 884 enim
2117 843 2303 883 eorum
2331 831 2683 886 tentationem
2709 831 2954 886 invidens
2983 835 3203 903 appetit,
3230 850 3296 889 eo
3321 835 3532 891 illorum

1948 917 2101 985 quasi
2146 917 2518 987 probationem
2557 918 2855 989 deprecans
2902 923 3056 991 petit.
3103 923 3238 978 Cum
3266 941 3396 980 vero
3434 942 3534 996 pro

1948 1006 2110 1064 Petro
2139 1026 2333 1081 rogans
2366 1010 2623 1066 Salvator
2650 1028 2757 1067 non
2800 1023 2861 1067 ut
2893 1023 3149 1080 tentetur,
3194 1018 3289 1071 sed
3322 1027 3382 1073 ut
3424 1035 3533 1074 non

1948 1100 2165 1155 deﬁciat
2202 1102 2335 1157 ﬁdes
2358 1100 2475 1169 ejus
2502 1101 2768 1167 obsecrat,
2797 1104 2900 1157 hoe
2926 1113 3036 1168 est,
3070 1117 3128 1159 ut
3164 1116 3284 1174 post
3324 1108 3533 1178 lapsum

1937 1192 2256 1262 negationis
2278 1194 2346 1248 ad
2373 1201 2575 1250 statum
2598 1194 2891 1264 pristinum
2925 1195 3237 1264 pmnitcndo
3267 1207 3532 1269 resurgat,

1949 1284 2187 1339 insinuat
2210 1284 2340 1340 utile
2369 1286 2575 1341 sanctis
2611 1302 2732 1341 esse
2765 1287 3119 1342 tentatiouum
3149 1286 3382 1344 flammis
3408 1305 3537 1344 exa-

1947 1375 2172 1441 minari,
2203 1385 2263 1430 ut
2289 1377 2372 1430 vel
2406 1377 2593 1432 tentati
2624 1378 2750 1447 quia
2786 1378 2954 1433 fortes
2988 1377 3188 1434 fuerint
3215 1388 3532 1449 appareant,

1942 1466 2032 1521 vel
2052 1467 2269 1538 cognita
2300 1482 2397 1537 per
2426 1468 2748 1523 tentationes
2776 1482 2871 1522 sua
2906 1468 3248 1531 inﬁrmitate,
3280 1468 3538 1526 fortiores

1944 1554 2065 1610 ﬁeri
2096 1556 2331 1619 discant,
2358 1566 2414 1611 et
2435 1557 2516 1611 sic
2535 1572 2664 1612 cum
2693 1558 2905 1627 probati
2936 1558 3153 1624 fuerint,
3184 1560 3455 1629 accipiant
3480 1569 3538 1616 et

1935 1649 2046 1720 ipsi
2086 1665 2341 1706 coronam
2370 1649 2497 1704 vita:
2535 1663 2697 1718 quam
2741 1648 3049 1719 repromisit
3088 1649 3227 1705 Deus
3266 1649 3540 1720 diligenti-

1940 1740 2052 1796 bus
2081 1757 2159 1795 se.

2025 1851 2043 1883 ι
2079 1831 2233 1886 Sicut
2258 1829 2633 1885 rusticatiode
2672 1844 2806 1901 tgno
2841 1829 3075 1884 ostendit
3104 1828 3336 1885 fructum
3368 1830 3534 1898 illius,

1946 1940 1973 1972 4
2013 1921 2092 1975 sie
2125 1921 2346 1976 verbum
2371 1921 2732 1991 cxcogitatmn
2761 1920 2996 1974 hominis
3024 1935 3137 1975 cor.
3173 1940 3193 1972 ι
3226 1920 3394 1988 Hujus
3419 1937 3539 1976 sen-

1942 2012 2130 2067 tentiae
2169 2027 2387 2067 sensum
2430 2011 2679 2081 exposuit
2725 2012 2839 2080 ipsa
2870 2011 3082 2066 Veritas
3128 2012 3181 2066 in
3225 2011 3532 2083 Evangelia.

1948 2101 2040 2155 ubi
2069 2101 2146 2155 ait
2176 2118 2190 2155 :
2225 2119 2242 2151 ι
2281 2100 2626 2171 Uuaqmeque
2643 2100 2813 2155 arbor
2839 2116 2905 2156 ex
2932 2099 3109 2157 fructu
3138 2117 3238 2157 suo
3260 2103 3538 2173 cognosci-

1945 2199 2040 2246 tur
2068 2210 2082 2246 :
2113 2208 2289 2261 neque
2323 2193 2468 2248 enim
2495 2194 2562 2248 de
2592 2193 2763 2263 spinis
2786 2191 3045 2263 colligunt
3084 2193 3237 2257 ﬁcus,
3268 2208 3444 2263 neque
3471 2196 3539 2249 de

1942 2282 2084 2338 rubo
2112 2284 2448 2339 vindemiant
2484 2298 2661 2338 uvam.
2710 2281 2890 2338 Bonus
2932 2283 3094 2337 ho'mo
3136 2282 3203 2337 de
3247 2283 3389 2337 bono
3418 2284 3538 2337 the-

1947 2390 2112 2431 sauro
2142 2375 2320 2433 cordis
2355 2376 2439 2431 sui
2472 2374 2681 2445 profert
2721 2374 2953 2438 bonum,
2984 2382 3039 2430 et
3079 2374 3250 2428 malus
3276 2375 3440 2429 homo
3469 2374 3538 2428 de

1948 2466 2093 2521 malo
2124 2467 2379 2521 thesauro
2407 2465 2612 2537 profert
2649 2465 2850 2520 malum
2878 2483 2892 2519 :
2923 2480 2987 2520 ex
3020 2465 3346 2520 abundantia
3391 2464 3538 2518 enim

1948 2557 2129 2612 cordis
2169 2572 2231 2613 os
2273 2557 2511 2626 loquitur
2541 2556 2753 2627 (Matth.
2786 2570 2895 2621 vn;
2940 2555 3069 2609 Luc.
3104 2554 3199 2626 vi).
3248 2573 3269 2607 ι
3313 2553 3537 2609 Cultura

1947 2664 2078 2720 ergo
2105 2651 2234 2722 ligni
2271 2651 2325 2705 in
2352 2648 2530 2705 fructu
2561 2648 2874 2703 manifestat
2897 2646 3212 2717 qualitatem
3240 2646 3409 2716 ipsius
3432 2659 3534 2701 suo

1948 2741 2178 2805 cultori,
2208 2741 2332 2811 quia
2373 2742 2512 2796 bona
2551 2740 2715 2794 arbor
2752 2739 2959 2794 fructus
2993 2740 3164 2794 bonos
3204 2737 3362 2805 facit,
3395 2737 3536 2792 mala

1949 2840 2131 2887 autem
2162 2833 2326 2887 arbor
2354 2831 2563 2886 fructus
2590 2830 2760 2886 malos
2779 2831 2940 2899 parit.
2964 2829 3064 2895 Qui
3102 2830 3174 2884 sit
3202 2829 3409 2884 fructus
3428 2844 3539 2899 quo

1949 2922 2090 2976 mala
2136 2922 2346 2976 bonavc
2379 2922 2616 2992 dignosci
2647 2921 2839 2975 debeat
2864 2920 3027 2974 arbor
3044 2920 3334 2989 Apostolus
3360 2928 3544 2975 osten-

1951 3011 2059 3078 dit,
2098 3010 2285 3067 diccns
2324 3026 2340 3065 :
2384 3030 2403 3060 ε
2450 3010 2732 3066 Manifesta
2766 3020 2952 3065 autem
2991 3017 3118 3064 sunt
3151 3024 3314 3078 opera
3338 3009 3543 3075 carnis,

1951 3115 2075 3169 qua:
2103 3108 2230 3155 sunt
2258 3100 2564 3165 fornicatio,
2598 3099 2801 3154 immnn
2825 3098 2934 3154 iitia
2953 3139 2969 3163 ,
2997 3098 3208 3152 luxuria
3227 3138 3244 3163 ,
3275 3097 3542 3153 idolorum

1954 3190 2208 3257 servitus,
2238 3188 2520 3255 veneﬁcia,
2553 3189 2870 3254 inimicitiae,
2898 3188 3295 3254 contentiones,
3322 3188 3542 3243 :emula-

1952 3286 2148 3348 tiones,
2199 3285 2315 3352 iraa,
2363 3286 2527 3351 rixae,
2574 3284 2955 3350 dissensiones,
3001 3285 3256 3347 haereses,
3306 3282 3542 3347 invidiae,

1953 3377 2277 3443 homicidia,
2307 3377 2621 3443 ebrietates,
2652 3376 3153 3439 commessationes,
3184 3382 3240 3430 et
3274 3375 3359 3429 his
3392 3375 3545 3429 simi-

1952 3472 2021 3526 lia
2039 3512 2058 3535 ,
2088 3488 2209 3542 qute
2239 3474 2473 3543 prmdico
2500 3474 2653 3529 vobis
2680 3473 2824 3528 sicut
2852 3471 3079 3541 praedixi
3100 3511 3115 3536 ,
3164 3470 3420 3541 quoniam
3450 3469 3543 3538 qui

1955 3561 2082 3616 talia
2110 3571 2306 3633 agunt,
2338 3579 2563 3635 regnum
2596 3563 2693 3619 Dei
2723 3578 2831 3620 non
2857 3573 3277 3633 consequentur.
3315 3562 3546 3615 Fructus

1951 3658 2135 3706 autem
2166 3651 2388 3721 spiritus
2415 3661 2543 3708 sunt
2580 3651 2840 3719 charitas,
2870 3652 3146 3723 gaudium,
3176 3665 3302 3720 pax,
3330 3649 3539 3718 patien-

1955 3741 2060 3805 tia,
2114 3741 2515 3812 longanimitas,
2566 3743 2803 3808 bonitas,
2849 3742 3172 3812 benignitas,
3223 3740 3377 3805 ﬁdes,
3421 3754 3539 3794 mo-

1954 3832 2145 3900 destia,
2175 3835 2505 3890 continentia
2537 3829 2736 3905 (Galal.
2757 3832 2835 3905 v).
2874 3852 2892 3885 ι
2926 3832 3072 3888 idem
3095 3846 3225 3902 ergo
3253 3833 3542 3886 thesaurus

1953 3924 2163 3985 cordis,
2209 3924 2352 3994 quod
2398 3924 2551 3979 radix
2593 3933 2678 3979 est
2721 3923 2953 3987 arboris,
2999 3931 3054 3977 et
3094 3922 3237 3991 quod
3274 3921 3342 3975 de
3379 3920 3545 3975 corde

1953 4014 2248 4085 profertur,
2287 4016 2430 4071 idem
2460 4024 2544 4072 est
2576 4016 2722 4086 quod
2760 4015 2971 4071 arboris
3002 4013 3232 4070 fructus.
3273 4014 3373 4081 Qui
3412 4026 3545 4081 ergo

1956 4107 2271 4161 thesaurum
2301 4106 2352 4160 in
2372 4106 2539 4161 corde
2560 4104 2833 4176 patientia:
2853 4103 3187 4176 perfectique
3210 4103 3371 4157 habet
3397 4115 3545 4155 amo-

1956 4195 2063 4259 ris,
2094 4195 2325 4265 optimos
2362 4195 2616 4249 nilnirum
2659 4195 2862 4249 fruetus
2888 4193 3201 4258 effundens,
3238 4190 3415 4261 diligit
3445 4189 3547 4243 ini-

1955 4286 2189 4350 micum,
2244 4283 2515 4340 benefacit
2570 4285 2797 4349 odienti,
2855 4283 3125 4339 benedicit
3171 4278 3540 4343 maledicenti,

1956 4385 2078 4430 orat
2117 4390 2215 4445 pro
2256 4374 2638 4437 calumniante,
2670 4372 2994 4443 percutienti
3026 4386 3086 4426 se
3125 4369 3208 4423 vel
3237 4366 3547 4438 dispolianti

269 4465 361 4518 bat
390 4464 605 4519 flamma
648 4464 911 4530 fornacis,
951 4465 1029 4520 sic
1060 4464 1307 4520 homines
1338 4462 1516 4531 justos
1562 4463 1785 4518 mundat
1821 4476 1852 4515 ιι
1883 4490 1932 4549 Ι)
1958 4482 2065 4522 non
2095 4467 2410 4531 reluctatur,
2440 4466 2586 4519 omni
2629 4464 2831 4535 ρριοηιί
2861 4462 3076 4527 tribuit,
3104 4475 3200 4516 sua
3226 4457 3405 4513 ablata
3437 4469 3545 4509 non

267 4558 507 4627 peccatis
533 4557 759 4612 tentatio
785 4557 1168 4612 tribulationis.
1206 4555 1402 4626 Aporia
1436 4554 1578 4609 enim
1604 4553 1851 4609 Graecum

272 4663 465 4701 nomen
496 4655 596 4711 est,
627 4655 682 4700 ct
708 4647 1097 4716 interpretatur
1120 4644 1304 4710 ﬂuvio,
1332 4644 1415 4698 vel
1444 4644 1726 4707 derivatio,
1754 4643 1852 4696 sti-

270 4735 450 4789 mulus
476 4737 591 4791 sive
618 4737 897 4799 molestia;
934 4745 1109 4806 potest
1135 4744 1189 4790 ct
1217 4736 1270 4789 in
1299 4735 1464 4790 cribri
1493 4734 1709 4790 nomine
1742 4742 1856 4787 ten-

273 4826 407 4880 tatio
446 4826 661 4881 Satanae
699 4826 943 4897 intelligi.
989 4826 1065 4881 De
1096 4828 1199 4882 hoc
1228 4827 1409 4881 cribro
1447 4827 1560 4895 ipse
1600 4825 1857 4879 Dominus

275 4916 603 4971 mentionem
645 4917 773 4972 facit
819 4918 873 4972 in
919 4916 1207 4987 Evangelia
1254 4916 1439 4971 dicens
1476 4915 1545 4970 ad
1584 4912 1804 4969 Petrum
1838 4930 1852 4967 :

279 5025 298 5057 ι
338 5006 524 5062 Simon
564 5008 774 5075 Simon,
806 5024 933 5066 ecce
976 5009 1205 5064 Satanas
1231 5004 1489 5078 expetivit
1516 5022 1633 5072 vos,
1660 5016 1719 5061 ut
1749 5005 1855 5075 cri-

276 5100 463 5154 brarct
493 5101 634 5156 sicut
662 5103 921 5158 triticum.
971 5104 1084 5173 Ego
1111 5112 1290 5159 autem
1337 5101 1519 5172 rogavi
1564 5117 1663 5172 pro
1693 5111 1767 5166 te,
1798 5107 1844 5155 nl

277 5207 387 5245 non
424 5192 638 5248 deﬁciat
668 5192 800 5250 ﬁdes
839 5204 926 5249 tua
965 5195 1117 5266 (Luc.
1146 5194 1302 5266 χχιι).
1342 5214 1358 5245 ι
1393 5194 1471 5248 Ne
1498 5194 1860 5263 gloriarentur

279 5282 526 5337 undecim
550 5284 799 5354 apostoli,
832 5285 1014 5341 suisve
1037 5286 1242 5340 viribus
1272 5286 1569 5340 tribuerent
1594 5284 1736 5353 quod
1759 5283 1858 5338 soli

280 5387 417 5441 pene
446 5372 587 5428 inter
622 5382 701 5428 tot
730 5375 896 5429 millia
922 5374 1228 5430 Judmorum
1259 5376 1565 5429 dicerentur
1604 5375 1657 5428 in
1697 5382 1865 5428 tenta-

282 5463 518 5517 tionibus
552 5467 911 5533 permansisse
937 5482 1061 5521 cum
1105 5466 1354 5531 Domino,
1384 5466 1616 5521 ostendit
1654 5472 1711 5520 et
1746 5479 1862 5528 cos,

283 5555 465 5609 sinon
506 5553 745 5622 juvantis
774 5572 831 5611 se
878 5556 1087 5611 Domini
1132 5565 1312 5611 essent
1350 5554 1701 5624 Opitulationc
1744 5567 1865 5622 pro-

287 5645 436 5711 tecti,
470 5645 655 5700 eadem
690 5645 922 5715 procella
956 5661 1078 5701 cum
1115 5646 1325 5701 caeteris
1365 5646 1603 5715 potuisse
1634 5643 1861 5700 conteri.

289 5742 489 5796 Verum
530 5757 650 5796 cum
693 5745 921 5798 Satanas
958 5742 1159 5813 expetit
1198 5756 1291 5795 eos
1334 5748 1565 5801 tentare,
1606 5749 1659 5794 et
1698 5738 1864 5794 veluti

1958 4560 2187 4629 repetit,
2235 4573 2340 4612 non
2377 4556 2644 4625 judicare,
2693 4570 2797 4610 non
2846 4553 3210 4609 condenmare
3252 4548 3547 4611 desiderat,

1955 4660 2228 4708 errantem
2267 4650 2535 4720 patienter
2566 4654 2920 4716 amantcrque
2960 4642 3218 4714 corrigit,
3254 4650 3312 4696 et
3352 4647 3548 4695 caetera

1957 4757 2078 4811 quae
2106 4754 2268 4809 supra
2298 4739 2545 4794 Salvator
2569 4736 2800 4793 edocuit.
2838 4736 2909 4790 At
2938 4734 3029 4805 qui
3058 4747 3293 4803 nequam
3327 4731 3548 4786 thesau-

1960 4849 2077 4887 rum
2102 4832 2264 4887 cordc
2302 4838 2507 4895 servat,
2536 4830 2654 4885 odit
2691 4829 2944 4892 amicum,
2977 4824 3250 4880 maledicit
3286 4820 3550 4891 diligenti,

1960 4921 2236 4977 maledicit
2284 4920 2621 4993 benedicenti
2645 4959 2662 4985 ,
2714 4927 2769 4975 et
2819 4925 3013 4981 cetera
3065 4929 3186 4985 qua:
3239 4909 3551 4967 Dominicus

1964 5024 2144 5066 sermo
2178 5010 2467 5079 redarguit.

2042 5122 2060 5152 ι
2096 5102 2585 5158 Ante-sermonem
2629 5115 2733 5156 non
2779 5100 2964 5153 laudes
2988 5098 3163 5151 virum
3195 5113 3211 5151 :
3251 5095 3366 5150 lucc
3405 5090 3549 5148 enim

1972 5211 1990 5243 ι
2029 5192 2251 5247 tentatio
2271 5201 2356 5247 est
2389 5179 2690 5247 homilmm.
2727 5211 2745 5242 ι
2779 5188 2836 5244 Si
2861 5202 3042 5243 sermo
3068 5186 3165 5240 viri
3190 5183 3436 5239 enuntiat
3461 5196 3553 5235 co-

1967 5283 2193 5354 gitatum
2239 5281 2400 5346 illius,
2439 5282 2594 5336 decet
2630 5293 2757 5349 ergo
2800 5286 2859 5331 ut
2903 5290 3061 5330 nemo
3088 5273 3314 5329 alterum
3350 5271 3550 5334 laudet,

1969 5384 2259 5445 antequam
2286 5389 2410 5428 eum
2436 5371 2656 5442 dignum
2682 5369 2838 5424 laude
2865 5365 3165 5422 manifestis
3193 5363 3405 5419 indiciis
3429 5377 3552 5431 pro-

1967 5465 2089 5530 bet;
2121 5471 2176 5519 ct
2201 5463 2328 5533 quia
2370 5475 2549 5517 sermo
2576 5475 2717 5528 saepe
2762 5460 2815 5513 in
2845 5456 3143 5527 Scripturis
3171 5470 3268 5525 pro
3300 5454 3553 5524 cperibus

1969 5553 2205 5624 ponitur,
2237 5559 2415 5622 potest
2446 5551 2532 5605 hic
2559 5564 2738 5604 sermo
2765 5564 2865 5618 pro
2893 5549 3105 5603 actione
3134 5545 3326 5614 accipi,
3372 5551 3425 5596 ut
3460 5555 3549 5594 nc-

1970 5644 2170 5698 mincm
2211 5650 2336 5698 ante
2380 5640 2752 5711 probationem
2796 5641 3059 5696 bonorum
3108 5645 3325 5692 actuum
3366 5629 3550 5685 laude-

1972 5752 2111 5791 mus.
2160 5734 2286 5789 lndc
2330 5732 2457 5787 alibi
2503 5732 2759 5802 scriptum
2801 5741 2924 5786 est:
2970 5752 2988 5781 ι
3028 5728 3144 5783 Non
3196 5726 3378 5780 laudes
3428 5728 3553 5775 ante
