4030 6474
503 360 608 421 963

1147 358 1210 414 Β.
1250 355 1507 413 RABANI
1547 354 1768 411 MAURI
1813 346 2136 409 ARClllEP.
2179 339 2488 408 MOGUNT.
2529 346 2819 409 OPEBUM
2854 352 3035 409 PARS
3070 348 3113 409 ἰ.

3678 356 3788 411 θα

504 483 735 531 mortem
763 486 1086 542 quenquam,
1125 491 1144 522 ι
1186 469 1441 539 quoniam
1479 485 1499 518 ‹
1536 467 1627 538 qui
1667 464 2097 537 perseveraverit
2122 466 2171 526 Α
2200 472 2388 519 nostro
2418 465 2631 534 eloquio
2660 466 2863 521 habere
2882 507 2896 532 ,
2946 476 3007 521 ut
3038 474 3250 537 tempus
3275 475 3643 538 opportunum
3669 508 3688 533 ,
3734 482 3796 524 et

505 567 558 621 iu
590 567 730 621 bono
755 578 925 632 usque
947 562 999 615 in
1034 561 1214 623 ﬁnem,
1249 560 1338 615 hic
1362 560 1545 616 salvus
1574 559 1680 613 erit
1710 556 1903 628 (Eccli.
1934 555 2033 626 x1).
2069 574 2088 608 ι

504 658 670 711 Recte
692 670 823 725 ergo
853 654 1152 723 improbata
1183 651 1422 706 laudatio
1452 650 1681 705 tentatio
1709 649 1986 703 hominum
2021 645 2099 700 di-

503 746 667 810 citur,
690 744 814 813 quia
839 760 907 799 ex
937 743 1156 797 levitate
1184 742 1349 795 animi
1380 740 1643 811 procedit,
1666 753 1772 794 non
1796 753 1867 794 ex
1893 738 2098 794 dictatu

497 834 742 904 iustitiae.
1902 894 1909 897 _

581 946 601 980 ι
644 929 703 983 Si
739 928 991 997 sequaris
1019 925 1306 995 justitiam,
1339 926 1712 997 apprehendes
1742 923 1908 985 illam,
1934 929 1990 975 et
2019 920 2101 974 in-

507 1039 528 1072 a
568 1022 701 1077 ducs
726 1021 881 1091 quasi
926 1023 1182 1090 poderem
1220 1020 1461 1083 honoris,
1509 1027 1567 1073 et
1608 1016 1935 1073 inhabitabis
1977 1028 2099 1069 cum

511 1131 531 1164 ι
569 1129 655 1178 ea,
686 1122 740 1168 et
770 1122 1018 1183 proteget
1056 1122 1110 1167 te
1138 1113 1189 1167 in
1217 1113 1627 1181 sempiternum,
1656 1122 1711 1165 et
1753 1111 1806 1165 in
1834 1110 1921 1164 die
1947 1106 2101 1179 agni-

511 1223 530 1254 ι
568 1204 730 1258 tionis
769 1204 1010 1257 invenies
1039 1204 1456 1258 ﬁrmamentum.
1500 1223 1518 1255 ι
1560 1202 1660 1269 Qui
1698 1217 1826 1271 ergo
1860 1199 2105 1269 sequitur

502 1295 768 1365 justitiam
823 1304 971 1350 recte
1022 1296 1261 1350 docemlo
1303 1304 1358 1349 et
1402 1295 1542 1349 bene
1593 1293 1982 1356 conversando,
2015 1291 2105 1346 hic

509 1387 878 1458 apprehendet
904 1402 1044 1451 eam,
1077 1390 1292 1457 quando
1320 1402 1417 1455 pro
1454 1387 1543 1441 illa
1570 1388 1681 1441 vita
1729 1384 2103 1440 remunerabi-

512 1486 603 1532 tur
630 1486 853 1532 teterna.
885 1477 1073 1531 lnduet
1116 1494 1247 1547 ergo
1275 1478 1429 1547 quasi
1472 1478 1730 1547 podercm
1775 1475 2019 1540 honoris,
2053 1483 2108 1529 et

510 1568 836 1623 inhabitabit
863 1584 985 1623 cum
1016 1584 1099 1623 ea.
1137 1569 1361 1624 Podcris
1389 1579 1472 1624 est
1500 1570 1681 1623 tunica
1712 1583 1885 1639 usque
1924 1569 1991 1623 ad
2027 1575 2108 1621 ta-

511 1657 592 1712 los
618 1659 949 1730 pertingens.
979 1658 1117 1725 Quid
1138 1668 1220 1715 cst
1242 1674 1372 1728 ergo
1397 1660 1581 1715 talaris
1608 1662 1808 1725 tunica,
1839 1659 1940 1714 nisi
1968 1659 2109 1714 actio

511 1749 928 1802 consummata?
979 1748 1143 1814 Quasi
1192 1750 1337 1804 enim
1389 1759 1647 1819 protensa
1703 1752 1883 1805 tunica
1940 1750 2125 1811 talum

2200 554 2419 608 modum
2454 556 2506 610 in
2536 554 2804 625 loquendo
2830 571 3140 621 servemus,
3177 557 3307 626 quia
3336 572 3483 628 sape
3509 556 3573 612 fit
3604 568 3671 612 ut
3705 559 3796 613 iu-

2200 646 2539 701 considerata
2587 647 2786 703 locutio
2818 649 3136 704 scandalum
3177 649 3412 704 inﬁrmis
3443 650 3802 708 auditorium

2200 735 2407 801 faciat,
2452 747 2508 793 et
2547 752 2644 793 eos
2684 755 2782 808 per
2810 739 3194 810 loquacitatem
3224 740 3417 811 perdat
3445 781 3461 806 ,
3507 754 3653 811 quos
3700 755 3804 811 per

2202 830 2463 885 doctrinm
2494 832 2904 901 temperantiam
2932 832 3142 886 salvare
3171 841 3373 903 posset.
3429 830 3582 886 Sane
3621 831 3801 884 tutius

2202 931 2288 977 est
2317 922 2529 987 audire,
2558 937 2719 992 quam
2747 922 2913 993 loqui.
2956 923 3189 979 Proinde
3218 925 3309 979 bic
3332 924 3489 994 jubet
3514 931 3583 977 ut
3607 936 3801 976 serves

2205 1016 2435 1086 tempori
2459 1017 2644 1083 verba,
2673 1023 2729 1071 et
2756 1016 3004 1072 assiduus
3028 1017 3103 1071 sis
3132 1018 3184 1071 in
3208 1017 3387 1072 medio
3409 1014 3801 1085 cogitantium,

2204 1108 2309 1164 hoc
2336 1120 2458 1174 est,
2506 1109 2806 1164 doctrinam
2846 1109 2979 1179 legis
3019 1109 3113 1164 Dei
3163 1110 3214 1164 in
3260 1108 3422 1165 corde
3459 1123 3565 1164 suo
3608 1106 3805 1162 sedqu

2194 1199 2584 1255 'meditantium
2622 1209 2785 1270 atque
2812 1202 3198 1266 tractantium;
3237 1201 3362 1256 hinc
3395 1201 3448 1255 in
3476 1198 3805 1254 Proverbiis

2208 1291 2468 1360 scriptum
2497 1300 2581 1346 est
2606 1308 2620 1345 :
2656 1308 2674 1342 ι
2706 1291 2813 1346 Cor
2840 1292 3099 1362 sapientis
3123 1293 3318 1363 quaerit
3345 1292 3657 1347 doctrinam
3685 1330 3702 1353 ,
3751 1299 3804 1343 ct

2204 1396 2269 1436 os
2290 1381 2577 1436 stultorum
2600 1383 2840 1452 pascitur
2861 1384 3129 1453 imperitia
3153 1384 3338 1455 (Prov.
3358 1384 3508 1455 xv)»
3532 1385 3597 1438 Et
3624 1384 3759 1438 item
3782 1400 3800 1440 :

2215 1493 2234 1525 ε
2262 1472 2540 1538 Doctrina,
2571 1473 2764 1543 inquit,
2798 1474 3084 1529 stultorum
3112 1474 3355 1532 fatuitas.
3395 1476 3504 1530 Cor
3532 1475 3808 1545 sapient's

2211 1564 2423 1619 crudiet
2449 1579 2511 1619 os
2539 1565 2677 1635 ejus,
2712 1573 2767 1618 et
2794 1565 2952 1620 labiis
2979 1565 3098 1636 ejus
3125 1567 3286 1621 addet
3314 1568 3572 1639 gratiam.
3600 1586 3620 1618 ι
3667 1566 3808 1624 Hinc

2210 1662 2267 1709 et
2309 1669 2406 1725 per
2439 1655 2697 1711 Iacobum
2739 1657 2971 1712 dicitur:
3007 1677 3024 1708 ι
3060 1657 3143 1713 Sit
3190 1668 3371 1714 autem
3413 1659 3599 1715 omnis
3640 1660 3808 1716 homo

2212 1747 2369 1801 velox
2402 1748 2471 1802 ad
2498 1747 2866 1814 audiendum,
2917 1750 3104 1804 tardus
3140 1758 3322 1806 autem
3358 1752 3427 1805 ad
3466 1750 3805 1821 loquendum

505 1840 755 1909 corporis
789 1842 1055 1911 cooperit,
1090 1857 1213 1896 cum
1251 1843 1391 1897 bona
1435 1844 1577 1897 actio
1618 1852 1745 1897 ante
1785 1843 1881 1897 Dei
1922 1841 2109 1898 oculos
2137 1840 2183 1899 B
2210 1839 2352 1909 (Jac.
2384 1839 2444 1909 ι).
2477 1859 2495 1890 ι
2559 1839 2666 1895 Sed
2697 1841 2822 1911 quia
2865 1841 3047 1911 plures
3086 1843 3247 1897 modo
3285 1852 3449 1906 sunt,
3501 1852 3568 1897 ut
3614 1843 3808 1899 dolens

511 1944 686 1999 usque
725 1932 795 1986 ad
838 1932 963 1986 vita:
1017 1947 1118 1986 nos
1163 1933 1454 1986 terminum
1506 1935 1657 2003 tegit.
1711 1932 1865 1989 Unde
1911 1940 1964 1985 et
2010 1946 2109 2001 per

514 2016 731 2088 Moysen
754 2018 929 2073 cauda
962 2019 1153 2074 hostim
1188 2023 1240 2074 in
1270 2019 1442 2074 altare
1466 2020 1647 2075 offerri
1677 2021 2009 2091 praecipitur,
2050 2027 2110 2074 ιιι

512 2106 763 2162 videlicet
787 2123 950 2164 omne
976 2108 1174 2164 bonum
1202 2110 1345 2179 quod
1378 2110 1690 2181 incipimus,
1731 2112 1896 2165 etiam
1928 2127 2111 2182 perse-

514 2197 723 2251 veranti
773 2196 880 2253 ﬁne
921 2199 1307 2268 compleanms.
1352 2198 1608 2270 Quisquis
1653 2217 1782 2271 ergo
1832 2217 2002 2271 usque
2044 2201 2112 2256 ad

444 2348 445 2357 χ
511 2287 679 2341 tinem
703 2288 828 2343 vita:
855 2298 1165 2359 perseverat
1187 2289 1241 2343 in
1271 2290 1408 2344 bona
1435 2292 1666 2355 actione,
1708 2299 1951 2362 proteget
1987 2306 2111 2345 eum

516 2374 777 2432 Dominus
816 2380 870 2431 in
904 2379 1333 2449 sempiternum;
1367 2389 1424 2435 et
1463 2382 1514 2434 in
1543 2381 1629 2435 die
1665 2381 1970 2450 aguitioais,
2011 2381 2112 2435 hoc

512 2475 618 2530 est,
647 2467 704 2521 in
727 2468 816 2522 die
837 2466 1027 2535 judicii
1056 2470 1273 2537 quando
1301 2470 1529 2525 veniens
1558 2472 1816 2525 Dominus
1847 2471 2115 2524 illumina-

516 2554 599 2608 bit
632 2555 945 2611 abscondita
977 2558 1320 2613 tenebrarum
1342 2601 1355 2624 ,
1387 2569 1443 2615 et
1487 2561 1855 2615 mauifestabit
1890 2561 2113 2615 consilia

517 2645 790 2712 cordium,
818 2655 946 2702 tunc
990 2648 1229 2703 inveniet
1259 2649 1680 2713 ﬁrmamentmn,
1707 2651 1833 2720 quia
1878 2659 2006 2704 tunc
2027 2651 2115 2721 ju-

514 2735 682 2791 stitiaa
709 2751 820 2791 sua:
845 2754 1031 2792 verum
1057 2746 1113 2792 et
1137 2740 1349 2793 ﬁrmum
1377 2740 1637 2811 percipiet
1662 2741 1965 2808 prazmium.

595 2844 615 2877 ι
642 2826 890 2883 Volatilia
917 2830 984 2884 ad
1012 2829 1115 2884 sibi
1140 2831 1335 2885 similia
1363 2833 1712 2896 conveniUnt,
1740 2842 1796 2886 et
1819 2834 2021 2888 veritas
2046 2834 2115 2888 ad

522 2938 544 2971 ι
575 2933 671 2975 eos
698 2920 790 2989 qui
819 2930 1118 2990 operantur
1142 2922 1287 2976 illam
1316 2933 1641 2979 revertetur.
1664 2944 1683 2977 ι
1719 2924 1971 2980 Volatilia
1996 2940 2118 2994 pos-

520 3024 711 3065 sumus
738 3020 959 3067 sanctas
990 3013 1204 3067 animas
1231 3013 1528 3068 electorum
1554 3016 1824 3085 accipere,
1857 3016 1948 3085 qui
1982 3031 2116 3085 pen-

519 3100 608 3155 nis
632 3100 889 3156 virtutum
918 3103 1240 3173 semetipsos
1266 3118 1298 3157 a
1330 3105 1670 3160 terrestrium
1717 3117 1773 3161 et
1815 3106 2113 3161 carnalium

2209 1932 2407 1997 dicam,
2437 1932 2820 2001 prredicatores
2842 1934 2992 1988 verbi
3025 1951 3186 2004 quam
3218 1934 3475 2000 factores,
3504 1935 3693 2006 qualis
3718 1951 3813 1990 eo-

2210 2040 2333 2080 rum
2362 2025 2610 2080 doctrina
2640 2027 2713 2082 sit
2739 2028 2877 2100 apud
2910 2028 3075 2083 Deum
3108 2030 3387 2085 subdendo
3414 2030 3779 2085 manifestat:

2289 2135 2307 2167 ι
2341 2113 2591 2171 Narratio
2620 2119 2958 2185 peccantium
2990 2119 3204 2186 odiosa,
3238 2129 3291 2175 et
3321 2121 3466 2177 risus
3494 2121 3722 2175 illorum
3760 2121 3813 2174 in

2218 2224 2237 2257 ι
2270 2206 2478 2261 deliciis
2491 2208 2722 2276 peccati.
2738 2227 2755 2258 ι
2783 2208 2922 2263 Ilinc
2945 2210 3058 2280 ipsa
3075 2211 3287 2266 Veritas
3310 2211 3682 2282 iuL’vangelio
3703 2211 3811 2264 ait:

2218 2320 2237 2352 ι
2271 2300 2374 2368 Qui
2399 2316 2533 2373 ergo
2563 2303 2787 2358 solverit
2815 2322 2980 2360 unum
3012 2308 3076 2361 de
3105 2308 3371 2362 mandatis
3399 2308 3517 2362 istis
3546 2308 3813 2374 minimis,

2212 2399 2265 2445 et
2287 2392 2532 2447 docuerit
2561 2394 2640 2448 sic
2667 2394 2938 2459 homines,
2961 2396 3217 2450 minimus
3241 2397 3525 2451 vocabitur
3556 2397 3612 2450 in
3644 2412 3815 2464 regno

2213 2482 2495 2537 cmlorum.
2532 2482 2634 2550 Qui
2666 2493 2845 2538 autem
2877 2483 3067 2540 fecerit
3092 2496 3146 2540 et
3171 2487 3437 2551 docuerit,
3464 2487 3555 2541 hic
3583 2503 3816 2557 magnus

2211 2573 2499 2629 vocabitur
2526 2573 2579 2627 in
2609 2591 2776 2644 regno
2806 2574 3069 2630 ccelorum
3103 2575 3316 2646 (Mulli.
3345 2577 3422 2647 v).
3454 2596 3473 2627 ι
3528 2575 3723 2631 Potest
3762 2587 3817 2630 et

2214 2668 2319 2723 hoc
2359 2668 2641 2722 moraliter
2671 2669 2863 2737 accipi.
2922 2668 3096 2723 Solvit
3134 2678 3316 2723 autem
3356 2667 3676 2722 mandatum
3714 2668 3815 2722 Dei

2215 2758 2261 2812 is
2287 2757 2379 2827 qui
2420 2772 2526 2813 non
2560 2758 2777 2828 implet;
2813 2774 3119 2829 quanquam
3153 2776 3259 2814 non
3294 2760 3346 2814 in
3377 2760 3639 2815 mandato
3666 2761 3819 2813 solu-

2214 2850 2416 2904 tionem
2447 2848 2648 2916 faciat,
2702 2852 2795 2904 sed
2838 2851 2889 2904 in
2934 2852 3262 2920 semetipso:
3299 2852 3514 2905 ﬁrmum
3545 2858 3633 2903 est
3659 2852 3811 2905 enim

2216 2940 2311 2996 Dei
2353 2942 2666 2997 mandatum
2689 2982 2703 3006 ,
2735 2951 2790 2996 et
2821 2958 2926 2995 non
2957 2951 3139 3011 potest
3169 2942 3301 2995 solvi
3334 2940 3647 3011 Scriptura.
3697 2940 3808 2994 Lex

2214 3049 2345 3106 ergo
2373 3033 2607 3104 quodam
2632 3032 2791 3087 modo
2821 3032 3007 3102 ligatio
3038 3042 3140 3087 est.
3171 3034 3274 3099 Qui
3306 3043 3491 3088 autem
3521 3033 3817 3103 ligationes

2218 3126 2309 3181 Dei
2333 3124 2567 3190 excedit,
2593 3124 2705 3194 ipse
2730 3125 2982 3178 mandata
3009 3125 3179 3179 solvet
3207 3126 3260 3179 in
3287 3126 3602 3196 semetipso,
3629 3135 3683 3180 et
3708 3142 3813 3180 non

521 3190 785 3285 “de?”
827 3192 1151 3285 δυωθναηιν
1201 3202 1259 3248 ει
1308 3195 1513 3249 smmis
1550 3195 1754 3266 angelis
1803 3196 1858 3250 Ῐη
1904 3197 2114 3251 ames“
2144 3203 2188 3265 C
2221 3216 2275 3271 in
2308 3216 2458 3285 ipsis.
2509 3190 2655 3270 Talis
2694 3213 2913 3285 quidem
2956 3214 3215 3270 minimus
3242 3190 3530 3270 vocabitur
3559 3215 3616 3268 in
3646 3231 3816 3285 regno

532 3282 732 3352 gaudio
765 3284 1025 3339 associari
1064 3293 1367 3355 appetunt,
1418 3286 1615 3355 quibus
1644 3288 1806 3342 etiam
1844 3288 1898 3341 in
1933 3287 2114 3342 futura

522 3374 634 3428 vita
653 3373 1076 3445 conjunguntur,
1090 3377 1307 3447 quando
1321 3378 1536 3433 Veritas
1550 3378 1801 3434 Christus
1813 3389 2119 3435 revertetur

524 3464 580 3519 in
607 3465 695 3522 die
716 3466 927 3536 judicii,
949 3477 1005 3522 et
1022 3484 1118 3524 eos
1139 3470 1232 3540 qui
1262 3469 1515 3524 mandata
1544 3469 1659 3538 ejus
1686 3473 1823 3526 bene
1844 3473 2117 3542 operando

524 3555 931 3625 custodierunt,
962 3559 1030 3614 ad
1059 3560 1408 3629 semetipsum
1440 3560 1725 3632 recolligit.
1773 3562 1815 3616 E
1841 3565 2118 3618 contrario

524 3659 658 3699 vero
683 3646 815 3716 quid
844 3648 1224 3716 peccatoribus
1253 3658 1453 3716 restet,
1484 3650 1861 3720 subsequeudu
1889 3652 2117 3707 demono

527 3741 687 3789 strat.

607 3845 627 3878 ι
649 3826 761 3883 Leo
780 3830 1052 3885 venationi
1078 3832 1361 3887 insidiatur
1382 3848 1616 3905 semper,
1639 3850 1720 3889 sic
1743 3842 1971 3904 peccata
1993 3850 2120 3904 ope-

534 3937 555 3971 ι
586 3919 1220 3990 rantibusiniquitatcm.
1242 3943 1264 3975 ι
1291 3923 1401 3979 Leo
1419 3926 1617 3996 quippe
1638 3934 1721 3980 est
1745 3925 2010 3989 diabolus,
2026 3926 2119 3994 qui

527 4023 748 4079 semper
780 4010 1069 4065 insidiatur
1093 4013 1330 4067 humano
1359 4030 1440 4085 get
1464 4016 1542 4069 eri
1568 4056 1584 4080 ,
1614 4024 1672 4069 ut
1700 4016 1974 4086 perversis
2002 4030 2119 4069 ma-

530 4102 935 4159 chinationibus
962 4104 1091 4159 illud
1119 4107 1374 4175 decipiat.
1406 4106 1508 4172 Qui
1537 4117 1717 4161 autem
1749 4108 1976 4162 insidias
2003 4106 2121 4176 ejus

530 4210 639 4249 non
668 4206 839 4260 cavet,
868 4198 960 4253 sed
988 4198 1158 4268 ipsius
1188 4200 1626 4268 suggestionibus
1658 4200 1863 4269 iniquis
1893 4215 2121 4254 consen-

533 4283 714 4339 tiendo
741 4283 904 4351 favet,
933 4286 1049 4341 sine
1075 4286 1240 4342 dubio
1268 4289 1319 4341 in
1352 4292 1604 4356 laqueum
1633 4299 1903 4359 perpetuae
1930 4291 2121 4346 mortis

528 4378 705 4432 cadet.
2087 4446 2093 4450 _

607 4487 625 4518 ι
659 4468 830 4524 llomo
857 4478 1080 4525 sanctus
1110 4472 1163 4525 in
1194 4474 1455 4542 sapientia
1488 4483 1671 4529 manet
1696 4476 1837 4530 sicut
1861 4491 1962 4539 sou,
1991 4490 2116 4529 nam

536 4577 556 4607 ε
589 4558 787 4614 stultus
815 4561 1120 4615 sicut'luna
1162 4563 1501 4619 immutatur.
1538 4586 1556 4617 ρ
1617 4566 1893 4636 Sapientia
1943 4570 2115 4622 sancti
2145 4544 2197 4603 Ῑ)

531 4648 635 4702 viri
671 4659 795 4718 apte
826 4661 1174 4720 comparatur
1201 4654 1460 4710 continuo
1495 4657 1627 4712 solis
1664 4659 1936 4728 Splendori
1963 4698 1978 4723 ,
2027 4662 2116 4728 qui

532 4747 794 4807 perpetuo
820 4740 1016 4804 micat,
1046 4757 1147 4796 nec
1177 4741 1439 4814 fulgorem
1470 4761 1705 4816 unquam
1737 4756 1929 4814 mutat.
1984 4748 2118 4804 Nam

531 4829 732 4884 stultus
758 4830 901 4885 sicut
931 4831 1056 4886 luna
1089 4834 1428 4913 immittatur,
1457 4837 1583 4906 quia
1617 4838 1929 4892 inconstans
1958 4847 2041 4893 est
2066 4849 2121 4892 et

532 4921 809 4976 mutabilis
839 4922 892 4975 in
921 4923 1194 4978 omnibus.
1251 4924 1403 4981 Umle
1433 4927 1486 4981 in
1518 4929 1819 4996 proverbiis
1858 4930 2117 5000 scriptmu

531 5017 653 5063 est:
688 5028 707 5061 ε
737 5009 846 5065 Cor
873 5012 1161 5067 stultorum
1190 5016 1449 5071 dissimile
1480 5020 1583 5073 erit
1605 5018 1788 5089 (Prov.
1817 5024 1927 5087 xv).
1956 5040 1972 5070 ι
2016 5021 2120 5076 Cor

531 5099 731 5171 quippe
754 5103 1078 5171 sapientium
1103 5106 1422 5176 sibimetipsi
1446 5124 1661 5179 semper
1678 5119 1762 5164 est
1781 5112 1974 5179 simile,
1993 5114 2117 5182 quia

532 5188 661 5244 dum
698 5194 858 5248 rectis
885 5196 1330 5263 persuasionibus
1361 5199 1685 5273 acquiescit,
1719 5211 2032 5258 constanter
2061 5219 2121 5258 se

536 5279 589 5331 in
623 5281 763 5336 bono
792 5297 957 5353 opere
987 5286 1192 5356 dirigit.
1241 5288 1349 5342 Cor
1376 5304 1505 5343 vero
1533 5290 1819 5346 stultorum
1859 5293 2120 5350 dissimile

532 5369 676 5423 erit:
707 5372 833 5440 quia
862 5376 989 5429 dum
1017 5377 1381 5434 mutabilitate
1404 5395 1465 5435 se
1488 5381 1696 5437 varium
1722 5384 1965 5451 exhibet,
1989 5402 2121 5440 nun-

533 5472 699 5526 quam
730 5461 780 5516 id
810 5466 952 5533 quotl
980 5465 1157 5521 fuerat
1186 5478 1388 5525 manet.

609 5566 631 5599 ε
661 5550 715 5606 lu
754 5555 931 5609 medio
962 5557 1360 5616 insensatormn
1400 5578 1553 5619 serva
1586 5581 1808 5622 vernum
1848 5570 2119 5639 tempori:

540 5655 560 5689 ι
593 5638 646 5693 in
677 5644 856 5697 medio
884 5654 1065 5698 autem
1097 5651 1273 5718 cogita
1300 5653 1449 5707 .tium
1481 5656 1733 5712 assiduus
1762 5670 1897 5713 esto.
1935 5638 1971 5713 ιθ
1994 5661 2119 5717 Ηπιο

537 5733 803 5787 sententia
831 5735 995 5795 docet
1022 5752 1119 5790 nos
1148 5746 1560 5810 temperantiam
1584 5787 1599 5813 ,
1650 5756 1705 5804 et
1749 5750 2019 5807 cautelam
2065 5753 2118 5810 in

2218 3309 2479 3363 cmlorum
2501 3349 2517 3374 ,
2565 3307 2690 3377 quia
2720 3308 3163 3377 despectissimus
3202 3314 3286 3360 est
3325 3307 3381 3360 in
3407 3304 3652 3360 Ecclesia
3685 3321 3817 3358 san-

2217 3410 2447 3456 ctorum.
2507 3398 2641 3454 Nam
2693 3407 2748 3454 et
2794 3414 3019 3470 regnum
3048 3398 3311 3452 cmlorum
3350 3398 3439 3453 hic
3486 3405 3816 3468 prmsentcm

2218 3491 2514 3546 Ecclesium
2543 3490 2831 3561 signiﬁcat.
2864 3490 3017 3544 Sicut
3043 3498 3097 3543 et
3119 3490 3273 3555 alibi,
3295 3489 3389 3545 ubi
3409 3490 3676 3560 scriptum
3698 3498 3815 3543 est:

2224 3600 2242 3632 ι
2273 3579 2463 3635 Simile
2485 3588 2568 3633 est
2590 3595 2815 3651 regnum
2838 3579 3100 3633 cmlorum
3124 3594 3337 3648 sagenac
3358 3580 3538 3634 missa:
3560 3580 3616 3633 in
3644 3595 3816 3641 mare,

2185 3746 2191 3753 ι
2218 3678 2273 3725 et
2302 3686 2524 3740 regnum
2552 3668 2647 3723 Dei
2679 3670 2821 3723 intra
2847 3685 2945 3723 vos
2970 3680 3053 3723 cst
3075 3668 3293 3741 (Matth.
3320 3670 3467 3737 xm).
3503 3670 3605 3735 Qui
3636 3680 3816 3723 autem

2220 3761 2431 3823 fecerit,
2462 3760 2660 3829 inquit,
2694 3768 2749 3814 et
2775 3760 3043 3826 docuerit,
3073 3761 3161 3814 hic
3190 3776 3416 3830 magnus
3443 3761 3735 3815 vocabitur
3764 3762 3817 3814 iu

2220 3867 2392 3920 regno
2422 3852 2682 3906 cualorum
2713 3850 2931 3922 (Matth.
2963 3851 3035 3922 v).
3073 3870 3090 3901 ι
3142 3852 3198 3905 In
3230 3851 3479 3907 faciendo
3508 3854 3655 3905 enim
3686 3853 3820 3922 legis

2221 3943 2496 4007 mandata,
2530 3942 2709 4011 magni
2740 3956 2935 3996 nomen
2964 3952 3205 3997 meretur
3232 3944 3319 3997 ille
3345 3944 3436 4014 qui
3468 3945 3656 4009 docet;
3689 3947 3820 4014 quia

2219 4050 2327 4088 non
2360 4035 2614 4089 ductorbs
2642 4050 2742 4089 nec
2771 4033 3070 4098 auditores,
3104 4035 3199 4088 sed
3231 4034 3468 4089 factores
3498 4034 3632 4104 legis
3657 4035 3821 4105 justi-

2221 4125 2530 4181 ﬁcabuutnr
2573 4125 2713 4194 apud
2758 4125 2951 4179 Deum.
3012 4125 3165 4191 Quod
3214 4135 3399 4179 autem
3442 4126 3562 4180 ait:
3599 4145 3617 4175 ι
3655 4126 3824 4180 ltisus

2221 4217 2436 4271 illorum
2484 4216 2537 4270 in
2583 4216 2795 4271 deliciis
2842 4216 3084 4285 peccati,
3113 4235 3133 4267 ι
3183 4216 3424 4270 ostendit
3467 4216 3613 4285 quod
3662 4216 3821 4271 luxus

2221 4306 2403 4362 szeculi
2449 4314 2504 4361 et
2548 4321 2705 4359 amur
2734 4305 3103 4375 voluptatum,
3154 4305 3208 4359 in
3251 4306 3452 4375 quibus
3480 4306 3818 4369 dominatur,

2219 4410 2476 4466 magnum
2520 4409 2685 4465 super
2732 4394 2854 4449 illos
2898 4406 3191 4466 congreget
3236 4395 3516 4451 cumulum
3559 4405 3819 4465 peccato-

2223 4502 2362 4541 l'llm.

2302 4602 2319 4634 ‹
2349 4583 2585 4653 Loquela
2616 4563 2844 4637 multum
2875 4583 3087 4653 jurans,
3119 4583 3587 4653 horripilationcm
3619 4584 3818 4652 capitis

2228 4695 2247 4727 ι
2280 4684 2503 4741 statuet,
2532 4686 2588 4730 et
2615 4677 2971 4730 irreverentia
3007 4677 3176 4746 ipsius
3202 4676 3490 4731 obduratio
3519 4676 3758 4729 aurium.
3791 4695 3811 4727 ι

2223 4768 2502 4836 Frequens
2548 4783 2679 4837 ergo
2724 4764 2997 4835 adjuratio
3046 4767 3327 4820 horrorem
3374 4765 3575 4819 incutit
3612 4765 3813 4832 capiti,

2224 4857 2326 4911 hoc
2356 4865 2460 4923 est,
2489 4856 2743 4910 hutnante
2774 4855 2974 4920 menti,
3006 4862 3062 4909 et
3093 4854 3308 4907 tmdiunt
3342 4854 3544 4923 ingerit
3570 4853 3815 4906 honestis

2186 4988 2191 4993 η
2224 4950 2467 5003 auribus.
2520 4947 2672 5004 Unde
2700 4947 2815 5017 ipse
2842 4947 3103 5001 Dominus
3135 4947 3187 5000 in
3216 4945 3507 5016 Evangelio
3536 4945 3817 5014 discipulis

2223 5037 2336 5092 suis
2366 5038 2480 5091 ait:
2517 5055 2534 5086 ι
2568 5036 2814 5090 Audistis
2842 5036 2967 5105 quia
3003 5035 3208 5089 dictum
3253 5044 3339 5088 est
3374 5035 3619 5103 antiquis
3648 5051 3662 5085 :
3705 5031 3814 5086 Non

2220 5124 2566 5196 pcrjurabis,
2621 5124 2815 5179 reddes
2864 5134 3043 5179 autem
3091 5124 3318 5178 Domino
3356 5122 3670 5191 iuramenta
3708 5132 3812 5175 tua.

2225 5218 2339 5288 Ego
2374 5225 2553 5271 autem
2594 5216 2717 5271 dico
2743 5215 2895 5270 vobis
2922 5257 2936 5281 ,
2985 5231 3088 5269 non
3123 5212 3311 5283 jurare
3347 5214 3591 5275 omnino,
3642 5227 3817 5281 neque

2224 5323 2321 5378 per
2348 5305 2568 5369 malum,
2597 5304 2723 5375 quia
2754 5306 2983 5360 thronus
3010 5306 3102 5359 Dei
3130 5314 3247 5370 est;
3286 5319 3461 5376 neque
3484 5320 3585 5374 per
3613 5313 3812 5357 terram

2224 5395 2349 5465 quia
2378 5393 2672 5449 scabellum
2703 5403 2787 5448 est
2813 5394 3008 5463 pedmn
3038 5392 3188 5462 ejus;
3231 5408 3407 5463 neque
3433 5409 3534 5463 per
3564 5393 3811 5450 Hieroso-

2226 5484 2448 5555 lymam,
2478 5484 2605 5554 quia
2637 5484 2830 5539 civitas
2861 5492 2947 5538 est
2971 5484 3148 5554 magni
3179 5487 3351 5554 regis;
3390 5496 3569 5553 neque
3596 5498 3698 5552 per
3721 5496 3812 5537 ca-

2225 5582 2320 5644 put
2349 5583 2498 5627 tuum
2525 5572 2816 5642 jnraveris,
2862 5574 2987 5642 quia
3029 5589 3134 5628 non
3179 5584 3331 5643 potes
3363 5590 3528 5628 unum
3557 5575 3811 5646 capillum

2226 5667 2406 5721 album
2438 5665 2615 5720 facere
2641 5676 2729 5720 aut
2761 5667 2993 5735 nigrum.
3047 5668 3129 5721 Sit
3171 5676 3352 5721 autem
3396 5683 3581 5722 sermo
3606 5676 3807 5731 vester.

2227 5756 2341 5824 Est,
2362 5763 2463 5821 est,
2484 5754 2623 5822 Non,
2654 5771 2780 5811 non.
2807 5757 2959 5822 Quod
2990 5769 3169 5812 autent
3199 5758 3284 5812 his
3312 5758 3678 5814 abundantius
3707 5767 3790 5811 cst
