4030 6466
258 373 287 430 ς
302 364 366 427 35

1117 351 1465 413 COMMENT.
1506 352 1574 408 IN
1612 347 2227 408 ECCLESIASTICUM.
2281 380 2329 390 --
2368 348 2494 405 LIB.
2542 350 2627 407 \'l.

3437 348 3541 408 966

255 494 288 534 a
317 471 460 531 malo
488 481 575 528 est
600 468 816 544 (Matth.
845 468 923 540 v).
955 486 973 519 ›
1022 468 1100 522 Ita
1129 483 1260 540 ergo
1287 463 1609 535 intelligitur
1640 479 1847 535 pra-ee-
1876 466 1928 527 Λ
1959 483 1977 516 ι
2010 464 2266 534 abjieiet:
2300 464 2352 519 iu
2384 472 2675 534 conspectu
2705 463 2984 520 oculorum
3014 471 3226 519 tuorum
3255 464 3543 523 conculcz-

258 569 404 638 pisse
427 565 715 619 Dominum
744 578 810 617 ne
831 561 1065 631 juretur,
1088 575 1156 614 ne
1178 560 1464 629 quisquam
1485 557 1626 612 sicut
1647 559 1849 612 bonum

260 653 917 728 appetatjusjurandum,
960 660 1016 708 et
1044 652 1366 707 assiduitate
1389 649 1608 718 jurandi
1642 650 1694 704 in
1726 664 1851 720 per-

255 749 462 820 jurium
505 760 607 816 per
654 743 1102 800 consuetudinem
1153 742 1456 797 dubitatur.
1506 740 1852 811 Quapropter

261 840 357 909 qui
388 837 636 907 intelligit
666 851 771 891 non
798 836 853 890 in
884 835 1042 890 bouis
1070 835 1164 890 sed
1192 834 1246 888 in
1276 832 1852 903 necessariisjuratio—

262 945 388 988 nem
421 928 743 994 habendam,
782 925 1022 983 refrenat
1051 941 1112 981 se
1141 935 1402 997 quantum
1420 934 1628 995 potest,
1659 932 1718 978 ut
1744 939 1850 979 non

262 1039 328 1078 ea
359 1032 546 1078 utatur
574 1020 678 1075 nisi
726 1019 1094 1082 necessitate,
1132 1033 1268 1073 ~eum
1312 1018 1460 1071 videt
1506 1017 1686 1087 pigros
1731 1031 1853 1071 esse

265 1115 516 1169 homines
552 1110 616 1165 ad
656 1110 985 1165 credendum
1012 1109 1156 1179 quod
1184 1108 1275 1162 eis
1311 1107 1441 1162 utile
1482 1116 1566 1161 est
1605 1106 1850 1172 credere,

266 1205 370 1258 nisi
413 1202 691 1273 juratione
721 1201 1027 1255 ﬁrmentur.
1078 1199 1185 1254 Sed
1214 1214 1389 1252 nemo
1429 1198 1576 1251 novit
1618 1198 1721 1251 nisi
1760 1198 1850 1266 qui

269 1307 530 1367 expertus
559 1303 639 1350 est
665 1308 827 1363 quam
859 1294 930 1347 sit
957 1291 1169 1347 difﬁcile
1206 1292 1738 1347 etcousuetudiuem
1763 1291 1853 1361 ju-

267 1389 424 1445 randi
449 1388 817 1456 exstinguere,
848 1394 904 1441 et
935 1401 1207 1454 nunquam
1234 1395 1442 1440 temere
1459 1383 1680 1449 facere,
1713 1384 1855 1454 quod

264 1495 657 1550 nonnunquam
690 1478 871 1534 facere
898 1479 1198 1534 necessitas
1214 1478 1389 1549 cogit.

342 1595 361 1626 ι
393 1575 598 1630 Eﬁ‘usio
636 1574 922 1644 sanguinis
953 1574 1006 1628 in
1040 1574 1155 1628 rixa
1182 1573 1577 1643 superborum,
1604 1580 1662 1626 et
1690 1587 1858 1626 ma.e-

271 1686 290 1719 ι
320 1666 488 1721 dictio
504 1666 725 1721 illorum
749 1666 966 1721 auditus
987 1665 1187 1736 gravis.
1212 1685 1229 1716 ι
1262 1665 1413 1719 inter
1435 1662 1859 1734 superbossem-

264 1756 559 1830 perjurgia
579 1765 742 1825 sunt,
765 1757 856 1812 ubi
884 1766 1063 1812 autem
1086 1757 1322 1828 jurgium
1353 1765 1407 1810 et
1433 1756 1497 1810 Iis
1521 1756 1853 1826 frequenter,

1959 570 1978 607 ι
2010 555 2089 608 bit
2117 570 2180 611 os
2204 571 2393 621 suum,
2424 564 2479 610 et
2505 571 2669 626 super
2694 571 2977 611 sermones
3006 565 3128 611 tuos
3152 556 3540 614 admit-abitu".

1958 663 1976 696 ι
2008 644 2310 701 Novissime
2340 656 2519 701 autem
2552 656 2830 717 pervertet
2854 663 2917 703 os
2949 663 3139 713 suum,
3185 657 3240 703 et
3276 648 3329 703 in
3358 650 3542 706 verbis

1957 756 1975 787 ε
2011 737 2118 792 tuis
2145 736 2297 791 dabit
2323 739 2659 793 scandalum.
2709 738 2874 793 Multa
2903 738 3080 804 odivi,
3120 754 3227 793 non
3259 740 3541 808 comquavi

1958 844 1976 877 ι
2010 827 2057 880 ei
2084 867 2099 891 ,
2149 837 2204 882 et
2252 828 2515 893 Dominus
2544 828 2691 882 odiet
2732 828 2905 882 illum.
2944 848 2962 879 ι
3020 830 3153 897 Quia
3192 832 3444 901 superius
3474 831 3543 887 de

1952 920 2229 989 proditore
2255 921 2589 974 disseruerat
2607 961 2622 984 ,
2653 921 2796 989 quod
2826 921 3059 976 diﬂicilis
3086 920 3204 991 ejus
3232 930 3381 978 esset
3409 937 3544 978 con-

1953 1012 2154 1065 ve.sio.
2208 1011 2363 1065 Nune
2396 1011 2632 1065 ostendit
2680 1011 3099 1067 inconstantiam
3148 1030 3360 1069 morum
3388 1013 3543 1083 ejus,

1955 1104 2046 1172 qui
2078 1090 2331 1157 universa
2362 1103 2485 1158 ﬁcte
2529 1112 2586 1158 et
2630 1103 2816 1158 dolose
2856 1105 3006 1175 agit,
3058 1115 3113 1159 et
3158 1106 3282 1161 inde
3310 1107 3546 1162 maxime

1946 1204 2265 1264 perseverat
2291 1196 2342 1249 in
2368 1196 2701 1264 malm-quod
2726 1211 2885 1250 nemo
2909 1213 3032 1250 eum
3057 1196 3297 1265 abjiciat,
3315 1199 3419 1253 hoc
3440 1208 3544 1264 est,

1948 1292 2116 1340 nemo
2146 1286 2538 1355 reprehendat,
2573 1302 2732 1341 nemo
2761 1287 3012 1357 castiget.
3057 1288 3207 1353 Quod
3240 1288 3549 1359 ubicunque

1957 1378 2035 1440 ﬁt,
2068 1385 2417 1447 augmentum
2447 1377 2575 1431 facit
2604 1376 2852 1441 sceleris,
2876 1393 2982 1430 non
3013 1377 3222 1432 lucrum
3253 1378 3550 1433 correctio-

1950 1468 2063 1522 nis.
2090 1468 2164 1523 .Et
2191 1469 2316 1538 quia
2338 1468 2479 1521 nulli
2515 1468 2709 1522 melius
2735 1468 2996 1536 competit
3025 1467 3318 1537 proditoris
3347 1467 3552 1537 signiﬁ-

1946 1560 2101 1616 rcatio
2152 1576 2313 1630 quam
2370 1560 2629 1615 hmretico
2665 1575 2758 1613 seu
2803 1560 3197 1624 schismatieo,
3247 1560 3338 1629 qui
3388 1560 3549 1614 ﬁdem

1957 1653 2169 1721 perdit,
2196 1663 2252 1706 et
2270 1651 2601 1721 "proditionis
2630 1650 2838 1706 scelere
2865 1652 3152 1705 veritatem
3186 1653 3397 1717 vendit,
3427 1662 3553 1721 apte

1961 1745 2050 1799 hic
2086 1751 2235 1797 locus
2264 1744 2329 1797 ad
2362 1758 2551 1797 eorum
2582 1742 2877 1811 nequitiam
2910 1743 3391 1797 demonstrandam
3420 1758 3547 1812 pcr-

266 1825 340 1903 ibi
367 1825 499 1903 erit?
513 1857 569 1903 et
607 1848 799 1904 effusio
827 1825 1130 1919 sanguinis.
1174 1825 1479 1902 Maledictio
1510 1825 1720 1901 illorum
1752 1863 1851 1901 au-

1963 1834 2126 1899 tinet,
2171 1850 2400 1903 quorum
2430 1835 2595 1888 etiam
2638 1834 3113 1904 intemperantiam
3147 1843 3203 1888 et
3234 1836 3550 1891 inhonesta-

263 1940 410 1997 ditus
433 1940 637 2012 gravis,
659 1941 915 2012 quoniam
937 1941 1077 1995 sicut
1097 1942 1238 1994 actio
1261 1955 1449 1995 eorum
1473 1948 1555 1994 est
1577 1949 1765 1996 contra
1776 1942 1852 1995 ria

263 2031 515 2086 omnibus
541 2031 731 2097 bonis,
779 2032 853 2086 ita
884 2042 939 2087 et
967 2030 1181 2102 loquela
1210 2046 1399 2087 eorum
1434 2031 1501 2087 ad
1529 2032 1854 2088 maledicen-

264 2122 390 2176 dum
416 2132 663 2193 prompta
690 2123 875 2195 probis
906 2124 1219 2180 hominibus
1246 2124 1314 2178 ad
1349 2124 1678 2180 audiendum
1713 2143 1855 2181 sem~

261 2224 362 2281 per
389 2221 474 2268 est
501 2216 702 2285 gravis.

273 2317 276 2320 ’
874 2306 1104 2364 CAPUT
1145 2305 1255 2364 VII.

267 2387 423 2456 Quod
443 2392 534 2462 qui
551 2392 1017 2465 denudatﬁnquit)
1033 2414 1231 2451 arcam:
1256 2397 1433 2461 amici,
1458 2397 1513 2451 id
1534 2409 1608 2452 est
1632 2409 1853 2466 secreta,

867 2467 1038 2535 perdit
1064 2467 1244 2536 ﬁdem.

344 2571 363 2603 ι
395 2550 498 2618 Qui
527 2552 765 2609 denudat
789 2569 990 2612 arcana
1017 2558 1200 2623 amici,
1228 2560 1408 2628 perdit
1442 2559 1630 2623 fidem,
1663 2569 1717 2614 et
1747 2577 1854 2615 non

275 2658 294 2691 ι
330 2640 571 2695 inveniet
601 2643 836 2698 amicmn
866 2646 933 2699 ad
953 2647 1204 2700 animum
1245 2664 1422 2702 suum.
1476 2650 1644 2720 Dilige
1674 2651 1858 2719 proxi-

274 2749 293 2780 ι
330 2746 509 2796 mum,
541 2740 597 2787 et
625 2732 890 2804 conjunge
918 2736 1074 2789 ﬁdem
1103 2752 1225 2791 cum
1257 2738 1366 2792 illo.
1420 2739 1572 2807 Quod
1607 2741 1651 2794 si
1681 2741 1853 2794 denu-

275 2840 295 2874 ι
327 2824 542 2880 daveris
573 2826 838 2882 absconsa
866 2829 1027 2894 illius,
1052 2846 1164 2884 non
1194 2835 1536 2902 persequeris
1563 2842 1683 2904 post
1709 2850 1852 2888 eum.

275 2934 294 2965 ι
328 2912 486 2970 Sicut
510 2919 655 2972 enim
689 2921 854 2976 homo
884 2922 976 2992 qui
1009 2925 1186 2992 perdit
1215 2926 1473 2992 amicum,
1504 2927 1581 2981 sic
1610 2927 1701 2995 qui
1729 2942 1855 2996 per-

276 3026 295 3059 c
327 3007 409 3061 dit
432 3009 728 3065 amicitiam
759 3013 992 3082 proximi
1041 3015 1145 3069 sui.
1206 3016 1273 3069 Et
1320 3017 1462 3071 sicut
1501 3017 1594 3086 qui
1633 3017 1858 3072 dimittit

275 3117 295 3151 ι
327 3114 483 3155 avem
514 3101 582 3157 de
611 3118 772 3157 manu
806 3120 903 3159 sua
928 3146 944 3169 ,
993 3107 1071 3161 sic
1105 3108 1196 3176 qui
1240 3108 1504 3177 reliquisti
1546 3110 1855 3178 proximum

275 3207 295 3239 ί
331 3198 524 3256 tuum,
574 3202 626 3247 et
677 3209 785 3247 non
827 3210 951 3249 eum
995 3198 1213 3266 capies:
1263 3214 1370 3253 non
1409 3200 1555 3253 illum
1587 3203 1855 3270 sequaris,
1888 3182 1932 3243 (ἶ

275 3300 295 3333 ε
329 3285 585 3351 quoniam
611 3285 770 3359 longe
794 3287 966 3343 abest.
998 3284 1197 3361 Effugit
1220 3292 1362 3345 enim
1389 3293 1541 3360 quasi
1574 3308 1768 3363 caprea
1797 3294 1863 3348 de

279 3391 298 3423 ι
331 3372 547 3444 laqueo,
576 3378 831 3446 quoniam
864 3378 1148 3432 vulnerata
1188 3387 1273 3435 est
1312 3381 1491 3434 anima
1521 3379 1658 3448 ejus.
1711 3381 1862 3437 Ultra

277 3479 296 3511 ι
329 3476 453 3517 eum
474 3479 579 3519 non
608 3467 812 3534 poteris
833 3467 1108 3537 colligare,
1129 3478 1185 3523 et
1216 3470 1490 3545 maledicti
1515 3482 1600 3526 cst
1630 3486 1863 3527 concor-

272 3572 297 3604 ς
330 3553 497 3608 datio.
535 3554 821 3611 Denudare
851 3566 1029 3612 autem
1061 3560 1220 3613 amici
1253 3561 1530 3631 mysteria,
1557 3564 1863 3632 desperatio

276 3660 298 3693 ι
330 3651 416 3697 est
443 3644 642 3699 animae
667 3645 918 3701 infelicis.
956 3667 973 3698 ι
1031 3647 1145 3702 Hoc
1185 3666 1314 3721 ergo
1353 3652 1591 3720 capitulo
1628 3662 1780 3707 usten
1824 3654 1863 3707 it

270 3734 541 3802 sapientia
572 3735 626 3789 in
656 3750 765 3806 quo
806 3738 1042 3792 maxime
1083 3738 1298 3795 laeditur
1327 3742 1563 3796 amicitia
1590 3761 1604 3797 :
1638 3744 1691 3797 in
1721 3743 1863 3799 malo

269 3825 463 3894 utique
496 3827 823 3896 proditionis
849 3837 906 3883 et
935 3832 1213 3901 nequit-im,
1247 3834 1371 3903 quia
1411 3850 1509 3906 per
1540 3837 1711 3905 ipsam
1741 3852 1865 3906 per-

274 3917 352 3971 dit
382 3916 567 3983 ﬁdem,
598 3927 656 3974 et.
684 3936 788 3974 non
823 3930 1115 3977 conservat
1144 3924 1398 3979 amicitia:
1428 3928 1738 3995 aequitatem
1760 3970 1773 3989 ,
1811 3938 1866 3984 et

272 4008 479 4063 idcirco
509 4024 726 4081 omnem
758 4013 984 4083 dissipat
1011 4015 1335 4070 charitatcm
1355 4058 1369 4082 ,
1400 4019 1718 4090 eteﬁ‘ugere
1748 4038 1778 4075 a
1807 4037 1865 4077 se

275 4099 408 4155 facit
436 4102 597 4157 amici
628 4103 993 4159 dilectionem.
1035 4105 1132 4160 Cui
1162 4108 1443 4175 pulchram
1473 4111 1691 4165 adhibet
1718 4127 1867 4167 com-

274 4194 615 4263 paratiouem
641 4235 656 4260 ,
689 4196 944 4265 quoniam
974 4197 1118 4252 sicut
1145 4199 1262 4253 avis
1298 4200 1364 4253 de
1395 4202 1625 4271 aucupio
1675 4212 1730 4257 et
1775 4220 1867 4258 ca-

273 4298 405 4352 prea
435 4282 656 4356 effugiet
687 4287 752 4341 de
781 4286 974 4356 laqueo
1005 4297 1361 4357 spontaneum
1392 4291 1533 4345 ultra
1564 4309 1671 4347 non
1704 4293 1869 4349 habet

276 4374 683 4441 reversionem,
729 4376 810 4431 sic
855 4376 1094 4432 amicitia
1139 4377 1262 4432 lzesa
1314 4395 1411 4449 per
1453 4380 1866 4449 infidelitatem,

276 4463 480 4517 nullam
523 4464 779 4536 deinceps
818 4482 941 4521 cum
979 4468 1181 4522 inﬁdeli
1230 4469 1453 4524 habebit
1495 4473 1865 4542 recuperatio-

276 4569 401 4609 nem
423 4594 439 4620 ,
480 4556 620 4609 sicut
646 4565 702 4609 et
732 4558 784 4611 in
815 4559 1202 4625 anterioribus,
1241 4561 1332 4615 ubi
1364 4562 1429 4615 de
1461 4540 1716 4618 amicitia:
1742 4562 1867 4632 jure
1894 4540 1946 4599 D

278 4647 653 4701 conservando
678 4647 1011 4719 disputatum
1041 4658 1126 4703 est
1145 4692 1158 4715 ,
1194 4651 1398 4722 liquido
1423 4653 1656 4708 claruit:
1690 4656 1867 4710 maxi-

276 4753 428 4793 mum
451 4741 595 4794 enim
623 4742 822 4796 malum
849 4752 933 4798 est
954 4745 1190 4814 proditio
1211 4754 1267 4800 et
1288 4748 1519 4804 difﬁcilis
1540 4751 1657 4820 ejus
1685 4767 1872 4805 emen-

274 4827 450 4885 datio.
502 4830 656 4898 Quod
702 4834 867 4888 etiam
901 4834 952 4887 in
984 4833 1135 4890 Juda:
1176 4838 1473 4906 proditoris
1500 4841 1747 4911 exemplo
1776 4842 1871 4895 de-

276 4932 638 4980 monstratum
666 4936 749 4981 est
777 4967 790 4991 ,
843 4927 909 4981 de
957 4943 1065 4997 quo
1100 4944 1199 4998 per
1225 4929 1549 5001 PrOphetam
1580 4933 1634 4985 in
1662 4933 1870 5003 psalmo

277 5012 520 5069 dicitur:
555 5034 573 5064 ι
606 5015 777 5070 Homo
803 5018 953 5087 pacis
991 5035 1124 5074 mea:
1160 5020 1214 5073 in
1256 5035 1362 5090 quo
1402 5023 1686 5091 sperabam
1711 5065 1725 5089 ,
1775 5026 1866 5095 qui

276 5104 475 5159 edebat
500 5119 668 5174 panes
692 5122 860 5172 meos,
886 5109 1167 5180 ampliavit
1188 5111 1475 5166 adversum
1506 5127 1593 5168 me
1622 5115 1871 5184 supplan-

280 5195 540 5251 tationem
592 5195 763 5267 (Psal.
811 5200 957 5269 χω.»
993 5200 1094 5267 Qui
1145 5202 1475 5258 conscientia
1528 5206 1734 5274 peccati
1786 5207 1867 5262 sui

280 5289 577 5344 deterritus
607 5291 945 5360 desperando
979 5294 1150 5364 magis
1177 5297 1418 5351 occurrit
1464 5297 1532 5351 ad
1580 5297 1865 5368 laqueum,

277 5396 444 5450 quam
472 5384 539 5439 ad
570 5385 908 5454 paenitentia:
934 5387 1152 5442 salubre
1178 5389 1499 5444 remedium.
1550 5390 1705 5447 Unde
1733 5392 1871 5447 serio-

277 5483 432 5545 ptum
462 5483 547 5530 est
574 5477 640 5531 de
669 5492 734 5531 eo
762 5496 774 5508 ·
809 5498 826 5528 ι
858 5477 1058 5532 Dilexit
1097 5479 1531 5535 maledictionem
1550 5522 1565 5546 ,
1606 5490 1662 5537 et
1692 5483 1871 5538 veniet

279 5567 330 5620 ei
355 5584 367 5619 :
399 5575 454 5622 et
483 5567 655 5623 noluit
679 5568 1146 5637 benedictionem,
1189 5579 1244 5626 et
1269 5572 1678 5644 prolongabitur
1705 5576 1774 5630 ab
1804 5591 1870 5630 eo

281 5655 455 5721 (Psal.
482 5658 654 5727 cvm).
686 5678 702 5709 ι

356 5768 373 5799 ι
410 5754 669 5802 Aunucus
696 5750 852 5807 uc.qu
902 5752 1132 5808 fabricat
1162 5752 1346 5822 iniqua
1370 5794 1384 5821 ,
1436 5762 1491 5809 et
1540 5770 1699 5811 nemo
1741 5771 1865 5810 eum

1950 1935 2069 1980 'tem
2101 1926 2337 1980 ostendit
2366 1924 2621 1979 Salomon
2655 1925 2709 1978 in
2738 1924 3072 1990 Proverbiis,
3099 1925 3314 1980 dicens:
3338 1945 3356 1976 ί
3381 1925 3554 1980 Homo

1950 2024 2209 2086 'apostaIa
2241 2016 2324 2069 vir
2355 2015 2566 2070 inutilis
2612 2015 2858 2086 graditur
2892 2030 2987 2070 ore
3022 2030 3280 2085 perverso
3311 2034 3323 2070 :
3366 2017 3557 2071 annuit

1959 2108 2160 2172 oculis,
2211 2108 2335 2163 terit
2364 2108 2527 2178 pede.
2559 2108 2729 2178 digito
2756 2107 3016 2177 loquitur,
3050 2123 3219 2177 pravo
3246 2109 3411 2163 corde
3438 2124 3555 2163 ma-

1957 2202 2214 2258 chinatur
2239 2197 2465 2261 malum,
2492 2206 2541 2253 et
2578 2197 2632 2253 in
2661 2195 2810 2253 omni
2843 2205 3086 2269 tempore
3107 2196 3286 2270 jurgia
3319 2196 3554 2253 seminat

1950 2293 2146 2364 (Prov.
2165 2292 2263 2365 vi).
2295 2313 2313 2344 ›
2350 2293 2741 2348 Dixerateuim
2777 2292 3027 2362 superius
3057 2293 3125 2347 de
3155 2292 3474 2356 haeresibus,
3502 2297 3558 2345 et

1961 2384 2083 2439 aliis
2114 2384 2369 2439 vitiorum
2420 2383 2711 2453 generibus
2766 2383 3077 2437 instituerat
3132 2391 3554 2452 prazceptorem,

1960 2476 2304 2530 excitaverat
2330 2474 2580 2543 pigrum;
2625 2480 2679 2526 at
2709 2487 2852 2526 nunc
2881 2472 3159 2542 redarguit
3196 2482 3252 2526 et
3288 2472 3556 2526 schisma-

1958 2570 2151 2621 tlcum.
2182 2565 2284 2621 Ubi
2311 2565 2627 2629 notandum,
2652 2564 2778 2635 quia
2807 2578 2969 2634 quem
2995 2565 3355 2618 seminautem
3376 2562 3557 2632 jurgia

1961 2658 2146 2712 dicere
2175 2656 2368 2722 voluit,
2400 2656 2551 2726 prius
2583 2664 2887 2726 apostatam
2921 2654 3253 2718 nominavit,
3286 2653 3413 2722 quia
3445 2653 3553 2707 nisi

1963 2766 2116 2804 more
2166 2749 2531 2819 superbientis
2577 2748 2752 2819 angeli
2817 2764 2847 2801 a
2910 2756 3203 2817 conspectu
3254 2747 3557 2802 conditoris

1958 2843 2112 2912 prius
2157 2844 2304 2896 intus
2343 2842 2626 2896 aversione
2666 2843 2862 2895 mentis
2901 2840 3155 2903 caderet,
3205 2838 3351 2893 foras
3398 2848 3549 2908 post-

1963 2934 2183 2985 modum
2233 2946 2406 3000 usque
2451 2931 2518 2984 ad
2564 2930 2884 2984 seminanda
2930 2928 3110 3000 jurgia
3163 2944 3273 2984 non
3315 2929 3549 2984 veniret.

1962 3022 2064 3088 Qui
2115 3029 2261 3075 recte
2306 3022 2524 3087 dicitur,
2567 3022 2711 3090 quod
2741 3040 2761 3070 ε
2790 3021 2981 3075 annuit
3021 3020 3216 3093 oculis,
3245 3019 3372 3075 terit
3397 3020 3558 3091 pede,

1963 3115 2129 3185 digito
2154 3115 2409 3185 loquitur.
2448 3135 2467 3167 ι
2519 3115 2751 3169 Interior
2777 3129 3011 3183 namque
3033 3124 3116 3169 est
3138 3115 3409 3178 custodia,
3435 3127 3558 3183 qua:

1964 3206 2215 3259 ordinata
2253 3212 2438 3258 servat
2470 3205 2711 3258 exterius
2756 3204 3018 3257 membra.
3066 3203 3167 3270 Qui
3197 3218 3330 3273 ergo
3356 3210 3558 3257 statum

1964 3298 2165 3353 mentis
2204 3297 2481 3368 perdidit,
2538 3296 2688 3351 foras
2732 3295 2785 3350 in
2836 3294 3256 3351 inconstantiam
3302 3293 3561 3349 motionis

1963 3390 2117 3455 ﬁuit,
2163 3400 2329 3461 atque
2375 3390 2636 3446 exteriori
2680 3389 2981 3445 mobilitate
3026 3390 3366 3444 demonstrat
3410 3388 3559 3458 quod

1962 3481 2110 3535 nulla
2147 3481 2331 3536 radice
2365 3480 2595 3535 interius
2629 3478 2910 3534 subsistat.
2954 3478 3021 3533 Et
3055 3478 3181 3548 quia
3212 3475 3326 3545 jam
3353 3478 3557 3533 dictum

1964 3578 2048 3624 est
2089 3570 2232 3640 quod
2275 3568 2587 3640 huiusmodi
2644 3578 2798 3639 peste
2849 3568 3053 3622 homini
3106 3578 3366 3637 corrupto
3407 3567 3556 3623 aliud

1964 3664 2165 3717 malum
2211 3662 2550 3733 coaquuari
2595 3678 2700 3716 non
2751 3661 2952 3731 possit,
3002 3676 3068 3715 eo
3107 3661 3248 3730 quod
3294 3660 3556 3715 Dominus

1964 3754 2140 3808 odiret
2166 3754 2338 3819 illum,
2359 3761 2690 3807 memoratus
2713 3754 2798 3805 vir
2821 3751 3034 3822 sapiens
3056 3746 3315 3816 ostendit,
3335 3751 3553 3805 dicens:

1971 3860 1989 3894 ι
2022 3842 2131 3897 Sex
2177 3850 2304 3897 sunt
2347 3858 2468 3912 qua:
2512 3842 2628 3896 odit
2672 3840 2973 3906 Dominus,
3040 3852 3095 3894 et
3140 3841 3429 3910 septimum
3469 3840 3564 3895 dc-

1966 3941 2201 3988 testatur
2250 3934 2432 3988 anima
2491 3934 2654 4004 ejus:
2714 3933 2901 3988 oculos
2957 3932 3257 3999 sublimes,
3317 3933 3561 4004 linguam

1966 4025 2280 4080 mendacem
2309 4065 2325 4091 ,
2373 4040 2567 4080 manus
2612 4024 2952 4081 effundentcs
3001 4025 3280 4079 innoxium
3332 4025 3557 4096 sangui-

1966 4130 2110 4178 nem,
2158 4131 2255 4170 cor
2300 4116 2622 4171 machinans
2661 4117 3024 4187 cogitationes
3067 4116 3356 4186 pessimus,
3397 4112 3562 4186 pedes

1966 4207 2183 4262 veloces
2225 4207 2292 4261 ad
2328 4208 2654 4261 currendum
2682 4208 2736 4261 in
2763 4207 2983 4268 malum,
3012 4206 3378 4277 proferentem
3412 4223 3564 4262 men-

1969 4301 2144 4365 dacia,
2180 4308 2237 4354 et
2272 4315 2396 4354 eum
2430 4300 2522 4369 qui
2562 4299 2797 4354 seminat
2842 4299 2986 4352 inter
3019 4298 3218 4352 fratres
3260 4299 3563 4353 discordias

1971 4391 2154 4462 (Prov.
2170 4390 2270 4462 vi).
2286 4412 2304 4443 ι
2332 4390 2446 4445 liae
2468 4390 2609 4461 quod
2632 4389 2921 4461 septimum
2946 4389 3021 4443 ait
3042 4389 3299 4443 detestari
3322 4388 3561 4442 animam

1970 4483 2106 4545 Dei,
2169 4482 2421 4539 eumdem
2465 4498 2625 4552 quem
2671 4497 2834 4551 supra
2878 4481 3092 4551 plenius
3134 4495 3296 4551 quam
3342 4481 3413 4535 sit
3455 4478 3564 4535 Deo

1971 4571 2184 4628 odibilis
2229 4571 2558 4627 discordiam
2602 4571 2923 4625 seminando
2967 4569 3229 4625 insinuat.
3277 4568 3432 4635 Quod
3462 4583 3561 4621 au-

1970 4673 2078 4719 tem
2126 4664 2367 4719 animam
2413 4663 2629 4719 Domini
2677 4662 2854 4728 dicit,
2902 4663 3140 4716 humano
3184 4676 3335 4716 more
3383 4658 3517 4715 facit
3548 4701 3563 4724 ,

1970 4766 2033 4812 ut
2065 4772 2189 4813 eum
2227 4758 2386 4827 plena
2423 4757 2723 4811 intentione
2759 4763 2814 4809 et
2849 4771 2954 4809 non
2988 4753 3183 4809 leviter
3217 4754 3351 4808 tales
3383 4738 3566 4807 odisse

1971 4849 2257 4920 signiﬁcet.
2305 4849 2437 4904 Tale
2476 4859 2560 4905 est
2603 4850 2655 4904 in
2699 4849 2835 4946 Isaia
2865 4866 2878 4901 :
2915 4867 2932 4898 ι
2965 4847 3232 4902 Calendas
3268 4856 3476 4901 vestras
3509 4854 3566 4900 et

1974 4941 2347 4995 solemnitates
2383 4950 2600 4996 vestras
2640 4936 2817 4994 odivit‘
2851 4939 3032 4992 anima
3073 4953 3193 4991 mea
3245 4937 3382 5006 (13a.
3431 4936 3493 5005 l).
3535 4955 3555 4987 ι

1982 5048 2000 5081 ‹
2035 5029 2262 5095 Oculos,
2314 5029 2528 5100 inquit,
2578 5018 2873 5095 sublimes,
2921 5029 3162 5101 linguam
3204 5027 3560 5089 mendacem,

1976 5135 2169 5174 manus
2216 5119 2560 5176 effundentes
2604 5120 2883 5175 innoxium
2927 5119 3269 5189 sanguinem,
3315 5131 3412 5171 cor
3448 5132 3566 5170 ma-

1975 5206 2203 5265 chinans
2248 5211 2606 5282 cogitationes
2658 5211 2965 5282 pessimas,
3029 5208 3194 5279 pedes
3236 5206 3452 5261 veloces
3495 5204 3564 5259 ad

1975 5302 2302 5356 currendum
2332 5302 2385 5356 in
2414 5301 3017 5371 malum,proferentem
3048 5298 3348 5361 mendacia,
3374 5307 3562 5353 testem

1976 5392 2245 5457 fallacem,
2273 5400 2329 5446 et
2353 5408 2478 5447 eum
2520 5393 2612 5462 qui
2652 5393 2890 5448 seminat
2932 5393 3075 5447 inter
3116 5390 3313 5445 fratres
3356 5391 3564 5445 discor-

1977 5481 2112 5537 dias.
2145 5503 2163 5535 ι
2212 5481 2510 5538 Enumerat
2538 5498 2632 5537 sex
2668 5481 2919 5552 capitalia
2946 5480 3199 5547 crimina,
3225 5496 3346 5550 quae
3379 5488 3561 5534 tamen

1977 5574 2381 5643 comparatione
2433 5573 2734 5628 discordias
2775 5573 3098 5628 seminantis
3144 5572 3298 5642 quasi
3352 5570 3560 5624 minora

1977 5664 2213 5734 tlepouit,
2243 5666 2368 5734 quia
2401 5666 2653 5720 nimirum
2699 5665 2875 5734 majus
2914 5674 2997 5721 est
3028 5665 3237 5720 facinus
3276 5663 3427 5727 illud,
3455 5676 3563 5731 quo

1977 5756 2156 5811 unitas
2200 5767 2253 5811 et
2295 5756 2607 5815 fraternitas
2649 5774 2769 5829 qute
2806 5773 2903 5829 per
2942 5757 3180 5829 Spiritus
3224 5755 3395 5812 sancti
3437 5769 3560 5823 gra-
