4030 6470
505 334 608 393 967

1141 327 1203 382 B.
1248 325 1500 383 RABANI
1538 324 1759 407 MAUliI
1797 322 2117 380 ARCIIII'IP.
2159 315 2470 377 MOG‘UN'I‘.
2508 317 2796 378 OPERUM
2835 320 3017 380 PARS
3052 323 3096 381 I.

3670 322 3781 379 ἴω

503 453 637 507 tiam
677 458 763 506 est
800 460 1043 504 connexa
1083 444 1398 514 dissipatur.
1445 443 1631 498 Potest
1671 441 1816 496 enim
1861 439 2090 510 quilibet
2116 441 2163 500 Α
2192 446 2413 493 ctantur
2438 438 2923 509 casusjustorum,
2961 441 3047 497 vel
3078 442 3377 496 moliuntur
3398 437 3783 511 acceptionem

502 540 689 596 oculos
724 536 998 606 iactanter
1034 534 1337 599 extollere,
1384 534 1568 603 lingua
1613 531 1874 599 mentiri,
1914 530 2088 585 homi-

502 632 645 688 cidio
674 629 876 700 pollui,
907 627 1047 683 mala
1072 626 1326 696 proximo
1372 623 1705 688 machinari,
1751 622 1872 677 aliis
1917 620 2089 676 scele-

504 723 653 778 ribus
693 721 940 776 membra
982 718 1213 774 subdere
1235 757 1252 783 ,
1300 715 1496 772 falsum
1541 724 1733 771 contra
1778 713 2086 784 quempiam

503 810 874 867 testimonium
916 807 1203 879 proferre:
1250 808 1395 877 quod
1432 823 1541 863 non
1576 807 1716 889 idem
1744 821 1867 861 esse
1892 816 2088 876 putan-

502 905 630 959 dum
665 910 770 968 est,
799 900 943 971 quod
986 913 1153 971 supra
1194 897 1434 971 linguam
1476 898 1790 953 mendacem
1822 896 2086 952 nominat.

503 994 691 1049 Potest
722 993 872 1047 enim
907 991 1248 1046 mendacium
1285 991 1379 1046 sed
1414 1005 1523 1046 non
1561 999 1749 1045 contra
1783 989 2087 1060 proximum

502 1084 631 1139 dici.
678 1082 814 1137 Nam
856 1089 913 1136 et
950 1081 1148 1136 beatus
1177 1080 1524 1151 Augustinus
1567 1093 1692 1135 octo
1729 1094 1852 1135 esse
1892 1093 2088 1150 genera

502 1173 768 1230 mendacii
808 1173 864 1227 in
894 1172 1034 1227 libro
1059 1186 1222 1241 quem
1258 1173 1325 1228 de
1361 1170 1644 1226 mendacio
1669 1168 1972 1241 composuit
1997 1169 2091 1223 do-

502 1274 609 1321 cet.
655 1264 876 1327 Potest,
922 1263 1177 1332 inquam,
1214 1263 1464 1333 perditus
1511 1263 1743 1333 quisque
1784 1259 2091 1331 huiusmodi

504 1356 645 1411 mala
682 1355 770 1410 vel
810 1353 1152 1423 sibimetipsi,
1190 1354 1273 1409 vel
1313 1354 1434 1409 aliis
1471 1352 1675 1409 inferre
1710 1366 1844 1422 pace
1878 1359 2093 1406 servata

505 1447 782 1503 Ecclesiae.
824 1446 897 1501 At
929 1445 1172 1501 Donatus
1203 1453 1263 1500 et
1299 1445 1467 1501 Arius
1500 1459 1803 1513 eorumque
1829 1456 2094 1513 sequaces

506 1539 722 1607 gravius
754 1545 839 1592 est
872 1537 1016 1607 quod
1050 1537 1321 1602 fecerunt,
1345 1535 1810 1606 quiconcordiam
1836 1534 2094 1589 fraterna:

507 1628 734 1682 unitatis
777 1626 1079 1683 discordias
1122 1627 1442 1683 seminando
1482 1626 1778 1682 sciderunt.
1829 1624 1960 1692 Quae
1998 1638 2096 1678 auo

508 1725 616 1772 tem
661 1717 760 1772 hos
809 1716 1111 1773 malitiosos
1159 1726 1215 1772 et
1257 1716 1367 1772 doli
1412 1716 1768 1771 fabricatores
1806 1712 2091 1770 retribqu

502 1820 785 1882 sequatur,
827 1811 1111 1882 Scriptura
1152 1812 1412 1876 insinuat,
1454 1812 1682 1867 dicens;

580 1925 598 1955 ‹
627 1903 735 1970 Qui
779 1904 838 1959 in
884 1904 1053 1959 altum
1097 1904 1265 1959 mittit
1302 1903 1535 1974 lapidem
1577 1917 1739 1972 super
1777 1909 1941 1972 caput
1978 1900 2094 1971 ejus

506 2017 529 2047 ι
564 1997 740 2061 cadet,
771 2004 832 2050 et
866 1996 1025 2067 plaga
1063 1997 1250 2052 dolosa
1290 1996 1459 2051 dolosi
1500 1995 1705 2050 dividet
1734 1994 1977 2049 vulnera.
2028 1992 2096 2046 Et

507 2108 528 2138 ε
564 2089 657 2158 qui
689 2089 825 2145 fodit
856 2089 1089 2153 foveam,
1137 2090 1191 2144 in
1236 2088 1384 2143 illam
1421 2087 1664 2153 decidet;
1711 2095 1768 2141 et
1790 2087 1881 2157 qui
1906 2084 2097 2141 statuit

508 2201 527 2233 ι
563 2180 798 2249 lapidem
838 2183 1110 2252 proximo,
1138 2181 1378 2237 olfendet
1414 2180 1468 2235 in
1503 2195 1601 2246 eo;
1649 2188 1705 2236 et
1725 2181 1814 2249 qui
1845 2179 2093 2249 laqueum

505 2288 529 2320 ‹
564 2270 657 2325 alii
701 2280 897 2341 parat,
941 2271 1143 2341 peribit
1194 2271 1248 2325 in
1297 2270 1409 2326 illo.
1447 2290 1466 2321 ι
1533 2269 1593 2324 In
1649 2269 1818 2324 altum
1861 2270 2093 2339 lapidem

507 2362 696 2428 mittit,
740 2365 833 2433 qui
872 2364 1302 2433 blasphemando
1337 2364 1534 2419 divinae
1575 2361 1847 2433 maiestati
1883 2363 2092 2419 calum-

506 2452 653 2507 niam
696 2453 862 2517 facit,
911 2461 968 2508 et
1011 2462 1201 2508 contra
1245 2469 1405 2509 suum
1453 2463 1733 2509 auctorem
1776 2453 2091 2524 blasphema

509 2544 674 2597 verba
716 2543 977 2612 loquitur,
1016 2543 1277 2612 illumque
1301 2559 1463 2613 quem
1505 2544 1726 2599 laudare
1751 2544 1909 2614 digne
1935 2560 2094 2601 nemo

502 2632 728 2698 sullicit,
752 2633 821 2687 ad
847 2633 984 2688 iram
1024 2633 1288 2703 iniuriosa
1328 2636 1657 2706 loquacitate
1694 2638 2089 2706 provocaverit.

507 2722 617 2778 Sed
661 2738 825 2793 super
867 2739 992 2779 cum
1045 2725 1246 2780 duritia
1302 2726 1423 2795 ejus
1470 2726 1726 2782 vindicta:
1774 2728 1990 2793 veniet,
2040 2737 2096 2783 et

500 2827 740 2870 mentem
775 2815 892 2884 (ius
927 2823 1191 2885 perpetuo
1220 2816 1407 2872 dolore
1440 2818 1809 2884 excruciabit;
1842 2817 2095 2875 similiter

498 2903 658 2973 plaga
703 2903 969 2959 malitiosa
1010 2904 1183 2959 dolosi
1226 2913 1391 2983 auget
1436 2907 1660 2963 vulnera
1706 2915 2089 2977 peccatorum,

503 3010 612 3048 non
659 3002 819 3047 sanat
870 2994 1082 3050 animas
1140 2996 1528 3065 peccantium;
1583 2998 1662 3052 sic
1704 3006 1760 3054 et
1801 2997 1893 3067 qui
1935 3006 2095 3068 parat

498 3083 662 3138 alteri
711 3078 1031 3153 perditionis
1071 3084 1325 3153 foveam,
1380 3087 1495 3158 ipse
1539 3088 1753 3144 decidet
1797 3089 1852 3143 in
1897 3088 2085 3154 illam;

498 3182 558 3230 et
621 3176 715 3245 qui
786 3176 1142 3232 offensionem
1209 3177 1441 3249 alicujus
1511 3180 1753 3235 scandali
1822 3181 2093 3236 construit

498 3264 773 3334 proximo,
804 3265 918 3335 ipse
961 3281 1084 3321 rcus
1125 3267 1234 3321 erit
1272 3280 1477 3323 tetcrne
1521 3278 1829 3335 tormento;
1858 3286 2091 3327 necnon

501 3364 558 3409 et
593 3355 681 3410 ille
719 3356 810 3424 qui
849 3355 1170 3413 insidiarum
1209 3357 1434 3429 laqueos
1475 3361 1625 3429 ponit
1669 3360 1780 3426 alii,
1827 3360 1941 3431 ipse
1966 3375 2093 3432 pro-

501 3446 635 3517 priae
679 3449 937 3518 nequitia:
977 3459 1168 3520 captus
1214 3451 1337 3507 dolo
1381 3452 1435 3506 in
1476 3461 1741 3509 teternum
1786 3454 1988 3524 peribit
2034 3454 2091 3509 in

503 3536 618 3592 illo.

576 3646 597 3677 ‹
628 3627 871 3683 Facienti
918 3630 1311 3700 ncquissimum
1351 3634 1674 3702 consilium,
1715 3650 1879 3704 super
1916 3633 2091 3704 ipsum

507 3735 525 3766 ι
561 3716 898 3784 devolvctur,
948 3728 1004 3775 et
1048 3736 1155 3775 non
1200 3734 1459 3794 agnoscet
1496 3726 1639 3781 unde
1680 3727 1863 3780 veniat
1902 3726 1979 3780 illi
2024 3724 2089 3778 il-

508 3828 525 3857 ε
563 3807 719 3874 lusio,
762 3817 820 3863 et
862 3811 1251 3883 improperium
1299 3816 1679 3885 superborum.
1744 3819 1812 3873 Et
1851 3819 2086 3873 vindicta

506 3916 524 3944 ι
560 3894 701 3950 sicut
740 3896 828 3953 leo
872 3898 1221 3956 insidiabitur
1251 3902 1348 3957 illi.
1386 3925 1403 3955 ι
1452 3906 1767 3976 Quicunque
1801 3922 1933 3979 ergo
1969 3924 2091 3978 per-

499 3999 659 4040 verso
700 3989 865 4044 corde
907 3999 1099 4046 contra
1144 3994 1457 4062 proximum
1500 4013 1657 4051 suum
1702 4012 1930 4065 pravum
1976 4014 2092 4052 ma-

498 4077 758 4133 chinatur
795 4081 1123 4149 consilium,
1170 4083 1223 4138 in
1269 4094 1487 4141 aeternae
1529 4102 1705 4156 poena:
1748 4102 1807 4143 se
1846 4089 2092 4144 devolvet

501 4165 801 4220 interitum.
854 4167 963 4224 Sed
992 4174 1266 4240 quomodo
1291 4174 1493 4230 dicitur
1516 4178 1660 4246 quod
1699 4192 1804 4232 non
1833 4189 2093 4250 agnoscat

499 4255 643 4310 unde
678 4256 752 4311 illi
794 4257 974 4315 illusio
1013 4268 1070 4316 et
1106 4262 1494 4333 improperiunt
1528 4268 1885 4335 superborum
1926 4269 2091 4324 adve-

499 4345 656 4399 niat?
702 4346 807 4401 nisi
851 4349 979 4418 quia
1022 4365 1131 4406 non
1178 4352 1489 4408 considerat
1532 4355 1675 4411 unde
1717 4365 1924 4412 reatum
1960 4368 2119 4413 con-'

2114 4495 2166 4555 D

501 4436 699 4503 trahat,
742 4453 843 4508 pro
887 4454 995 4509 quo
1039 4455 1231 4510 pmnas
1260 4442 1453 4498 solvat.
1501 4443 1760 4500 {Estimat
1800 4447 1947 4502 enim
1979 4448 2089 4503 hae-

499 4526 705 4582 reticus
727 4536 783 4582 et
807 4529 984 4584 omnis
1008 4531 1411 4599 schismaticus,
1437 4535 1579 4603 quod
1611 4551 1708 4591 sua
1734 4535 1866 4590 falsa
1892 4537 2087 4593 electio

499 4616 692 4670 melior
743 4618 816 4672 sit
857 4634 1022 4688 quam
1070 4623 1353 4680 catholicae
1406 4626 1529 4681 fidei
1573 4642 1702 4682 vera
1754 4630 2083 4698 praedicatio.

502 4702 579 4756 Ex
607 4718 715 4772 quo
741 4704 918 4761 illudit
963 4710 1337 4780 semetipsum,
1377 4713 1506 4770 dum
1552 4731 1660 4771 non
1704 4718 1960 4774 observat
1996 4735 2088 4774 ca-

499 4791 686 4847 lholici
712 4793 981 4865 dogmatis
1003 4799 1318 4869 vestigium;
1354 4812 1502 4857 autat
1528 4805 1673 4857 enim
1704 4805 2084 4862 mandatorum

496 4882 590 4936 Dei
624 4886 1145 4956 transgressionem,
1189 4899 1244 4945 et
1282 4907 1389 4946 non
1428 4894 1584 4949 timet
1609 4904 1869 4951 :eternam
1899 4898 2083 4965 pcrdi-

499 4974 731 5040 tionem;
767 4977 1013 5045 sequitur
1040 4993 1317 5044 errorem,
1365 4990 1420 5036 et
1451 4999 1555 5037 non
1587 4995 1857 5053 prarcavet
1888 4985 2081 5042 fut-urtc

495 5065 748 5121 vindicta:
780 5066 1060 5123 ultionem.
1115 5069 1327 5140 Proprii
1357 5073 1500 5126 enim
1535 5075 1740 5127 erroris
1771 5076 1981 5138 illusio,
2029 5086 2084 5134 et

494 5153 692 5210 diaboli
727 5157 839 5228 (qui
889 5158 972 5213 leo
1016 5168 1237 5230 propter
1268 5160 1607 5215 ferocitatem
1650 5174 1793 5219 recte
1834 5166 2082 5220 nomina—

496 5242 605 5311 tur)
636 5245 902 5311 sednctio,
952 5248 1247 5303 vindictam
1299 5260 1615 5321 perpetuam
1670 5252 1833 5308 faciet
1889 5255 2083 5326 impios

497 5331 681 5385 subire
716 5333 768 5385 in
800 5334 1033 5396 inferno.

573 5436 592 5469 ι
625 5418 843 5490 Laqueo
880 5427 1133 5494 peribunt
1168 5430 1258 5499 qui
1300 5430 1642 5485 oblcctantur
1680 5449 1866 5489 casum
1899 5435 2079 5503 justo-

500 5532 519 5561 ‹
555 5527 695 5570 rum.
747 5514 911 5571 Dolor
947 5530 1125 5575 autem
1156 5535 1440 5581 consumet
1471 5526 1589 5582 illos
1618 5522 1911 5599 antequam
1959 5548 2077 5587 mo-

499 5620 519 5653 ‹
556 5604 780 5660 riantur.
815 5627 833 5659 ι
872 5607 1121 5679 Laqueus
1147 5614 1292 5667 enim
1319 5625 1534 5672 aeterna.-
1561 5621 1880 5688 perditionis
1909 5626 2078 5694 capti-

495 5704 586 5747 vat
614 5708 987 5765 persecutores
1010 5700 1464 5774 Christianorum,
1498 5718 1552 5763 ct
1581 5728 1771 5766 omnes
1803 5715 1893 5783 qui
1926 5716 2074 5770 oblc-

2190 530 2563 599 proximorum
2609 545 2854 585 suorum.
2910 531 3073 585 Dolor
3118 539 3301 585 autem
3350 530 3573 585 invidiae
3612 538 3787 599 atque

2188 620 2314 674 mali
2323 622 2410 676 tia:
2431 636 2542 675 suae
2563 620 2706 676 intus
2729 620 2850 676 illos
2870 628 2997 676 ante
3012 619 3174 675 ﬁnem
3193 621 3317 675 vitae
3340 634 3453 674 sua:
3472 620 3783 684 excruciat

2187 712 2386 781 quibus
2417 720 2594 767 tamen
2617 720 2739 783 post
2760 721 2994 770 mortem
3017 712 3135 769 sine
3156 712 3461 769 defectione
3478 727 3637 768 mors
3660 727 3787 767 suc-

2188 801 2343 856 cedet
2367 810 2650 871 perpetua.

2266 910 2283 942 ‹
2317 892 2401 945 Ira
2443 900 2500 946 et
2540 891 2692 946 furor
2718 899 2949 963 utraque
2976 892 3335 949 exsecrabilia
3377 901 3550 959 sunt,
3599 902 3661 949 et
3704 895 3791 949 vir

2194 1003 2213 1035 ε
2245 993 2500 1055 peccator
2536 985 2824 1041 continens
2867 986 2979 1040 erit
3027 986 3267 1041 illorum.
3305 1006 3324 1039 ι
3381 985 3537 1041 Nunc
3592 986 3792 1056 incipit

2190 1074 2468 1144 disputare
2497 1073 2564 1129 de
2596 1072 2724 1139 illis,
2755 1075 2845 1144 qui
2878 1074 3060 1132 furore
3089 1076 3258 1130 nimio
3286 1077 3691 1142 exardescuut,
3737 1086 3794 1130 et

2190 1162 2404 1233 longam
2436 1164 2770 1218 iracundiam
2798 1162 2852 1218 in
2884 1172 3104 1234 pectore
3132 1180 3231 1220 suo
3260 1165 3532 1221 dominari
3558 1166 3794 1235 permit-

2190 1262 2333 1310 tunt.
2390 1256 2533 1309 Dicit
2577 1256 2725 1311 enim
2773 1256 3287 1313 exsecrabiliaesse
3328 1257 3517 1326 utique
3566 1257 3622 1310 in
3651 1272 3791 1311 cono

2190 1356 2377 1418 Specta
2410 1347 2506 1402 Dei
2551 1348 2687 1402 iram
2726 1356 2784 1402 et
2822 1346 3095 1416 furorem,
3144 1359 3202 1406 et
3230 1350 3405 1405 virum
3431 1359 3792 1421 pec-calorem

2191 1440 2385 1495 horum
2432 1455 2551 1496 esse
2593 1449 2860 1505 tenacem.
2908 1442 2991 1496 Ira
3034 1442 3184 1497 enim
3223 1441 3325 1497 viri
3367 1458 3477 1497 non
3525 1450 3797 1512 operatur

2187 1531 2456 1603 justitiam
2484 1532 2601 1588 Dei.
2663 1531 2770 1588 Sed
2799 1533 2926 1603 quia
2964 1534 3226 1605 scriptum
3255 1542 3342 1589 est
3388 1535 3463 1588 ita
3487 1552 3505 1588 :
3544 1553 3565 1587 ι
3599 1533 3797 1589 Melior

2195 1632 2282 1680 est
2330 1626 2411 1678 ira
2466 1624 2578 1680 risu
2633 1624 2854 1697 (Eccle.
2902 1625 3036 1697 vn).
3081 1645 3099 1679 ι
3161 1627 3228 1682 Et
3281 1626 3558 1698 Propheta
3612 1627 3793 1682 dicit:

2204 1735 2222 1768 ‹
2255 1715 2558 1772 lrascimini
2584 1724 2641 1770 et
2666 1715 2832 1771 nolite
2857 1731 3086 1787 peccare
3113 1714 3287 1789 (Paul.
3319 1717 3416 1788 tv).
3449 1738 3468 1769 ι
3513 1717 3797 1785 ρυαξτίιυι·

2120 1793 2169 1854 Β
2197 1823 2317 1880 quae
2342 1808 2415 1864 sit
2442 1808 2559 1863 brec
2587 1808 2687 1873 ira,
2715 1824 2877 1878 quam
2905 1809 3167 1879 sapientia
3194 1817 3403 1865 tantum
3431 1819 3794 1875 exsecratur;

2195 1910 2384 1958 contra
2414 1902 2545 1956 vitia
2575 1902 2718 1957 enim
2749 1901 2911 1957 irasci
2938 1902 3329 1971 permittimnr,
3362 1911 3424 1956 ut
3454 1901 3578 1957 zelo
3606 1903 3707 1957 Dei
3746 1902 3799 1957 in

2195 1994 2598 2066 nobismetipsis
2628 2004 2685 2050 et
2712 1995 2974 2066 proximis
3012 1997 3213 2051 nostris
3251 1995 3340 2050 illa
3371 2012 3797 2067 persequamur.

2197 2083 2456 2139 Homines
2482 2092 2663 2139 autem
2692 2100 2883 2139 omnes
2931 2093 2992 2139 ut
3034 2094 3319 2141 consortes
3350 2095 3557 2141 nostra:
3586 2096 3802 2142 natura

2197 2182 2323 2229 sunt
2353 2174 2642 2245 diligendi,
2692 2174 2785 2228 sed
2818 2175 2870 2229 in
2898 2173 3148 2230 onmibus
3186 2175 3379 2230 modus
3426 2185 3483 2229 et
3527 2175 3802 2229 discretio

2195 2265 2401 2335 optima
2449 2273 2532 2320 est
2560 2305 2576 2330 ,
2627 2274 2683 2319 et
2713 2265 2848 2320 nihil
2879 2266 2997 2321 sine
3033 2266 3231 2321 timore
3274 2274 3330 2321 et
3370 2266 3651 2321 charitatc
3706 2266 3801 2320 Dei

2195 2355 2485 2425 agendum.
2535 2355 2775 2411 Venialis
2804 2365 2890 2412 est
2915 2355 3059 2411 enim
3096 2356 3207 2422 ira,
3251 2372 3374 2426 qua:
3421 2357 3491 2412 ad
3536 2356 3802 2411 effectum

2193 2448 2583 2518 indignationis
2610 2464 2721 2503 sua:
2750 2464 2853 2503 non
2878 2448 3148 2518 pervenit.
3189 2447 3343 2503 Sicut
3372 2449 3640 2518 scriptum
3669 2456 3797 2502 est:

2199 2558 2220 2591 ς
2255 2537 2445 2592 Melior
2472 2546 2555 2593 est
2576 2539 2671 2608 qui
2700 2539 2868 2594 vineit
2906 2540 3067 2603 iram,
3099 2555 3262 2609 quam
3293 2539 3386 2608 qui
3409 2540 3561 2609 capit
3601 2540 3802 2594 civita-

2195 2638 2304 2684 tem
2346 2628 2535 2701 (Pro’v.
2582 2629 2716 2700 xu).
2750 2649 2770 2682 υ
2830 2630 2898 2684 Et
2944 2630 3062 2685 ideo
3109 2638 3439 2701 prteceptum
3487 2630 3804 2684 curationis

2192 2719 2500 2784 adhibetur,
2549 2729 2609 2775 ut
2644 2720 2688 2775 si
2716 2721 2830 2791 jam
2865 2720 3174 2786 irascimur,
3224 2737 3329 2775 non
3372 2720 3683 2776 inconsulta
3719 2729 3803 2775 te-

2193 2812 2443 2867 meritate
2468 2827 2776 2882 peccemus.
2811 2811 3012 2867 Motum
3037 2812 3303 2882 siquidem
3325 2813 3493 2866 animi
3517 2812 3799 2867 fervidum

2190 2912 2413 2975 propter
2439 2905 2734 2960 humanam
2779 2904 3127 2976 fragilitatem
3173 2906 3227 2960 in
3270 2914 3539 2974 potestate
3584 2905 3802 2959 habere

2191 3010 2298 3049 non
2328 3010 2634 3065 possumus,
2667 2994 3000 3068 suffragante
3030 3005 3210 3053 tamen
3240 2996 3337 3052 Dei
3366 2997 3542 3067 gratia
3574 2997 3798 3052 ratione

2192 3084 2577 3154 disciplinabili
2610 3086 2974 3143 continemus.
3016 3087 3085 3141 Et
3115 3088 3237 3142 ideo
3265 3087 3456 3141 beatus
3488 3085 3796 3155 Propheta,

2193 3176 2337 3246 quod
2369 3183 2454 3231 est
2482 3176 2700 3245 quidem
2729 3178 3141 3232 consuetudinis
3173 3177 3452 3247 permisit,
3483 3178 3633 3247 quod
3659 3193 3800 3232 vero

2191 3264 2363 3334 culpzr
2408 3265 2705 3334 prohibuit.
2758 3264 2896 3320 Nam
2945 3266 2992 3321 si
3040 3266 3367 3330 irascamur,
3418 3283 3522 3322 nec
3573 3268 3799 3323 Domini

2191 3355 2623 3412 consideratione
2659 3356 3016 3423 refrenemur,
3054 3356 3150 3413 sed
3182 3373 3215 3412 a
3242 3366 3372 3411 voto
3398 3366 3590 3413 nostro
3620 3358 3800 3428 inspe—

2193 3444 2407 3500 diamnr
2430 3446 2613 3515 aliquo
2643 3447 2991 3502 necessitatis
3019 3446 3253 3517 objecto,
3284 3457 3413 3502 tunc
3437 3448 3632 3519 utique
3659 3466 3801 3504 cun-

2190 3543 2303 3592 stat
2332 3552 2432 3592 nos
2464 3536 2589 3592 facti
2622 3538 2827 3594 crimen
2857 3547 3098 3609 portare,
3127 3540 3295 3595 etiam
3341 3540 3390 3595 si
3436 3556 3543 3596 non
3590 3557 3797 3611 possit-

2195 3646 2315 3686 mus
2361 3646 2483 3701 quae
2531 3631 2847 3687 volebamus
2890 3632 3148 3698 ellicere;
3202 3632 3315 3688 sive
3358 3643 3421 3688 ut
3460 3626 3796 3704 quihusdam

2192 3721 2401 3790 placet,
2430 3723 2725 3793 praeteritis
2752 3723 2991 3793 peccatis
3018 3723 3181 3779 irasci
3210 3724 3500 3787 debemus,
3545 3733 3609 3779 ut
3644 3742 3795 3795 prae-

2192 3823 2401 3869 scntem
2436 3815 2737 3885 nequitiam
2778 3816 3051 3886 possimus
3083 3817 3341 3885 ell‘ugere.
3391 3816 3599 3872 Delicta
3641 3820 3793 3873 enim

2194 3904 2432 3959 recentia
2460 3904 2738 3961 declinare
2767 3921 2874 3961 non
2902 3920 3227 3975 possumus.
3274 3908 3380 3963 nisi
3416 3918 3632 3963 vetusta
3663 3910 3789 3963 lan-

2192 3994 2359 4049 dabili
2387 3996 2763 4053 exsecratione
2792 3997 3133 4052 damnemus.
3174 3997 3314 4065 Quid
3339 4009 3426 4054 est
3460 4000 3607 4054 enim
3640 4001 3791 4055 aliud

2192 4084 2484 4154 paenitere,
2512 4086 2616 4141 nisi
2649 4086 2811 4142 irasci
2842 4087 2975 4152 sibi,
3010 4096 3072 4141 ut
3096 4089 3322 4144 horreat
3351 4090 3497 4159 quod
3526 4090 3686 4157 fecit,
3733 4102 3791 4146 et

2191 4176 2465 4232 cruciatus
2498 4192 2532 4232 a
2566 4191 2627 4233 se
2662 4177 2880 4249 exigat,
2926 4194 2996 4234 ne
3035 4177 3198 4249 iudex
3251 4180 3424 4239 iratus
3470 4184 3654 4253 potius
3699 4184 3788 4239 af—

2190 4265 2341 4338 fligat
2364 4267 2385 4321 ἳ

2775 4361 3005 4417 (ἈΡΙΣΤ
3045 4361 3177 4418 VIII.

2653 4451 2731 4508 De
2767 4456 3071 4510 remissione
3104 4465 3326 4526 peccati.

2262 4542 2416 4611 (Car.
2447 4543 2664 4616 xxvnt.)
2697 4563 2715 4595 ι
2748 4544 2851 4610 Qui
2882 4546 3146 4601 vindicari
3176 4547 3290 4602 vult
3329 4562 3357 4601 a
3398 4547 3509 4602 Deo
3545 4547 3789 4605 inveniet

2197 4652 2215 4684 ο
2246 4632 2564 4699 vindictam,
2595 4641 2651 4688 et
2677 4642 2899 4704 peccata
2933 4635 3078 4691 illius
3104 4652 3331 4692 servans
3361 4640 3622 4692 servabit.
3660 4660 3678 4689 ι
3726 4639 3784 4693 In

2191 4723 2297 4778 hoc
2336 4738 2466 4793 ergo
2493 4726 2731 4795 capitulo
2760 4728 3088 4798 evangelicae
3129 4745 3229 4799 per
3263 4731 3444 4786 omnia
3485 4732 3785 4786 concordat

2188 4812 2479 4880 doctrinae,
2526 4816 2616 4871 ubi
2647 4833 2755 4872 non
2785 4818 2959 4873 vicem
2993 4820 3209 4877 talionis
3239 4823 3535 4877 secundum
3566 4824 3739 4893 legem
3760 4864 3777 4887 ,

2188 4902 2282 4957 sed
2310 4903 2653 4961 tolerantiam
2689 4908 2968 4978 patientia:
2999 4913 3293 4967 secundum
3326 4915 3559 4984 gratiam
3596 4916 3778 4971 docet.

2185 4989 2340 5045 Unde
2360 4990 2562 5049 Paulus
2590 4995 2657 5051 ad
2681 4995 2957 5053 Romanos
2985 5001 3228 5057 scribens
3257 5002 3369 5057 ait:
3402 5022 3422 5054 α
3453 5003 3633 5059 Nolite
3659 5016 3781 5060 esse

2134 5118 2140 5123 -
2183 5082 2480 5151 prudentes
2507 5085 2649 5155 apud
2679 5091 3076 5159 vosmetipsos:
3109 5092 3239 5146 ιιιιηὶ
3270 5093 3471 5148 malum
3503 5109 3603 5164 pm
3636 5095 3779 5149 malo

2186 5175 2502 5241 reJdentcs;
2533 5179 2882 5247 providentes
2906 5181 3044 5237 bona
3074 5198 3177 5238 non
3202 5192 3409 5239 tantum
3434 5200 3622 5240 coram
3644 5188 3774 5247 Deo.

2185 5269 2278 5323 sed
2305 5270 2470 5323 etiam
2498 5287 2682 5325 coram
2706 5274 2961 5329 ontnibns
2991 5262 3313 5331 hominibus.
3351 5275 3408 5330 Si
3433 5277 3549 5332 ﬁeri
3573 5289 3773 5347 potest,

2187 5361 2331 5429 quod
2363 5377 2429 5415 ex
2460 5361 2613 5415 vobis
2641 5370 2771 5432 cst,l
2803 5380 2925 5418 eum
2967 5365 3217 5422 omnibus
3244 5366 3556 5422 hominibus
3585 5384 3773 5439 pacem

2185 5450 2469 5506 habentes.
2503 5450 2619 5509 Non
2648 5457 3011 5526 vosmetipsos
3038 5457 3408 5524 defendentes,
3441 5459 3770 5524 charissimi,

2184 5541 2278 5595 sed
2310 5539 2435 5597 date
2464 5541 2641 5596 locum
2673 5545 2800 5610 ine;
2852 5548 3113 5618 scriptum
3156 5559 3242 5604 est
3270 5550 3414 5604 enim
3442 5571 3457 5604 ;
3490 5550 3618 5606 Mihi
3654 5552 3774 5606 viu-

2184 5631 2357 5695 dicta;
2394 5647 2494 5702 ego
2524 5634 2844 5699 retribuam,
2876 5637 3007 5692 dicit
3038 5638 3316 5696 Dominus.
3360 5642 3465 5697 Sed
3493 5643 3537 5696 si
3567 5642 3772 5697 esurie-

2182 5723 2253 5777 rit
2281 5723 2532 5778 inimicus
2565 5733 2707 5793 tuus,
2735 5726 2851 5781 ciba
2882 5729 3060 5797 illum;
3098 5731 3143 5787 si
3175 5732 3314 5800 sitit,
3342 5741 3530 5803 potum
3556 5733 3623 5788 da
3650 5732 3724 5789 illi
3751 5746 3765 5785 :
