4030 6468
191 289 196 292 ”
253 339 363 398 969

1107 284 1460 390 COMMENT.
1501 328 1570 385 IN
1607 324 2218 386 ECCLESIASTICUM.
2261 358 2331 370 —
2369 327 2497 384 LIB.
2539 327 2626 384 Vl.

3423 333 3529 392 970

251 467 357 523 hoc
382 459 530 517 enim
556 456 763 515 faciens
791 455 1058 514 carbones
1083 453 1226 526 ignis
1252 437 1518 524 congeres
1555 463 1720 519 super
1749 461 1841 504 ca-
1869 452 1922 514 Α
1953 466 1972 500 ι
2004 447 2123 505 Non
2144 448 2216 505 sit
2235 435 2381 505 inter
2405 463 2503 506 vos
2531 447 2681 506 zelus
2719 457 2778 505 et
2803 448 3079 506 contentio
3123 449 3177 523 (Ι
3200 449 3322 507 Cor.
3351 451 3458 526 Ill).
3501 472 3524 508 ι

248 560 347 626 put
381 549 520 624 eius.
570 549 691 606 Noli
718 547 865 604 vinci
893 562 925 603 a
952 545 1120 612 malo,
1152 559 1244 601 sec
1272 543 1430 601 vince
1460 544 1515 598 in
1544 543 1689 597 bono
1719 555 1838 596 ma-

248 645 364 700 lum
389 643 566 714 (Rom.
593 640 714 713 xit).
748 660 767 694 ι

325 755 345 788 ι
363 735 631 806 Relinque
652 733 900 804 proximo
923 740 1018 790 tuo
1038 733 1253 790 nocenti
1278 739 1352 797 te,
1375 739 1506 787 tunc
1524 729 1839 800 deprecanti

257 847 277 881 ι
299 827 397 883 tibi
419 834 643 898 peccata
667 825 998 882 solventur.»
1025 825 1156 881 Tale
1175 831 1261 881 est
1282 822 1411 880 illud
1433 822 1835 893 evangelicum:

254 937 274 971 ι
308 917 369 974 Si
401 917 719 974 dimiseritis
745 917 1057 973 hominibus
1082 923 1308 988 peccata
1337 929 1558 980 eorum,
1606 913 1841 969 dimittet

247 1009 403 1066 vobis
424 1018 478 1066 et
492 1010 655 1066 Pater
671 1017 854 1065 vester
874 1007 1114 1065 caelestis
1133 1007 1330 1065 delicta
1350 1013 1552 1063 vestra.
1579 1005 1637 1061 Si
1658 1015 1839 1060 autem

244 1118 357 1159 non
383 1101 702 1158 dimiseritis
729 1101 1058 1171 hominibus,
1082 1116 1186 1158 nec
1209 1101 1374 1156 Pater
1398 1107 1582 1156 vester
1607 1099 1842 1155 dimittet

245 1206 471 1271 peccata
497 1206 681 1253 vestra
704 1195 920 1268 (Matth.
948 1195 1048 1267 vt).
1082 1214 1101 1248 ι

323 1309 343 1342 ε
376 1289 550 1346 Homo
578 1287 789 1344 homini
819 1296 1000 1344 servat
1027 1288 1183 1352 iram,
1215 1294 1271 1344 et
1301 1302 1332 1342 a
1364 1287 1476 1344 Deo
1503 1286 1700 1359 quaerit
1727 1299 1840 1341 me-

252 1401 274 1436 ι
307 1383 527 1439 delam?
557 1382 614 1437 ln
645 1382 923 1438 hominem
955 1381 1190 1436 similem
1220 1382 1322 1436 sibi
1350 1395 1458 1436 non
1486 1381 1652 1438 habet
1677 1379 1840 1436 mise-

249 1496 270 1528 α
303 1475 635 1543 ricordiam,
679 1482 737 1530 et
771 1475 839 1530 de
874 1475 1117 1545 peccatis
1158 1474 1271 1530 suis
1302 1472 1670 1544 deprecatur?
1720 1471 1840 1543 Ipse

250 1584 270 1616 ι
306 1565 435 1620 dum
484 1579 616 1620 caro
663 1565 736 1620 sit
782 1573 1025 1620 reservat
1076 1564 1252 1630 iram,
1299 1572 1355 1619 et
1400 1561 1838 1634 propitiationem

245 1679 265 1710 ι
299 1658 439 1730 petit
465 1673 497 1712 a
524 1657 669 1712 Deo?
687 1677 705 1708 ι
739 1655 1022 1727 Indignum
1043 1664 1129 1710 est
1155 1655 1299 1709 cnim
1325 1661 1385 1709 ut
1407 1655 1499 1724 qui
1529 1653 1700 1709 Deum
1727 1652 1842 1707 vult

243 1749 451 1804 habere
479 1747 802 1820 propitium,
835 1747 950 1816 ipse
979 1762 1036 1802 se
1065 1755 1255 1801 contra
1283 1745 1563 1816 proximos
1591 1745 1842 1801 ostendat

1943 545 2012 600 Et
2030 544 2158 600 item
2185 561 2254 598 :.¢
2277 542 2487 611 Videte,
2519 543 2712 614 inquit,
2754 558 2823 598 ne
2861 543 3094 600 invicem
3125 545 3434 602 mordentes
3458 548 3530 605 ab

1942 621 2176 694 invicem
2199 634 2592 692 consumamini
2615 633 2758 708 (Gal.
2784 635 2861 707 v).
2898 655 2917 687 ›
2947 635 3014 690 Ει
3041 636 3088 692 si
3116 637 3532 698 consideramus

1941 729 2092 800 pacis
2131 735 2392 798 quantum
2419 727 2491 783 sit
2518 727 2744 793 bonum,
2770 725 2929 783 facile
2970 725 3332 800 intelligemus
3359 745 3531 801 quan-

1943 829 2058 876 tum
2081 819 2365 876 discordia:
2390 818 2461 874 sit
2484 817 2710 884 malum,
2743 818 2886 888 quod
2909 817 2955 873 si
2998 837 3017 870 ι
3051 819 3196 876 beati
3229 829 3357 877 sunt
3383 823 3532 894 paci-

1942 910 2061 976 fici,
2091 910 2348 983 quoniam
2399 908 2496 965 ﬁlii
2528 909 2624 965 Dei
2672 910 3029 975 vocabuntur,
3077 931 3096 964 ι
3128 912 3317 982 procul
3363 915 3530 971 dubio

1941 1002 2266 1059 contentiosi
2287 1001 2508 1074 maligni
2529 1009 2676 1068 sunt,
2701 1009 2756 1057 et
2777 1000 2872 1056 ﬁlii
2895 1002 3115 1071 diaboli,
3141 1006 3235 1075 qui
3258 1006 3403 1063 inter
3427 1023 3526 1079 pa-

1941 1109 2061 1152 cem
2087 1094 2350 1150 habentes
2375 1094 2646 1151 scminant
2665 1092 2993 1148 discordiam
3012 1134 3027 1160 ,
3050 1102 3106 1150 et
3131 1105 3398 1167 generant
3421 1098 3530 1152 ini-

1941 1189 2237 1256 micitiam;
2287 1203 2522 1260 quorum
2583 1187 2855 1260 praecipua
2916 1203 3045 1258 pars
3107 1199 3235 1246 sunt
3285 1192 3531 1249 haeretici

1941 1290 2102 1352 atque
2125 1281 2480 1346 schismatici,
2509 1281 2603 1351 qui
2631 1280 2758 1334 dum
2789 1287 2968 1336 sectas
2998 1280 3217 1338 inutiles
3239 1281 3532 1341 defendere

1941 1376 2198 1448 gestiunt,
2227 1374 2606 1431 contentiones
2652 1381 2708 1429 et
2736 1373 2991 1430 scandala
3038 1372 3222 1430 facere
3256 1391 3365 1433 non
3416 1393 3536 1434 me-

1941 1475 2118 1523 tuunt.
2174 1466 2407 1523 Proinde
2457 1464 2657 1521 Paulus
2711 1465 2989 1536 apostolus
3012 1465 3301 1524 Timotheo
3327 1483 3530 1540 praece-

1940 1557 2060 1628 pit,
2099 1557 2282 1614 dicens
2327 1577 2340 1613 :
2391 1575 2410 1609 ί
2465 1555 2586 1612 Noli
2632 1557 2812 1613 verbis
2856 1558 3226 1627 contendere,
3279 1561 3349 1616 ad
3395 1561 3531 1616 nihil

1941 1649 2089 1705 enim
2110 1649 2242 1705 utile
2263 1657 2349 1705 est
2385 1648 2494 1704 nisi
2533 1648 2602 1703 ad
2649 1647 3058 1704 subversionem
3083 1649 3416 1706 audientium
3442 1651 3530 1723 (II

1945 1739 2080 1794 Tim.
2111 1739 2195 1813 ll).
2227 1759 2248 1792 ι
2279 1739 2350 1794 Εῑ
2378 1738 2574 1794 iterum
2613 1755 2626 1793 :
2667 1758 2686 1792 ι
2733 1731 2964 1806 Stultas,
2999 1740 3099 1808 ait,
3135 1749 3192 1797 et
3223 1741 3342 1798 sine
3369 1742 3530 1798 disci-

239 1841 520 1898 crudclem
552 1851 608 1896 et
637 1839 919 1895 inimicum
937 1879 953 1905 ,
986 1838 1289 1910 praesertim
1319 1853 1446 1892 cum
1476 1851 1637 1892 nemo
1663 1837 1836 1908 possit
1861 1830 1910 1890 B
1937 1831 2084 1903 plina
2118 1831 2444 1903 quaestiones
2466 1831 2669 1898 devita,
2699 1831 2878 1888 sciens
2905 1833 3033 1904 quia
3084 1842 3347 1905 generant
3387 1834 3529 1892 lites.

238 1950 470 1990 suorum
510 1933 833 1990 delictorum
869 1948 901 1987 a
939 1931 1052 1989 Deo
1081 1932 1343 2002 consequi
1370 1931 1585 1987 veniam
1606 1973 1621 1999 ,
1655 1932 1750 2002 qui
1785 1931 1838 1986 in

236 2040 299 2082 se
343 2026 681 2097 delinquenti
728 2041 839 2083 non
882 2023 1002 2080 vult
1044 2023 1179 2080 dare
1223 2024 1632 2098 indulgentiam.
1685 2024 1839 2082 Unde

235 2117 357 2187 subj
366 2119 586 2189 ungitur

312 2229 333 2262 ι
368 2210 500 2279 Quis
522 2212 766 2269 exoravit
791 2227 891 2283 pro
918 2210 1135 2269 delictis
1161 2211 1338 2268 illius?
1375 2229 1394 2263 ι
1424 2210 1503 2267 Ac
1525 2211 1574 2268 si
1603 2211 1835 2278 diceret,

236 2302 447 2370 Nemo;
495 2305 622 2375 quia
666 2305 872 2361 frustra
917 2305 1040 2376 quis
1079 2319 1181 2376 pro
1225 2305 1318 2361 illo
1345 2304 1518 2362 Deum
1554 2313 1709 2373 orat,
1743 2306 1836 2377 qui

232 2410 345 2450 tton
374 2393 494 2452 vult
512 2411 638 2452 cum
667 2395 838 2454 fratre
862 2397 1186 2454 charitatem
1225 2395 1430 2452 habere
1479 2411 1644 2469 quam
1688 2396 1836 2454 Deus

242 2487 492 2542 mandat.
1315 2482 1322 2489 ’

312 2596 332 2629 ι
367 2564 638 2635 Memento
687 2580 1111 2638 novissimorum
1163 2589 1221 2638 et
1272 2581 1460 2639 desine
1509 2581 1830 2640 inimicari:

236 2685 260 2720 ι
303 2670 549 2726 tabitudo
574 2672 722 2729 enim
744 2681 799 2731 et
823 2690 972 2732 mors
995 2674 1244 2732 imminet
1265 2675 1323 2731 in
1339 2676 1619 2732 mandatis
1639 2675 1776 2752 ejus.
1808 2696 1828 2731 ι

232 2758 338 2827 Qui
372 2763 725 2820 novissimam
777 2767 968 2824 horam
1015 2775 1140 2823 ante
1187 2767 1374 2824 oculos
1419 2768 1600 2839 cordis
1646 2769 1832 2836 habet,

236 2868 468 2910 necesse
497 2864 582 2912 est
620 2866 684 2912 ut
712 2873 771 2913 se
795 2874 827 2913 a
853 2859 1018 2914 vitiis‘
1051 2867 1347 2930 temperet,
1372 2858 1657 2931 Scriptura
1690 2870 1835 2918 atte-

235 2953 444 3012 stantc,
477 2963 598 3018 quae
625 2950 702 3004 ait
736 2967 748 3002 :
788 2969 806 3002 ι
841 2949 901 3006 In
936 2951 1190 3007 omnibus
1217 2951 1472 3023 operibus
1494 2953 1602 3008 tuis
1630 2967 1836 3010 memo-s

237 3053 369 3095 rare
425 3041 722 3098 novissima
777 3051 891 3110 tua,
921 3052 978 3099 et
1029 3044 1086 3099 in
1134 3052 1396 3100 aeternum
1426 3057 1536 3100 non
1580 3044 1835 3116 peccabis

233 3127 412 3201 (Eccl.
471 3131 592 3206 vn).
625 3153 645 3186 ι
683 3133 952 3192 Tabitudo
1004 3135 1148 3190 enim
1181 3143 1238 3191 et
1274 3151 1424 3192 mors
1477 3137 1725 3193 imminet
1778 3137 1835 3192 in

232 3222 530 3291 mandatis,
573 3225 786 3298 quiain
830 3228 1102 3284 mandatis
1153 3228 1251 3284 Dei
1306 3229 1398 3285 ubi
1457 3230 1603 3286 salus
1655 3238 1838 3287 exstat

233 3315 409 3372 Deum
442 3317 760 3375 timentibus
805 3331 861 3376 et
915 3330 1186 3393 praecepta
1211 3320 1328 3392 ejus
1380 3323 1833 3392 eustodientibus,

233 3409 311 3466 ibi
341 3410 505 3466 etiam
526 3411 766 3468 vindicta
785 3423 1085 3484 praeparata
1113 3415 1565 3483 inobedientibus,
1590 3425 1645 3472 et
1665 3403 1836 3472 Deum

232 3487 728 3559 contemnentibus.
761 3503 916 3562 Unde
965 3506 1082 3576 ipsa
1108 3504 1327 3563 Veritas
1356 3506 1411 3561 in
1440 3507 1734 3576 Evangelio
1767 3508 1837 3564 ad

231 3589 456 3648 Iudaeos
493 3593 610 3648 ait:
647 3613 666 3647 ‹
708 3594 886 3652 Nolite
935 3604 1129 3668 putare
1156 3597 1286 3669 quia
1332 3613 1430 3669 ego
1485 3605 1838 3656 accusaturus

234 3681 344 3740 sim
393 3698 490 3740 vos
515 3685 655 3754 apud
682 3685 923 3742 Patrem.
971 3687 1069 3745 Est
1097 3689 1189 3760 qui
1215 3698 1440 3746 accusat
1464 3705 1560 3747 vos
1589 3689 1834 3763 Moyses,

233 3771 296 3828 in
352 3787 460 3843 quo
510 3788 607 3830 vos
651 3779 882 3846 speratis
939 3779 1123 3850 (Joan.
1179 3779 1258 3854 v).
1300 3800 1318 3832 ι
1353 3780 1423 3837 Et
1473 3781 1642 3838 item:
1677 3802 1696 3834 ‹
1733 3782 1837 3851 Qui

233 3862 450 3932 spernit
482 3877 570 3918 me
594 3871 652 3919 et
684 3880 792 3920 non
824 3866 1023 3938 accipit
1061 3869 1228 3925 verba
1257 3884 1403 3937 mea,
1432 3870 1599 3926 habet
1628 3872 1720 3942 qui
1747 3871 1838 3942 ju-

235 3955 382 4011 dicet
420 3968 546 4010 eum
577 3973 591 4012 :
626 3972 805 4015 sermo
833 3974 996 4030 quem
1044 3960 1258 4017 locutus
1289 3977 1432 4028 sum,
1461 3961 1549 4019 ille
1570 3962 1838 4034 judicabit

236 4060 362 4100 eum
388 4047 440 4102 in
471 4047 766 4106 novissimo
790 4051 876 4107 die
910 4051 1095 4126 (Joan.
1121 4053 1246 4124 xu).
1282 4075 1302 4106 ι

332 4153 350 4187 ι
385 4133 685 4196 Memorare
713 4143 965 4200 timorem
994 4144 1115 4212 Dei,
1141 4153 1198 4201 et
1229 4162 1338 4202 non
1362 4146 1620 4203 irascaris
1647 4147 1835 4220 proxi~

246 4252 267 4284 ι
306 4245 416 4285 mo.
448 4228 752 4286 Memorare
788 4239 1172 4293 testamentum
1216 4239 1506 4306 Altissimi,
1537 4248 1594 4296 et
1618 4241 1839 4310 despice

245 4343 267 4374 ι
310 4322 675 4394 ignorantiam
701 4325 957 4395 proximi.
996 4347 1016 4380 ι
1059 4326 1163 4396 Qui
1193 4329 1366 4386 Deum
1397 4332 1584 4398 timet,
1615 4333 1753 4387 iram
1782 4341 1838 4388 et

243 4414 482 4469 furorem
533 4416 590 4471 in
628 4419 918 4488 semetipso
971 4430 1204 4489 coercet,
1234 4434 1290 4479 et
1336 4439 1447 4480 non
1497 4424 1838 4480 obliviscitur

243 4506 553 4562 testamenti
580 4506 864 4577 Altissimi,
888 4511 981 4581 qui
1004 4521 1225 4582 pactum
1256 4513 1398 4569 inter
1418 4529 1476 4570 se
1501 4522 1557 4572 et
1587 4515 1838 4571 homines

243 4595 551 4662 constituit,
573 4605 634 4651 ut
658 4597 751 4667 qui
790 4597 950 4653 vellet
976 4603 1354 4662 remissionem
1389 4614 1741 4677 peccatorum
1771 4607 1840 4663 ab

243 4701 310 4743 eo
339 4686 607 4756 accipere,
642 4685 758 4756 ipse
795 4702 903 4742 non
934 4687 1262 4745 detractaret
1283 4691 1660 4762 proximorum
1687 4710 1841 4749 com-

243 4778 414 4833 missa
439 4777 671 4847 benigno
697 4777 879 4834 animo
910 4778 1211 4852 indulgere.
1241 4781 1382 4838 Dicit
1412 4783 1559 4839 enim
1582 4785 1700 4856 ipsa
1729 4785 1840 4843 Ve-

244 4871 384 4925 ritas
413 4888 426 4924 :
463 4890 482 4922 ι
519 4869 744 4926 Dimitte
771 4880 827 4926 et
854 4872 1156 4929 dimittetur
1182 4875 1356 4942 vobis,
1386 4877 1511 4933 date
1542 4886 1598 4932 et
1628 4877 1845 4934 dabitur

245 4962 400 5019 vobis
428 4962 581 5034 (Luc.
606 4962 705 5037 vt).
744 4982 763 5015 ι
805 4965 873 5020 Ει
910 4965 964 5019 in
1010 4964 1270 5022 Oratione
1297 4968 1578 5025 Dominica
1599 4969 1840 5040 ejusdem

247 5055 391 5126 pacti
419 5056 834 5112 conventionem
854 5057 1118 5114 habemus
1144 5060 1236 5114 ubi
1263 5060 1493 5117 dicimus
1518 5064 1588 5118 ad
1619 5063 1788 5118 Deum
1821 5083 1834 5120 :

250 5163 270 5196 (
311 5145 531 5201 Dimitte
569 5146 727 5202 nobis
751 5145 932 5202 debita
962 5156 1170 5215 nostra,
1211 5151 1352 5207 sicut
1406 5160 1462 5209 et
1489 5169 1589 5210 nos
1616 5154 1843 5210 dimitti-

251 5253 370 5292 mus
400 5239 737 5296 debitoribus
759 5242 961 5297 nostris
1001 5241 1218 5314 (Mattlt.
1247 5244 1344 5316 vi).
1391 5263 1410 5297 ι

327 5348 345 5380 ε
383 5327 608 5385 Abstine
639 5341 690 5384 te
719 5347 748 5383 a
777 5333 894 5398 lite,
924 5343 978 5389 et
998 5335 1208 5392 minucs
1227 5346 1482 5406 peccata;
1508 5340 1671 5397 homo
1695 5342 1840 5398 enim

257 5439 276 5473 ι
323 5421 616 5477 iracundus
649 5421 890 5477 incendit
919 5421 1087 5485 litem,
1119 5435 1175 5475 ct
1204 5428 1287 5475 vir
1311 5437 1568 5491 peccator
1603 5432 1845 5488 turbabit.

260 5534 279 5566 ι
317 5513 540 5577 amicos,
577 5522 630 5567 et
672 5513 727 5567 in
778 5511 955 5568 medio
985 5527 1174 5583 pacem
1223 5513 1540 5568 habentium
1588 5512 1844 5568 immittet

259 5624 279 5656 ι
315 5604 679 5660 inimicitiam.
720 5625 738 5656 ι
776 5604 1051 5673 Quantum
1083 5605 1285 5659 malum
1331 5604 1402 5660 sit
1431 5603 1562 5672 litis,
1591 5613 1647 5660 et
1679 5621 1844 5676 quan-

259 5708 372 5753 tum
403 5698 743 5753 inhonestum
774 5699 846 5753 sit
873 5699 1080 5754 homini
1122 5698 1431 5754 Christiano
1480 5701 1841 5758 contentioni-

261 5794 358 5848 bus
411 5807 473 5846 ac
521 5792 652 5845 rixa:
699 5793 1004 5860 deservire,
1052 5795 1249 5850 Paulus
1303 5796 1568 5862 ostendit,
1613 5797 1839 5852 dicens:

620 5887 896 5948 PATROL.
937 5886 1100 5948 CIX.

1943 1925 2173 1982 Servum
2211 1933 2393 1983 autem
2441 1926 2658 1983 Domini
2705 1943 2816 1983 non
2873 1937 3091 1999 oportet
3143 1929 3387 2002 litigare,
3437 1932 3532 1989 sed

1939 2028 2284 2076 mansuetum
2314 2035 2436 2076 esse
2481 2021 2550 2077 ad
2598 2036 2824 2090 omnes,
2854 2022 3177 2093 docibilem,
3206 2025 3527 2097 patientem,

1937 2125 2064 2168 cum
2119 2112 2387 2169 modestia
2414 2113 2805 2185 corripientem
2847 2130 2944 2173 eos
2977 2118 3071 2188 qui
3101 2117 3361 2174 resistunt
3389 2118 3533 2173 veri-

1939 2203 2041 2260 tati
2064 2203 2150 2277 (ΙΙ
2183 2202 2321 2260 Tim.
2353 2204 2440 2276 ll).
2472 2224 2492 2259 ι

2013 2314 2033 2348 ι
2077 2294 2389 2352 Secundum
2435 2297 2582 2352 enim
2619 2297 2765 2369 ligna
2813 2298 2963 2355 silvae
3001 2299 3083 2356 sic
3124 2299 3267 2372 ignis
3303 2299 3530 2357 exarde-

1943 2405 1963 2439 ‹
2009 2387 2147 2455 scit,
2173 2395 2229 2442 et
2252 2388 2551 2445 secundum
2573 2389 2832 2446 virtutem
2870 2391 3105 2448 hominis
3143 2392 3225 2448 sic
3253 2392 3534 2449 iracundia

1943 2499 1962 2532 ι
2009 2478 2155 2536 illius
2191 2480 2319 2548 erit,
2349 2490 2406 2536 et
2441 2482 2742 2538 secundum
2773 2483 3130 2539 substantiam
3180 2499 3338 2540 suam
3381 2484 3533 2540 exal-

1943 2591 1962 2624 ι
2007 2574 2145 2630 tabit
2169 2574 2310 2630 iram
2343 2591 2518 2631 suam.
2554 2594 2575 2628 ι
2615 2575 2852 2632 Pulchra
2891 2579 3231 2648 comparatio
3260 2593 3366 2648 qua
3397 2577 3532 2634 furi-

1935 2664 2101 2719 hundi
2125 2666 2428 2736 potentiam
2456 2666 2729 2724 assimilat
2759 2668 2829 2724 ad
2857 2668 3132 2741 lignorum
3162 2669 3377 2736 silvam,
3409 2671 3536 2741 quia

1936 2757 2078 2813 sicut
2104 2759 2495 2815 nutrimentum
2518 2761 2660 2832 ignis
2697 2770 2825 2818 sunt
2861 2763 3030 2835 ligna,
3063 2763 3140 2820 ita
3183 2773 3537 2837 augmentum

1936 2849 2206 2905 scelerum
2258 2850 2505 2908 iracundi
2535 2852 2598 2908 fit
2625 2855 2890 2924 potentia.
2929 2856 3147 2924 Quanto
3183 2859 3331 2914 enim
3361 2857 3534 2928 majo-

1935 2955 2054 2997 rem
2092 2943 2462 3001 valctudinem
2503 2946 2670 3002 habet
2712 2949 2766 3002 in
2815 2957 3116 3020 potestate,
3153 2959 3304 3007 tanto
3344 2951 3538 3008 fortior

1935 3044 2020 3091 est
2062 3036 2117 3091 in
2147 3035 2350 3094 furoris
2393 3039 2708 3107 nimietate;
2743 3051 2799 3097 et
2844 3053 3053 3113 quanto
3092 3043 3278 3115 plures
3306 3046 3407 3102 sub
3438 3063 3536 3103 sua

1940 3128 2310 3187 dominatione
2353 3131 2550 3199 habet,
2595 3141 2747 3191 tanto
2787 3136 3037 3208 pluribus
3067 3155 3166 3195 sua
3191 3139 3537 3198 immanitate

1863 3200 1909 3265 C
1942 3234 2122 3280 nocet.

2020 3336 2038 3368 (
2077 3317 2367 3375 Certamen
2417 3320 2733 3379 festinatum
2785 3324 3042 3382 incendet
3092 3328 3309 3400 ignem,
3364 3335 3420 3384 et
3471 3329 3570 3385 lis.

1946 3429 1965 3462 ι
2007 3408 2274 3467 festinans
2295 3412 2537 3470 effundet
2561 3417 2905 3488 sanguinem,
2937 3427 2993 3474 et
3021 3419 3204 3492 lingua
3235 3419 3535 3476 tcstiticans

1945 3519 1966 3554 ι
2008 3503 2239 3559 adducet
2267 3516 2522 3563 mortem.
2561 3528 2580 3561 ι
2623 3509 2764 3577 Quid
2810 3512 2887 3586 in_
2913 3513 3213 3570 certamine
3258 3513 3537 3581 festinato,

1938 3593 2046 3650 nisi
2079 3594 2374 3652 indiscreta
2405 3600 2548 3656 actio
2576 3601 2925 3672 designatur?
2963 3603 3238 3675 Quidquid
3269 3605 3414 3661 enim
3455 3605 3538 3660 in-

1941 3684 2175 3742 discrete
2205 3687 2403 3759 agitur,
2435 3688 2596 3747 facile
2626 3691 2682 3746 in
2706 3693 2901 3748 vitium
2928 3695 3194 3763 vertitur;
3223 3696 3369 3751 unde
3396 3711 3538 3766 prte—

1937 3788 2159 3850 ceptum
2187 3789 2272 3838 est
2299 3799 2311 3836 :
2343 3781 2423 3839 Ne
2441 3783 2573 3855 quid
2595 3783 2759 3841 nimis
2781 3785 2898 3842 fiat.
2924 3784 3064 3844 Hinc
3091 3797 3148 3844 et
3173 3787 3537 3845 Ecclesiastes

1937 3872 2118 3940 docet,
2169 3874 2400 3932 dicens:
2436 3895 2456 3928 ς
2491 3877 2612 3933 Noli
2665 3893 2787 3936 esse
2824 3880 3007 3952 justus
3057 3881 3314 3949 multum,
3357 3896 3539 3952 neque

1937 3963 2061 4036 plus
2093 3966 2278 4037 sapias
2299 3983 2464 4038 quam
2493 3983 2719 4027 necesse
2745 3979 2850 4038 est,
2888 3988 2957 4027 nc
2981 3972 3338 4044 obstupescas
3362 3971 3536 4044 (Eccl.

1939 4054 2059 4128 vn).
2103 4075 2123 4109 ›
2154 4057 2232 4112 De
2263 4073 2374 4130 quo
2401 4075 2620 4116 rursum
2649 4062 2766 4117 ait:
2804 4082 2824 4115 ι
2866 4062 2946 4120 Ne
2975 4073 3181 4121 temere
3204 4065 3336 4137 quid
3359 4065 3542 4137 loqua-

1940 4147 2018 4203 ris
2036 4189 2050 4215 ,
2094 4163 2272 4220 neque
2299 4166 2395 4207 eor
2425 4161 2577 4208 tuum
2606 4153 2679 4210 sit
2722 4154 2881 4212 velox
2905 4157 2973 4212 ad
3000 4158 3389 4228 proferendum
3419 4173 3538 4215 ser-

1939 4255 2158 4297 monem
2184 4256 2368 4298 coram
2392 4243 2504 4300 Deo
2528 4245 2699 4317 (Eccl.
2724 4247 2801 4317 v).
2837 4267 2857 4301 ι
2885 4248 3024 4303 Hinc
3053 4251 3251 4306 iterum
3277 4253 3539 4319 scriptum
3567 4311 3572 4318 ,

1939 4338 2024 4388 est
2055 4349 2070 4386 :
2112 4351 2130 4385 ι
2167 4331 2470 4391 Haareditas
2503 4337 2571 4392 ad
2609 4353 2774 4407 quam
2818 4339 3107 4396 festinatur
3147 4341 3204 4396 in
3249 4342 3538 4413 principio,

1941 4421 1997 4477 in
2019 4424 2316 4482 novissimo
2356 4426 2736 4484 benedictione
2783 4430 2992 4486 carebit
3042 4430 3228 4505 (Prov.
3259 4431 3374 4505 xx).
3415 4453 3436 4487 ι
3473 4434 3544 4490 Ει

1945 4514 2073 4571 alibi
2118 4516 2358 4588 legitur:
2395 4537 2414 4570 (
2462 4518 2564 4587 Qui
2622 4519 2856 4578 festinus
2894 4531 2980 4578 est
3020 4525 3282 4594 pedibus,
3315 4525 3542 4582 offendit

1949 4604 2136 4678 (Prov.
2171 4607 2309 4681 xix).
2358 4629 2376 4662 ›
2413 4609 2709 4682 Disciplina
2753 4627 2886 4684 ergo
2932 4613 3294 4671 immoderata
3341 4617 3544 4672 excitat

1951 4697 2202 4754 ardorem
2232 4697 2456 4764 furoris,
2481 4709 2537 4756 et
2561 4716 2768 4770 procax
2790 4702 3006 4774 loquela
3033 4705 3182 4776 parit
3220 4705 3542 4762 effusionem

1948 4789 2250 4859 sanguinis,
2301 4798 2465 4862 atque
2514 4794 2736 4850 deducit
2779 4796 2836 4851 in
2891 4795 3146 4868 laqueum
3184 4806 3398 4856 mortis.
3432 4798 3542 4855 Sed

1949 4881 2077 4952 quia
2104 4882 2160 4937 in
2187 4894 2375 4940 nostra
2404 4884 2674 4956 potestate
2698 4897 2785 4946 est
2807 4898 2995 4946 utrum
3024 4893 3163 4947 iram
3183 4891 3540 4962 perficiamus

1950 4987 2020 5026 an
2040 4988 2169 5041 non,
2200 4977 2445 5046 sequitur
2479 4996 2493 5032 :

2028 5083 2046 5116 ι
2079 5065 2138 5122 Si
2162 5065 2465 5126 sufflaveris
2488 5069 2543 5125 in
2566 5072 2860 5130 scintillam
2885 5075 3042 5145 quasi
3073 5075 3215 5144 ignis
3235 5073 3541 5143 exardebit,

1955 5173 1977 5208 ι
2014 5164 2070 5210 ct
2095 5157 2141 5212 si
2175 5159 2458 5230 exspueris
2475 5175 2639 5231 super
2659 5162 2829 5230 illam,
2861 5163 3236 5232 exstinguetur
3264 5181 3278 5218 :
3309 5170 3366 5220 et
3392 5173 3543 5220 utra-

1956 5265 1976 5299 ι
2012 5263 2118 5319 que
2147 5265 2216 5305 ex
2237 5264 2333 5306 ore
2351 5251 2790 5322 proﬁciscuntur.
2823 5273 2844 5307 ι
2877 5253 2959 5308 Ex
2984 5252 3387 5310 inconsiderata
3413 5268 3544 5327 ergo

1950 5340 2222 5398 locutione
2249 5342 2331 5398 ira
2357 5344 2648 5412 excitatur,
2676 5352 2730 5400 et
2749 5345 2795 5400 si
2814 5345 3112 5416 prudenter
3138 5353 3544 5419 temperateque

1949 5436 2174 5492 verbum
2200 5437 2508 5512 profertur],
2547 5439 2781 5495 excitata
2823 5438 3103 5496 iracundia
3133 5440 3314 5494 subito
3340 5441 3544 5496 exstin-

1947 5533 2161 5587 guctur.
2204 5529 2359 5574 Utine
2389 5531 2442 5574 tu
2476 5531 2786 5579 Proverbiis
2827 5525 3024 5598 legitur
3052 5545 3065 5582 :
3099 5547 3118 5580 ‹
3152 5527 3347 5586 Sermo
3373 5532 3542 5589 durus

1947 5606 2175 5662 suscitat
2197 5608 2364 5674 rixas,
2379 5616 2434 5664 et
2455 5625 2635 5667 sermo
2655 5613 2792 5670 lenis
2810 5617 3020 5689 mitigat
3037 5620 3330 5676 suscitatas
3349 5621 3537 5693 (Prov.

1950 5701 2063 5770 xv).
2101 5723 2118 5753 ι
2165 5701 2231 5757 Et
2276 5703 2414 5759 bene
2439 5704 2637 5761 dicitur
2682 5711 2825 5779 quod
2849 5719 3078 5782 utraque
3103 5730 3170 5767 cx
3199 5730 3294 5770 ore
3321 5714 3512 5783 profici

1951 5803 2190 5858 scantur,
2251 5795 2378 5864 quia
2439 5812 2583 5852 mors
2646 5809 2700 5854 et
2763 5802 2869 5856 vita
2922 5803 2975 5856 in
3022 5804 3271 5856 manibus
3317 5803 3536 5870 lingua},

3065 5893 3136 5951 31
