4030 6484
581 359 683 420 θη

583 476 728 535 sicut
773 470 894 542 ipsa
937 461 1154 524 Veritas
1196 467 1466 528 testatur,
1520 459 1707 517 dicens
1754 477 1768 514 :

585 568 692 624 tuis
711 556 1118 634 iustiﬁcaberis,
1145 560 1202 612 et
1232 555 1321 626 ex]
1340 551 1523 609 verbis
1565 551 1673 608 tuis
1725 545 2177 606 condemnaberis

585 657 802 729 (Matth.
828 650 952 723 ιιι).
988 667 1009 705 ι

1200 734 1430 794 CAPUT
1465 734 1559 790 IX.

589 839 665 894 De
707 835 850 893 male
873 835 1068 906 lingua:
1105 833 1163 887 in
1208 845 1494 887 susurrans
1523 837 1570 884 et
1598 826 1826 899 bilingue
1878 825 2176 882 commisso.

663 928 952 992 «.Susurre
1001 925 1146 982 enim
1191 931 1248 980 et
1288 922 1546 995 bilinguis
1596 920 1916 977 maledictus
1941 938 1953 973 :
1983 919 2182 976 multos

595 1044 613 1076 ι
652 1039 797 1080 enim
848 1020 1091 1078 turbabit
1141 1033 1334 1088 pacem
1376 1015 1658 1072 habentes.
1703 1032 1722 1066 ι
1765 1013 1939 1081 Quem
1989 1012 2182 1068 melius

592 1127 944 1174 susurronem
967 1121 1024 1168 et
1059 1110 1352 1181 nilinguem
1388 1122 1674 1180 possumus
1718 1105 1990 1177 appellare
2019 1119 2183 1176 quam

591 1207 904 1263 btereticum
923 1243 937 1270 ,
963 1203 1055 1273 qui
1106 1199 1318 1256 occulte
1347 1197 1690 1254 machinatur
1719 1196 1892 1261 dolos,
1924 1205 1985 1249 ut
2032 1193 2184 1249 deci-

589 1299 705 1370 piat
733 1294 1080 1373 innocentes?
1102 1291 1202 1348 Hic
1226 1306 1354 1363 ergo
1375 1289 1627 1359 bilinguis
1646 1295 1750 1354 est,
1777 1287 1868 1357 qui
1895 1285 2186 1356 aliquando

593 1405 647 1444 ιη
669 1389 920 1460 dogmate
965 1400 1062 1442 suo
1091 1382 1298 1456 profert
1340 1396 1468 1436 vera
1489 1422 1503 1446 ,
1531 1379 1818 1450 aliquando
1845 1393 1973 1434 vero
1999 1377 2134 1432 falsa
2168 1393 2181 1432 :

592 1490 648 1536 et
692 1481 772 1535 sic
797 1479 989 1534 miscet
1031 1484 1085 1531 et
1121 1474 1399 1531 confundit
1427 1473 1629 1538 omnia,
1652 1479 1712 1526 ut
1740 1471 1994 1526 omnibus
2024 1469 2186 1523 ﬁdem

593 1586 780 1627 sanam
805 1577 860 1625 et
888 1575 1092 1625 rectam
1121 1566 1447 1622 habentibus
1474 1564 1581 1618 sint
1619 1561 1831 1617 inutilia
1862 1576 1877 1616 ι
1911 1561 1999 1616 hic
2039 1559 2187 1614 enim

599 1679 616 1713 ι
656 1659 891 1716 turbabit
915 1657 1114 1714 multos
1139 1669 1327 1726 pacem
1353 1655 1635 1719 habentes,
1675 1671 1694 1703 ι
1735 1651 1861 1722 quia
1892 1665 1987 1706 eos
2011 1649 2102 1720 qui
2131 1649 2186 1703 in

592 1754 800 1810 unitate
845 1753 971 1809 ﬁdei
1019 1760 1074 1808 et
1124 1766 1256 1822 pace
1283 1747 1537 1804 Ecclesiae
1580 1746 1908 1811 eonlstunt,
1940 1759 1972 1799 a
1999 1741 2184 1815 regula

593 1831 838 1903 veritatis
863 1845 1176 1902 discordare
1206 1842 1438 1898 faciunt.

670 1959 687 1991 ε
725 1936 1109 2011 Lingua'tertia
1135 1942 1331 1992 multos
1359 1933 1672 1998 commovit,
1703 1938 1758 1987 et
1784 1928 2039 2001 dispersit
2064 1926 2183 1982 illos

601 2053 618 2084 ι
655 2032 722 2087 de
742 2040 903 2101 gente
933 2033 988 2086 in
1008 2036 1243 2102 gentem.
1276 2026 1538 2084 Civitates
1565 2032 1806 2080 muratas
1830 2021 2054 2078 divitum
2088 2019 2182 2074 de—

601 2143 619 2174 ι
654 2124 876 2189 struxit,
917 2133 974 2177 et
1024 2122 1212 2177 domos
1254 2125 1634 2190 magnatorum
1690 2115 1892 2172 effodit.
1945 2114 2185 2170 Virtutes

600 2237 617 2268 ‹
658 2216 979 2288 populorum
1033 2213 1298 2276 concidit,
1342 2220 1396 2268 et
1449 2218 1639 2282 gentes
1689 2207 1859 2264 fortes
1917 2205 2180 2262 dissolvit.

593 2325 620 2360 ς
655 2307 856 2379 Lingua
903 2307 1059 2362 tertia
1113 2304 1368 2360 mulieres
1419 2303 1587 2360 fortes
1635 2299 1816 2370 eiecit,
1851 2307 1906 2356 et
1946 2297 2187 2370 privavit

602 2417 621 2452 ι
655 2399 775 2454 illas
795 2398 1070 2455 laboribus
1093 2397 1224 2452 suis.
1271 2415 1288 2447 ι
1323 2396 1586 2466 Linguam
1627 2393 1844 2449 tertiam
1885 2392 2059 2463 ipsam
2091 2391 2188 2445 do-

596 2491 829 2546 ctrinam
859 2490 1092 2561 appellat
1116 2488 1522 2554 haereticorum,
1553 2502 1674 2558 quae
1702 2502 1803 2542 nec
1842 2485 2026 2542 Veteri
2077 2483 2183 2539 Tc-

598 2592 866 2640 stamento
887 2598 986 2639 nec
1005 2583 1154 2639 Novo
1169 2584 1478 2638 concerdat.
1499 2579 1628 2637 Haec
1647 2595 1861 2651 semper
1879 2580 2188 2634 auditorum

597 2689 821 2731 suorum
849 2675 1010 2731 corda
1055 2674 1440 2746 superstitione
1466 2673 1779 2740 conturbat,
1809 2681 1864 2727 et
1909 2673 1975 2726 de
2029 2678 2191 2742 gente

597 2767 658 2826 in
707 2778 920 2842 gentem
983 2784 1211 2841 pergens
1255 2768 1548 2824 seditiones
1591 2767 1816 2822 excitat.
1871 2783 1890 2815 ι
1928 2763 2190 2820 Civitates

595 2872 842 2921 muratae
882 2865 1107 2919 divitum
1164 2863 1418 2929 destruit,
1460 2871 1515 2918 et
1559 2863 1748 2917 domes
1811 2866 2190 2932 magnatorum

595 2952 803 3021 eﬂ‘odit,
846 2974 864 3005 ι
895 2970 1018 3010 cum
1064 2968 1158 3009 eos
1183 2954 1274 3024 qui
1318 2954 1500 3024 magni
1557 2954 1624 3007 ab
1668 2953 1788 3008 aliis
1831 2952 2188 3018 aestimantur,

597 3048 682 3103 vel
701 3063 759 3103 se
779 3063 1002 3119 magnos
1031 3063 1129 3118 per
1158 3047 1452 3103 elationem
1503 3046 1700 3101 mentis
1743 3059 1863 3101 esse
1891 3045 2190 3112 conﬁdunt,

597 3154 629 3192 a
661 3147 802 3194 statu
833 3140 1170 3195 rectitudinis
1200 3138 1480 3208 dejiciunt,
1510 3147 1565 3193 et
1589 3139 1957 3194 habitaculum
1993 3139 2191 3194 crude-

597 3232 766 3287 litatis
797 3248 907 3288 sua:
937 3234 1432 3290 machinationibus
1459 3233 1660 3289 dolosis
1707 3232 2003 3299 cﬂodiunt,
2029 3243 2192 3304 atque
2220 3209 2268 3274 c-

595 3325 948 3391 subvertunt;
975 3326 1142 3380 robur
1170 3325 1488 3396 populorum
1511 3333 1566 3380 et
1597 3323 1836 3381 studium
1869 3325 2194 3380 discentium

599 3417 805 3472 malitia
840 3434 938 3474 sua
966 3417 1278 3485 concidunt,
1305 3428 1363 3472 et
1383 3417 1552 3474 fortes
1581 3426 1768 3490 gentes
1797 3418 1853 3472 in
1880 3418 2197 3488 operatione

600 3506 717 3561 utili
764 3507 1084 3573 dissolvunt,
1115 3509 1241 3577 quia
1279 3509 1409 3563 dum
1437 3523 1628 3562 sanam
1664 3506 1826 3562 ﬁdem
1862 3521 1958 3562 eos
1996 3507 2198 3561 habere

599 3615 707 3654 non
731 3601 1072 3669 permittunt,
1103 3607 1273 3655 totum
1325 3599 1567 3655 laborem
1615 3599 1832 3655 illorum
1857 3599 2194 3671 dispergunt.

607 3709 624 3742 ι
672 3689 802 3745 Sine
827 3690 934 3746 ﬁde
962 3691 1106 3747 enim
1137 3691 1470 3762 impossibile
1494 3699 1582 3746 est
1619 3691 1837 3762 placere
1863 3691 1975 3746 Deo
2005 3689 2193 3764 (Hebr.

602 3780 702 3853 χι).
743 3799 760 3832 ι
801 3780 913 3838 Hoc
941 3781 1106 3836 etiam
1140 3782 1411 3853 signiﬁcat
1448 3782 1580 3837 illud
1603 3783 1750 3854 quod
1775 3783 1926 3850 dicit,
1955 3782 2198 3853 linguam

603 3871 822 3926 tertiam
880 3871 1137 3928 mulieres
1165 3871 1333 3929 fortes
1382 3873 1602 3944 ejicere,
1633 3883 1687 3928 et
1716 3873 1935 3944 privare
1972 3873 2097 3927 illas
2129 3873 2200 3927 de

602 3964 880 4022 laboribus
907 3966 1044 4033 suis,
1075 3965 1206 4036 quia
1234 3965 1446 4022 animas
1496 3966 1778 4021 hominum
1805 3967 1910 4036 piis
1943 3966 2200 4036 operibus

603 4060 916 4116 insistentes
942 4059 1184 4116 consiliis
1212 4059 1462 4116 nefandis
1499 4057 1854 4126 defraudant,
1879 4067 1935 4115 et
1953 4059 2197 4116 laborem

603 4164 794 4206 eorum
829 4150 1113 4222 dissipant.

681 4259 702 4292 ε
737 4241 841 4309 Qui
863 4242 1085 4315 respicit
1107 4242 1257 4299 illam
1281 4257 1390 4298 non
1415 4241 1580 4299 habet
1602 4242 1847 4313 requiem
1867 4282 1884 4310 ,
1921 4257 2023 4299 nec
2046 4243 2201 4299 habia

610 4353 628 4384 ι
665 4333 797 4388 tabit
843 4349 968 4389 cum
1019 4334 1226 4405 requie.
1279 4333 1506 4406 Flagelli
1557 4333 1719 4403 plaga
1750 4335 1975 4391 livorem
2027 4333 2196 4400 facit;

610 4441 628 4474 ι
663 4422 816 4493 plaga
845 4431 1024 4479 autem
1047 4425 1244 4495 lingua:
1265 4425 1597 4480 comminuet
1628 4441 1774 4481 ossa.
1807 4425 1960 4481 Multi
1991 4426 2200 4482 occide-'-

609 4534 628 4567 ι
665 4524 792 4570 runt
816 4516 870 4572 in
907 4531 1003 4572 ore
1053 4516 1235 4586 gladii,
1269 4517 1364 4572 sed
1416 4531 1521 4572 non
1563 4517 1642 4572 sic
1686 4518 1842 4588 quasi
1889 4518 2199 4574 interierint

610 4622 630 4655 ι
662 4620 760 4674 per
781 4605 1020 4675 linguam
1038 4623 1214 4662 suam.
1251 4628 1270 4660 ι
1303 4607 1591 4679 Nunquam
1613 4624 1743 4681 ergo
1769 4610 1934 4666 habet
1952 4611 2197 4680 requiem

604 4695 700 4764 qui
720 4697 949 4752 attendit
975 4701 1044 4755 ad
1068 4700 1447 4756 haereticorum
1468 4703 1786 4768 vanitatem,
1808 4703 1902 4759 sed
1927 4703 2198 4774 ﬂagellum

603 4787 800 4860 lingua:
823 4804 1013 4846 eorum
1055 4792 1226 4865 plagae
1251 4793 1367 4862 ejus
1395 4794 1590 4866 inﬂigit
1612 4794 1840 4851 livorem
1857 4837 1872 4862 ,
1901 4804 1958 4851 et
1986 4798 2198 4854 roboris

603 4882 938 4939 conrminuet
965 4883 1363 4942 fortitudinem.
1390 4885 1578 4942 Nullus
1605 4887 1752 4942 enim
1779 4901 1939 4944 casus
1967 4897 2054 4945 est
2077 4904 2202 4944 cru-

604 4974 775 5030 delior
823 4977 994 5034 ruinae
1018 4981 1396 5049 eorum,quia
1438 4995 1548 5034 non
1589 4995 1789 5050 corpus
1833 4983 1927 5038 sed
1964 4983 2202 5037 animam

604 5078 1036 5138 persequuntur;
1058 5081 1114 5126 et
1135 5088 1489 5144 quoscunque
1509 5073 1771 5129 seducere
1792 5083 2038 5146 possunt,
2066 5075 2206 5145 igni-

607 5158 708 5216 bus
734 5160 1014 5229 perpetuis
1036 5161 1277 5218 tradunt.

683 5270 702 5302 ‹
749 5251 944 5308 Beatus
968 5253 1061 5324 qui
1108 5263 1284 5310 tectus
1328 5264 1413 5310 est
1434 5271 1464 5310 a
1494 5255 1678 5328 lingua
1708 5270 1963 5326 nequam,
1990 5258 2117 5328 quia
2146 5259 2202 5314 in

615 5359 634 5394 ‹
675 5342 1007 5399 iracundiam
1043 5345 1187 5400 illius
1209 5361 1316 5401 non
1349 5347 1623 5414 transivit,
1655 5356 1712 5402 et
1749 5348 1842 5417 qui
1870 5363 1977 5403 non
2030 5357 2205 5405 attra-

616 5453 634 5486 ι
676 5436 754 5489 xit
790 5437 979 5505 iugum
1011 5435 1159 5504 eius,
1189 5438 1328 5493 etin
1358 5439 1589 5495 vinculis
1617 5439 1761 5496 illius
1791 5455 1899 5496 non
1939 5449 2026 5498 est
2068 5442 2203 5516 liga-

615 5543 634 5575 ι
678 5533 782 5581 tus.
810 5525 1006 5596 Jugum
1035 5524 1183 5580 enim
1207 5526 1354 5578 illius
1373 5529 1562 5593 Jugum
1583 5530 1818 5578 ferreum
1845 5542 1951 5589 est,
1986 5539 2042 5579 et
2080 5541 2204 5580 vin-

616 5633 633 5666 ‹
675 5615 855 5669 culum
911 5614 1081 5684 ipsius
1135 5613 1409 5668 vinculum
1452 5627 1651 5667 aereum
1698 5619 1798 5667 est.
1848 5610 1992 5667 Mors
2038 5613 2200 5681 illius,

616 5725 633 5754 ι
680 5721 824 5760 mors
847 5705 1178 5774 nequissima
1200 5712 1305 5767 est,
1329 5711 1383 5757 et
1405 5702 1549 5757 utilis
1571 5701 1750 5772 potius
1773 5699 2016 5759 infernus
2039 5719 2204 5774 quam

620 5813 635 5842 ι
686 5796 790 5847 illa.
839 5817 856 5848 ι
894 5797 1288 5852 Beatitudinem
1319 5794 1390 5849 illi
1423 5795 1671 5859 ascribit,
1705 5796 1796 5864 qui
1838 5811 1945 5850 non
1979 5812 2205 5852 consen-

1220 344 1283 403 Β.
1324 331 1581 399 unum
1619 338 1840 398 usum
1877 336 2197 397 ancnmr.
2239 314 2553 394 MOGUNT.
2593 329 2883 392 OPERUM
2919 331 3100 390 rans
3134 332 3176 388 ι.

1818 475 1838 509 ι
1870 457 1952 513 Ex
1993 456 2176 513 verbis

2282 453 2347 510 tit
2390 452 2648 523 nequitiae
2695 449 3110 515 hreretieorum,
3141 454 3194 503 et
3222 444 3380 518 cujus
3416 459 3506 503 eor
3546 447 3790 520 amiterna

2584 106 2618 113 ,—

2281 561 2473 604 eorum
2519 547 2838 603 subvertere
2883 558 2991 598 non
3036 539 3268 612 poterit‘,
3312 538 3438 610 quia
3474 539 3604 595 sicut
3636 540 3793 604 dicam

2280 648 2367 697 est
2412 639 2482 695 ab
2529 653 2721 694 eorum
2775 635 3006 701 malitia,
3037 635 3115 689 ita
3171 647 3366 690 exsors
3398 632 3503 688 erit
3544 633 3595 688 in
3629 632 3795 694 ultionis

2280 747 2463 804 paena.
2498 729 2619 787 Non
2663 729 2809 786 enim
2859 727 2961 784 sub
2989 727 3120 800 iugo
3157 734 3208 782 et
3241 724 3470 781 vinculis
3508 722 3613 793 ejus
3637 739 3687 781 se
3725 727 3797 781 im-

2281 823 2473 895 plicari
2506 820 2808 886 consensit,
2847 818 3102 890 quoniam
3133 817 3329 890 jugum
3363 816 3478 888 ejus
3517 815 3797 874 durissimum

2281 925 2387 984 est,
2417 925 2472 974 et
2497 916 2850 989 ligamentum
2879 913 3024 969 illius
3058 913 3413 967 diuturnum:
3447 924 3560 981 qua:
3597 911 3686 966 sibi
3708 926 3798 967 eon-

2285 1012 2612 1069 sentientem
2663 1011 2718 1066 in
2769 1016 3003 1065 mortem
3033 1007 3312 1063 deducunt
3359 1012 3670 1078 perpetuam.
3691 1006 3800 1063 Unde

2286 1105 2418 1162 dicit
2447 1104 2638 1160 utilem
2665 1105 2848 1174 potius
2878 1102 3152 1160 infernum
3179 1114 3306 1157 esse
3335 1115 3496 1170 quam
3540 1093 3693 1166 illam,
3712 1104 3800 1171 quia

2286 1198 2481 1254 melius
2505 1206 2588 1253 est
2614 1196 2956 1268 corporalem
3011 1192 3386 1265 temporaliter
3431 1192 3643 1262 perdere
3662 1194 3799 1261 vitam,

2287 1305 2451 1361 quam
2487 1305 2610 1346 cum
2641 1290 2731 1345 illa
2779 1290 3094 1345 societatem
3146 1289 3200 1342 in
3230 1289 3480 1359 gebenna
3501 1287 3679 1341 habere
3715 1303 3800 1358 pcr-

2286 1390 2525 1453 pctuam.
2579 1380 2722 1437 Sane
2769 1382 3026 1452 quoniam
3072 1394 3179 1435 non
3227 1378 3482 1434 omnibus
3515 1391 3686 1434 nocere
3703 1393 3799 1448 prc-

2287 1471 2524 1539 valebit,
2573 1473 2670 1528 sed
2719 1471 2848 1529 solis
2900 1471 3223 1544 perditionis
3267 1470 3396 1526 ﬁliis
3438 1488 3450 1522 :
3486 1481 3803 1540 consequenter

2288 1567 2548 1622 ostendit.

2368 1674 2386 1708 ‹
2423 1656 2840 1713 Perseverantia
2880 1656 3026 1713 illius
3055 1671 3165 1713 non
3212 1656 3576 1729 permanebit,
3603 1655 3683 1710 sed
3703 1655 3800 1709 obti-

2296 1772 2315 1804 ε
2361 1751 2513 1808 nebit
2571 1753 2688 1808 vias
2739 1752 3095 1823 injustorum;
3147 1757 3200 1805 et
3258 1751 3316 1804 in
3369 1748 3578 1804 ﬂamma
3621 1762 3700 1803 sua
3731 1762 3800 1802 non

2217 1836 2266 1897 B
2299 1863 2319 1897 α
2363 1844 2648 1901 comburet
2694 1843 2895 1913 iustos.
2941 1843 3046 1910 Qui
3072 1842 3463 1912 derelinquunt
3489 1841 3734 1896 Dominum
3751 1842 3804 1894 in-

2293 1955 2312 1990 ι
2358 1937 2540 1993 cident
2568 1937 2625 1992 in
2652 1935 2822 2003 illam,
2848 1944 2903 1991 et
2925 1935 3207 1991 exardeblt
3237 1935 3295 1990 in
3333 1935 3442 1990 illis
3463 1943 3516 1989 et
3542 1949 3635 1989 non
3657 1934 3802 1989 exstin-

2292 2049 2313 2083 ι
2358 2037 2572 2101 guetur,
2602 2037 2659 2085 et
2679 2028 3021 2100 .immittetur
3061 2027 3120 2082 in
3165 2026 3290 2082 illos
3335 2026 3490 2097 quasi
3514 2025 3606 2092 leo,
3625 2033 3672 2081 et
3694 2025 3804 2096 quasi

2295 2140 2314 2175 ι
2355 2121 2557 2194 pardus
2584 2121 2743 2177 laedet
2761 2119 2904 2176 illos.
2945 2140 2962 2172 ιι
3001 2119 3154 2175 Licet
3176 2118 3326 2176 enim
3358 2125 3562 2174 tentare
3581 2123 3803 2189 pnesunnt

2289 2212 2586 2269 electorum
2625 2211 2818 2277 corda,
2856 2225 2964 2267 non
2986 2209 3190 2282 poterit
3216 2209 3533 2265 subvertere
3560 2207 3657 2272 illa,
3680 2221 3802 2274 neque

2290 2306 2345 2361 in
2369 2305 2588 2360 malitiae
2613 2318 2728 2360 suae
2774 2305 3095 2360 comburere
3140 2302 3397 2368 ﬂamma;
3424 2301 3514 2357 sed
3558 2300 3802 2368 lnjustomm

2289 2399 2532 2454 actiones
2557 2396 2845 2462 obtinebit,
2869 2403 2924 2451 et
2944 2402 3156 2450 mentes
3184 2393 3602 2464 delinquentium
3622 2392 3666 2445 in
3687 2391 3802 2445 Deum

2291 2492 2605 2564 captivabit.
2644 2510 2663 2543 ι
2701 2490 2997 2546 Exardcbit
3021 2499 3202 2545 autem
3233 2491 3288 2544 in
3326 2489 3434 2544 illis
3461 2496 3514 2542 ct
3551 2502 3642 2541 non
3663 2485 3802 2539 exstin-

2292 2592 2505 2655 ϐυθίων
2553 2601 2572 2634 ι
2616 2581 2872 2652 quoniam
2901 2581 2994 2651 qui
3034 2581 3123 2636 hic
3168 2581 3366 2635 ardent
3387 2579 3440 2634 in
3476 2577 3658 2633 malitia
3681 2576 3722 2629 in
3748 2576 3801 2626 in-

2293 2672 2430 2727 ferni
2472 2679 2736 2743 perpetua
2770 2671 3160 2727 cruciabuntur
3185 2668 3428 2725 ﬂamma.
3467 2666 3562 2724 Ubi
3604 2665 3674 2721 leo
3706 2663 3802 2718 iero-

2294 2765 2564 2829 cissimus,
2592 2765 2697 2820 hoc
2725 2773 2828 2830 est,
2861 2763 3108 2818 diabolus
3155 2762 3272 2833 (qui
3320 2769 3377 2816 et
3424 2759 3610 2831 pardus
3648 2765 3802 2828 propter

2294 2858 2507 2913 diversa
2537 2856 2764 2922 scelera,
2797 2865 2852 2910 et
2869 2869 3157 2926 prunarum
3184 2855 3338 2909 varia
3367 2859 3621 2909 tormenta
3644 2848 3724 2906 dici
3747 2860 3805 2915 pc

2297 2950 2423 3021 test)
2451 2949 2568 3004 sine
2588 2948 2699 3002 ﬁne
2721 2949 2910 3018 puniet
2941 2947 3084 3002 illos.

2373 3063 2391 3094 ι
2431 3041 2558 3112 Sepi
2582 3056 2746 3096 aures
2773 3049 2896 3095 tuas
2937 3039 3130 3110 spinis,
3165 3046 3220 3094 et
3268 3036 3382 3093 noli
3425 3035 3600 3092 audire
3633 3032 3804 3101 linguam

2301 3156 2320 3189 ι
2355 3152 2615 3208 nequam,
2655 3146 2710 3191 et
2747 3136 2830 3190 ori
2869 3143 2961 3190 tuo
2989 3134 3155 3189 facito
3180 3133 3324 3188 ostia
3366 3141 3423 3188 et
3465 3143 3617 3187 seras.
3650 3145 3664 3178 ι
3697 3123 3802 3178 Post-

2297 3247 2460 3302 quam
2482 3230 2548 3286 de
2578 3231 2720 3286 malo
2743 3229 2943 3300 linguae
2964 3229 3282 3286 susurronis
3309 3226 3575 3289 disseruit,
3599 3221 3656 3276 ad
3671 3215 3806 3272 doctri-

2298 3338 2426 3378 nam
2474 3321 2653 3377 devoti
2685 3321 2950 3376 auditoris
2978 3335 3038 3376 se
3064 3320 3363 3386 convertit,
3399 3318 3662 3372 admonens
3684 3307 3803 3366 illum.

2298 3426 2359 3473 ut
2412 3432 2573 3472 aures
2598 3431 2724 3472 suas
2753 3415 2924 3485 spinis
2951 3415 3146 3486 sepiat,
3169 3416 3278 3471 hoc
3302 3423 3406 3479 est,
3437 3407 3619 3466 aculeis
3658 3399 3805 3457 timoris

2298 3507 2395 3565 Dei
2417 3509 2659 3564 auditum
2688 3523 2843 3563 suum
2869 3514 3145 3573 coerceat,
3172 3521 3242 3562 ne
3289 3504 3550 3576 loquelam
3574 3510 3698 3554 suam
3721 3504 3804 3563 prt-

2299 3615 2425 3667 vam
2454 3609 2511 3656 et
2534 3615 2851 3672 perversam
2877 3599 3122 3671 linguam
3147 3600 3354 3656 audiat.
3397 3597 3559 3653 Ponat
3580 3587 3804 3648 custodiam

2301 3692 2386 3749 ori
2411 3707 2530 3759 suo,
2573 3699 2628 3747 et
2654 3693 2855 3748 ostium
2887 3693 3298 3749 circunstantiaa
3338 3691 3490 3746 labiis
3517 3687 3632 3749 suis,
3658 3688 3702 3735 ut
3734 3689 3803 3731 non

2301 3785 2535 3841 declinet
2563 3800 2627 3840 os
2647 3801 2805 3841 suum
2834 3786 2889 3840 in
2930 3786 3134 3842 malum
3173 3786 3422 3850 verbum,
3452 3783 3516 3836 ad
3551 3769 3805 3834 excusandas

2300 3877 2680 3933 excusationes
2709 3878 2765 3931 in
2793 3879 3055 3948 peccatis.
3111 3877 3384 3934 Cohibeat
3410 3875 3626 3946 linguam
3659 3873 3802 3923 sunt!”t

2301 3969 2465 4034 male,
2493 3977 2552 4024 et
2596 3968 2740 4024 labia
2789 3970 2908 4040 ejus
2933 3985 3005 4026 ne
3033 3970 3333 4040 loquantur
3378 3967 3568 4024 dolum.
3607 3960 3805 4028 Scriptum

2303 4068 2386 4116 est
2427 4060 2574 4116 enim
2611 4080 2622 4116 :
2673 4081 2692 4112 ‹
2743 4059 2980 4118 Verbum
3026 4061 3259 4117 mendax
3304 4060 3482 4131 justus
3535 4049 3803 4114 detestabili!r

2303 4149 2488 4226 (Prov.
2522 4153 2665 4226 xui).
2715 4174 2734 4206 ›
2773 4154 2878 4210 Ubi
2923 4165 3106 4211 autem
3136 4154 3372 4227 plurima
3410 4152 3562 4205 verba
3604 4151 3726 4203 sunt,
3753 4135 3800 4191 ibi

2301 4242 2616 4314 frequenter
2642 4251 2886 4315 egestas;
2917 4252 2973 4299 et
2994 4245 3129 4312 'quia
3159 4249 3451 4312 utrumque
3473 4248 3664 4294 necesse
3687 4237 3748 4286 est
3767 4235 3803 4280 ut

2303 4335 2468 4391 homo
2493 4335 2793 4391 catholicus
2820 4343 2878 4391 et
2905 4349 3126 4390 sensum
3162 4349 3362 4405 purum
3389 4332 3571 4390 habeat
3597 4334 3642 4382 ct
3660 4328 3800 4379 rectam

2303 4429 2654 4496 locutionem,
2684 4430 2936 4501 protinus
2962 4427 3239 4500 subiungit
3271 4447 3284 4482 :

2379 4542 2399 4574 ‹
2437 4521 2644 4577 Aurum
2679 4529 2831 4576 tuum
2872 4528 2928 4576 et
2953 4529 3239 4592 argentum
3275 4517 3466 4582 conﬂa,
3490 4521 3540 4570 et
3560 4508 3704 4567 verbis
3730 4503 3801 4556 tuis

2312 4633 2331 4668 ι
2364 4614 2531 4670 facito
2576 4622 2863 4676 stateram,
2895 4620 2948 4664 et
2991 4612 3174 4664 frenos
3219 4608 3303 4664 ori
3331 4618 3424 4665 tuo
3468 4613 3653 4666 rectos;
3678 4603 3719 4652 et
3745 4599 3800 4646 at-

2313 4725 2332 4758 ι
2366 4707 2526 4761 tende
2557 4719 2628 4760 ne
2658 4704 2799 4760 forte
2835 4701 3038 4758 labaris
3087 4703 3142 4758 in
3191 4703 3373 4774 lingua
3403 4711 3509 4767 tua,
3537 4706 3586 4753 et
3628 4683 3802 4749 cadasin

2313 4815 2333 4850 ι
2365 4805 2658 4868 conspectu
2680 4797 3029 4852 inimicorum
3056 4804 3274 4851 tuorum
3303 4791 3642 4851 insidiantium
3661 4780 3746 4843 tibi,
3768 4783 3802 4828 tl

2313 4907 2334 4942 ι
2371 4889 2442 4945 sit
2486 4903 2647 4944 casus
2675 4896 2803 4944 tuus
2847 4885 3168 4943 insanabilis
3223 4887 3278 4941 in
3329 4893 3616 4941 mortem.)
3657 4870 3798 4927 Αιππω

2307 4997 2440 5054 ergo
2494 4997 2652 5038 suum
2707 4990 2869 5053 atque
2932 4987 3214 5052 argentum
3269 4977 3479 5043 conﬁat,
3523 4971 3602 5044 qui
3651 4969 3799 5054 sensum

2309 5053 2711 5143 tractatumque
2760 5071 2944 5127 cordis
2997 5072 3080 5127 sui
3133 5081 3188 5126 ct
3241 5071 3552 5127 locutionem
3596 5058 3685 5116 oris
3720 5053 3797 5123 ίεηε

2310 5163 2546 5234 Spiritus
2593 5164 2765 5219 sancti
2815 5163 3179 5219 examinando
3211 5170 3442 5235 purgat,
3472 5165 3526 5213 ut
3551 5145 3722 5208 veritati
3742 5153 3797 5194 ca-

2309 5256 2522 5312 tholicae
2552 5255 2673 5310 fidei
2694 5296 2708 5322 ,
2741 5263 2796 5310 et
2822 5253 3021 5326 regulae
3055 5268 3336 5310 sacrarum
3373 5248 3715 5320 Scripturarum
3733 5239 3796 5300 l3"r

2309 5348 2490 5405 omnia
2526 5362 2756 5404 concors
2803 5347 2926 5411 ﬁat;
2975 5347 3068 5417 qui
3097 5353 3274 5401 autem
3315 5348 3597 5399 sermonum
3641 5333 3795 5419 suorutn

2309 5440 2576 5497 cautelam
2624 5440 2829 5494 habere
2871 5452 2978 5488 non
3021 5443 3206 5500 curat,
3240 5445 3558 5504 consequens
3582 5430 3650 5480 est
3685 5423 3726 5470 υῑ
3760 5423 3794 5462 υ¹

2308 5530 2600 5592 conspectu
2632 5521 2978 5576 inimicorum
3003 5539 3248 5590 suorum,
3275 5526 3375 5580 hoc
3397 5531 3494 5587 cst,
3523 5511 3794 5583 malignorum

2308 5614 2597 5684 spirituum
2623 5614 2725 5668 sibi
2754 5614 3126 5670 insidiantium
3157 5626 3374 5672 corruat
3401 5635 3411 5669 :
3439 5613 3580 5669 etiam
3611 5604 3700 5675 ejus
3735 5602 3791 5643 (³·

2312 5725 2404 5766 sus
2437 5710 2491 5765 in
2516 5717 2691 5766 morte
2712 5720 2969 5782 perpetua
2994 5713 3310 5770 insanabilis
3341 5721 3433 5770 est.
