4030 6498
309 599 390 658 De
434 599 638 671 fenore,
669 603 722 652 et
764 594 889 666 quid
937 594 996 649 in
1050 611 1115 671 eo
1137 594 1441 666 faciendum
1491 596 1560 652 sit
1591 596 1780 669 quidve
1830 597 1908 651 vi.

985 667 1230 723 tandum.
1605 667 1612 669 “
1679 683 1688 690 ·

384 783 536 857 (Car.
566 783 744 857 xxxx.)
779 804 798 837 ‹
829 783 932 851 Qui
960 783 1091 839 facit
1142 781 1596 850 misericordiam,
1627 782 1911 841 feneratur

316 895 336 929 ι
369 876 626 947 proximo
663 890 796 943 suo;
843 886 900 930 et
944 874 1035 946 qui
1085 874 1343 945 praevalet
1388 889 1593 942 manu,
1650 877 1909 935 mandata

318 988 338 1022 ο
379 977 586 1025 servat.
631 988 651 1022 ›
684 967 965 1024 Hortatur
1013 968 1283 1040 sapientia
1342 970 1616 1027 auditores
1664 985 1791 1028 suos
1839 970 1910 1029 ad

311 1060 705 1133 benignitatem
730 1061 1141 1128 misericordiae,
1175 1069 1232 1117 et
1255 1060 1324 1117 ad
1364 1061 1676 1132 largitatem
1704 1062 1909 1120 beneﬁ-

311 1154 526 1221 centia,
554 1152 849 1210 ostendens
896 1153 977 1209 eis
1036 1153 1181 1223 quod
1230 1154 1323 1224 qui
1383 1162 1664 1226 promptus
1710 1155 1783 1211 sit
1839 1155 1911 1212 ad

310 1244 749 1315 misericordiam
773 1284 790 1311 ,
837 1252 893 1300 et
927 1244 1110 1317 largus
1133 1244 1201 1300 ad
1224 1244 1566 1316 praebendam
1606 1245 1907 1319 eleemosy-

312 1351 462 1405 nam,
487 1336 802 1393 mandatum
829 1336 923 1394 Dei
948 1345 1147 1405 servet,
1172 1344 1335 1409 atque
1360 1353 1457 1409 pro
1478 1339 1579 1395 hoc
1603 1341 1909 1396 mercedem

311 1429 510 1487 bonam
539 1428 643 1486 sibi
674 1429 729 1483 in
761 1428 947 1485 futuro
969 1438 1266 1500 praeparet;
1294 1430 1369 1485 ait
1397 1430 1541 1486 enim
1578 1432 1693 1502 ipse
1723 1431 1909 1488 Domi-

312 1538 416 1579 nus
445 1538 460 1577 :
501 1538 521 1574 t
549 1522 652 1591 Qui
673 1521 811 1594 petit
837 1538 867 1578 a
899 1530 973 1590 te,
1008 1523 1074 1579 da
1104 1523 1185 1589 ei;
1217 1533 1271 1579 et
1315 1524 1517 1581 volenti
1568 1532 1743 1581 tecum
1786 1541 1908 1581 mu-

311 1626 448 1685 tare,
498 1632 567 1674 ne
614 1618 887 1675 averseris
936 1617 1155 1689 (Matth.
1180 1619 1270 1691 v);
1319 1642 1338 1675 ι
1371 1632 1426 1677 et
1480 1623 1655 1678 item:
1694 1640 1713 1675 ‹
1750 1622 1909 1693 Date,

311 1709 514 1783 inquit,
539 1720 597 1767 et
640 1711 860 1767 dabitur
915 1712 1069 1768 vobis
1104 1711 1256 1786 (Luc.
1283 1714 1384 1785 vt).
1444 1734 1463 1768 ι
1499 1714 1606 1771 Sed
1653 1718 1909 1786 quoniam

311 1817 498 1861 eorum
524 1803 637 1860 Deo
668 1802 877 1876 justum
905 1814 989 1860 est
1017 1811 1079 1859 ut
1103 1805 1332 1877 aequitas
1362 1806 1419 1861 in
1438 1806 1691 1863 omnibus
1726 1822 1911 1863 serve-

1158 385 1513 445 connuur.
1554 387 1623 445 IN
1662 362 2279 446 ECCLESIASTICUM.
2321 414 2389 430 -
2426 386 2556 445 LIB.
2596 382 2708 446 vn.

3493 392 3601 454 974

1931 504 1988 567 Α
2017 519 2039 554 ι
2083 502 2312 574 pecunia
2343 519 2464 571 sua,
2493 511 2550 560 et
2570 500 2866 576 possidebit
2886 501 3039 559 illum
3086 501 3366 562 inimicum
3408 507 3597 579 gratis,

2015 616 2037 653 ι
2073 607 2129 655 et
2155 599 2393 657 convitia
2423 607 2476 657 et
2509 601 2795 657 maledicta
2822 601 3013 658 reddet
3041 599 3153 669 illi,
3185 611 3241 659 et
3262 617 3363 675 pro
3390 603 3600 664 honore

2016 702 2036 742 ι
2077 698 2135 745 et
2166 688 2427 746 beneflcio
2453 690 2641 747 reddet
2667 689 2741 746 illi
2781 690 3182 748 contumeliam.
3225 712 3244 747 ι
3279 692 3600 767 Hujusmodi

2009 795 2141 855 ergo
2189 782 2436 839 morbum
2478 783 2735 854 nequitia:
2780 800 2889 841 non
2941 785 3047 840 alia
3077 800 3166 843 res
3194 787 3390 845 melius
3419 799 3601 859 curat,

2010 886 2173 947 quam
2203 875 2367 932 timor
2386 876 2688 948 majestatis
2710 876 2923 933 divinae.
2958 876 3060 945 Qui
3084 892 3213 951 ergo
3257 879 3427 935 Deum
3456 895 3604 937 sem-

2008 981 2109 1039 per
2141 969 2198 1024 in
2224 969 2390 1025 corde
2417 969 2583 1025 habet
2607 980 2954 1041 praesentem,
2980 970 3238 1027 nimirum
3264 973 3601 1044 pertimescit

2010 1067 2204 1116 contra
2229 1058 2397 1116 ullum
2423 1058 2701 1116 hominem
2731 1059 2787 1116 in
2818 1059 2994 1132 aliqua
3024 1075 3084 1118 re
3114 1072 3431 1135 perpetrare
3457 1062 3603 1122 frau-

2011 1152 2155 1209 dem.

2089 1266 2107 1298 ι
2153 1244 2304 1303 Multi
2353 1261 2461 1304 non
2509 1258 2674 1304 causa
2726 1248 2985 1319 nequitiae
3034 1247 3460 1320 feneraverunt,
3512 1251 3609 1310 sed

2018 1359 2037 1392 ‹
2074 1340 2314 1396 fraudari
2354 1343 2525 1415 gratis
2562 1343 2878 1399 timuerunt.
2922 1364 2940 1396 ι
2986 1342 3101 1401 Hac
3134 1345 3300 1418 igitur
3337 1347 3607 1403 sententia

2013 1430 2229 1488 illorum
2260 1435 2578 1505 qualitatem
2602 1436 2892 1508 etprimit,
2930 1436 3023 1509 qui
3067 1437 3191 1494 dolo
3225 1439 3481 1512 nequitiae
3508 1456 3608 1497 ne-

2013 1525 2216 1580 minem
2254 1523 2452 1581 lredere
2486 1534 2775 1599 appetunt;
2821 1527 2917 1583 sed
2967 1527 3021 1583 in
3069 1528 3176 1585 hoc
3224 1527 3613 1601 vituperabiles

2013 1629 2159 1685 sunt,
2182 1618 2325 1689 quod
2354 1619 2476 1677 aliis
2496 1629 2720 1692 propter
2747 1620 2999 1678 timorem
3030 1623 3395 1694 periturarum
3426 1639 3611 1680 rerum

2012 1711 2273 1783 prodesse
2300 1712 2510 1768 nolunt.
2545 1712 2698 1769 Unde
2721 1724 2911 1769 contra
2939 1714 3042 1770 hoc
3074 1715 3275 1770 malum
3303 1714 3614 1772 misericor—

2014 1800 2117 1857 diae
2139 1810 2194 1856 et
2227 1803 2510 1858 charitatis
2538 1805 2750 1861 medela
2779 1808 3097 1876 opponenda
3122 1814 3232 1874 est,
3265 1816 3321 1863 et
3352 1808 3611 1865 recorda-

311 1905 424 1966 ων,
445 1898 552 1953 hoc
570 1907 677 1964 εει,
706 1906 769 1952 ιιι
812 1896 1079 1969 indigenti
1104 1899 1357 1969 proximo
1404 1898 1563 1955 fenus
1586 1908 1907 1969 praestetur;

2025 1893 2092 1949 tio
2122 1892 2264 1950 illius
2292 1896 2590 1952 Dominicae
2618 1899 2920 1965 sententiae,
2950 1914 3056 1969 qua
3085 1899 3162 1953 ait
3195 1917 3208 1954 :
3242 1919 3259 1950 ι
3292 1898 3471 1957 Nolite
3497 1900 3616 1957 the-

311 2001 370 2050 et
394 1993 594 2049 iterum
645 1991 943 2050 feneratori
988 1992 1095 2059 ille,
1134 1994 1227 2064 qui
1279 2002 1525 2050 mutuum
1571 1996 1799 2066 accepit,
1824 1995 1915 2065 jus

312 2097 474 2141 suum
498 2084 711 2152 reddat,
733 2098 857 2141 cum
884 2092 1066 2141 nmen
1114 2085 1267 2141 multi
1292 2087 1401 2143 sint
1421 2087 1512 2157 qui
1566 2086 1811 2143 fraudem
1856 2085 1913 2143 in

314 2176 612 2234 fenerando
643 2176 872 2244 faciunt,
898 2192 969 2233 ne
1008 2177 1187 2249 aliqua
1218 2178 1368 2234 fraus
1396 2179 1492 2235 ﬁat
1517 2179 1572 2234 in
1606 2178 1720 2234 ullo
1759 2192 1912 2235 com-

312 2267 537 2332 mercio,
560 2269 813 2339 protinus
831 2266 1132 2338 subjungit,
1157 2270 1348 2327 dicens
1371 2289 1384 2325 :

390 2376 413 2410 ι
452 2358 725 2416 Fenerare
770 2361 1021 2431 proximo
1052 2369 1144 2417 tuo
1184 2363 1239 2416 in
1281 2370 1526 2433 tempore
1569 2363 1916 2420 necessitatis

322 2466 343 2502 ι
382 2449 551 2517 iilius,
577 2459 634 2507 et
682 2452 881 2508 iterum
908 2453 1075 2509 redde
1122 2455 1369 2525 proximo
1410 2455 1467 2510 in
1514 2462 1757 2527 tempore
1790 2470 1909 2512 suo.

318 2557 339 2592 ι
374 2541 653 2598 Goniirma
695 2545 947 2610 verbum,
979 2553 1036 2599 et
1066 2544 1298 2601 ﬁdeliter
1328 2560 1430 2617 age
1458 2560 1583 2601 cum
1612 2546 1734 2614 illo;
1767 2555 1822 2603 et
1858 2547 1914 2603 in

319 2647 340 2683 ι
380 2632 531 2688 omni
581 2640 827 2704 tempore
880 2634 1126 2692 invenies
1187 2635 1333 2706 quod
1387 2636 1485 2691 tibi
1543 2638 1916 2694 necessarium

320 2743 341 2777 ι
380 2733 485 2780 est.
528 2744 550 2779 ι
581 2724 642 2782 Si
670 2725 816 2782 enim
849 2726 979 2783 [idea
1000 2736 1055 2784 et
1074 2729 1286 2800 justitia
1303 2729 1372 2784 ab
1399 2737 1653 2799 utroque,
1680 2730 1785 2787 hoc
1807 2740 1914 2798 est,

314 2830 346 2871 a
366 2815 653 2873 i'enerante
676 2826 736 2874 et
759 2826 1008 2874 mutuum
1035 2820 1360 2889 accipiente,
1383 2829 1655 2888 servatur,
1692 2830 1747 2876 et
1768 2822 1917 2878 nulla

315 2905 468 2964 fraus
510 2909 563 2965 in
608 2925 799 2967 eorum
845 2911 1066 2981 negotio
1112 2912 1378 2967 dominari
1426 2912 1803 2982 permittitur,
1858 2914 1917 2969 in

315 3002 463 3057 omni
518 3010 759 3074 tempore
787 3003 1065 3060 invenient
1090 3005 1235 3074 quod
1257 3004 1363 3060 sibi
1396 3005 1769 3061 necessarium
1809 3012 1916 3072 est,

315 3093 443 3163 quia
499 3094 728 3165 gratiam
777 3094 870 3150 Dei
928 3095 1229 3161 habebunt,
1264 3112 1386 3167 qua:
1439 3096 1681 3152 omnium
1734 3108 1918 3151 113mm

316 3186 742 3245 emolumentum
792 3188 1087 3243 maximum
1133 3197 1252 3254 est;
1285 3190 1363 3244 ait
1396 3190 1543 3245 enim
1568 3189 1686 3260 ipse
1732 3189 1916 3244 Do'ni-

319 3294 459 3335 nus:
496 3298 515 3331 ι
548 3279 794 3336 Primum
843 3282 1069 3351 quaerite
1116 3297 1345 3351 regnum
1398 3283 1494 3338 Dei
1545 3291 1602 3339 et
1640 3282 1913 3352 justitiam

318 3370 458 3442 ejus,
483 3380 540 3428 et
562 3372 678 3428 haec
702 3373 887 3429 omnia
924 3374 1250 3444 adjicientur
1285 3374 1442 3430 vobis
1489 3373 1706 3446 (Matth.
1750 3374 1851 3447 vr).
1890 3394 1911 3427 ι

319 3462 428 3518 Sed
450 3464 708 3534 quoniam
736 3464 893 3521 multi
923 3473 1048 3521 sunt
1070 3466 1176 3535 qui‘
1191 3466 1333 3521 banc
1355 3480 1453 3535 per
1479 3465 1588 3521 doli
1616 3466 1916 3535 nequitiam

318 3555 555 3624 perdunt
579 3596 595 3621 ,
622 3556 1052 3613 machinationes
1075 3572 1264 3612 eorum
1296 3564 1349 3612 et
1373 3570 1557 3613 mores
1590 3557 1643 3611 in
1682 3570 1919 3626 sequen-

319 3649 466 3703 tibus
487 3650 764 3705 describit.

397 3760 415 3793 r
454 3740 607 3797 Multi
654 3744 811 3813 quasi
867 3744 1235 3800 inventionem
1284 3743 1698 3800 aestimaverunt
1732 3744 1913 3812 fenus,

328 3850 349 3885 ι
393 3838 449 3888 et
473 3821 846 3901 praestiterunt
892 3834 1199 3891 molestiam
1252 3834 1338 3891 his
1368 3836 1461 3907 qui
1488 3850 1548 3892 se
1572 3835 1914 3907 adjuverunt.

326 3942 349 3977 ι
393 3926 574 3981 Donec
603 3925 1249 3998 aecipiant,osculantur
1288 3940 1511 3983 manum
1557 3928 1757 3995 dantis,
1783 3936 1839 3984 et
1865 3927 1922 3982 in

326 4037 348 4072 ι
392 4019 847 4089 promissionibus
898 4020 1191 4076 humiliant
1236 4034 1429 4077 vocem
1477 4035 1633 4078 suam
1680 4062 1693 4078 .
1754 4030 1810 4077 et
1865 4021 1922 4076 in

329 4127 353 4163 ι
399 4118 644 4179 tempore
664 4112 986 4170 redditionis
1009 4112 1308 4183 postulabit
1330 4120 1565 4185 tempus,
1586 4121 1642 4169 et
1667 4114 1921 4184 loquetur

330 4218 354 4254 ι
396 4202 563 4256 verba
592 4203 738 4257 tardii
766 4214 823 4256 et
873 4206 1399 4274 murmurationum,
1436 4215 1492 4262 et
1544 4215 1757 4279 tempus
1785 4222 1917 4263 can-

328 4312 355 4346 ί
397 4293 625 4350 sabitur.
685 4293 745 4350 Si
788 4306 970 4351 autem
1020 4299 1258 4367 potuerit
1300 4299 1559 4365 reddere,
1604 4300 1923 4356 adversatur

332 4403 355 4438 ί
397 4386 589 4454 solide,
620 4387 708 4443 vix
756 4388 948 4445 reddet
972 4389 1277 4457 dimidium,
1305 4400 1362 4447 et
1401 4391 1739 4462 computabit
1792 4392 1923 4449 illud

335 4495 359 4533 ι
403 4480 557 4551 quasi
614 4480 1000 4539 inventionem.
1049 4482 1149 4539 Sin
1179 4490 1360 4540 autem
1384 4524 1401 4554 ,
1448 4483 1724 4542 iiaudabit
1770 4485 1920 4541 illum

337 4650 1547 4677 ——-——-—————————

2018 1987 2295 2043 saurizare
2332 1989 2487 2045 vobis
2533 1990 2821 2047 thesauros
2866 1990 2920 2046 in
2962 1997 3143 2058 terra,
3193 1990 3287 2047 ubi
3332 2007 3513 2062 aerugo
3561 1999 3620 2050 et

2019 2078 2162 2135 tinea
2195 2080 2516 2146 demolitur,
2559 2088 2612 2136 et
2641 2082 2732 2137 ubi
2770 2083 2918 2139 fures
2960 2083 3223 2139 eii'odiuut
3251 2090 3306 2140 et
3342 2082 3615 2141 furantur.

2018 2171 2410 2230 Thesaurizate
2439 2184 2621 2231 autem
2652 2176 2806 2232 vobis
2837 2178 3123 2233 thesauros
3144 2177 3199 2232 in
3222 2177 3382 2244 C(elo,
3406 2177 3498 2233 ubi
3525 2191 3621 2234 ne-

2018 2281 2125 2338 que
2154 2281 2365 2339 aerugo,
2394 2282 2569 2338 neque
2606 2269 2751 2323 tinea
2780 2268 3097 2335 demolitur,
3132 2276 3185 2324 et
3212 2268 3302 2324 ubi
3329 2268 3479 2327 fures
3508 2285 3620 2327 non

2018 2357 2282 2413 eﬂ‘odiunt
2318 2373 2416 2414 nec
2449 2358 2699 2414 furantur
2727 2356 2945 2430 (Matth.
2977 2358 3054 2432 γι)
3115 2377 3133 2409 ι
3163 2358 3302 2414 Hinc
3328 2358 3455 2414 alibi
3487 2359 3619 2432 legi-

2021 2458 2110 2503 tur
2131 2450 2196 2504 de
2221 2447 2460 2516 ejusdem
2493 2449 2778 2506 charitatis
2805 2450 3079 2519 opulentia
3114 2469 3126 2505 :
3161 2468 3181 2501 ‹
3214 2448 3373 2507 Omni
3399 2450 3623 2508 habenti

2019 2541 2257 2606 dabitur,
2288 2553 2342 2597 et
2372 2542 2671 2597 abundabit
2704 2560 2717 2597 :
2751 2543 2800 2597 ei
2828 2551 3009 2597 autem
3026 2541 3132 2612 -qui
3156 2556 3266 2597 non
3294 2543 3478 2610 habet,
3514 2544 3622 2599 hoc

2019 2635 2164 2705 quod
2204 2635 2420 2690 videtur
2450 2637 2654 2692 habere
2681 2635 2961 2692 auferetur
2985 2637 3063 2692 ab'
3083 2650 3149 2692 eo
3178 2653 3192 2688 :
3223 2634 3311 2692 cui
3340 2637 3505 2693 etiam
3534 2652 3621 2693 se-

2019 2741 2191 2798 quens
2212 2728 2580 2784 testimonium
2612 2730 2930 2785 concordat.

2101 2839 2120 2872 (
2158 2821 2548 2877 Verumtamen
2572 2836 2737 2891 super
2766 2822 3023 2877 humilem
3051 2822 3236 2877 animo
3259 2820 3455 2877 fortior
3479 2829 3621 2889 esto,

2026 2932 2047 2967 ι
2083 2924 2138 2971 et
2165 2930 2268 2985 pro
2307 2915 2651 2986 eleemosyua
2694 2931 2803 2971 non
2846 2916 3033 2971 trahas
3065 2914 3241 2970 illum.
3290 2934 3309 2967 ι
3357 2913 3455 2970 Est
3491 2928 3626 2985 ergo

2022 3007 2397 3063 misericordia
2432 3008 2582 3064 omni
2628 3008 2891 3079 indigenti
2942 3008 3137 3063 devoto
3186 3007 3370 3064 animo
3410 3008 3625 3079 impen-

2022 3099 2228 3166 denda,
2274 3115 2374 3155 nec
2423 3109 2645 3171 propter
2687 3099 3041 3170 pecuniarum
3090 3113 3330 3155 amorem
3379 3098 3625 3155 charitas

2023 3194 2261 3266 proximi
2289 3194 2605 3249 amittenda.
2645 3212 2661 3244 ι
2698 3192 2797 3261 Qui
2822 3192 2970 3249 enim
2993 3192 3191 3247 viderit
3212 3191 3440 3246 fratrem
3466 3203 3627 3245 suum

2026 3287 2414 3343 necessitatem
2444 3286 2642 3341 habere
2663 3325 2678 3350 ,
2714 3292 2769 3339 et
2796 3282 3055 3339 clauserit
3075 3282 3288 3338 viscera
3315 3297 3411 3337 sua
3443 3282 3513 3336 ab
3538 3294 3626 3346 eo,

2028 3377 2301 3449 quomodo
2329 3377 2571 3432 charitas
2609 3375 2702 3430 Dei
2744 3384 2927 3430 manet
2963 3374 3019 3429 in
3056 3374 3167 3429 eo?
3207 3395 3226 3428 ι
3260 3373 3416 3440 Quod
3443 3381 3626 3427 autem

2028 3484 2127 3540 pro
2153 3468 2495 3540 elcemosyua
2524 3476 2579 3522 et
2619 3467 2806 3523 fenore
2838 3466 2967 3522 dato
2999 3479 3107 3521 non
3136 3474 3223 3521 est
3256 3478 3463 3534 pauper
3491 3461 3627 3517 allii-

2029 3563 2263 3635 gendus,
2286 3560 2527 3617 ostendit
2550 3558 2852 3629 Scriptura,
2886 3558 3073 3613 dicens
3105 3575 3118 3611 :
3155 3576 3173 3608 ι
3205 3555 3342 3612 Cum
3372 3552 3573 3625 repetis
3596 3567 3630 3608 a

2029 3655 2279 3727 proximo
2314 3669 2430 3709 rem
2468 3653 2709 3724 aliquam
2736 3666 2900 3723 quam
2934 3650 3093 3706 debet
3130 3648 3262 3715 tibi,
3305 3662 3412 3704 non
3450 3646 3633 3718 ingre-

2028 3747 2196 3804 dieris
2225 3747 2281 3802 in
2310 3746 2533 3801 domum
2569 3744 2689 3817 ejus
2720 3752 2780 3799 ut
2820 3743 3015 3814 pignus
3053 3741 3301 3807 auferas,
3333 3739 3428 3796 sed
3464 3736 3633 3795 stabis

2028 3837 2193 3903 foris,
2238 3846 2295 3894 et
2324 3835 2418 3893 ille
2447 3835 2545 3893 tibi
2583 3832 2828 3906 proferet
2870 3833 3014 3905 quod
3050 3833 3322 3890 habuerit.
3357 3830 3417 3885 Si
3447 3838 3631 3884 autem

2027 3944 2234 4002 pauper
2267 3937 2383 3994 est,
2423 3943 2533 3983 non
2571 3927 2915 3998 pernoctabit
2957 3927 3100 3996 apud
3163 3933 3217 3980 te
3266 3925 3493 3994 pignus,
3532 3920 3629 3977 sed

2029 4026 2217 4081 statim
2244 4025 2438 4081 reddes
2464 4024 2515 4080 ei
2542 4031 2670 4079 ante
2700 4021 2831 4078 solis
2849 4034 3108 4077 occasum
3145 4037 3158 4073 :
3190 4025 3251 4073 ut
3279 4015 3555 4072 dormiens
3573 4012 3631 4068 in

2029 4118 2361 4175 vestimento
2405 4131 2504 4172 suo
2545 4115 2834 4172 benedicat
2873 4113 3000 4181 tibi,
3037 4120 3092 4168 et
3125 4110 3328 4166 habeas
3361 4105 3630 4177 justitiam

2030 4224 2217 4265 coram
2260 4208 2492 4264 Domino
2538 4207 2649 4262 Deo
2689 4214 2783 4261 tuo
2823 4205 3014 4276 (Deut.
3047 4202 3192 4273 xw).
3235 4221 3257 4256 ι
3291 4198 3494 4256 Verum
3529 4198 3635 4252 hoc

2032 4302 2177 4357 idem
2206 4314 2442 4371 sequens
2469 4311 2652 4355 sermo
2683 4296 3028 4352 abundanter
3054 4294 3297 4350 declarat
3317 4330 3332 4356 ,
3369 4288 3515 4359 quod
3546 4294 3630 4341 ta-

2033 4407 2159 4449 men
2184 4392 2290 4449 aiio
2314 4390 2681 4448 inchoandum
2709 4397 2795 4446 est
2817 4388 3059 4446 exordio.

1549 4630 3628 4677 Μ

1542 4798 1847 4886 LIBER
1900 4798 2452 4885 SEPTIMUS.

856 5028 1086 5089 CAPUT
1124 5029 1416 5090 PRIMUM.

340 5129 416 5185 De
440 5130 565 5184 dato
589 5128 647 5183 in
673 5126 913 5199 proximo
959 5125 1016 5180 id
1046 5134 1122 5209 est
1149 5140 1354 5182 omnem
1382 5126 1646 5181 hominem
1665 5125 1793 5182 dicit
1811 5142 1936 5198 pro-

1016 5213 1215 5253 stutum
1224 5236 1238 5251 .

418 5328 438 5363 ι
471 5310 699 5382 Propter
724 5310 1040 5368 mandatum
1065 5322 1283 5366 assume
1301 5322 1615 5380 pauperem,
1637 5317 1692 5365 et
1714 5316 1937 5381 propter

345 5422 366 5460 ε
402 5404 642 5477 inopiam
671 5402 790 5475 ejus
826 5416 895 5457 ne
927 5404 1172 5459 dimittas
1211 5403 1362 5459 illum
1398 5418 1650 5460 vacuum.
1686 5424 1705 5458 ι
1737 5404 1935 5461 Horta-

336 5505 433 5556 tur
472 5512 575 5554 nos
608 5495 873 5566 sapientia
913 5493 981 5549 ad
1009 5492 1477 5561 eiecmosynarum
1504 5496 1842 5562 ian-sitatam,
1876 5507 1939 5551 ιιι

340 5592 614 5664 possimus
642 5591 870 5664 gratiam
900 5590 995 5645 Dei
1029 5587 1363 5660 promereri,
1389 5587 1480 5658 qui
1503 5584 1664 5656 jussit
1696 5587 1935 5657 inopiam

345 5693 564 5739 terreno
591 5683 784 5739 solatio
809 5681 1125 5737 sustentari.
1153 5680 1428 5748 Scriptum
1452 5687 1537 5733 est
1555 5679 1701 5734 enim
1732 5698 1743 5731 :
1784 5696 1803 5728 ι
1832 5677 1935 5745 Qui

345 5778 566 5832 obturat
588 5791 774 5832 aurem
801 5792 953 5831 suam
980 5780 1045 5830 ad
1066 5774 1359 5829 clamorem
1381 5775 1651 5844 pauperis,
1683 5773 1938 5830 clamabit

345 5878 403 5927 et
441 5869 587 5943 ipse,
631 5876 687 5925 et
727 5885 835 5927 non
875 5869 1196 5926 exaudietur
1236 5865 1416 5938 (Prov.
1455 5867 1588 5937 XM).
1636 5887 1656 5920 ι
1699 5867 1936 5925 Divitem

1957 5038 2014 5100 D
2038 5041 2397 5106 purpuratum
2427 5038 2486 5087 et
2511 5027 2723 5086 deliciis
2751 5026 3062 5083 abluentem
3096 5021 3331 5094 legimus
3367 5019 3424 5075 in
3459 5018 3639 5075 Evan-

2040 5125 2184 5200 gelio
2206 5132 2435 5197 propter
2466 5121 2735 5179 tenaciam
2763 5132 2917 5175 suam
2943 5116 2998 5171 in
3019 5111 3237 5169 inferno
3260 5109 3557 5181 sepultum,
3581 5120 3639 5165 et

2040 5237 2075 5275 e
2103 5216 2382 5276 contrario
2408 5215 2721 5272 mendicum
2750 5211 3018 5266 Lazarum
3053 5214 3177 5277 post
3207 5210 3441 5259 mortem
3481 5201 3535 5257 in
3564 5202 3637 5257 si-

2040 5328 2172 5368 num
2207 5311 2440 5367 Abrahae
2465 5314 2747 5379 receptum
2773 5301 2929 5376 (Luc.
2972 5298 3107 5371 xvi).
3136 5296 3265 5353 [deo
3294 5308 3523 5351 necesse
3551 5301 3639 5350 est

2042 5405 2274 5475 utjuxta
2304 5408 2638 5474 praeceptum
2670 5392 2971 5452 Saivatoris
3007 5389 3276 5446 faciamus
3314 5386 3473 5442 nobis
3497 5385 3638 5440 arui-

2043 5514 2136 5555 ωε
2163 5498 2233 5554 de
2261 5510 2573 5552 mammona
2616 5490 2941 5561 iniquitatis,
2976 5496 3055 5551 ut,
3095 5501 3216 5538 cum
3246 5479 3638 5542 defeeerimus,

2044 5581 2313 5653 recipiant
2346 5595 2444 5635 nos
2475 5579 2529 5633 in
2556 5588 2760 5634 mterna
2795 5576 3145 5633 tabernacula
3169 5574 3320 5648 (Luc.
3354 5571 3491 5642 xw).

2122 5696 2139 5725 ε
2177 5673 2351 5729 Pcrde
2383 5673 2670 5744 pecuniam
2706 5680 2931 5743 propter
2954 5670 3184 5726 fratrem
3214 5678 3273 5724 et
3300 5666 3553 5727 amicum,

2050 5788 2066 5818 ι
2107 5784 2212 5823 non
2243 5766 2545 5822 abscondas
2588 5765 2735 5820 illaut
2764 5767 2865 5821 sub
2894 5766 3071 5835 lapide
3104 5764 3157 5818 in
3184 5759 3572 5832 perditionem.
3609 5773 3632 5806 ι

2042 5861 2227 5918 Perdit
2264 5860 2549 5932 pecuniam
2594 5860 3001 5930 tcmporaiitcr,
3043 5856 3137 5928 qui
3189 5848 3469 5907 distribuit
3512 5858 3637 5905 eam
