4030 6516
537 361 647 422 975

1197 361 1259 418 B.
1300 360 1557 419 RABANI
1590 358 1812 419 MAURI
1850 355 2172 417 ARCHIEP.
2211 355 2522 415 MOGUNT.
2559 356 2848 416 OPERUM
2884 356 3067 416 PARS
3094 356 3139 414 l.
3688 363 3768 421 976

535 479 868 555 pauperibus
893 476 1356 545 misericorditer;
1391 478 1492 535 sed
1528 478 1759 550 recipiet
1798 476 2124 550 centuplici-
2153 482 2209 544 Α
2230 477 2337 533 hoc
2384 476 2608 543 mundo,
2656 484 2717 532 ut
2739 484 2956 533 aeterna:
2996 475 3356 534 beatitudinis
3406 476 3533 534 fiant
3570 488 3771 555 perpetui

538 583 645 641 ter,
677 571 894 643 quando
919 579 1042 641 post
1066 579 1348 642 peractum
1379 570 1644 643 judicium
1675 587 1708 627 a
1735 586 1863 643 rege
1890 570 2131 626 omnium
2231 582 2600 639 possessores.
2630 566 2758 625 Haec
2788 568 2956 624 etiam
2997 568 3142 640 quod
3163 577 3224 624 et
3256 577 3451 624 contra
3490 585 3662 629 omnes
3693 574 3771 634 ini-

534 663 858 723 smculorum
881 663 950 718 ad
973 678 1196 735 regnum
1218 670 1483 718 aeternum
1512 662 1917 735 percipiendum
1938 661 2135 717 invita-
2232 659 2406 715 mices
2461 658 2685 715 tutelam
2745 659 2991 729 tribuat,
3039 660 3360 719 manifestat
3412 677 3631 734 sequens
3677 683 3772 725 seu.

515 768 625 815 'tur
650 758 905 816 feliciter.
950 758 1002 813 ls
1043 767 1223 813 autem
1267 758 1361 830 qui
1403 758 1689 816 abscondit
1714 755 2000 831 pecuniam
2031 759 2134 816 sub

534 852 746 924 lapide,
783 851 887 907 hoc
914 858 1031 918 est,
1064 850 1164 906 sub
1194 851 1389 908 immiti
1414 859 1471 908 et
1500 852 1640 909 duro
1669 855 1860 920 corde,
1892 860 2137 909 reservat

536 943 642 1001 sibi
672 960 793 1001 eam
836 944 890 999 in
928 943 1323 1015 perditionem,
1353 945 1610 1015 quoniam
1653 953 1776 1017 post
1802 946 1967 1002 finem
1996 961 2137 1018 prte-

534 1035 714 1092 sentis
743 1036 869 1092 vit:e
895 1035 1180 1107 parcitatis
1202 1050 1313 1092 sua:
1331 1035 1480 1107 justo
1499 1035 1681 1107 judice
1709 1037 1983 1093 tribuente
2004 1053 2138 1094 con-

532 1126 751 1197 dignam
785 1126 1014 1199 recipiet
1038 1125 1386 1183 mercedem:
1415 1128 1631 1197 quando
1662 1147 1681 1180 ι
1719 1128 1871 1201 impii
1897 1130 2052 1186 ibunt
2079 1130 2137 1185 in

532 1220 862 1291 supplicium
888 1228 1153 1277 :cternum
1177 1261 1194 1288 ,
1218 1219 1354 1290 justi
1381 1231 1564 1279 autem
1596 1222 1653 1280 in
1679 1223 1849 1280 vitam
1875 1232 2137 1281 aeternam

534 1308 755 1384 (Matth.
794 1311 947 1382 xxv).
988 1331 1009 1365 ι

613 1420 632 1451 c
670 1399 821 1457 Pone
848 1402 1167 1458 thesaurum
1197 1410 1349 1459 tuum
1376 1403 1429 1459 in
1456 1405 1742 1477 praeceptis
1767 1404 2054 1473 Altissimi,
2081 1412 2139 1463 et

541 1511 561 1543 ι
601 1492 846 1564 proderit
876 1493 971 1549 tibi
1003 1494 1175 1567 magis
1202 1511 1364 1567 quam
1395 1512 1608 1553 aurum.
1638 1517 1658 1552 ι
1693 1498 2030 1570 Praeceptum
2053 1506 2138 1555 est

534 1585 683 1641 enim
722 1583 983 1641 Altissimi
1022 1594 1082 1642 ut
1120 1586 1519 1661 eleemosynam
1563 1588 1755 1645 demus
1802 1589 2064 1660 indigenti
2119 1610 2134 1646 :

535 1678 681 1748 quod
710 1678 885 1751 magis
910 1679 1066 1735 nobis
1093 1681 1339 1750 proderit
1368 1698 1531 1753 quam
1561 1697 1777 1750 aurum,
1812 1684 1937 1754 quia
1973 1691 2138 1740 icter-

536 1783 621 1823 nm
657 1768 782 1824 vitae
823 1770 1068 1826 conferet
1105 1771 1412 1844 prtemium.
1458 1771 1611 1830 Unde
1654 1773 1773 1845 ipsa
1821 1776 2037 1832 Veritas
2081 1776 2137 1832 in

2235 752 2423 809 tentia.

2312 865 2331 899 ι
2362 846 2541 919 Super
2572 856 2785 904 scutum
2805 850 3062 921 potentis,
3086 859 3143 907 et
3166 866 3342 922 super
3368 851 3605 911 lanceam
3624 859 3777 915 adver-

2241 958 2261 992 ι
2288 954 2382 997 sus
2415 940 2696 998 inimicum
2725 950 2877 998 tuum
2902 943 3180 1015 pugnabit.
3214 964 3237 998 ι
3275 942 3468 1001 Oratio
3497 948 3630 1003 enim
3668 950 3776 1008 elec-

2235 1046 2477 1104 mosynte
2510 1032 2687 1105 magis
2709 1033 2855 1089 valet
2897 1042 3086 1091 contra
3123 1035 3300 1109 ignita
3348 1024 3777 1110 tela‘nequissiiui,

2235 1132 2292 1181 et
2327 1133 2516 1180 contra
2550 1139 2772 1182 omnem
2795 1125 3057 1184 virtutem
3082 1127 3317 1196 inimici,
3346 1145 3512 1201 quam
3539 1146 3675 1188 arma
3699 1145 3781 1190 ter-

2236 1232 2370 1274 rena
2394 1226 2586 1275 contra
2606 1220 2919 1292 corporales
2943 1220 3131 1279 hostes
3158 1222 3217 1278 in
3238 1224 3501 1294 praasenti
3529 1226 3665 1293 vita;
3687 1228 3782 1298 quia

2236 1307 2358 1364 haec
2401 1322 2617 1381 semper
2662 1309 2765 1366 sub
2814 1311 2977 1367 dubia
3018 1320 3166 1368 sorte
3202 1312 3421 1384 jacent,
3461 1312 3599 1369 illius
3643 1324 3781 1373 autem

2237 1399 2601 1457 certissimam
2621 1400 2908 1458 victoriam
2939 1402 3055 1460 suis
3098 1400 3375 1460 militibus
3400 1403 3623 1475 parient,
3647 1404 3711 1461 ita
3739 1418 3783 1463 ut

2238 1489 2355 1563 ipsa
2390 1506 2538 1549 mors
2558 1491 2916 1550 absorbeatur
2956 1492 3014 1549 in
3050 1493 3309 1562 victoria,
3351 1503 3410 1550 et
3433 1494 3487 1550 id
3515 1495 3648 1566 quod
3675 1511 3784 1554 mor-

2239 1582 2347 1639 tale
2370 1593 2457 1640 est
2474 1594 2827 1642 consumetur
2852 1600 2884 1641 a
2912 1585 3046 1642 vita.

2316 1716 2335 1749 (
2375 1697 2472 1753 Vir
2498 1695 2675 1754 bonus
2705 1697 2868 1754 fidem
2901 1697 3034 1755 facit
3062 1714 3160 1771 pro
3202 1700 3463 1771 proximo
3491 1713 3615 1768 suo,
3639 1707 3687 1756 et
3716 1702 3784 1771 qui

2246 1809 2266 1844 ι
2295 1791 2594 1863 perdiderit
2623 1789 3022 1858 confusionem,
3043 1791 3394 1864 derelinquet
3419 1792 3520 1848 sibi
3543 1793 3780 1865 gratiamin

539 1858 835 1930 Evangelio
864 1860 1145 1933 discipulis
1180 1863 1294 1919 suis
1318 1864 1610 1935 prtecepit,
1640 1866 1826 1923 dicens
1857 1885 1870 1922 :
1907 1886 1926 1919 ‹
1959 1866 2137 1924 Nolite
2165 1874 2212 1935 B
2240 1858 2356 1941 Ηδο
2394 1883 2541 1955 (μιοά
2579 1883 2833 1954 superius
2870 1883 3107 1940 diximus
3123 1884 3198 1941 de
3225 1858 3463 1955 spiritali
3503 1858 3785 1956 eleemosym

536 1952 911 2010 thesaurizare
939 1954 1093 2012 vobis
1121 1955 1408 2012 thesauros
1448 1957 1503 2012 in
1534 1965 1709 2024 terra,
1738 1957 1831 2014 ubi
1869 1974 2052 2032 aerugo
2080 1968 2138 2015 et

539 2043 687 2099 tinea
719 2044 1039 2112 demolitur,
1078 2056 1134 2102 et
1162 2048 1253 2105 ubi
1293 2047 1442 2105 fures
1479 2049 1742 2105 effodiunt
1771 2059 1828 2107 et
1862 2050 2133 2107 furantur.

537 2134 933 2195 Tliesaurizate
956 2147 1139 2196 autem
1159 2141 1315 2199 vobis
1342 2143 1630 2199 thesauros
1656 2143 1711 2199 in
1741 2143 1899 2209 cmlo,
1922 2142 2014 2198 ubi
2044 2158 2140 2199 ne-

538 2246 646 2301 que
675 2248 891 2305 aerugo,
922 2249 1099 2305 neque
1130 2235 1274 2292 tinea
1298 2236 1610 2304 demolitur,
1642 2245 1698 2293 et
1721 2236 1813 2293 ubi
1851 2236 2000 2292 fures
2028 2251 2139 2292 non

532 2324 800 2384 effodiunt
836 2344 935 2384 nec
963 2327 1232 2386 furantur.
1259 2330 1363 2387 Ubi
1393 2332 1539 2387 enim
1564 2340 1651 2388 est
1673 2331 1962 2389 thesaurus
1982 2337 2136 2397 tuus,

537 2419 612 2476 ibi
640 2430 724 2476 est
751 2430 807 2478 et
834 2437 931 2479 eor
962 2431 1114 2479 tuum
1145 2423 1364 2498 (Matth.
1394 2424 1494 2498 γι).

1125 2569 1131 2574 ·
1172 2539 1401 2599 CAPUT
1436 2542 1502 2598 ll.

922 2631 1003 2687 De
1023 2633 1389 2688 misericordia
1408 2634 1465 2688 in
1483 2650 1761 2705 pauperes.

619 2738 637 2771 ι
668 2717 944 2776 Conclude
964 2720 1364 2793 elcemosynam
1386 2722 1444 2778 in
1463 2724 1626 2780 corde
1645 2724 1922 2796 pauperis,
1943 2732 2001 2782 et
2022 2725 2138 2782 haec

543 2830 564 2863 ι
600 2827 699 2882 pro
722 2820 776 2868 te
808 2811 1059 2869 exorabit
1089 2813 1158 2869 ab
1199 2813 1349 2869 omni
1394 2814 1558 2870 malo.
1584 2835 1603 2868 ι
1656 2814 2031 2888 Eleemosyna,
2079 2823 2144 2870 ut

536 2905 737 2974 swpius
779 2904 1037 2971 diximus,
1086 2920 1194 2961 non
1234 2904 1576 2962 solummodo
1612 2914 1699 2963 est
1731 2907 1787 2963 in
1822 2907 1968 2963 victu
1999 2914 2054 2963 et
2082 2906 2139 2963 in

537 2996 761 3063 vestitu,
812 2996 1012 3067 quibus
1057 2997 1359 3054 consulitur
1398 2999 1599 3072 egenti,
1653 3000 1750 3056 sed
1790 2999 1845 3055 in
1889 3000 2037 3056 omni
2078 3015 2141 3057 re

536 3105 646 3161 qua
702 3104 801 3159 per
846 3090 1280 3147 misericordiam
1335 3091 1551 3148 favetur
1604 3093 1987 3149 necessitatem
2042 3108 2140 3165 pa-

537 3180 693 3236 tienti
717 3221 735 3247 ,
792 3182 1152 3254 corporaliter
1210 3182 1422 3240 scilicet
1471 3185 1586 3241 sive
1639 3186 1977 3258 spiritaliter.
2034 3185 2138 3254 Qui

535 3287 667 3345 ergo
692 3249 912 3331 instruit
947 3275 1309 3347 ignorantem,
1344 3284 1438 3332 aut
1464 3276 1533 3332 ad
1559 3249 1826 3349 hoc.un
1855 3278 2009 3334 novit
2036 3249 2139 3334 bo-
2167 3249 2214 3313 (δ

538 3378 669 3419 num
711 3374 773 3419 ut
805 3364 974 3421 faciat
1019 3366 1212 3423 incitat
1246 3368 1482 3440 pigrum,
1534 3369 1935 3443 eleemosynam
1991 3379 2139 3427 recte

536 3451 688 3509 facit.
726 3456 882 3513 Unde
920 3466 975 3514 et
1018 3459 1300 3531 signanter
1343 3462 1457 3516 ait:
1488 3480 1507 3513 ι
1542 3460 1816 3519 Conclude
1838 3462 2140 3535 cleemosy-

538 3560 664 3600 nam
723 3545 777 3601 in
821 3548 985 3604 corde
1032 3551 1312 3621 pauperis,
1345 3571 1364 3605 ι
1395 3561 1456 3607 ιιι
1502 3552 1818 3610 ostenderet
1871 3553 2141 3609 internum

538 3651 697 3706 opem
727 3651 849 3694 esse
878 3638 1281 3712 eleemosynam
1300 3683 1316 3711 ,
1348 3643 1476 3713 quia
1507 3644 1650 3700 sicut
1683 3644 1737 3700 in
1768 3659 1999 3715 corpore
2018 3686 2034 3712 ,
2067 3645 2143 3700 ita

538 3736 596 3783 ct
620 3728 673 3782 in
699 3729 881 3784 anima
908 3731 1283 3788 misericordia
1314 3733 1417 3789 rite
1449 3735 1695 3791 exerceri
1722 3742 1924 3807 potest.
1955 3734 2062 3792 Sed
2090 3743 2146 3791 et

541 3819 660 3874 haec
698 3819 1013 3890 largitorem
1055 3839 1215 3878 suum
1251 3825 1502 3882 exorabit
1544 3829 1614 3883 ab
1641 3827 1788 3883 omni
1828 3826 1994 3894 malo,
2039 3827 2146 3883 hoc

539 3918 647 3978 est,
675 3913 938 3969 emendat
958 3916 1028 3971 ab
1058 3916 1210 3972 omni
1233 3917 1451 3974 delicto.
1499 3918 1653 3975 Sicut
1678 3920 1827 3976 enim
1868 3936 2011 3992 aqua
2050 3934 2146 3975 ex-

542 4005 773 4076 stinguit
798 4006 999 4077 ignem,
1032 4008 1107 4063 ita
1138 4007 1482 4082 eleemosyna
1510 4012 1807 4083 exstinguit
1837 4021 2141 4084 peccatum.

619 4114 640 4147 ι
674 4095 1030 4169 Eleemosyna
1078 4097 1182 4154 viri
1226 4100 1381 4171 quasi
1428 4100 1677 4157 sacculus
1726 4117 1852 4158 cum
1886 4102 2044 4174 ipso,
2091 4111 2148 4159 et

547 4208 569 4240 ι
597 4187 829 4259 gratiam
850 4188 1088 4245 hominis
1109 4191 1268 4262 quasi
1292 4191 1552 4263 pupillam
1582 4193 1843 4261 servabit,
1873 4200 1930 4250 et
1955 4202 2146 4266 postea

548 4298 569 4328 ι
606 4287 938 4351 resurgetut
966 4280 1237 4337 retribuat
1262 4282 1370 4339 illis
1393 4285 1809 4341 retributionem
1852 4285 2147 4356 unicuique

550 4389 570 4423 ι
605 4370 660 4425 in
682 4382 846 4441 caput
878 4373 1112 4430 illorum.
1140 4395 1159 4428 ι
1203 4375 1358 4445 Quod
1385 4387 1567 4434 autem
1608 4378 1975 4451 eleemosyna,
2022 4394 2147 4450 quae

544 4465 636 4522 hic
665 4481 836 4538 egeno
882 4469 1312 4527 misericorditer
1344 4472 1625 4540 tribuitur,
1675 4473 1732 4528 in
1759 4472 1942 4530 futura
1977 4472 2089 4529 vita
2117 4489 2150 4530 a

545 4567 956 4616 remuneratore
999 4562 1245 4616 omnium
1279 4563 1501 4633 copiose
1541 4564 1894 4631 restituatur,
1938 4572 1992 4619 et
2016 4581 2149 4636 pro-

545 4652 765 4724 phetica
795 4661 849 4707 et
885 4654 1182 4724 apostolica
1211 4654 1413 4711 locutio
1446 4657 1602 4713 testis
1628 4666 1730 4713 est.
1765 4656 1902 4713 Nam
1927 4658 2059 4714 dicit
2080 4658 2150 4715 de

546 4746 654 4803 hoc
677 4745 969 4804 Psalmista
999 4765 1014 4805 :
1050 4766 1071 4802 ι
1103 4747 1395 4821 Dispersit,
1429 4750 1579 4807 dedit
1603 4751 1956 4823 pauperibus,
1981 4750 2150 4821 justi-

548 4837 625 4893 tia
652 4837 771 4909 ejus
797 4848 981 4895 manet
1011 4839 1068 4896 in
1106 4839 1367 4897 saeculum
1398 4841 1601 4909 saeculi,
1641 4857 1813 4898 cornu
1843 4841 1963 4912 ejus
2002 4842 2151 4898 exal-

549 4930 758 4986 tabitur
803 4930 858 4986 in
902 4931 1072 5001 gloria
1093 4929 1268 5005 (Psal.
1321 4932 1474 5007 111).»
1510 4933 1650 4988 Ilinc
1683 4942 1741 4990 et
1775 4932 1978 4990 Paulus
2025 4934 2149 4989 ait:

554 5043 573 5076 ι
610 5024 715 5092 Qui
754 5025 991 5081 seminat
1026 5027 1080 5082 in
1122 5027 1614 5089 benedictionibus,
1660 5027 1728 5083 de
1764 5027 2156 5083 benedictioni-

549 5115 652 5171 bus
679 5121 852 5171 metet
891 5118 1060 5173 vitam
1108 5126 1373 5174 aeternam
1430 5117 1530 5191 (Il
1570 5116 1695 5173 Cor.
1728 5135 1786 5174 ix
1809 5117 1850 5191 ).
1887 5139 1907 5172 ι
1942 5118 2011 5175 Ει
2046 5119 2150 5174 ite-

554 5224 673 5262 rum
706 5225 721 5263 :
757 5227 777 5260 ι
807 5208 911 5278 Qui
942 5219 1147 5277 autem,
1187 5212 1385 5282 inquit,
1422 5211 1700 5266 ministrat
1750 5225 1937 5267 semen
1991 5212 2155 5268 semi-

552 5298 729 5364 nanti,
773 5307 829 5354 et
876 5316 1074 5370 panem
1121 5304 1190 5358 ad
1236 5303 1677 5361 manducandum
1729 5304 2029 5374 praestabit.
2085 5304 2155 5360 Et

556 5388 935 5459 multiplicabit
959 5408 1145 5449 semen
1174 5404 1440 5464 vestrum,
1483 5405 1542 5451 et
1570 5393 1790 5467 augebit
1813 5394 2153 5451 incrementa

556 5481 773 5552 frugum
813 5477 1042 5548 iustitiae
1079 5493 1277 5542 vestra:
1312 5505 1325 5541 :
1357 5494 1417 5543 ut
1448 5488 1502 5542 in
1536 5486 1792 5543 omnibus
1840 5486 2155 5558 locupletati
2208 5547 2214 5550 4

561 5571 850 5630 abundetis
885 5571 981 5645 (11
1007 5570 1131 5629 Cor.
1174 5573 1289 5646 ix).
1326 5593 1345 5627 ι
1394 5571 1533 5628 Hinc
1571 5578 1630 5628 et
1682 5570 1802 5642 ipsa
1844 5567 2063 5626 Veritas
2097 5570 2156 5626 in

562 5665 859 5740 Evangelia
894 5665 1162 5737 promittit
1208 5680 1268 5721 se
1305 5665 1561 5721 daturum
1611 5664 1667 5719 in
1709 5663 1798 5721 die
1833 5661 2028 5733 judicii
2069 5677 2155 5719 re-

561 5775 730 5832 gnum
762 5759 943 5815 Patris
971 5759 1056 5816 sui
1101 5758 1187 5815 his
1230 5757 1385 5829 quia
1412 5756 1622 5812 dextris
1663 5753 1781 5825 ejus
1818 5763 2012 5823 erunt,
2056 5770 2157 5826 pro
2206 5746 2219 5761 ’

566 5850 833 5907 beneﬁcio
864 5867 972 5923 quo
1012 5851 1390 5908 sustentabant
1418 5848 1676 5905 minimos
1704 5847 1905 5905 fratres
1936 5862 2061 5904 suos
2101 5850 2158 5904 in

2238 1992 2480 2049 praesens
2505 1978 2702 2048 probat
2726 1977 3030 2045 sententia,
3066 1968 3195 2049 quia
3234 1978 3435 2035 doctor
3471 1977 3784 2049 quilihetpro-

2238 2080 2360 2144 pter
2390 2070 2489 2126 Dei
2531 2084 2772 2126 amorem
2814 2077 2873 2126 et
2917 2052 3358 2142 compassionem
3398 2069 3680 2127 communis
3715 2082 3787 2123 na-

2240 2172 2378 2221 tura:
2404 2164 2779 2237 proximorum
2814 2178 3039 2220 suorum
3079 2163 3313 2234 suscipit
3338 2177 3543 2218 curam.
3569 2159 3666 2217 Nec
3687 2174 3783 2216 eru-

2240 2257 2416 2314 bescit
2436 2256 2780 2313 infirmorum
2800 2256 3077 2313 deservire
3103 2257 3380 2321 moribus,
3407 2263 3652 2311 eteorum
3668 2250 3786 2322 egri-

2241 2351 2487 2409 tudinem
2530 2359 2720 2407 curate
2766 2350 3129 2416 sermonibus,
3187 2350 3404 2406 habens
3448 2363 3515 2405 ex
3554 2345 3638 2402 Dei
3678 2343 3783 2400 dono

2241 2444 2386 2501 unde
2428 2443 2691 2515 prodesse
2732 2442 2909 2514 possit
2938 2441 2995 2497 in
3022 2440 3337 2498 eruditione
3373 2438 3647 2512 proximo:
3668 2433 3782 2504 juxta

2241 2535 2373 2593 illud
2415 2534 2695 2608 prophetat
2725 2553 2739 2590 :
2780 2553 2798 2587 ι
2829 2529 3126 2599 Dominus,
3162 2533 3369 2605 inquit,
3402 2530 3544 2588 dedit
3568 2528 3682 2585 mihi
3703 2527 3780 2582 lin-

2241 2646 2404 2703 guam
2430 2631 2721 2696 eruditam,
2746 2638 2809 2686 ut
2835 2629 3006 2687 sciam
3034 2636 3351 2686 sustentare
3377 2641 3521 2691 eum,
3550 2624 3633 2695 qui
3653 2623 3781 2677 lassus

2240 2728 2327 2777 est
2370 2721 2537 2777 verbo
2584 2719 2743 2792 (Isa.
2767 2719 2854 2793 ι).
2884 2740 2905 2773 ι
2939 2718 3139 2776 Procul
3187 2717 3360 2775 dubio
3401 2715 3692 2787 condignam
3721 2710 3779 2765 sui

2241 2810 2445 2869 laboris
2492 2811 2720 2883 recipiet
2762 2811 3107 2876 mercedem,
3157 2823 3265 2866 nec
3293 2808 3554 2865 doctrina:
3587 2819 3681 2862 suae
3712 2817 3780 2856 un-

2242 2920 2407 2977 quam
2447 2905 2639 2977 perdet
2678 2904 2944 2977 gratiam,
2993 2903 3092 2961 sed
3116 2911 3386 2961 aeternam
3425 2915 3524 2973 pro
3563 2914 3619 2956 ea
3649 2912 3675 2953 a
3706 2895 3780 2950 lto-

2242 2998 2393 3055 mino
2420 2996 2661 3054 inveniet
2680 2995 3133 3053 misericordiam.

2321 3109 2343 3144 ι
2382 3087 2751 3161 Fidejussoris
2789 3102 2859 3144 ne
2897 3087 3266 3154 obliviscaris,
3309 3086 3457 3144 dedit
3486 3083 3619 3142 enim
3642 3094 3720 3153 pro
3742 3086 3777 3132 te

2247 3181 2486 3237 animam
2535 3196 2714 3237 suam.
2749 3200 2769 3234 ι
2800 3179 3117 3252 Fidejussor
3156 3188 3243 3238 est
3289 3180 3482 3236 doctor
3523 3173 3776 3234 catholicus,

2245 3273 2338 3345 qui
2354 3272 2705 3344 semetipsum
2724 3272 2872 3328 dedit
2891 3287 2993 3343 pro
3011 3273 3393 3343 proximorum
3416 3269 3597 3333 salute,
3617 3261 3779 3335 quando

2244 3379 2434 3421 eorum
2462 3379 2647 3421 curaui
2680 3364 2918 3435 suscepit
2937 3364 3038 3420 sub
3069 3379 3171 3420 suo
3196 3363 3468 3436 regimine
3497 3378 3511 3415 :
3536 3371 3676 3431 quem
3695 3352 3777 3409 dis-

2245 3457 2550 3529 cipulorum
2579 3456 2803 3513 solertia
2835 3471 2945 3514 non
2977 3456 3142 3514 debet
3167 3455 3442 3522 oblivisci,
3474 3452 3592 3524 quia
3615 3442 3777 3513 hocju-

2243 3548 2338 3605 bet
2361 3549 2574 3605 sanatio
2602 3546 2888 3619 apostolici
2908 3547 3169 3619 priecepti
3197 3566 3212 3604 :
3236 3556 3304 3605 ut
3333 3553 3419 3602 est
3438 3541 3595 3600 illud:
3623 3556 3640 3590 ι
3659 3534 3776 3591 Com-

2245 3639 2488 3697 municet
2523 3642 2709 3697 autem
2750 3641 2796 3698 is
2829 3641 2924 3712 qui
2957 3627 3777 3728 catechizatur‘verboi__t3ifl'lise

2245 3731 2549 3789 catechizat
2586 3733 2642 3788 in
2677 3732 2934 3789 omnibus
2974 3732 3134 3789 bonis
3163 3730 3328 3805 (Gal.
3365 3729 3463 3801 vi).
3493 3747 3511 3779 ι
3542 3722 3669 3780 Unde
3693 3722 3773 3786 ψει

2246 3824 2464 3881 Veritas
2481 3825 2538 3880 in
2565 3824 2862 3896 Evangelio
2888 3824 2954 3880 ad
2973 3823 3272 3895 discipulos
3292 3829 3423 3880 suo’s
3444 3818 3545 3875 ait:
3575 3833 3592 3866 I
3610 3809 3777 3879 Quivos

2247 3916 2463 3988 recipit,
2486 3931 2576 3973 me
2589 3916 2786 3987 recipit
2799 3930 2815 3970 :
2829 3923 2886 3972 et
2897 3916 2990 3986 qui
3002 3930 3099 3972 vos
3117 3916 3352 3987 spernit,
3364 3926 3451 3969 me
3469 3898 3771 4001 εΡθτθίίαίξῩ

2246 4007 2360 4080 ι).›
2388 4006 2456 4063 Et
2485 4007 2654 4064 item:
2688 4027 2708 4059 ι
2743 4008 2802 4063 ln
2830 4022 3216 4079 quamcunque
3243 4008 3467 4064 domum
3490 3995 3775 4080 inti-aventis.

2246 4074 2486 4174 primum
2514 4101 2679 4157 dicite
2703 4116 2720 4157 :
2741 4074 2867 4158 Pax—
2887 4101 3019 4157 huic
3045 4074 3233 4157 domui
3258 4117 3284 4165 τ,
3306 4106 3364 4155 et
3399 4096 3443 4152 si
3470 4093 3538 4149 ibi
3575 4074 3772 4183 fuerit

2247 4193 2353 4249 lius
2378 4192 2550 4263 pacis,
2580 4193 2888 4263 requiescet
2910 4206 3075 4262 super
3098 4207 3221 4246 eam
3256 4205 3364 4261 pax
3389 4188 3586 4241 vestra;
3613 4180 3681 4228 sin
3701 4180 3772 4221 au»

2250 4293 2384 4349 tem,
2414 4286 2484 4341 ad
2521 4300 2619 4340 vos
2648 4292 2973 4340 revertetur.
3004 4282 3063 4335 In
3096 4280 3290 4336 eadem
3314 4284 3489 4333 autem
3527 4268 3663 4325 domo

2248 4384 2398 4443 nete,
2425 4377 2652 4433 edentes
2689 4383 2746 4432 et
2771 4376 3019 4432 bibentes
3052 4388 3174 4446 qua:
3216 4369 3363 4443 apud
3403 4367 3517 4425 illos
3549 4363 3686 4446 sunt:
3710 4351 3772 4405 Di-

2252 4483 2391 4540 gnus
2439 4469 2586 4524 enim
2636 4475 2723 4524 est
2770 4445 3349 4539 operariusmereede
3389 4474 3482 4516 sua
3508 4445 3695 4526 (luti.
3725 4453 3768 4500 ις

2254 4560 2384 4616 Luc.
2412 4560 2492 4634 ιι).
2516 4580 2534 4614 ι
2567 4558 2709 4616 Hinc
2737 4568 2795 4616 et
2812 4558 3011 4615 Paulus
3039 4557 3115 4612 ait
3143 4574 3156 4611 :
3196 4576 3215 4607 ι
3235 4556 3501 4625 Rogamus
3518 4549 3669 4599 autem
3686 4544 3768 4634 vos:

2255 4626 2477 4722 fratres,
2522 4661 2585 4709 ut
2629 4653 2893 4709 noveritis
2929 4664 3024 4705 eos
3068 4649 3161 4719 qui
3197 4646 3445 4703 laborant
3487 4639 3613 4696 inter
3634 4642 3707 4722 ναξ
3733 4626 3771 4675 ⁸⁸

2254 4719 2499 4818 praesunt
2521 4742 2680 4802 vobis
2713 4743 2770 4799 in
2792 4741 3037 4806 Domino,
3078 4747 3135 4797 et
3160 4744 3386 4797 monent
3409 4746 3520 4797 vos,
3546 4734 3600 4785 ui
3622 4719 3768 4820 ME?“

2257 4805 2330 4893 tis
2354 4836 2475 4891 illos
2504 4833 2874 4892 abundantius
2911 4832 2968 4887 in
2993 4805 3280 4897 eharitate,
3318 4832 3529 4918 propter

2257 4948 2379 4988 rum
2403 4946 2596 5003 pacem
2624 4930 2819 4986 habete
2853 4941 2979 4984 cum
3008 4925 3089 4983 eis
3114 4924 3211 4997 (ΙΙ
3244 4923 3395 4979 ΤΙιεε·
3416 4917 3489 4992 ν)·
3519 4932 3537 4966 ’
3561 4909 3764 5015 Εξί

2265 5044 2283 5075 ι
2311 5001 2692 5079 Benefieentiae
2740 5027 2942 5086 autem,
2992 5017 3188 5090 inquit,
3241 5024 3298 5073 et
3342 5001 3768 5072 communin

2257 5116 2426 5174 nolite
2477 5114 2766 5181 oblivisci;
2816 5113 3018 5169 talibus
3074 5110 3219 5167 enim
3268 5106 3454 5166 hostiis

2258 5211 2421 5267 Deus.
2462 5207 2691 5265 Obedite
2727 5204 3037 5277 praepositis
3062 5202 3281 5268 vestris,
3329 5208 3383 5258 et
3413 5186 3762 5286 suhjacete

2257 5301 2535 5374 ipsi'enim
2577 5262 3099 5408 pervigilahtquasi
3131 5293 3394 5349 rationem
3431 5262 3762 5408 ιίᾝηδῗῖῗῖ

2257 5366 2455 5451 vestris
2502 5366 3041 5449 Do-mino'reddituri
3069 5407 3082 5443 :
3112 5396 3175 5444 ut
3216 5399 3340 5440 eum
3377 5372 3553 5450 8³¹¹ί¹ί⁰

2262 5487 2433 5545 ciant,
2472 5494 2527 5534 οι
2565 5498 2675 5533 non
2711 5485 2989 5548 gementes
3021 5490 3037 5530 :
3068 5476 3171 5532 hoc
3195 5475 3339 5532 enim
3374 5483 3475 5528 non
3498 5454 3759 5531 exPe‘m'o'

2260 5572 2347 5630 bis
2376 5570 2564 5643 (Hebr.
2592 5570 2740 5643 xm).
2766 5589 2785 5622 ι
2816 5569 2885 5626 Et
2907 5570 3036 5641 quia
3057 5570 3346 5642 aliquando
3370 5565 3588 5653 ingrati-13

2261 5641 2426 5732 diter,
2453 5672 2512 5721 et
2536 5641 2746 5735 Spernit
2770 5662 3051 5720 doctorem
3088 5641 3268 5728 suum,
3299 5662 3414 5719 ideo
3446 5641 3752 5735 subiunve

2339 5774 2357 5807 σ
2397 5722 2865 5827 ᾖεριᾶωἰεεοιειη
2900 5750 3039 5824 fugit
3073 5722 3328 5823 peccator
3365 5755 3417 5802 et
3446 5722 3753 5827 immf'mui’

2262 5848 2425 5921 Fugit
2474 5812 2620 5905 enim
2671 5846 3011 5905 facinorosus
3064 5838 3518 5915 repromissoremi
3560 5822 3642 5880 δθθ
3675 5812 3752 5866 es"
