4030 6468
260 407 364 468 97⁸1

1108 396 1462 458 COMMENT.
1503 394 1571 452 IN
1609 389 2224 452 ECCLESIASTICUM.
2267 420 2338 431 —
2373 389 2502 446 LIB.
2540 388 2648 447 VII.

3427 391 3532 448 978

261 523 538 578 doctorem
591 530 769 582 suum,
821 511 914 586 qui
955 513 1059 570 sibi
1104 492 1366 584 promittit
1407 527 1438 566 a
1486 510 1712 565 Domino
1745 525 1845 580 pro
1873 511 1922 571 Α
1950 503 2127 577 (Deut.
2167 504 2358 576 xxvu).
2409 502 2446 554 ι’
2467 503 2623 572 Quia,
2649 503 2803 573 juxta
2844 501 3150 560 Salomonis
3182 507 3532 577 sententiam,

261 619 418 675 bonis
439 615 693 688 operibus
721 613 888 667 vitam
915 619 1195 675 aeternam,
1226 624 1335 664 non
1357 606 1614 665 mutando
1641 607 1841 672 locum,

260 713 356 770 sed
391 711 696 783 spernendo
724 724 789 764 ac
813 707 1110 764 deserendo
1132 713 1481 776 praeceptum,
1510 711 1566 758 et
1595 701 1714 756 ideo
1735 717 1844 756 ca:-

259 805 396 862 leste
427 822 534 860 non
581 809 943 873 consequetur
987 799 1302 871 praemium,
1354 797 1497 869 quod
1540 795 1670 853 solis
1706 796 1844 851 bene

256 897 604 963 facientibus,
635 904 690 953 et
718 895 812 951 Dei
843 894 1096 950 mandata
1134 891 1479 948 servantibus
1509 888 1842 961 repromitti-

261 1000 349 1045 tur
369 989 630 1045 futurum.
667 987 775 1044 Sed
797 987 926 1058 quia
946 985 1101 1042 multi
1139 984 1378 1055 suntqui
1413 1000 1510 1038 suo
1537 999 1596 1038 se
1623 981 1841 1048 merito,

257 1097 365 1137 non
414 1081 554 1137 dono
603 1096 662 1136 se
710 1087 931 1150 sperant
975 1077 1262 1134 salvandos
1309 1090 1431 1131 esse
1465 1074 1668 1140 divino,
1719 1086 1844 1144 pro-

254 1183 444 1247 pterea
477 1174 754 1246 redarguit
778 1187 873 1228 eos
897 1186 1133 1242 sequens
1158 1169 1446 1233 sententia,
1481 1167 1695 1222 dicens:

331 1288 351 1319 ‹
379 1267 529 1322 Bona
555 1263 965 1336 repromissoris
995 1261 1098 1318 sibi
1125 1260 1350 1318 ascribit
1374 1265 1645 1330 peccator,
1680 1265 1735 1312 et
1762 1256 1845 1312 in-

261 1377 281 1410 σ
315 1367 502 1429 gratus
527 1373 690 1414 sensu
712 1355 1036 1426 derelinquit
1053 1354 1375 1410 libet-antem
1399 1368 1477 1408 se.
1504 1371 1522 1403 ι
1551 1350 1666 1408 Hoc
1693 1350 1845 1407 testi-

256 1450 437 1505 monio
476 1449 778 1520 percutitur
828 1447 1099 1518 Pelagius,
1151 1445 1245 1516 qui
1283 1444 1514 1500 liberum
1555 1442 1843 1498 arbitrium

255 1541 520 1611 prmponit
545 1541 766 1612 gratiae,
797 1555 919 1596 cum
951 1554 1047 1610 per
1083 1537 1252 1594 solam
1282 1536 1485 1593 Christi
1517 1535 1745 1608 gratiam
1778 1535 1844 1590 ab

255 1632 404 1687 omni
458 1632 715 1688 seandalo
768 1631 1068 1688 liberentur
1115 1627 1294 1686 electi.
1352 1625 1506 1684 Unde
1556 1623 1844 1696 Apostolus

255 1724 333 1776 ait
362 1739 376 1776 :
408 1742 426 1773 ι
459 1720 646 1777 Gratia
693 1721 838 1777 enim
882 1719 1076 1776 salvati
1105 1733 1292 1774 sumus
1327 1715 1543 1788 (Ephes.
1589 1714 1673 1796 ii).
1724 1735 1744 1767 ι
1778 1715 1846 1771 Ει

257 1812 386 1866 item
419 1829 434 1864 :
475 1831 493 1864 ι
529 1812 662 1881 Quis
683 1828 790 1880 me,
823 1813 1016 1883 inquit,
1060 1809 1313 1867 liberabit
1340 1810 1408 1864 de
1445 1823 1675 1880 corpore
1701 1823 1844 1864 mor-

257 1901 326 1956 tis
353 1900 544 1970 hujus?
594 1903 770 1976 gratia
807 1902 903 1958 Dei
952 1917 1049 1973 per
1085 1901 1360 1957 Christum
1415 1899 1701 1956 Dominum
1749 1914 1844 1954 no-

253 1998 426 2047 strum
447 1991 628 2064 (Rom.
659 1993 778 2065 vn).
809 2013 828 2045 ι
863 1993 932 2048 Et
962 2008 1178 2048 rursum
1208 2011 1222 2046 :
1261 2013 1277 2043 ‹
1300 1991 1483 2046 Gratia
1517 1991 1611 2046 Dei
1639 2007 1760 2047 sum
1789 1990 1846 2046 id

251 2082 396 2152 quod
437 2098 557 2139 sum
600 2083 812 2158 (Ibid.).
839 2105 858 2137 ι
886 2085 954 2140 Ει
983 2102 998 2140 :
1030 2104 1048 2136 ι
1086 2083 1274 2140 Gratia
1321 2083 1438 2152 ejus
1467 2083 1522 2138 in
1557 2098 1645 2138 me
1672 2098 1845 2138 vacua

253 2187 361 2227 non
405 2172 597 2246 fuit(l
628 2176 751 2230 Cor.
786 2175 900 2246 xv).
939 2195 958 2227 ι
993 2175 1062 2230 Et
1087 2175 1214 2246 quia
1255 2173 1497 2229 lueretiei
1538 2171 1846 2242 hujusmodi

248 2261 555 2319 doctrinam
597 2274 919 2336 spernentes
963 2274 1144 2322 sectas
1170 2265 1534 2321 construendo
1560 2264 1842 2330 nefandas,

249 2357 524 2424 perversis
581 2359 926 2430 dogmatibus
986 2374 1338 2430 quoscunque
1398 2367 1626 2428 possunt
1685 2359 1844 2415 sedu-

249 2457 401 2513 cunt,
441 2450 704 2520 quosdam
741 2467 873 2507 vero
905 2467 1004 2524 per
1037 2451 1432 2522 impudicitiam
1463 2465 1655 2507 sensus
1687 2451 1772 2507 sui
1811 2466 1843 2506 a

247 2543 625 2616 seabscedere
655 2545 881 2602 faciunt.
917 2545 1070 2602 Unde
1093 2544 1435 2617 subjungitur
1466 2561 1480 2600 :

374 2636 472 2694 Vir
499 2639 830 2709 repromittit
868 2639 935 2695 de
966 2637 1218 2709 proximo
1258 2652 1376 2704 suo,
1407 2644 1463 2693 et
1504 2652 1627 2693 cum
1666 2637 1846 2708 perdi-

245 2721 391 2779 derit
425 2729 810 2796 reverentiam,
845 2728 1184 2799 relinquetur
1207 2730 1274 2785 ab
1302 2743 1388 2784 eo.
1419 2748 1438 2780 ι
1474 2728 1659 2784 Perdit
1687 2743 1844 2785 reve-

246 2815 480 2872 rentiam
527 2817 622 2888 qui
651 2818 1058 2890 Seripturarum
1107 2834 1389 2875 sacrarum
1434 2833 1543 2874 non
1585 2818 1844 2875 observat

247 2907 510 2976 regulam.
561 2908 856 2982 Propterea
898 2927 929 2966 a
971 2911 1147 2966 cautis
1176 2910 1481 2981 quibusque
1525 2910 1628 2965 iste
1675 2909 1842 2966 relin-

245 3001 454 3069 quitur,
487 3003 614 3073 quia
641 3004 890 3060 doctrina
919 3004 1168 3060 veritatis
1195 3003 1248 3058 in
1274 3019 1340 3060 eo
1366 3019 1474 3059 non
1504 3002 1799 3058 invenitur.

323 3111 343 3144 ‹
380 3092 752 3166 Repromissio
798 3097 1132 3166 nequissima
1181 3095 1378 3151 multos
1428 3095 1665 3170 perdidit
1704 3094 1839 3151 diri-

250 3206 268 3239 ε
297 3197 517 3258 gentes;
568 3199 624 3245 ct
667 3191 959 3247 commovit
997 3191 1118 3247 illos
1155 3191 1310 3261 quasi
1352 3188 1549 3254 ﬂuctus
1587 3189 1774 3244 maris.
1813 3207 1832 3239 ο

245 3275 634 3334 llaeretieorum
673 3295 804 3352 ergo
847 3295 1014 3352 prava
1052 3280 1274 3337 traditio
1295 3280 1519 3347 multos,
1555 3280 1649 3350 qui
1693 3294 1752 3335 se
1783 3280 1840 3335 in

243 3368 382 3425 calle
405 3371 634 3442 justitlte
661 3373 940 3429 ambulare
971 3373 1404 3440 arbitrabantur,
1444 3373 1515 3430 ob
1554 3373 1837 3445 pusillani-

243 3461 490 3518 mitatem
518 3465 698 3522 cordis
733 3480 923 3522 eorum
952 3481 984 3521 a
1020 3474 1167 3524 recta
1218 3466 1322 3524 fide
1364 3467 1419 3522 in
1453 3467 1658 3523 erroris
1685 3467 1841 3524 devia

245 3552 488 3622 abducit,
519 3565 577 3612 et
617 3561 773 3630 quasi
805 3569 1131 3632 tempestate
1154 3576 1250 3618 eos
1287 3559 1504 3616 avulsos
1531 3560 1600 3616 ad
1626 3558 1840 3614 ruinam

243 3647 546 3717 compellit,
586 3651 714 3720 quia
759 3667 867 3708 non
897 3668 1061 3724 super
1106 3661 1340 3724 petram,
1378 3652 1475 3708 sed
1511 3665 1676 3722 super
1714 3663 1840 3705 are-

245 3751 370 3791 nam
409 3739 705 3798 collocatos
743 3744 966 3801 invenit.
1001 3745 1103 3814 Qui
1134 3745 1301 3811 enim,
1335 3743 1491 3814 juxta
1537 3742 1842 3802 Salvatoris

243 3833 616 3902 sententiam,
665 3836 886 3893 domum
938 3837 1067 3894 fidei
1117 3855 1232 3896 sua:
1273 3838 1508 3894 aediﬁcat
1551 3851 1838 3910 superpe-

244 3929 386 3979 tram
411 3965 428 3991 ,
471 3926 742 4002 turbinem
789 3938 1172 4002 tempestatum
1219 3948 1328 3988 non
1379 3933 1597 4000 metuit,
1643 3931 1736 3988 sed
1777 3931 1840 3988 il-

245 4013 406 4072 lresus
458 4019 528 4076 ab
561 4023 708 4076 omni
746 4024 1001 4079 seandalo
1045 4025 1383 4096 permanebit
1415 4024 1645 4097 (Matth.
1689 4039 1765 4079 vn
1795 4023 1838 4096 ).

245 4107 348 4176 Qui
385 4122 566 4170 autem
613 4133 778 4189 super
827 4136 1049 4176 arenam
1096 4122 1292 4178 domus
1329 4138 1441 4178 suae
1487 4122 1842 4179 fundamenta

245 4202 510 4269 collocat,
552 4205 604 4260 vi
651 4219 936 4266 ventorum
979 4229 1045 4268 ac
1085 4213 1342 4268 imbrium
1391 4213 1707 4280 nimietate,
1741 4212 1842 4268 ilu-

245 4301 543 4363 ctuumquc
578 4295 890 4374 valetudine
941 4311 1338 4372 conquassatus
1369 4303 1625 4370 maximae
1669 4303 1840 4359 ruinae

245 4384 471 4453 patebit.

325 4494 343 4528 ε
381 4476 540 4533 Viros
564 4489 814 4550 potentes
857 4499 1057 4556 gyrans
1097 4501 1336 4557 migrare
1384 4485 1534 4553 fecit,
1572 4496 1629 4542 et
1659 4497 1840 4558 vagati

1955 616 1972 645 ε
1995 596 2086 666 qui
2105 595 2338 651 custodit
2355 595 2692 662 mandatum,
2708 596 2944 652 custodit
2969 597 3204 652 animam
3220 613 3374 654 suam
3399 617 3413 654 :
3439 599 3532 671 qui

1949 695 2129 742 autem
2158 687 2382 759 negligit
2405 688 2521 743 vias
2541 704 2687 754 suas,
2711 687 3329 763 mortiﬁcabitur(Prov.
3345 692 3483 764 xtx).
3506 712 3527 746 ι

1946 780 2011 835 Et
2039 782 2165 852 quia
2198 780 2467 836 instabilis
2487 788 2570 837 cst
2599 796 2814 852 semper
2833 782 3175 838 conversatio
3201 790 3259 840 et
3287 783 3534 855 operatio
3564 801 3582 822 ο

1945 887 2347 944 perversorum,
2377 872 2497 929 ideo
2519 871 2898 945 subjungitur:
2933 894 2952 925 ι
2987 874 3089 943 Qui
3115 882 3343 932 conatur
3363 875 3536 932 multa

1947 979 2110 1038 agere
2158 964 2361 1022 incidet
2410 965 2465 1020 in
2502 964 2786 1035 judicium.
2810 986 2828 1018 ι
2865 965 3030 1021 Multa
3079 977 3308 1023 conatur
3349 983 3533 1041 agere,

1945 1058 2041 1128 qui
2084 1057 2349 1113 unitatem
2385 1066 2548 1113 recta:
2589 1057 2714 1114 fidei
2747 1066 2803 1113 et
2846 1060 3217 1117 sinceritatem
3260 1061 3395 1134 legis
3436 1061 3533 1118 Dei

1944 1165 2054 1207 non
2079 1158 2234 1206 curat
2259 1149 2554 1216 custodire,
2597 1150 2692 1206 sed
2716 1150 2993 1206 erroribus
3022 1151 3190 1206 variis
3227 1160 3283 1208 et
3315 1153 3536 1210 sceleri-

1943 1241 2301 1298 bus‘diversis
2322 1241 2528 1297 mavult
2557 1257 2614 1298 se
2640 1241 2943 1312 implicare.
2974 1242 3082 1298 Isle
3126 1243 3328 1300 incidet
3363 1246 3419 1300 in
3438 1243 3532 1313 ju-

1944 1334 2148 1390 dicium
2177 1334 2554 1405 reproborum,
2602 1335 2707 1391 hoc
2739 1343 2845 1402 est,
2884 1335 3289 1392 damnationem
3334 1351 3529 1408 perpe-

1945 1433 2116 1494 tuam,
2155 1428 2372 1497 quando
2399 1427 2450 1482 ei
2491 1428 2548 1482 in
2575 1436 2822 1484 extremo
2843 1425 3048 1497 judicio
3077 1429 3280 1484 dicitur
3299 1444 3424 1485 cum
3451 1431 3536 1484 bis

1945 1521 2037 1590 qui
2060 1521 2126 1576 ad
2146 1521 2422 1576 sinistram
2439 1521 2640 1593 judicis
2677 1523 2898 1578 stabunt
2925 1541 2939 1576 :
2977 1543 2994 1574 ‹
3021 1523 3119 1590 lte,
3150 1524 3446 1592 maledicti,
3475 1524 3529 1579 in

1946 1614 2127 1686 ignem
2167 1623 2454 1684 aeternum,
2488 1616 2580 1686 qui
2610 1627 2948 1688 prmparatus
2985 1626 3071 1674 est
3107 1619 3323 1676 diabolo
3355 1628 3410 1676 et
3439 1637 3536 1675 an-

1947 1712 2081 1782 gelis
2106 1711 2222 1781 ejus
2246 1713 2471 1787 (Matth.
2497 1715 2649 1787 xxv).
2673 1734 2692 1767 ι
2718 1715 3012 1786 Propterea
3045 1717 3324 1787 Sapientia
3355 1717 3487 1773 dicit
3519 1734 3531 1771 :

1954 1823 1972 1854 ι
1993 1803 2091 1858 Fili
2121 1805 2216 1872 mi,
2245 1821 2315 1862 ne
2339 1805 2526 1862 multis
2555 1805 2665 1861 sint
2685 1814 2839 1862 actus
2862 1807 2935 1861 tui
2961 1807 3130 1877 (Eccl.
3163 1807 3264 1880 x1);
3301 1828 3319 1861 ι
3347 1816 3402 1864 et
3427 1808 3533 1862 Ec-

1871 1873 1922 1937 B
1949 1896 2226 1955 clesiastes
2255 1916 2268 1953 :
2304 1919 2322 1952 ι
2357 1899 2582 1967 Multas,
2617 1901 2713 1967 ait,
2765 1917 2926 1957 curas
2962 1911 3266 1972 sequuntur
3302 1904 3534 1968 somnia,

1945 1996 2002 2043 et
2021 1989 2075 2044 in
2096 1989 2282 2046 multis
2300 1991 2641 2048 sermonibus
2655 1993 2965 2049 invenietur
2983 1994 3211 2048 stultitia
3230 1994 3400 2066 (Eccl.
3422 1994 3496 2068 v).
3512 2014 3530 2046 ι

1945 2082 2013 2137 Et
2052 2083 2110 2138 in
2158 2083 2352 2139 eodem
2399 2083 2539 2139 libro
2581 2084 2724 2140 idem
2772 2085 2962 2140 doctor
3008 2086 3262 2141 admonet
3304 2087 3533 2142 dicens:

1951 2195 1970 2228 ε
1999 2177 2175 2234 Verba
2205 2179 2530 2248 sapientium
2559 2179 2700 2236 sicut
2735 2180 2974 2247 stimuli,
3022 2189 3076 2235 et
3115 2182 3270 2251 quasi
3300 2181 3438 2236 clavi
3478 2182 3534 2237 in

1945 2269 2114 2324 altum
2151 2270 2331 2337 defixi,
2379 2287 2500 2342 qua:
2525 2287 2626 2344 per
2659 2275 3043 2344 magistrorum
3084 2274 3368 2330 consilium
3411 2276 3536 2331 data

1945 2373 2070 2422 sunt
2095 2382 2125 2420 a
2148 2377 2366 2436 pastore
2390 2383 2518 2424 uno.
2534 2367 2632 2423 His
2657 2368 2909 2438 amplius,
2929 2369 3000 2423 fili
3017 2369 3111 2435 mi,
3135 2385 3243 2424 non
3264 2369 3534 2440 requiras,

1943 2457 2176 2513 faciendi
2216 2459 2399 2530 plures
2442 2459 2609 2516 libros
2639 2460 2818 2516 nullus
2845 2470 2929 2516 est
2953 2461 3076 2516 ﬁnis
3123 2461 3292 2533 (Eccl.
3343 2461 3464 2534 xn).
3512 2479 3531 2512 ι

1946 2547 2112 2608 Moris
2132 2560 2218 2608 est
2239 2551 2670 2624 Seripturarum,
2706 2557 2958 2627 quamvis
2981 2557 3164 2628 plures
3189 2557 3357 2613 libros
3383 2558 3427 2612 si
3461 2558 3540 2612 in-

1943 2649 2028 2699 ter
2063 2657 2123 2699 se
2164 2659 2271 2700 non
2315 2644 2658 2715 discrepent,
2708 2655 2763 2701 et
2802 2647 3104 2703 ile-eadem
3154 2663 3213 2701 re
3256 2647 3538 2711 scribant,

1943 2751 2112 2792 unum
2147 2737 2400 2794 volumen
2445 2739 2666 2804 dicere;
2710 2756 2836 2794 nam
2887 2749 2941 2795 ct
2988 2741 3237 2796 volumen
3288 2742 3342 2796 in
3383 2741 3540 2798 Isairc

1943 2843 2194 2886 sermone
2223 2831 2495 2902 signatum
2522 2841 2607 2888 est
2646 2834 2824 2889 omnis
2867 2834 3149 2904 Scriptura
3186 2834 3316 2900 Dei,
3349 2843 3404 2891 ct
3428 2851 3538 2891 uno

1943 2921 2185 2991 capitulo
2222 2920 2346 2977 libri
2391 2922 2661 2988 Ezechiel,
2693 2923 3026 2994 Joannisque
3058 2933 3379 2980 noscuntur.
3415 2924 3540 2980 Sal«

1943 3022 2341 3094 vatorlquoque
2367 3017 2610 3073 omnium
2643 3027 2791 3073 retro
2819 3027 3132 3075 sanctorum
3164 3019 3390 3075 vocibus
3413 3033 3538 3090 pro-

1942 3107 2198 3176 phetatus
2251 3107 2365 3162 ait:
2399 3128 2417 3160 ‹
2450 3106 2507 3162 ln
2550 3109 2727 3178 capite
2765 3109 2889 3164 libri
2921 3111 3182 3181 scriptum
3232 3119 3316 3165 est
3355 3111 3422 3165 de
3451 3125 3539 3163 me

1945 3198 2121 3274 (Psal.
2170 3201 2381 3274 xxxrx).
2405 3222 2424 3255 ι
2456 3202 2617 3260 Juxta
2653 3220 2870 3260 sensum
2917 3206 3064 3260 hunc
3101 3205 3265 3275 igitur
3300 3203 3542 3270 arbitror

1945 3309 2090 3350 nunc
2136 3303 2488 3365 praeceptum,
2539 3312 2606 3352 ne
2651 3297 2836 3368 plures
2889 3296 3010 3351 libri
3065 3295 3216 3350 ﬁant.
3269 3293 3540 3363 Quidquid

1943 3384 2087 3439 enim
2117 3385 2342 3450 dixeris,
2376 3386 2422 3441 si
2457 3385 2527 3441 ad
2555 3402 2677 3442 eum
2709 3387 3011 3454 referatur,
3044 3386 3136 3457 qui
3180 3387 3234 3440 in
3272 3383 3540 3454 principio

1943 3484 2062 3532 erat
2102 3478 2246 3548 apud
2281 3477 2447 3534 Deum
2478 3477 2620 3534 Deus
2647 3478 2910 3545 Verbum,
2939 3494 3105 3533 unum
3141 3477 3393 3533 volumen
3430 3481 3536 3541 est,

1941 3577 1998 3626 et
2026 3569 2454 3626 innumerabiles
2481 3569 2630 3638 libri,
2675 3586 2782 3626 una
2809 3570 2920 3637 lex,
2951 3586 3117 3625 unum
3151 3566 3536 3639 Evangelium;

1941 3662 2086 3733 quod
2108 3662 2154 3718 si
2190 3661 2424 3728 diversa,
2457 3662 2820 3734 discrepantia
2854 3660 3240 3732 disputaveris,
3267 3668 3324 3714 et
3355 3657 3535 3713 curio-

1941 3753 2103 3810 sitate
2131 3753 2300 3808 nimia
2329 3753 2436 3810 huc
2466 3752 2701 3823 illucque
2735 3752 2977 3808 animum
3005 3751 3326 3815 adduxeris,
3369 3749 3535 3803 etiam

1939 3845 1996 3902 in
2033 3861 2142 3901 uno
2190 3845 2330 3901 libro
2376 3845 2532 3901 multi
2584 3845 2708 3901 libri
2756 3853 2902 3901 sunt.
2957 3843 3107 3900 Unde
3156 3844 3358 3898 dictum
3409 3849 3534 3896 est:

1948 3954 1967 3988 ι
1998 3936 2080 3992 Ex
2111 3935 2453 4007 multiloquio
2478 3952 2586 3992 non
2614 3936 2838 4008 effugies
2870 3944 3154 4008 peccatum
3185 3935 3203 4007 (
3228 3933 3386 3987 Prov.
3406 3931 3484 4003 κ).
3513 3950 3530 3981 ι

2017 4047 2037 4080 ι
2069 4028 2353 4099 Recupera
2399 4029 2708 4100 proximum
2745 4029 3044 4084 secundum
3076 4027 3331 4082 virtutem
3363 4034 3533 4088 tuam,

1946 4137 1966 4171 ‹
1999 4127 2055 4173 et
2087 4120 2306 4175 attende
2340 4120 2439 4176 tibi
2478 4134 2546 4175 ne
2587 4119 2817 4176 incidas.
2853 4139 2872 4170 ι
2912 4117 3234 4175 Rectissima
3266 4115 3534 4178 doctrina,

1939 4220 1996 4267 et
2024 4211 2373 4267 utilissimum
2398 4212 2709 4278 consilium,
2730 4219 2790 4266 ut
2814 4211 3064 4280 proximo
3081 4209 3376 4264 secundum
3394 4207 3542 4277 vires

1939 4301 2182 4374 praebeas
2221 4301 2497 4369 solatium,
2540 4312 2596 4358 et
2638 4301 2957 4370 tibimetipsi
2995 4300 3328 4370 prtevideas,
3380 4313 3448 4352 nc
3479 4297 3533 4351 in

1938 4397 2150 4468 peccati
2176 4396 2260 4452 vel
2285 4395 2491 4451 erroris
2518 4394 2725 4451 incidas
2750 4394 3025 4464 laqueum.
3060 4393 3185 4448 Haec
3214 4405 3430 4463 quoque
3457 4390 3538 4444 in—

1942 4487 2116 4560 signia
2146 4495 2272 4544 sunt
2309 4485 2632 4542 Christianae
2661 4485 2936 4558 religionis
2956 4527 2971 4552 ,
3012 4485 3128 4541 haec
3156 4485 3241 4540 via
3269 4484 3534 4544 veritatis,

252 4587 272 4620 ι
310 4576 436 4622 sunt
486 4568 539 4624 in
582 4571 834 4640 gentibus
873 4573 1083 4656 alienis.
1117 4575 1319 4634 »Ἧι-οε
1361 4586 1636 4648 potentes,
1687 4577 1836 4634 viros
1861 4608 1916 4670 Β
1941 4578 2058 4634 ιπεεο
2103 4579 2286 4651 regula
2311 4578 2558 4650 justitire.
2605 4576 2760 4634 Unde
2792 4586 2848 4633 et
2887 4576 3120 4634 Iacobus
3161 4575 3440 4648 apostolus
3483 4573 3539 4628 in

246 4660 511 4730 superbos
555 4671 611 4717 et
651 4653 971 4737 arrogantes
1011 4666 1126 4722 vult
1170 4667 1418 4740 intelligi,
1469 4685 1608 4740 quos
1649 4671 1835 4742 girans

246 4753 484 4822 migrare
529 4753 678 4823 fecit,
715 4756 820 4814 hoc
854 4767 956 4824 est,
1005 4774 1193 4816 errore
1227 4761 1380 4816 vario
1414 4776 1446 4816 a
1489 4768 1636 4817 statu
1670 4770 1837 4818 recta:

247 4848 372 4906 fidei
423 4851 648 4920 evellit,
692 4861 749 4910 et
793 4855 1094 4912 errantium
1135 4857 1307 4912 turbae
1345 4857 1663 4914 commiscet
1697 4875 1710 4912 :
1744 4858 1838 4929 qui

245 4943 444 4999 merito
475 4943 730 5001 dicuntur
752 4947 930 5019 gentis
951 4947 1158 5013 alienat,
1192 4948 1318 5018 quia
1347 4957 1595 5005 extorres
1617 4957 1742 5005 sunt
1772 4949 1839 5005 ah

247 5035 457 5092 unitate
493 5035 752 5095 Ecclesiae
791 5039 1092 5095 catholicae.
1128 5039 1206 5096 De
1243 5040 1442 5111 quibus
1476 5056 1572 5111 per
1604 5040 1837 5096 Psalmi-

247 5137 390 5184 stam
431 5130 670 5186 dicitur:
704 5149 724 5184 ‹
753 5129 989 5187 Alienati
1035 5140 1164 5188 sunt
1206 5140 1522 5203 peccatores
1562 5132 1631 5186 ab
1661 5140 1836 5198 utero,

246 5230 570 5277 erraverunt
595 5238 628 5279 a
655 5231 866 5290 ventre,
901 5222 1066 5279 locuti
1106 5230 1233 5280 sunt
1258 5221 1393 5278 falsa
1427 5221 1605 5296 (Psal.
1631 5221 1784 5295 LVII).
1813 5241 1834 5275 ι

327 5335 345 5366 ε
387 5312 652 5371 Peccator
698 5316 1104 5388 transgrediens
1149 5315 1407 5372 mandata
1446 5315 1662 5372 Domini
1705 5315 1841 5372 inci-

255 5427 275 5459 ε
311 5405 404 5462 det
453 5406 508 5461 in
560 5405 979 5478 promissionem
1034 5423 1300 5474 nequam;
1359 5416 1416 5462 et
1465 5407 1559 5479 qui
1611 5416 1841 5464 conatur

256 5516 275 5548 ‹
303 5495 472 5551 multa
492 5511 674 5569 agere,
696 5495 899 5552 incidet
926 5494 980 5549 in
1011 5491 1296 5562 judicium.
1328 5510 1346 5542 ι
1382 5491 1642 5546 Peccator
1659 5507 1840 5545 mns-

251 5588 504 5659 grediens
531 5588 784 5643 mandata
829 5584 1064 5650 Domini,
1107 5583 1308 5639 incidet
1342 5582 1396 5636 in
1423 5581 1841 5654 promissionem

253 5695 512 5750 nequam.
552 5679 704 5734 Illam
739 5679 992 5735 videlicet
1038 5677 1104 5733 de
1150 5691 1257 5746 qua
1315 5675 1370 5729 in
1422 5674 1840 5730 Deuteronomio

253 5771 521 5840 scriptum
550 5777 632 5824 est
661 5788 674 5824 :
715 5792 732 5822 ε
761 5768 1077 5825 Maledictus
1103 5767 1278 5823 omnis
1304 5767 1397 5838 qui
1426 5782 1531 5821 non
1561 5772 1842 5836 permanet

257 5862 315 5922 in
337 5849 680 5926 sermonibus
720 5861 855 5934 legis
893 5860 1141 5930 Domini,
1189 5875 1292 5916 nec
1319 5875 1484 5933 opere
1512 5874 1604 5916 eos
1630 5857 1844 5930 perlicit

1945 4669 2184 4739 Epistula
2233 4685 2329 4724 sua
2369 4669 2606 4740 scripsit,
2656 4669 2841 4725 dicens
2878 4687 2892 4724 :
2930 4689 2948 4721 ι
2982 4668 3190 4740 Religio
3240 4667 3438 4724 munda
3482 4673 3540 4722 et

1945 4759 2293 4816 immaculata
2340 4760 2482 4832 apud
2524 4761 2694 4816 Deum
2734 4770 2790 4816 et
2824 4761 3045 4818 Patrem
3094 4762 3210 4817 haec
3243 4769 3366 4816 est:
3398 4758 3539 4814 Visi-

1947 4864 2064 4910 tare
2088 4853 2318 4925 pupillos
2337 4863 2396 4910 et
2423 4853 2614 4910 viduas
2649 4855 2703 4909 in
2728 4853 3076 4908 tribulatione
3104 4868 3313 4919 eorum,
3346 4860 3399 4905 et
3429 4850 3536 4904 im-

1948 4947 2277 5002 maculatum
2315 4962 2375 5003 se
2405 4945 2684 5002 custodire
2723 4946 2792 5002 ab
2826 4946 2931 5002 hoc
2965 4943 3162 5000 sarculo
3218 4942 3361 5016 (Jac.
3409 4943 3470 5012 ι).
3514 4963 3532 4993 ι

1947 5039 2087 5108 Quia
2123 5040 2338 5096 dixerat
2363 5039 2630 5095 factorem
2667 5037 2848 5109 operis
2890 5037 3110 5093 beatum
3152 5036 3208 5090 in
3248 5034 3392 5088 facto
3437 5049 3538 5086 suo

1942 5131 2209 5199 futurum,
2226 5147 2372 5188 nunc
2398 5148 2518 5202 quze
2543 5131 2682 5186 facta
2706 5129 2818 5184 Deo
2845 5127 3080 5183 maxime
3100 5125 3350 5196 placeant
3383 5123 3538 5190 dicit,

1943 5223 2316 5280 misericordia
2353 5223 2566 5280 scilicet
2613 5231 2669 5277 et
2712 5220 3045 5276 innocentia.
3086 5217 3332 5288 Namque
3376 5218 3429 5271 in
3473 5234 3539 5271 co

1943 5318 2086 5388 quod
2123 5315 2353 5390 pupillos
2379 5326 2436 5372 et
2465 5316 2657 5373 viduas
2700 5315 2755 5370 in
2797 5312 3144 5370 tribulatione
3173 5326 3361 5368 eorum
3406 5311 3536 5366 visi-

1944 5417 2063 5466 tare
2083 5410 2266 5481 jussit,
2297 5418 2490 5466 euncta
2515 5425 2636 5480 qua:
2666 5423 2794 5479 erga
2823 5405 3130 5478 proximum
3160 5403 3534 5459 misericordi-

1951 5507 2033 5544 ter
2059 5513 2220 5560 agere
2259 5500 2552 5549 debeamus
2581 5499 2862 5546 insinuat:
2902 5495 3030 5563 quia
3061 5503 3320 5564 quantum
3361 5493 3540 5548 valeat

1949 5580 2067 5651 ipso
2090 5579 2281 5650 judicii
2325 5587 2568 5650 tempore
2603 5581 2892 5651 pandetur,
2941 5583 3031 5638 ubi
3061 5584 3304 5638 dicturus
3330 5592 3415 5639 est
3443 5581 3535 5651 ju-

1949 5672 2052 5726 dex
2082 5688 2095 5724 :
2129 5690 2148 5723 ι
2187 5669 2436 5738 Quandiu
2481 5670 2687 5727 fecistis
2731 5673 2820 5727 uni
2869 5690 2937 5729 ex
2974 5674 3060 5729 his
3103 5673 3360 5728 fratribus
3402 5671 3536 5726 uicis

1948 5761 2220 5827 minimis,
2271 5761 2402 5816 mihi
2431 5762 2637 5818 fecistis
2679 5762 2914 5836 (Matth.
2959 5764 3078 5835 LII).
3114 5786 3130 5815 ι
3166 5766 3335 5818 Porro
3371 5763 3423 5815 in
3469 5777 3536 5816 eo

1947 5854 2091 5929 quod
2117 5851 2491 5911 immaculatos
2517 5869 2613 5912 nos
2638 5855 2706 5913 ab
2741 5855 2842 5912 hoc
2871 5855 3069 5912 sacculo
3098 5851 3371 5908 custodire
3394 5863 3534 5924 pra:-
