4030 6470
536 390 643 447 979

1174 391 1236 447 B.
1277 389 1532 447 RABANI
1571 390 1793 449 MAURI
1828 388 2146 447 ARCHIEP.
2185 388 2495 448 MOGUNT.
2533 388 2819 447 OPERUM
2850 387 3027 446 PARS
3063 389 3104 445 Ι.

530 502 692 574 cepit,
715 518 966 559 universa
992 503 1050 558 in
1077 503 1272 574 quibus
1294 504 1542 575 nosipsos
1565 513 1748 561 castos
1768 518 1987 560 servare
2013 503 2106 560 de—
2131 511 2187 571 Α
2229 489 2237 496 ’
2285 523 2303 554 ι
2328 503 2605 558 Minimum
2642 518 2742 575 pro
2781 519 2979 575 magno
3006 503 3220 575 placeat
3263 505 3382 571 tibi,
3422 514 3479 562 et
3524 506 3799 579 imprope-

530 604 623 653 cet
657 596 909 652 ostendit.
940 595 1000 650 in
1028 597 1224 667 quibus
1251 606 1376 654 sunt
1402 606 1460 655 et
1482 612 1546 654 ea
1573 613 1696 670 quae
1732 612 1894 669 supra
1918 598 2108 654 obser-

529 702 662 745 vare
701 697 1005 758 monuerat,
1041 698 1102 746 ut
1140 692 1285 748 tardi
1325 692 1496 749 simus
1539 693 1608 749 ad
1651 691 2013 763 loquendum,
2056 698 2114 748 et

529 779 674 836 tardi
706 780 957 838 ediram.

1134 872 1366 931 CAPUT
1399 872 1486 930 Ill.

530 958 611 1017 De
629 960 934 1034 frugalitate
963 963 1199 1029 honesta,
1220 963 1276 1017 id
1295 973 1372 1018 est
1389 963 1732 1034 continentia,
1757 972 1808 1018 et
1833 964 2110 1033 parcitate,

1097 1043 1146 1089 et
1167 1033 1543 1105 hospitalitate.

608 1161 630 1198 ι
660 1142 878 1201 initium
920 1146 1047 1202 vita:
1084 1146 1365 1203 hominum
1398 1163 1540 1219 aqua
1570 1155 1629 1207 et
1664 1147 1820 1219 panis
1856 1155 1913 1204 et
1941 1145 2112 1203 vesti-

536 1251 559 1286 ι
595 1244 863 1303 mentum,
908 1244 964 1292 et
1010 1236 1202 1297 domus
1240 1245 1526 1309 protegens
1563 1237 1971 1307 turpitudinem.
1993 1254 2013 1288 ι
2050 1235 2111 1291 lu

532 1324 639 1384 hoc
663 1328 900 1398 capitulo
938 1329 1205 1400 sapientia
1229 1332 1389 1387 docet
1432 1330 1820 1402 frugalitatem,
1858 1330 2110 1385 honesta-

534 1425 667 1486 tem,
694 1428 752 1476 et
788 1421 1232 1493 hospitalitatem,
1267 1431 1328 1479 ut
1364 1423 1660 1480 habeamus
1700 1422 2111 1494 temperantiam

531 1507 591 1565 in
611 1510 758 1568 victu
798 1520 853 1569 et
881 1514 1101 1581 vestitu,
1137 1515 1479 1573 honestatem
1503 1517 1560 1572 in
1586 1516 1847 1582 moribus,
1883 1514 2108 1587 largita-

532 1606 644 1658 tem
676 1603 731 1658 in
775 1605 1131 1677 suscipiendis
1159 1607 1439 1666 fratribus.
1482 1607 1637 1676 Quod
1666 1609 1815 1665 enim
1841 1607 1973 1667 dicit
2008 1605 2111 1662 ini-

530 1691 666 1748 tium
694 1693 971 1752 hominum
1012 1698 1135 1754 vitas
1159 1714 1283 1756 esse
1315 1717 1514 1772 aquam
1548 1709 1606 1758 et
1628 1716 1825 1773 panem
1845 1741 1862 1768 ,
1900 1707 2111 1756 vestem

529 1789 587 1838 et
610 1783 827 1842 domum
854 1798 1226 1861 protegentem
1253 1792 1662 1863 turpitudinem,
1692 1791 1929 1849 ostendit
1965 1791 2111 1862 quod

2215 616 2235 648 ‹
2270 596 2410 651 rium
2435 595 2892 667 peregrinationis
2931 611 3039 651 non
3072 595 3276 652 audies.
3310 615 3329 647 ι
3355 596 3437 652 Ac
3474 596 3524 653 si
3550 606 3803 668 patenter

2210 688 2354 744 dicat
2379 707 2393 743 :
2423 686 2665 745 Suﬂiciat
2688 689 2786 745 tibi
2812 690 2956 760 quod
2984 689 3174 757 habes,
3222 704 3326 746 nec
3359 689 3638 761 superﬂue
3674 706 3805 763 ope

2209 800 2441 856 quaeras,
2468 800 2605 856 quas
2648 786 2875 857 adipisci
2917 803 3024 843 non
3064 786 3230 843 vales.
3276 785 3432 845 Unde
3456 785 3691 857 quidam
3723 800 3809 842 n-

2206 875 2471 946 pientium
2502 875 2618 930 ait:
2646 874 2840 932 Melius
2875 887 2953 932 est
3000 894 3106 932 non
3151 877 3343 933 habere
3386 879 3532 950 quod
3579 878 3806 945 tribus,

2208 982 2367 1037 quem
2400 967 2727 1038 impudenter
2753 977 2989 1039 metere
3016 970 3159 1041 quod
3186 987 3294 1026 non
3323 971 3543 1028 habeas.
3588 971 3677 1027 De
3701 987 3810 1042 cllo

2207 1066 2265 1114 et
2295 1058 2351 1114 in
2386 1058 2696 1117 Proverbiis
2741 1061 3006 1132 scriptum
3044 1070 3169 1117 est:
3197 1081 3218 1115 ε
3246 1061 3436 1119 Helius
3477 1071 3568 1121 est
3608 1078 3810 1134 parum

2210 1165 2336 1205 cum
2357 1152 2550 1208 timore
2570 1152 2686 1219 Dei,
2715 1168 2878 1223 quam
2910 1153 3149 1210 thesauri
3193 1156 3379 1227 magni
3405 1164 3463 1210 et

2208 1239 2313 1308 Qui
2337 1241 2513 1315 diligit
2550 1242 2757 1313 epulas,
2803 1244 2860 1299 in
2885 1252 3126 1316 egestate
3150 1244 3288 1301 erit:
3313 1246 3406 1316 qui
3436 1255 3588 1303 amat
3616 1246 3810 1301 vinum

2208 1340 2267 1389 et
2288 1333 2526 1405 pinguia,
2553 1349 2660 1389 non
2681 1334 2945 1390 dilabitur
2970 1334 3157 1407 (Prov.
3172 1335 3288 1405 xv).
3312 1356 3332 1390 ι
3359 1336 3429 1391 Et
3450 1336 3622 1391 item:
3648 1355 3672 1388 ι
3697 1334 3809 1391 le—

2209 1425 2314 1482 lius
2346 1436 2434 1483 est
2467 1444 2666 1486 nomen
2708 1429 2911 1484 bonum
2935 1444 3100 1500 quam
3130 1430 3332 1486 divitis
3376 1429 3569 1486 multae
3596 1447 3610 1483 :
3644 1443 3813 1500 supu-

2210 1535 2404 1578 aurum
2434 1532 2490 1579 et
2512 1531 2815 1594 argentum,
2848 1526 3022 1597 gratia
3045 1525 3212 1582 bona.
3244 1543 3264 1576 ι

2285 1635 2304 1667 ε
2339 1616 2460 1672 Vita
2500 1633 2736 1688 nequam
2761 1619 3071 1690 hospitandi
3102 1621 3170 1676 de
3195 1620 3358 1676 domo
3380 1620 3439 1675 in
3458 1619 3693 1675 domum
3718 1634 3736 1681 ;
3759 1626 3816 1672 et

2216 1725 2236 1760 ι
2271 1707 2363 1764 ubi
2390 1709 2776 1780 hospitabitur,
2802 1728 2913 1769 non
2942 1712 3271 1770 ﬁducialiter
3291 1721 3434 1784 aget,
3462 1727 3570 1768 nec
3600 1712 3818 1782 aper-ia

2216 1818 2236 1851 ε
2267 1815 2349 1855 os.
2372 1818 2391 1852 ι
2426 1799 2599 1869 Quam
2637 1804 2837 1859 bonum
2863 1806 2935 1861 sit
2971 1806 3224 1862 stabilem
3254 1805 3565 1877 quemlibet
3600 1817 3734 1859 esse
3762 1804 3816 1857 in

530 1872 585 1927 in
616 1873 771 1930 initio
800 1893 907 1933 non
937 1889 1056 1935 erat
1082 1881 1138 1937 in
1160 1882 1467 1941 hominibus
1496 1892 1645 1941 tanta
1669 1884 1884 1941 luxuria
1915 1884 2024 1940 cibi
2051 1890 2109 1939 et
2131 1874 2180 1949 Β
2208 1890 2375 1960 gradu
2405 1906 2505 1948 suo
2547 1902 2603 1949 et
2646 1894 2703 1950 in
2745 1898 3159 1954 conversatione
3198 1872 3319 1963 sui,
3354 1904 3410 1953 et
3432 1911 3607 1968 quam
3653 1905 3819 1966 turpe

527 1973 684 2035 potus
716 1977 917 2037 quanta
936 1987 1082 2028 nunc
1110 1982 1228 2042 est;
1270 1990 1373 2032 nec
1405 1976 1529 2033 talis
1560 1979 1784 2034 ambitio
1824 1979 1878 2034 in
1912 1986 2106 2034 ornatu

527 2057 775 2124 vestium,
799 2068 855 2115 et
879 2061 935 2117 in
974 2066 1377 2124 constructione
1408 2069 1640 2124 turrium
1678 2077 1840 2141 atque
1872 2070 2105 2140 palatio-

526 2161 689 2201 rum:
714 2149 810 2204 sed
839 2150 1129 2224 unicuique
1144 2154 1201 2210 in
1231 2170 1296 2213 eo
1320 2156 1620 2214 suiliciebat
1636 2158 1782 2231 quod
1800 2167 1947 2215 terra
1972 2158 2105 2215 sim-

523 2236 647 2306 plici
670 2237 851 2298 fructu
891 2243 1257 2315 ministrabat,
1290 2258 1345 2306 et
1371 2258 1567 2307 natura
1603 2251 1709 2308 loci
1732 2252 1791 2307 in
1824 2252 2107 2308 habitacu-

522 2324 587 2383 lis
616 2331 908 2398 praebebat.
938 2333 1091 2392 Unde
1126 2337 1322 2411 legitur
1363 2328 1507 2412 quod
1548 2344 1726 2413 pomis
1772 2343 2024 2399 arborum
2050 2351 2107 2399 et

521 2421 853 2492 germinibus
901 2426 1111 2485 olerum
1164 2446 1513 2491 vescerentur
1560 2436 1805 2508 antiqui;
1857 2444 1914 2493 et
1963 2436 2107 2507 quod

519 2521 739 2587 propter
765 2526 1048 2586 peccatum
1082 2521 1214 2579 Adae
1242 2523 1459 2581 fecisset
1494 2526 1545 2582 ei
1573 2526 1832 2584 Dominus
1864 2534 1919 2585 et
1949 2526 2105 2583 uxori

520 2618 634 2661 suae
665 2608 878 2666 tunicas
901 2611 1177 2682 pelliceas,
1213 2623 1269 2671 et
1290 2615 1555 2675 induisset
1581 2633 1695 2674 eos.
1722 2619 1795 2675 At
1821 2635 1964 2676 nunc
1997 2635 2106 2690 quo

519 2692 691 2765 majus
714 2706 801 2754 est
821 2700 1059 2759 studium
1085 2704 1140 2759 in
1171 2706 1433 2764 varietate
1458 2710 1745 2780 praebenda
1777 2710 2023 2767 ciborum
2047 2722 2105 2769 et

516 2787 853 2859 poculorum,
884 2801 939 2849 et
965 2792 1022 2850 in
1052 2796 1201 2852 cultu
1232 2801 1461 2856 vestium
1491 2810 1653 2873 atque
1697 2803 1981 2860 domorum
2005 2807 2103 2861 ha-

515 2874 710 2948 benda,
743 2898 808 2938 eo
834 2885 1013 2942 minor
1038 2898 1123 2945 est
1159 2889 1437 2962 diligentia
1470 2893 1525 2949 in
1561 2895 1906 2951 observantia
1932 2897 2103 2952 bona-

515 2985 635 3027 rum
664 2973 1093 3048 disciplinarum,
1129 2991 1184 3038 et
1221 2982 1394 3053 major
1423 2984 1684 3056 iniquitas
1712 2987 1768 3043 in
1800 2996 2104 3059 transgres-

514 3064 666 3120 sione
707 3067 1012 3127 divinorum
1057 3073 1457 3132 mandatorum.
1500 3077 1655 3135 Unde
1684 3079 1942 3136 Dominus
1980 3080 2103 3136 red.

514 3168 749 3225 arguens
796 3159 1135 3232 iniquitatem
1176 3162 1499 3234 Jerusalem,
1531 3169 1599 3225 ad
1641 3169 1947 3240 exemplum
1975 3184 2103 3242 pro-

513 3246 633 3303 tulit
682 3262 965 3321 peccatum
1026 3253 1405 3326 Sodomorum,
1463 3262 1616 3331 cujus
1675 3262 1765 3317 illa
1813 3262 2098 3330 imitatrix,
2128 3242 2175 3308 (ἶ

512 3339 622 3396 imo
650 3348 956 3415 superatrix
985 3347 1161 3404 fuerat
1202 3350 1221 3422 (
1249 3350 1440 3406 Matth.
1480 3369 1511 3406 χ
1537 3352 1578 3425 ).
1630 3352 1785 3409 Sicut
1822 3355 2102 3426 prophetae

513 3430 678 3488 verba
716 3443 1022 3493 testantur:
1054 3460 1071 3491 ‹
1095 3439 1257 3508 Ecce,
1303 3442 1501 3514 inquit,
1547 3444 1663 3501 haec
1701 3444 1803 3500 fuit
1841 3446 2102 3516 iniquitas

512 3517 763 3578 Sodomae
793 3527 1000 3582 sororis
1043 3538 1186 3586 tuae:
1223 3533 1494 3605 superbia,
1540 3536 1799 3594 saturitas
1825 3538 2006 3608 panis,
2043 3544 2101 3595 et

512 3611 860 3684 abundantia,
889 3628 944 3676 et
967 3621 1138 3677 otium
1182 3625 1370 3696 ipsius,
1402 3636 1457 3684 et
1481 3626 1714 3687 ﬁliarum
1739 3630 1876 3702 ejus,
1899 3639 1956 3689 et
1983 3647 2099 3687 ma—

513 3717 643 3758 num
664 3719 834 3776 egeno
867 3718 924 3764 et
954 3713 1178 3784 pauperi
1220 3730 1327 3771 non
1358 3718 1726 3790 porrigebant.
1774 3722 1843 3777 Et
1876 3722 2099 3779 elevatae

518 3805 663 3861 sunt,
693 3805 750 3852 et
780 3797 1024 3857 fecerunt
1052 3804 1486 3865 abominationes
1515 3827 1698 3868 coram
1744 3829 1852 3880 me,
1898 3824 1953 3871 et
1975 3816 2100 3873 abs-

513 3884 608 3941 tuli
649 3902 742 3945 eas
782 3888 925 3949 sicut
966 3894 1150 3953 vidisti
1185 3907 1281 3954 :et
1313 3899 1558 3958 Samaria
1587 3904 1869 3961 dimidium
1908 3921 2098 3978 pecca.

510 3986 688 4037 torum
714 3992 930 4042 tuorum
965 4003 1072 4044 non
1100 3993 1367 4061 peccavit,
1401 3995 1497 4052 sed
1526 3995 1703 4053 vicisti
1747 4013 1842 4054 eas
1877 4000 2099 4057 sceleri-

510 4070 610 4128 bus
663 4073 787 4143 tuis,
836 4086 893 4134 et
932 4077 1244 4149 justiﬁcasti
1296 4099 1511 4142 sorores
1567 4095 1685 4145 tuas
1737 4089 1794 4144 in
1843 4091 2099 4151 omnibus

510 4157 1002 4226 abominationibus
1040 4172 1148 4228 tuis
1176 4188 1311 4245 quas
1332 4185 1554 4248 operata
1577 4194 1638 4236 es
1670 4179 1890 4253 (Ezech.
1908 4182 2045 4254 xvr).
2069 4203 2090 4237 ι

586 4272 601 4304 ι
640 4253 829 4313 Melior
852 4268 936 4317 est
957 4262 1136 4322 victus
1160 4268 1417 4339 pauperis
1437 4271 1537 4326 sub
1564 4273 1798 4344 tegmine
1822 4253 2092 4345 asserum,

511 4365 528 4395 ε
563 4362 725 4416 quam
754 4351 923 4423 epulae
950 4356 1247 4427 splendidae
1266 4360 1323 4415 in
1352 4375 1581 4434 peregre
1610 4365 1728 4421 sine
1749 4366 2044 4425 domicilio.
2067 4388 2087 4421 ι

503 4434 663 4494 Juxta
711 4456 928 4500 sensum
991 4448 1309 4507 historicum
1354 4455 1691 4513 commodius
1737 4466 1824 4515 est
1872 4468 2092 4518 tenuem

503 4528 708 4585 victum
731 4532 831 4588 sub
860 4534 952 4592 vili
981 4542 1196 4613 tugurio
1215 4544 1512 4613 quemlibet
1537 4562 1659 4604 cum
1681 4551 1975 4609 securitate
1995 4568 2088 4609 su-

502 4634 670 4687 mere,
695 4639 855 4694 quam
882 4629 1191 4700 splendidas
1216 4636 1404 4707 epulas
1425 4654 1550 4696 cum
1577 4639 1891 4712 fatigatione
1917 4647 2086 4702 nimia

502 4723 567 4765 ac
611 4711 975 4806 sollicitudine
1022 4724 1289 4794 superﬂua
1332 4729 1388 4784 in
1437 4729 1661 4789 incertis
1689 4711 1846 4791 locis
1882 4737 2087 4806 passim

501 4819 765 4873 quaerere.
792 4804 955 4866 Juxta
998 4812 1309 4887 allegoriam
1348 4829 1529 4877 autem
1570 4814 1763 4880 melior
1803 4804 2088 4887 est—victus

499 4894 759 4965 spiritalis
788 4915 1018 4985 sensus,
1050 4908 1141 4978 qui
1184 4910 1286 4966 sub
1316 4911 1409 4967 vili
1440 4917 1679 4985 tegmine
1725 4918 2031 4978 litterarum
2054 4940 2087 4979 a

498 4999 738 5057 paupere
777 4984 1035 5053 Ecclesia:
1062 4999 1259 5070 populo
1298 5003 1355 5057 in
1379 4984 1587 5064 unitate
1616 5011 1884 5068 catholica
1913 5015 2083 5072 habe-

500 5085 609 5143 tur,
643 5093 827 5170 quam,
878 5086 1177 5145 ambitiosa
1206 5092 1409 5150 deliciae
1447 5096 1944 5170 philosophicorum
1984 5106 2083 5162 do-

498 5167 769 5267 gniatum,'
792 5189 912 5267 quae
940 5177 999 5234 in
1032 5180 1262 5241 diversis
1299 5185 1455 5243 libris
1484 5167 1766 5249 rhetorum
1789 5211 1820 5251 a
1844 5196 2087 5267 philoso-

497 5260 622 5327 phis
662 5262 776 5359 sive
806 5264 1077 5328 haereticis
1105 5288 1334 5334 erronee
1364 5288 1420 5336 et
1445 5284 1690 5352 putative
1716 5260 1889 5358 magis
1919 5304 2083 5359 quam

498 5353 767 5453 veraciter
796 5360 1181 5422 continentur:
1208 5369 1302 5427 ubi
1327 5385 1557 5446 magnus
1596 5375 1771 5445 labor,
1803 5353 1859 5434 et
1888 5353 2085 5453 super-

498 5435 881 5541 gua‘cura,“et
899 5464 1068 5518 parva
1094 5457 1301 5517 utilitas
1329 5435 1624 5521 invenitur.
1653 5467 1731 5524 De
1756 5435 1973 5541 quibus
1987 5435 2085 5537 tier

497 5527 724 5627 Paulum
772 5532 1006 5627 dicitur:
1036 5562 1055 5595 ι
1094 5541 1320 5618 Semper
1363 5548 1656 5619 discentes,
1702 5559 1759 5608 et
1785 5527 2085 5627 .nunqu'am

497 5622 568 5722 ad
597 5623 891 5722 scientiam;
911 5630 1159 5691 veritatis
1185 5640 1561 5707 pervenientes
1601 5629 1709 5714 (II
1742 5642 1881 5701 Tim.
1912 5622 2021 5722 in).
2056 5669 2078 5704 ι

499 5718 767 5786 Quoniam
789 5718 1011 5777 stultam
1035 5722 1165 5781 fecit
1185 5727 1328 5784 Deus
1349 5731 1666 5802 sapientiam
1690 5734 1850 5807 hujus
1869 5718 2080 5809 mundi,

499 5822 601 5864 nec
626 5818 713 5867 est
741 5811 795 5868 in
823 5827 1075 5873 sermone
1104 5833 1329 5892 regnum
1354 5820 1474 5891 Dei,
1510 5824 1603 5880 sed
1632 5825 1689 5882 in
1715 5827 1936 5888 virtute.

2210 1985 2580 2043 circellionum
2616 2002 2769 2043 more
2792 2002 2891 2058 per
2911 1989 3123 2046 diversa
3162 1988 3284 2046 loca
3309 1990 3521 2060 vagari,
3573 2000 3819 2061 evange-

2208 2075 2312 2131 lica
2340 2085 2395 2133 et
2434 2078 2732 2148 apostolica
2763 2081 3009 2136 doctrina
3040 2080 3320 2152 patefacit.
3366 2077 3523 2136 Unde
3554 2079 3819 2136 Salvator

2206 2168 2487 2239 discipulis
2528 2170 2640 2226 suis
2683 2173 2970 2243 praecepit,
3028 2173 3253 2229 dicens:
3291 2193 3310 2224 ι
3340 2171 3520 2228 Nolite
3570 2174 3818 2229 tranﬂre

2206 2262 2275 2317 de
2299 2262 2460 2317 domo
2496 2263 2552 2317 in
2593 2264 2849 2330 domum;
2908 2271 2963 2320 et
3000 2266 3056 2319 in
3096 2278 3477 2335 quamcunque
3527 2263 3815 2319 civitatem

2207 2355 2565 2421 intraveritis,
2597 2365 2653 2412 et
2676 2360 3016 2428 susceperint
3035 2374 3151 2425 vos,
3193 2360 3521 2415 manducate
3548 2374 3679 2430 qua
3720 2372 3816 2430 ap-

2204 2456 2480 2520 ponuntur
2505 2451 2678 2517 vobis,
2724 2458 2778 2506 et
2823 2460 3014 2508 curate
3047 2453 3293 2510 infirmos
3327 2454 3421 2523 qui
3444 2454 3500 2508 in
3549 2452 3644 2507 illa
3684 2457 3817 2508 sunt

2209 2537 2361 2610 (Luc.
2402 2539 2509 2612 x).r
2548 2529 2687 2596 Hinc
2725 2549 2782 2597 et
2814 2542 3012 2599 Paulus
3052 2544 3640 2601 Thessalonicensibus
3672 2544 3816 2601 scri-

2207 2632 2364 2699 bens,
2395 2649 2697 2706 gyrovag'os
2732 2636 3014 2709 redarguit
3033 2637 3222 2694 dicens
3249 2656 3261 2692 :
3297 2655 3317 2690 ι
3350 2638 3686 2693 Audivimus
3710 2654 3812 2693 au-

2202 2730 2317 2777 tem
2353 2724 2614 2793 quosdam
2648 2724 2791 2780 inter
2827 2741 2921 2782 vos
2959 2726 3300 2783 ambulantes
3349 2727 3618 2798 inquiete,
3673 2724 3814 2782 nihil

2205 2823 2510 2884 operantes,
2546 2815 2640 2870 sed
2668 2816 2882 2873 curiose
2910 2825 3131 2889 agentes
3159 2815 3259 2890 (II
3290 2817 3469 2874 Thess.
3496 2832 3562 2874 ιιι
3578 2818 3623 2890 ).
3656 2837 3679 2870 ι
3713 2816 3810 2875 llis

2206 2910 2387 2959 autem
2416 2904 2510 2975 qui
2539 2906 2803 2976 ejusmodi
2845 2915 3005 2973 sunt,
3039 2908 3421 2963 denuntiamus
3455 2915 3511 2963 et
3541 2909 3804 2963 obsecra-

2204 3013 2329 3053 mus
2359 2998 2414 3053 in
2443 2998 2671 3056 Domino
2715 2985 2843 3056 Jesu
2881 2999 3132 3069 Christo,
3163 3009 3226 3056 ut
3260 3016 3386 3057 cum
3416 3001 3643 3058 silentio
3670 3014 3802 3071 ope-

2205 3097 2389 3146 rantes
2419 3106 2576 3146 suum
2620 3106 2816 3161 panem
2856 3093 3204 3149 manducent.
3231 3092 3386 3161 Quod
3417 3100 3610 3149 autem
3633 3092 3802 3148 dicit:

2211 3199 2234 3234 ο
2267 3181 2369 3238 Ubi
2402 3184 2768 3255 hospitabitur
2796 3200 2903 3240 non
2932 3183 3253 3241 fiducialiter
3287 3193 3433 3256 aget,
3462 3199 3572 3240 nec
3598 3182 3804 3254 aperiet

2203 3288 2330 3345 os,»
2364 3275 2603 3331 ostendit
2624 3277 2767 3346 quod
2807 3275 3020 3332 diﬂieile
3040 3276 3387 3332 securitatem
3412 3275 3563 3330 inter
3594 3275 3809 3346 ignium

2202 3365 2461 3432 inveniat,
2496 3382 2658 3436 quam
2698 3366 2956 3423 Salomon
2985 3367 3196 3423 cunctis
3226 3365 3439 3423 deliciis
3477 3362 3806 3436 praeposuit.

2201 3457 2390 3514 dicens
2418 3476 2431 3513 :
2468 3477 2489 3510 ε
2509 3458 2716 3515 Secura
2741 3473 2898 3515 mens
2926 3459 3083 3530 quasi
3099 3460 3228 3532 juge
3260 3458 3577 3515 convivium
3598 3453 3805 3526 (Prov.

2202 3551 2328 3624 xv).
2360 3570 2382 3607 ι
2404 3551 2644 3609 Grandis
2667 3554 2812 3609 enim
2838 3567 2999 3623 pinna
3027 3560 3115 3608 est
3144 3553 3289 3608 inter
3312 3565 3409 3608 eos
3436 3548 3632 3606 sedulo
3666 3562 3805 3604 con-

2199 3648 2431 3713 versari,
2478 3660 2711 3718 quorum
2739 3661 2841 3703 nec
2875 3648 3060 3703 animo
3096 3662 3197 3704 nec
3223 3646 3408 3703 verbis
3444 3647 3677 3709 credat,
3709 3642 3805 3699 sed

2198 3753 2418 3812 semper
2443 3741 2749 3813 suspicetur
2779 3741 2846 3795 de
2886 3738 3055 3796 infido
3085 3741 3264 3797 animo
3302 3740 3561 3810 laqueum
3591 3735 3806 3809 captio-

2204 3834 2293 3889 nis
2321 3841 2379 3889 et
2404 3833 2723 3890 scandalum
2749 3832 3084 3891 offensionis.

2276 3942 2296 3975 ι
2326 3920 2723 3996 Hospitabitur,
2751 3930 2807 3980 et
2829 3931 3040 3994 pascet,
3086 3932 3143 3980 et
3180 3921 3394 3995 potabit
3418 3921 3673 3993 ingratos
3702 3932 3722 3972 :
3745 3926 3804 3973 et

2204 4035 2224 4069 ι
2260 4015 2329 4071 ad
2355 4015 2471 4071 haec
2514 4028 2700 4071 amara
2728 4015 2931 4071 audiet.
2968 4035 2987 4068 ι
3039 4013 3413 4086 Hospitabitur
3447 4010 3711 4068 videlicet
3743 4008 3799 4062 in

2197 4109 2376 4167 aliena
2416 4108 2577 4165 domo
2607 4110 2822 4181 ingrate
2848 4115 3166 4180 susceptus,
3194 4107 3289 4164 ubi
3312 4105 3446 4173 edit,
3475 4101 3714 4166 abibit,
3741 4106 3801 4154 α

2196 4214 2417 4272 semper
2461 4201 2691 4258 adversa
2732 4200 3102 4273 pertimescit;
3160 4208 3409 4267 saepeque
3450 4192 3524 4249 ab
3568 4191 3799 4248 alterius

2195 4295 2380 4370 lingua
2401 4297 2650 4353 irritatus
2678 4294 3068 4366 impruperium
3090 4292 3260 4349 audit.

2268 4404 2293 4441 ι
2320 4387 2538 4457 Transi,
2560 4388 2778 4458 hospes,
2795 4394 2852 4442 et
2868 4402 3005 4443 orna
3025 4398 3300 4450 mensam;
3324 4389 3381 4438 et
3400 4395 3522 4452 qua:
3540 4379 3597 4435 in
3622 4392 3795 4433 manu

2200 4494 2221 4530 ι
2247 4476 2417 4533 habes
2446 4478 2568 4535 ciba
2603 4486 2853 4533 caeteros.
2884 4477 2986 4532 Exi
3012 4492 3043 4531 a
3068 4475 3210 4531 faeie
3230 4472 3451 4530 honoris
3483 4470 3791 4527 amicorum

2198 4584 2219 4618 ι
2252 4583 2474 4635 eorum;
2521 4567 2923 4625 necessitudine
2964 4566 3157 4622 Mus
3205 4576 3342 4618 mea
3377 4559 3617 4632 hospitio
3653 4560 3792 4616 mihi

2199 4677 2220 4713 ι
2248 4660 2425 4716 factus
2466 4669 2553 4716 est
2603 4659 2793 4714 frater.
2830 4677 2851 4709 ι
2896 4656 3022 4713 Haec
3063 4663 3190 4711 sunt
3226 4654 3393 4711 verba
3434 4654 3787 4724 improperi,

2192 4765 2314 4823 quae
2356 4750 2498 4806 dixit
2546 4750 2919 4820 hospitantem
2955 4748 3025 4804 ab
3069 4747 3283 4817 hospite
3328 4759 3517 4800 amara
3556 4745 3786 4811 sentire,

2192 4857 2426 4915 quorum
2452 4850 2740 4901 contextus
2773 4840 2936 4897 talem
2962 4845 3144 4909 potest
3168 4837 3369 4893 habere
3410 4850 3635 4893 sensum
3664 4854 3677 4890 :
3703 4834 3787 4891 Tu

2193 4934 2288 5005 qui
2312 4947 2529 5004 semper
2547 4932 2632 4988 vis
2660 4931 2883 4989 alterius
2926 4929 3163 5001 hospitio
3190 4929 3302 4995 uti,
3348 4928 3544 4985 recede
3568 4943 3602 4983 a
3625 4927 3786 4985 nob'u

2191 5035 2249 5083 et
2272 5026 2387 5082 redi
2410 5026 2479 5081 ad
2500 5034 2615 5092 tua,
2640 5025 2825 5095 ibique
2842 5038 2911 5080 ex
2933 5030 3028 5079 tuo
3051 5022 3239 5079 labore
3256 5029 3311 5077 te
3326 5029 3387 5077 et
3407 5021 3545 5078 a‘l'ms
3568 5035 3784 5092 pastas,

2190 5123 2249 5172 et
2274 5113 2387 5170 noli
2435 5114 2504 5169 de
2530 5113 2706 5169 aliena
2740 5112 2903 5169 domo
2933 5111 3146 5168 tibimet
3182 5118 3400 5183 pastum
3450 5110 3788 5182 superﬂuum

2192 5218 2465 5277 mlierem;
2526 5203 2724 5260 suﬁicit
2774 5203 2909 5259 mihi
2954 5203 3020 5258 ad
3070 5203 3536 5259 criminationem
3591 5202 3786 5259 domm

2189 5309 2328 5352 meae
2356 5295 2631 5366 susceptio
2650 5295 3046 5365 proximorum,
3073 5302 3131 5349 et
3157 5293 3491 5350 consortium
3526 5291 3776 5348 fratrum.

2191 5384 2271 5443 Te
2288 5392 2472 5442 autem
2515 5385 2771 5442 convenit
2803 5401 2835 5441 a
2863 5384 3137 5440 domicilio
3182 5381 3483 5437 amicorum
3534 5396 3783 5440 meos-mn

2188 5481 2475 5539 madore,
2505 5489 2563 5529 ct
2599 5481 2743 5530 inter
2770 5483 2891 5532 tuos
2928 5476 2983 5532 id
3020 5491 3181 5548 agere
3216 5478 3363 5549 quod
3394 5479 3540 5536 inter
3572 5480 3779 5538 alienos

2187 5580 2296 5622 non
2322 5581 2507 5622 cessas
2536 5567 2879 5638 impudenter
2904 5576 3180 5640 expetere.

2263 5677 2283 5711 ί
2314 5658 2513 5714 Gravia
2559 5659 2677 5715 haec
2708 5660 2914 5716 homini
2957 5662 3179 5718 habenti
3218 5677 3437 5718 sensum
3466 5663 3776 5733 τουσι-βρύα

2193 5765 2213 5800 ι
2240 5749 2451 5815 domus,
2496 5758 2551 5805 et
2594 5750 2981 5821 improperium
3029 5751 3371 5809 feneratoris.
3403 5772 3424 5805 ι
3476 5752 3583 5820 Qui
3622 5754 3773 5810 enim

2184 5837 2414 5905 pudicus
2441 5852 2623 5906 sensu,
2653 5855 2819 5909 grave
2850 5851 2939 5899 cst
2963 5841 3038 5898 illi
3067 5842 3437 5912 hujusce!“
3471 5844 3770 5917 ementie-
