4030 6492
267 363 366 423 981

1140 362 1491 422 COMMENT.
1529 364 1599 421 IN
1637 362 2243 425 ECCLESIASTICUM.
2284 395 2355 405 ——
2391 364 2519 421 LIB.
2568 364 2670 421 νη.

3432 365 3536 422 982

264 490 390 533 nem
430 480 485 533 et
521 472 908 547 improperium
956 474 1024 530 ab
1063 488 1157 531 ore
1185 474 1510 533 feneratoris
1554 477 1850 549 suscipere.
1880 482 1934 545 Α
1959 487 2155 536 cerunt
2179 480 2353 534 sancti
2403 478 2632 550 apostoli
2676 485 2730 533 et
2771 479 2931 550 primi
2975 480 3223 537 doctores
3258 480 3534 547 Ecclesiae,

263 567 371 626 Sed
403 568 497 641 qui
525 569 811 641 impudens
834 574 936 635 est,
976 583 1077 625 nec
1099 568 1245 624 dicto
1277 571 1602 647 corrigetur,
1629 587 1731 628 nec
1768 586 1854 629 re-

1956 570 2059 625 nisi
2082 570 2148 626 de
2172 570 2465 627 nutrimine
2492 586 2593 627 suo
2614 578 2739 640 post
2777 584 2836 627 se
2865 566 3270 643 dereliquerunt
3292 580 3539 642 pastores

258 661 629 735 prehensione
657 662 1054 719 emendabitur.
1098 660 1322 736 Mystice
1357 673 1537 721 autem
1571 665 1662 722 hic
1701 666 1852 722 locus
1954 671 2010 720 et
2038 668 2278 718 rectores
2307 661 2565 732 plebium,
2593 669 2654 717 ut
2672 662 2777 733 ipsi
2805 670 3208 735 morepaterno
3236 671 3390 719 scuto
3412 661 3540 718 ﬁdei

262 756 521 813 admonet
539 757 719 813 virum
742 751 1169 814 ecclesiasticum
1197 757 1254 813 in
1293 758 1454 815 domo
1482 758 1737 816 Ecclesia:
1769 775 1853 816 se—

263 851 388 908 dulo
412 866 654 919 manere,
681 850 773 906 ubi
798 850 1056 922 pabulum
1080 866 1224 907 verae
1251 851 1530 923 sapientiae
1556 858 1735 923 potest
1755 850 1851 907 ha-

260 940 421 1011 bere,
441 951 497 999 et
529 943 646 998 sine
681 940 898 997 laesione
930 955 1312 1012 perversurum
1340 944 1664 1013 ‘dogmatum
1707 950 1852 999 tutus

262 1048 501 1089 manere.
534 1032 613 1090 Ne
644 1033 692 1091 si
724 1034 865 1089 inter
906 1034 1252 1105 philosophos
1292 1045 1347 1090 et
1382 1034 1665 1092 haereticos
1707 1035 1851 1107 peri-

258 1123 445 1180 culose
494 1125 819 1196 hospitando
873 1124 1147 1181 saecularis
1204 1126 1481 1197 sapientiae
1547 1125 1850 1183 doctrinam

256 1217 564 1287 qumsierit,
598 1217 688 1274 ubi
717 1227 899 1274 tamen
937 1217 1223 1273 utilitatem
1265 1219 1379 1275 sani
1411 1218 1676 1290 dogmatis
1705 1218 1850 1274 nullo

257 1309 421 1365 modo
448 1310 694 1367 invenire
740 1311 973 1383 poterit,
1004 1311 1121 1382 ipse
1153 1313 1206 1366 in
1245 1310 1427 1367 futuro
1475 1312 1725 1367 examine
1751 1326 1850 1380 pro

214 1470 221 1475 ,
255 1402 558 1472 petulantia
586 1418 684 1459 sua
715 1412 935 1459 aeternae
974 1404 1309 1460 confusionis
1341 1404 1730 1475 improperium
1761 1417 1850 1458 co-

256 1505 418 1567 gatur
450 1498 747 1553 sustinere.
783 1498 936 1553 Dicat
973 1513 1103 1570 ergo
1142 1497 1314 1568 magis
1353 1498 1515 1552 homo
1548 1496 1849 1552 catholicus

256 1585 325 1640 ad
376 1586 640 1663 collegam
683 1601 841 1643 suum
894 1587 1025 1643 illud
1073 1588 1490 1659 propheticum:
1534 1604 1553 1637 ι
1591 1586 1671 1641 Tu
1718 1600 1848 1641 vero

255 1679 420 1736 homo
450 1681 728 1737 unanimis
752 1681 861 1737 dux
887 1697 1044 1738 meus
1068 1688 1124 1736 et
1156 1690 1314 1736 notus
1351 1694 1525 1746 meus,
1570 1680 1661 1752 qui
1688 1678 1849 1735 simul

252 1784 470 1826 mecum
513 1770 700 1827 dulces
736 1771 991 1842 cupiebas
1029 1772 1178 1827 cibos
1211 1789 1222 1824 :
1254 1771 1307 1825 in
1339 1771 1499 1826 domo
1535 1770 1631 1824 Dei
1660 1770 1848 1825 ambu-

1954 761 2012 811 et
2059 753 2309 810 veritatis
2331 754 2649 810 resisterent
2694 753 3043 821 adversariis,
3083 762 3140 811 et
3164 754 3395 812 subditis
3437 755 3539 811 sibi

1953 855 2116 905 recte
2181 847 2444 904 doctrinae
2504 856 2563 903 et
2631 848 2895 904 bonorum
2964 847 3335 920 exemplorum
3384 847 3541 903 exhi-

1951 942 2145 998 berent
2170 940 2443 1014 gratiam?
2471 938 2563 997 Sic
2582 941 2727 997 enim
2749 942 2817 997 ab
2837 942 2957 1012 ipso
2982 941 3211 997 Domino
3232 939 3541 996 institutum

1953 1038 2059 1099 est,
2108 1033 2255 1088 utin
2300 1045 2486 1087 mensa
2542 1032 2877 1088 tabernaculi
2928 1045 3098 1102 panes
3152 1029 3540 1103 propositionis

1952 1122 2233 1178 duodecim
2282 1123 2498 1178 assidue
2538 1130 2838 1188 manerent,
2884 1123 2958 1177 ita
2990 1130 3172 1179 tamen
3199 1130 3260 1178 ut
3287 1136 3385 1193 per
3429 1121 3542 1177 sin-

1952 1212 2074 1284 gula
2102 1212 2345 1279 sabbata,
2376 1213 2602 1270 sublatis
2616 1213 2908 1279 veteribus,
2926 1214 3049 1270 novi
3074 1228 3240 1285 panes
3267 1215 3320 1282 i_n
3349 1226 3538 1269 eorum

1951 1305 2126 1362 locum
2177 1316 2574 1378 apponerentur
2621 1307 2811 1379 (Leuit.
2845 1305 3030 1377 xxiv):
3070 1314 3125 1361 et
3170 1306 3301 1376 quid
3328 1305 3431 1360 hoc
3462 1305 3540 1360 si-

1951 1399 2190 1469 gniﬁcat,
2229 1400 2330 1455 nisi
2361 1401 2502 1469 quod
2535 1400 2783 1456 doctores
2807 1401 3009 1470 quique
3040 1406 3244 1455 sanctae
3263 1397 3537 1461 Ecclesiae,

1950 1493 2219 1563 completo
2241 1503 2485 1565 tempore
2514 1496 2597 1550 sui
2625 1496 2797 1550 sancti
2831 1493 3048 1557 laboris,
3081 1500 3280 1547 teter-na
3306 1492 3359 1545 in
3387 1490 3542 1545 caelis

1950 1585 2132 1655 quiete
2159 1595 2575 1642 remunerantur
2605 1629 2618 1653 ,
2649 1596 2703 1642 et
2732 1587 2868 1643 alios
2890 1592 3012 1657 post
3045 1602 3104 1643 se
3146 1586 3198 1641 in
3229 1586 3371 1641 idem
3404 1600 3539 1655 opus

1949 1676 2230 1734 laborandi
2280 1679 2333 1734 in
2364 1680 2532 1736 verbo
2587 1682 2688 1736 sub
2731 1681 2972 1752 ejusdem
3025 1692 3121 1750 spe
3164 1677 3539 1733 retributionis

1949 1770 2296 1842 relinquunt?
2319 1772 2474 1839 Quod
2504 1773 2720 1829 intuens
2754 1772 3038 1828 Psalmista
3084 1771 3401 1842 prophetico
3426 1770 3539 1840 spi-

251 1859 430 1918 lemus
470 1878 595 1919 cum
643 1878 935 1920 consensu.
980 1862 1179 1919 Veniat
1205 1878 1352 1919 mors
1394 1878 1555 1935 supra
1587 1863 1845 1918 adversa-
1871 1851 1921 1912 Β
1949 1864 2054 1919 ritu
2076 1865 2424 1934 praecinebat,
2444 1866 2630 1921 dicens
2656 1885 2669 1920 :
2698 1884 2717 1917 ι
2754 1865 2860 1921 Pro
2874 1866 3117 1935 patribus
3143 1864 3249 1919 tuis
3276 1864 3387 1918 nati
3415 1869 3542 1918 sunt

252 1953 367 2011 rios
402 1963 638 2023 nostros,
689 1964 745 2011 et
786 1955 1119 2012 descendant
1158 1955 1212 2009 in
1259 1954 1528 2010 infernum
1575 1955 1840 2010 viventes.

248 2045 518 2117 Quoniam
570 2049 829 2121 nequitiae
880 2049 936 2104 in
986 2049 1238 2121 hospitiis
1281 2061 1503 2116 eorum,
1557 2049 1613 2104 in
1663 2048 1844 2104 medio

248 2134 513 2210 ipsorum,
541 2149 649 2196 etc.
688 2135 862 2213 (Pani.
895 2137 1028 2211 uv).
1067 2157 1086 2191 θ

859 2274 1089 2343 CAPUT
1147 2275 1237 2335 1V.

244 2386 325 2444 De
344 2386 626 2460 disciplina
654 2388 1290 2534 Ῑῖιδοτυηέὄνῖῧέὥέξοικ
1317 2389 1578 2462 diligendi
1608 2398 1733 2449 tum
1765 2390 1844 2449 vel

313 2588 468 2665 (cn.
501 2595 657 2668 xxx.)
686 2616 704 2647 α
738 2596 841 2665 Qui
869 2595 1043 2670 diligit
1076 2582 1251 2654 ﬁlium
1283 2613 1462 2665 suum,
1496 2599 1738 2656 assiduat
1766 2599 1843 2655 illi

245 2700 269 2736 ι
302 2682 533 2757 ﬂagella,
566 2694 627 2742 ut
662 2686 875 2744 laetetur
902 2680 965 2743 in
994 2689 1294 2746 novissimo
1323 2702 1441 2755 suo,
1475 2696 1533 2746 et
1583 2705 1692 2746 non
1718 2690 1841 2762 pal-

247 2793 268 2828 ι
306 2784 399 2847 pet
423 2779 796 2861 proximorum
846 2781 1010 2837 ostia.
1046 2801 1067 2833 ι
1102 2781 1228 2838 Haec
1270 2782 1535 2839 sententia
1581 2799 1690 2840 non
1729 2791 1842 2839 tam

238 2883 427 2946 patres
486 2877 734 2933 carnales
787 2893 953 2949 quam
1003 2878 1168 2935 etiam
1223 2878 1540 2950 spiritales,
1576 2879 1680 2935 hoc
1710 2886 1798 2935 est
1823 2919 1839 2946 ,

240 2965 490 3024 ductores
512 2968 751 3025 ﬁdelium
783 2969 1070 3037 admonet,
1102 2978 1161 3025 ut
1196 2986 1384 3027 curam
1430 2970 1536 3026 sibi
1581 2971 1841 3027 commis-

239 3071 421 3113 sorum
446 3060 707 3128 habeant,
731 3070 789 3119 et
814 3062 1051 3118 studium
1079 3070 1246 3134 atque
1265 3063 1602 3135 diligentiam
1632 3061 1689 3119 in
1717 3077 1843 3119 eru-

237 3144 443 3203 ditione
460 3157 516 3207 et
526 3151 863 3208 nutrimento
873 3151 1106 3209 ﬁliorum
1121 3167 1341 3209 sitorum
1355 3153 1693 3226 impendant,
1707 3169 1842 3225 qua-

1947 1956 2044 2012 tibi
2072 1955 2203 2023 lilii;
2231 1957 2531 2013 constitues
2556 1972 2649 2013 eos
2684 1957 2959 2028 principes
2995 1971 3159 2027 super
3187 1969 3403 2011 onmem
3432 1962 3540 2010 ter-

1946 2058 2095 2117 ram‘;
2150 2064 2421 2106 memores
2478 2057 2640 2105 erunt
2693 2049 2931 2105 nominis
2976 2046 3098 2113 tui,
3156 2047 3419 2112 Domine,
3480 2045 3536 2101 in

1945 2141 2093 2198 omni
2124 2142 2468 2214 generatione
2518 2149 2575 2197 et
2601 2140 2861 2212 progenie
2907 2138 3078 2212 (Paul.
3102 2138 3235 2209 uv).
3272 2137 3379 2193 Sed
3410 2136 3541 2209 quia

1945 2232 2063 2303 ipse
2114 2238 2291 2289 coetus
2340 2238 2656 2288 sanctorum
2703 2230 2988 2287 doctorum
3034 2244 3142 2286 non
3191 2228 3365 2285 solum
3408 2226 3536 2282 ﬁliis

1944 2323 2060 2379 suis
2108 2323 2440 2394 competitor
2484 2323 2677 2379 intimo
2735 2323 2918 2379 cordis
2984 2319 3182 2378 aﬁectu
3210 2361 3226 2388 ,
3271 2321 3392 2377 imo
3438 2332 3540 2391 pro

1944 2413 2121 2470 salute
2163 2428 2353 2469 eorum
2401 2413 2675 2470 cruciatus
2710 2412 2957 2485 corporis
2994 2412 3081 2469 sui
3126 2410 3395 2468 sustinere
3421 2447 3438 2476 ,
3484 2416 3541 2464 et

1945 2504 2158 2559 animus
2188 2518 2315 2561 suas
2346 2518 2551 2575 ponere
2577 2511 2805 2576 paratus
2824 2512 2931 2561 est.
2958 2502 3115 2561 Unde
3140 2500 3487 2573 subiungitur
3520 2518 3535 2556 :

2021 2618 2041 2650 ι
2082 2598 2190 2654 Pro
2218 2598 2503 2656 animabus
2550 2598 2784 2656 ﬁliorum
2823 2597 3103 2672 colligabit
3145 2597 3367 2653 vulnera
3414 2610 3538 2662 sua,

1948 2706 1971 2742 r
2001 2699 2058 2744 et
2084 2704 2248 2761 super
2272 2705 2489 2745 omnem
2509 2705 2700 2747 vocem
2723 2689 3090 2747 turbabuntur
3117 2689 3327 2745 viscera
3344 2688 3480 2758 ejus.
3513 2704 3534 2739 ›

1944 2774 2084 2836 Hinc
2133 2790 2218 2837 est
2256 2783 2403 2852 quod
2455 2782 2648 2839 doctor
2696 2782 2941 2854 gentium
2995 2796 3259 2853 respuens
3319 2792 3541 2835 omnem

1942 2881 2133 2928 Vocem
2164 2884 2435 2943 perversae
2454 2875 2717 2931 doctrinae
2733 2914 2748 2941 ,
2774 2883 2832 2930 et
2855 2873 3222 2945 evangelicum
3255 2872 3541 2927 veritatem

1943 2979 2191 3031 servans,
2215 2965 2481 3038 gloriatur
2505 2966 2560 3022 in
2595 2966 2940 3037 pensionibus
2960 3004 2977 3031 ,
3010 2966 3066 3020 in
3098 2961 3540 3027 necessitatibus,

1943 3059 2004 3114 in
2050 3058 2512 3125 tribulationibus,
2560 3056 2619 3114 in
2668 3059 2933 3130 angustiis
2960 3072 3098 3129 quas
3140 3053 3399 3113 sustinuit
3442 3067 3543 3125 pro

1944 3148 2180 3215 Christo,
2232 3150 2309 3207 ita
2342 3152 2530 3208 dicens
2563 3170 2575 3206 :
2623 3170 2642 3203 ι
2678 3151 2954 3208 Habemus
3002 3158 3182 3205 autem
3222 3150 3541 3204 thesaurum

239 3244 396 3295 tenus
414 3255 513 3297 eos
530 3242 999 3314 disciplinabiliter
1031 3247 1239 3314 vivere,
1268 3255 1325 3303 et
1360 3262 1580 3304 omnem
1609 3248 1839 3304 inhone-
1867 3238 1914 3311 C
1948 3242 2112 3301 istum
2154 3244 2212 3300 in
2250 3246 2398 3301 vasis
2439 3244 2717 3313 ﬁctilibus,
2766 3252 2827 3300 ut
2862 3244 3171 3301 sublimitas
3210 3242 3283 3298 sit
3323 3239 3542 3299 virtutis

238 3336 435 3386 atatem
466 3331 655 3403 iugere
681 3335 939 3405 doceant,
984 3337 1132 3393 domi
1152 3338 1338 3409 probis
1363 3339 1607 3395 moribus
1628 3339 1835 3407 vivant,

237 3436 308 3478 no
353 3425 686 3486 lasoiViendo
712 3444 810 3503 per
853 3430 1088 3490 aliorum
1116 3431 1375 3505 dogmata
1406 3432 1678 3488 inutiliter
1726 3431 1839 3488 dis-

239 3528 481 3574 currant.
509 3519 660 3579 Unde
684 3523 741 3579 in
754 3523 1066 3583 Proverbiis
1088 3525 1353 3596 scriptum
1371 3533 1457 3582 est
1480 3544 1494 3581 :
1527 3545 1545 3578 ι
1581 3524 1749 3582 Erudi
1773 3525 1841 3582 ﬁ-

237 3604 373 3662 lium
400 3617 575 3678 tuum,
613 3626 685 3669 ne
727 3614 1014 3687 desperes;
1053 3615 1121 3672 ad
1175 3616 1613 3673 interfectionem
1652 3624 1836 3673 autem

238 3699 358 3771 ejus
380 3717 448 3757 ne
472 3718 647 3774 ponas
672 3708 911 3765 animam
932 3719 1080 3765 tuam
1111 3707 1295 3783 (Prov.
1322 3711 1462 3783 xix).
1494 3729 1513 3761 ι

316 3813 335 3845 ι
366 3794 468 3863 Qui
496 3796 654 3855 docet
683 3799 852 3857 ﬁlium
894 3818 1073 3870 suum,
1112 3802 1423 3861 laudabitur
1460 3803 1516 3858 in
1552 3803 1662 3870 illo,
1699 3802 1835 3859 etin

241 3902 264 3936 ς
294 3887 477 3943 medio
502 3889 925 3948 domesﬁcorum
946 3889 1358 3965 gloriﬁcabitur.
1389 3913 1408 3946 ι
1434 3892 1535 3961 Qui
1550 3908 1684 3950 sana
1710 3892 1837 3949 doc-

238 3977 385 4032 trina
405 3978 731 4052 discipulum
753 3998 924 4056 suum
948 3985 1190 4053 instruit,
1223 3996 1279 4042 et
1307 3987 1431 4042 ﬁdei
1470 3987 1702 4043 veritate
1728 3988 1837 4042 im-

241 4069 380 4135 buit,
404 4072 496 4127 hic
531 4073 788 4130 nimirum
828 4092 929 4148 pro
975 4078 1349 4150 hujuscemodi
1395 4080 1574 4136 studio
1619 4079 1837 4136 laudem

239 4170 299 4219 et
324 4160 554 4234 gloriam
587 4175 905 4235 perpetuam
931 4169 990 4228 in
1031 4170 1308 4226 consortio
1350 4178 1665 4227 sanctorum
1696 4172 1836 4228 obti-

237 4253 412 4319 nebit,
441 4255 662 4325 quando
700 4254 984 4329 Scriptura
1026 4260 1193 4327 dicat,
1224 4261 1369 4332 quod
1398 4261 1532 4333 justi
1573 4264 1695 4330 viri,
1740 4264 1836 4335 qui

241 4360 261 4398 ι
292 4346 471 4418 palam
516 4346 681 4406 faciet
719 4350 1057 4423 disciplinam
1086 4353 1348 4410 doctrinae
1394 4369 1529 4423 suae,
1560 4362 1616 4412 et
1635 4356 1692 4410 in
1720 4355 1837 4426 iege

235 4442 549 4497 testamenti
580 4443 796 4500 Domini
830 4445 1185 4517 gloriabitur;
1224 4448 1381 4504 multi
1411 4447 1710 4506 laudabunt
1740 4462 1835 4506 sa-

232 4526 498 4604 pientiam
522 4532 659 4604 eius,
713 4545 772 4593 et
802 4552 979 4608 usque
1011 4541 1068 4596 in
1100 4542 1358 4599 saeculum
1394 4558 1505 4600 non
1543 4542 1832 4599 delabitur.

236 4623 356 4681 Non
402 4626 620 4685 recedet
666 4630 930 4686 memoria
981 4630 1117 4703 ejus,
1156 4644 1212 4690 et
1240 4650 1439 4692 nomen
1481 4634 1602 4706 ejus
1650 4636 1834 4707 requi-
1858 4617 1914 4687 1)

234 4727 389 4776 retur
410 4734 438 4774 a
454 4722 803 4792 generatione
815 4724 873 4781 in
886 4726 1288 4797 generationem
1305 4727 1533 4800 (Eccles.
1558 4727 1777 4800 χχχιχ).
1804 4749 1824 4782 ι

313 4831 333 4863 ι
369 4811 614 4870 Mortuus
649 4821 733 4871 est
758 4826 915 4889 pater
937 4819 1104 4886 illius,
1146 4829 1201 4876 et
1228 4821 1385 4891 quasi
1415 4836 1521 4877 non
1558 4830 1645 4878 est
1686 4837 1832 4879 mor-

240 4923 263 4957 ι
300 4912 461 4961 tuus:
494 4904 727 4963 simiiem
771 4910 920 4966 enim
958 4912 1179 4984 reliquit
1223 4914 1327 4970 sibi
1359 4922 1487 4985 post
1532 4928 1593 4970 se
1635 4915 1689 4970 in
1715 4915 1829 4971 vita

240 5015 264 5050 α
284 5012 406 5053 sua.
444 5017 462 5051 ι
482 4997 772 5058 Successio
794 5004 942 5058 enirn
966 5004 1200 5061 ﬁliorum
1226 5014 1563 5074 sanctorum,
1587 5008 1681 5079 qui
1705 5016 1831 5078 post

233 5096 422 5163 patres
449 5105 577 5147 suos
610 5106 679 5148 ex
712 5093 815 5149 hac
836 5093 951 5149 vita
976 5094 1301 5151 decedentes
1344 5096 1547 5153 bonum
1589 5096 1830 5153 studium

235 5191 429 5257 eorum
474 5182 531 5237 in
580 5192 767 5240 sancta
812 5184 1075 5259 religione
1112 5192 1171 5241 et
1214 5186 1357 5243 bona
1410 5186 1833 5243 conversatione

237 5254 525 5331 imitantur
552 5318 566 5345 ,
616 5287 863 5335 mortuos
910 5254 1164 5350 parentes
1210 5281 1369 5353 quasi
1409 5280 1682 5337 redivivos
1732 5296 1830 5337 ex-

237 5366 411 5446 hibet,
440 5383 567 5424 cum
596 5383 785 5425 eorum
815 5372 1120 5429 doctrinam
1146 5382 1204 5429 et
1246 5372 1591 5445 disciplinam
1617 5375 1673 5430 in
1717 5375 1832 5432 suis

237 5466 403 5527 dictis
424 5476 482 5525 et
506 5466 669 5524 factis
688 5466 941 5523 omnibus
970 5470 1238 5521 servando
1255 5470 1544 5524 manifeste
1566 5470 1849 5535 declarat:

316 5580 339 5615 c
367 5558 516 5619 Vidit
541 5570 597 5617 et
620 5560 832 5616 laetatus
874 5568 961 5615 est
979 5558 1037 5613 in
1064 5556 1154 5615 illo
1176 5574 1192 5624 ;
1222 5556 1279 5612 in
1301 5554 1454 5612 obitu
1479 5568 1580 5612 suo
1608 5568 1722 5610 non
1747 5560 1834 5611 est

241 5654 680 5740 c'contristatus,
705 5668 807 5711 nec
829 5652 1091 5710 confusus
1112 5657 1197 5707 est
1223 5663 1412 5708 coram
1446 5646 1715 5715 inimicis;
1746 5661 1834 5704 re-

243 5742 465 5822 t'iiquit
490 5748 636 5805 enim
663 5749 1007 5807 defensorem
1032 5748 1225 5805 domus
1250 5752 1444 5803 contra
1470 5744 1746 5812 inimicos,
1777 5750 1836 5801 et

243 5860 271 5905 ι
302 5842 496 5903 amicis
516 5841 831 5902 reddentem
867 5840 1117 5918 gratiam.
1148 5857 1167 5893 ι
1208 5836 1351 5907 Quid
1373 5842 1557 5895 autem
1581 5836 1731 5895 aliud
1752 5835 1834 5896 fe-

1834 5956 1922 5993 ⁷³ἲῖ

1943 3335 2063 3403 Dei,
2093 3345 2150 3392 et
2186 3350 2296 3394 non
2324 3352 2393 3393 ex
2424 3335 2605 3394 nobis.
2640 3337 2701 3392 in
2736 3336 2994 3393 omnibus
3016 3330 3423 3391 tribulationem
3442 3345 3541 3402 pa-

1942 3430 2136 3494 timur,
2185 3430 2280 3486 sed
2330 3444 2439 3486 non
2484 3430 2889 3503 angustiarum;
2920 3428 3265 3500 aporiamur,
3292 3426 3391 3481 sed
3432 3438 3542 3481 non

1942 3522 2319 3590 destituimur;
2341 3524 2775 3594 persecutionem
2800 3522 3062 3595 patimur,
3107 3519 3205 3576 sed
3232 3531 3339 3574 non
3380 3515 3539 3572 dere-

1942 3617 2276 3689 linquimur;
2324 3617 2679 3675 humiliamur
2710 3658 2726 3687 ,
2786 3617 2884 3674 sed
2937 3631 3047 3673 non
3112 3612 3537 3675 confundimur;

1941 3707 2244 3780 deﬁcimur,
2274 3710 2371 3767 sed
2399 3725 2508 3766 non
2531 3710 2795 3782 perimus,
2824 3723 3044 3781 semper
3061 3704 3539 3764 mortiﬁcationem

1940 3803 2069 3861 Jesu
2123 3804 2177 3859 in
2226 3816 2457 3876 corpore
2505 3812 2696 3861 nostro
2729 3802 3199 3869 circumferentes,
3239 3806 3302 3855 ut
3326 3805 3386 3854 et
3427 3797 3541 3853 vita

1940 3894 2068 3953 Jesu
2116 3898 2171 3953 in
2209 3896 2536 3969 corporibus
2584 3897 2790 3954 nostris
2840 3896 3224 3952 manifestetur
3272 3891 3380 3975 (Il
3411 3891 3536 3948 Cor.

1941 3988 2039 4063 tv).
2076 4009 2094 4041 ι
2135 3989 2276 4059 Quid
2301 3998 2485 4047 autem
2516 3988 2587 4046 de
2620 3988 3038 4061 indisciplinatis
3092 3985 3222 4043 ﬁliis
3267 3984 3537 4057 sapientia

1940 4086 2164 4153 sentiat,
2189 4084 2516 4142 audiamus:

2018 4198 2035 4232 ι
2067 4178 2254 4251 Equus
2275 4178 2571 4235 indomitus
2591 4177 2775 4234 evadit
2803 4176 2993 4244 durus,
3026 4184 3083 4232 et
3102 4174 3244 4231 ﬁlius
3271 4173 3533 4230 remissus

1946 4292 1967 4328 ι
1997 4272 2181 4329 evadit
2206 4286 2472 4343 preceps.
2511 4270 2680 4326 Laeta
2702 4270 2895 4335 ﬁlium,
2924 4277 2983 4324 et
3031 4277 3318 4349 paventem
3366 4275 3422 4323 te
3450 4266 3537 4321 t‘a-

1947 4385 1966 4420 ι
2000 4366 2108 4423 ciet
2128 4381 2143 4432 ;
2172 4363 2300 4420 lude
2315 4378 2438 4419 cum
2461 4377 2549 4430 eo,
2571 4369 2627 4418 et
2655 4359 3003 4417 contristabit
3026 4367 3100 4414 te.
3120 4358 3236 4413 Non
3258 4357 3538 4414 corrideas

1946 4477 1967 4512 ‹
1998 4457 2099 4526 illi,
2128 4470 2200 4514 ne
2240 4455 2446 4522 doleas,
2476 4462 2533 4511 et
2580 4454 2637 4510 in
2667 4453 2965 4509 novissimo
2998 4453 3387 4523 obstupescent
3406 4449 3540 4505 den-

1945 4572 1965 4605 ε
1994 4558 2079 4609 tes
2099 4550 2200 4607 tui.
2232 4549 2352 4606 Non
2396 4548 2492 4606 des
2519 4546 2595 4603 illi
2622 4554 2949 4620 potestatem
2976 4544 3032 4601 in
3054 4543 3358 4615 iuventute,
3382 4551 3439 4599 et
3469 4556 3543 4600 ne

1947 4665 1967 4700 ι
2006 4644 2278 4719 despicias
2302 4644 2577 4719 cogitatus
2617 4642 2783 4700 illius.
2820 4641 2997 4698 Curva
3039 4638 3310 4696 cervicem
3335 4634 3453 4709 ejus
3480 4636 3539 4694 in

1946 4758 1965 4792 ι
1996 4738 2305 4811 iuventute,
2337 4718 2393 4791 et
2423 4734 2589 4791 tunde
2619 4734 2794 4790 latera
2814 4732 2932 4805 ejus
2961 4730 3089 4788 dum
3112 4729 3292 4786 infans
3320 4736 3427 4795 est,
3466 4742 3536 4784 ne

1947 4848 1967 4881 ο
1994 4826 2135 4884 forte
2164 4826 2403 4895 induret,
2429 4833 2485 4882 et
2510 4841 2620 4882 non
2648 4824 2843 4882 credat
2864 4822 2966 4879 tibi
2983 4863 2998 4886 ,
3024 4830 3082 4878 et
3120 4821 3229 4876 erit
3254 4818 3356 4877 tibi
3384 4818 3540 4875 dolor

1947 4938 1967 4972 ι
1995 4918 2212 4975 animae.
2240 4917 2384 4974 Doce
2404 4916 2574 4974 ﬁlium
2604 4925 2779 4984 tuum,
2809 4924 2868 4972 et
2895 4929 3125 4987 operare
3163 4914 3219 4969 in
3241 4911 3353 4981 illo,
3382 4928 3452 4968 ne
3481 4912 3537 4967 in

1946 5029 1968 5065 ι
1994 5010 2390 5082 turpitudinem
2411 5009 2561 5065 iiiius
2582 5008 2848 5065 alendus.
2878 5024 2898 5058 ι
2932 5005 3089 5062 Sicut
3108 5005 3254 5061 enim
3281 5001 3538 5074 superbia

1940 5102 2068 5174 equi
2087 5101 2339 5158 indomiti
2368 5101 2426 5157 in
2446 5100 2811 5173 praecipitium
2853 5112 3026 5168 prona
3060 5104 3165 5161 est,
3199 5096 3276 5149 ita
3308 5092 3540 5149 lascivia

1938 5193 2038 5250 ﬁlii
2086 5192 2473 5265 indisciplinati
2502 5192 2559 5248 in
2596 5189 2809 5263 uocati
2842 5191 3003 5243 ruina
3042 5186 3292 5258 proxima
3339 5193 3444 5253 est,
3482 5193 3542 5242 et

1938 5286 2066 5344 ideo
2087 5286 2246 5342 docet
2275 5286 2600 5357 praepositos
2638 5282 2897 5339 Ecclesia
2924 5288 2982 5337 et
3001 5278 3197 5335 Patres
3236 5276 3535 5350 spiritales,

1937 5386 2003 5437 ut
2026 5379 2173 5436 ﬁlios
2216 5394 2348 5437 suos
2376 5388 2540 5449 atque
2590 5374 2887 5447 discipulos
2926 5387 3057 5429 cum
3107 5371 3394 5443 disciplina
3438 5385 3541 5427 nu-

1940 5475 2131 5541 triant,
2162 5481 2219 5531 et
2262 5488 2387 5529 cum
2429 5471 2579 5528 omni
2624 5469 2838 5527 cautela
2867 5480 3084 5537 semper
3128 5470 3366 5529 servent,
3416 5476 3542 5520 coro

1941 5557 2144 5631 rlpiant
2193 5564 2438 5628 tempore
2482 5562 2790 5628 opportuno
2823 5596 2836 5622 ,
2876 5565 2934 5614 et
2962 5570 3245 5629 nunquam
3290 5555 3536 5613 ﬁcanti

1941 5651 2299 5711 immoderate
2331 5648 2415 5706 eis
2448 5648 2601 5704 frena
2637 5647 2905 5717 reiaxent,
2944 5664 3012 5705 ne
3059 5648 3203 5706 forte
3237 5648 3438 5706 cadant
3480 5645 3540 5701 in

1940 5741 2333 5816 turpitudinem
2357 5741 2640 5810 vitiorum,
2662 5749 2717 5799 et
2745 5742 2973 5817 proinde
3000 5739 3355 5814 ignominiam
3371 5733 3541 5793 susti-

1942 5844 2111 5896 neant
2136 5834 2548 5907 sempiternam.
