4030 6482
508 423 616 480 983

1140 530 1370 589 CAPUT
1401 531 1465 587 V.

504 629 583 687 De
612 632 747 686 bono
769 635 1032 694 sanitatis,
1053 626 1492 753 quiadmeliorest
1515 635 1797 699 paupertas
1822 634 1872 682 et
1891 625 2094 681 sanitas

1225 709 1406 756 avitus.
2080 753 2087 756 _

579 835 598 867 ‹
637 815 826 871 Melior
863 821 949 871 est
993 827 1199 885 pauper
1226 827 1392 869 sanus
1417 820 1474 868 et
1508 810 1666 869 fortis
1703 811 1914 869 viribus
1957 812 2093 880 suis,

507 925 528 958 ‹
564 920 733 977 quam
755 905 905 962 dives
935 904 1218 960 imbecillis
1241 912 1297 960 et
1326 902 1626 975 ﬁagellatus
1665 901 1896 958 malitia.
1924 922 1943 956 ι
1975 901 2095 960 Non

501 1005 613 1053 tam
642 1013 773 1070 ergo
799 997 892 1054 hic
920 997 1209 1053 sanitatem
1240 995 1486 1067 corporis
1535 1010 1699 1066 quam
1733 994 1929 1050 anima:
1956 1008 2096 1064 prae-

423 1114 438 1138 ι
499 1091 668 1157 dicat,
716 1091 844 1162 quia
887 1090 982 1161 qui
1029 1105 1195 1146 sanus
1223 1097 1307 1145 est
1362 1096 1566 1155 mente,
1616 1103 1724 1144 non
1770 1095 1931 1144 nocet
1969 1101 2095 1143 eum

497 1183 685 1238 vexari
724 1181 778 1238 in
832 1182 1104 1253 corporali
1161 1180 1528 1236 tribulatione.
1591 1179 1746 1236 Unde
1794 1177 1999 1234 Paulus
2026 1178 2095 1234 de

498 1274 792 1345 semetipso
815 1274 928 1328 ait:
961 1293 978 1325 ‹
1009 1271 1240 1342 Quando
1261 1273 1530 1339 inﬁrmor,
1561 1279 1910 1342 tunc'potens
1933 1285 2090 1336 sum;

500 1366 733 1423 libenter
782 1368 946 1438 igitur
973 1366 1249 1440 gloriabor
1276 1367 1331 1422 in
1377 1365 1786 1421 inﬁrmitatibus
1826 1361 2008 1428 meis,‘
2034 1369 2094 1416 ut

500 1457 766 1515 inhabitet
786 1458 838 1512 in
866 1474 951 1514 me
977 1459 1150 1514 virtus
1175 1457 1376 1514 Christi
1405 1457 1492 1529 (11
1519 1455 1643 1513 Cor.
1675 1456 1796 1528 xu).
1824 1475 1843 1508 ι
1863 1455 1974 1511 Nec
1995 1455 2094 1511 ali-

498 1549 628 1619 quid
662 1550 905 1620 adjuvat,
949 1550 1248 1621 quemlibet
1276 1550 1513 1606 sanitate
1556 1548 1830 1620 corporali
1861 1556 1917 1604 et
1951 1547 2093 1602 divi-

497 1643 589 1697 tiis
617 1642 970 1699 saecularibus
1015 1644 1313 1711 abundare,
1362 1643 1409 1700 si
1438 1643 1725 1700 imbecillis
1759 1643 1831 1698 sit
1869 1641 1996 1708 ﬁde,
2036 1649 2093 1697 et

495 1744 723 1791 vexetur
741 1737 963 1794 stimulo
982 1739 1203 1796 malitiae
1230 1759 1242 1794 :
1277 1739 1535 1811 quoniam
1560 1739 1754 1795 melior
1777 1746 1861 1795 est
1886 1754 2094 1811 pauper

497 1826 780 1884 ambulans
815 1828 868 1884 in
899 1829 1243 1902 simplicitate
1271 1848 1390 1898 sua,
1421 1847 1588 1902 quam
1633 1831 1783 1887 dives
1822 1832 1876 1887 in
1905 1831 2092 1902 pravis

1156 418 1217 472 B.
1259 417 1516 474 RABAM
1554 415 1774 474 MAURI
1813 415 2136 473 ARCHIEP.
2182 416 2493 476 MOGUNT.
2538 417 2824 476 OPERUM
2859 419 3035 476 PARS
3074 419 3117 476 Ι.

3695 423 3808 480 984

2124 535 2179 597 Α
2201 532 2304 590 bus
2333 533 2617 601 virtutum,
2647 533 2844 604 quibus
2881 546 3098 603 semper
3140 531 3340 588 insistit
3391 533 3617 590 devotio
3665 537 3805 592 ﬁde—

2199 624 2356 692 lium,
2406 625 2626 696 aliquod
2674 625 2949 698 negotium
2976 623 3138 696 hujus
3168 625 3354 681 mundi
3395 624 3682 697 adaequari
3713 643 3809 684 va-

2199 717 2319 774 let:
2358 719 2484 790 quia
2510 728 2774 791 quantum
2821 721 3024 777 distant
3071 719 3445 787 diuturnitate,
3496 728 3659 778 tanto
3692 721 3808 779 dis-

2199 820 2497 868 cernuntur
2515 820 2570 867 et
2596 813 2879 885 dignitate.

2276 923 2294 956 ‹
2323 903 2513 961 Melior
2537 913 2622 961 est
2664 920 2810 962 mors
2850 922 3014 977 quam
3050 905 3163 961 vita
3207 920 3434 972 amara;
3465 914 3525 962 et
3571 907 3806 977 requies

2203 1015 2222 1048 ι
2250 1004 2454 1052 :etema
2506 1013 2670 1068 quam
2716 998 2947 1071 languor
2998 1013 3376 1070 perseverans.
3417 1017 3438 1051 ›
3482 999 3546 1054 Ιιι
3593 998 3796 1054 Eccle-

2197 1087 2364 1144 siaste
2392 1089 2654 1160 scriptum
2680 1099 2766 1147 est
2791 1109 2804 1145 :
2833 1111 2852 1142 ί
2885 1090 3129 1146 Laudavi
3157 1090 3331 1162 magis
3355 1097 3613 1146 mortuos
3638 1105 3809 1160 quam

2195 1179 2468 1250 viventes;
2499 1191 2554 1239 et
2574 1182 2871 1240 feliciorem
2898 1181 3412 1254 ulroqucjudicavi,
3448 1183 3546 1254 qui
3569 1182 3809 1238 necdum

2195 1283 2360 1333 natus
2397 1286 2503 1345 est,
2535 1293 2637 1334 nec
2655 1277 2804 1334 videt
2821 1277 2964 1333 mala
2985 1292 3105 1348 quae
3131 1279 3235 1334 sub
3261 1277 3374 1334 sole
3404 1285 3536 1333 sunt
3566 1277 3807 1349 (Eccles.

2197 1364 2294 1438 1v).
2329 1386 2347 1418 ι
2383 1367 2486 1424 Ubi
2528 1368 2769 1424 ostendit
2810 1369 2880 1424 ad
2921 1368 3387 1440 comparationem
3427 1367 3807 1432 miseriarum,

2195 1474 2316 1529 quae
2371 1459 2426 1514 in
2469 1460 2574 1516 hoc
2611 1459 2808 1516 saeculo
2857 1459 3118 1516 mortales
3170 1467 3477 1530 premunt,
3526 1458 3809 1516 feliciores

2195 1567 2316 1609 esse
2345 1559 2588 1609 mortuos
2631 1568 2796 1624 quam
2839 1553 3103 1610 viventes.
3153 1552 3433 1610 Meliorem
3486 1561 3682 1608 autem
3727 1552 3810 1607 his

2197 1645 2426 1711 duobus,
2457 1644 2675 1701 vivente
2705 1645 2960 1701 videlicet
2997 1653 3054 1701 et
3079 1645 3335 1702 defuncto
3357 1686 3372 1711 ,
3422 1644 3519 1717 qui
3570 1643 3810 1701 necdum

2195 1743 2357 1792 natus
2385 1745 2498 1801 cst;
2532 1735 2671 1792 alius
2694 1737 2841 1792 enim
2863 1737 3040 1794 adhuc
3057 1738 3267 1809 patitur
3289 1736 3455 1804 mala,
3477 1737 3628 1793 alius
3652 1737 3811 1809 quasi

2196 1826 2262 1882 de
2296 1826 2579 1898 naufragio
2611 1827 2790 1885 nudus
2813 1830 3010 1885 evasit.
3039 1829 3211 1885 Porro
3233 1829 3328 1900 qui
3355 1830 3595 1886 necdum
3645 1836 3811 1883 natus

496 1918 806 1976 itincribus.
856 1920 1001 1977 Nihil
1040 1923 1186 1978 enim
1217 1923 1373 1980 deest
1416 1923 1746 1994 pauperibus
1785 1923 1982 1982 ChriSti
2020 1923 2090 1979 ti-
2116 1907 2166 1968 Β
2193 1927 2310 1986 cst,
2363 1920 2419 1975 in
2473 1935 2540 1977 eo
2568 1919 2776 1976 felicior
2817 1929 2903 1978 est
2953 1923 3100 1992 quod
3144 1921 3378 1977 necdum
3418 1921 3565 1976 mala
3614 1920 3813 1975 mundi

495 2011 769 2068 mentibus
792 2029 934 2068 eum.
967 2013 1171 2071 Divites
1192 2024 1377 2071 autem
1402 2016 1590 2072 mundi
1620 2015 1858 2087 egebuut
1883 2023 1937 2070 et
1967 2028 2093 2070 esu-

497 2103 660 2171 rient,
711 2113 767 2160 et
794 2105 850 2160 in
877 2114 1119 2178 egestate
1159 2107 1485 2180 spiritalium
1521 2116 1690 2179 atque
1724 2122 1981 2164 verarum
2012 2107 2094 2164 di-

493 2194 751 2251 vitiarum
791 2197 1033 2268 quotidie
1073 2198 1358 2267 deﬁcient;
1390 2199 1730 2271 inquirentes
1773 2207 1957 2254 autem
1985 2198 2095 2255 Do-

493 2286 702 2342 minum
732 2305 842 2344 non
885 2289 1143 2346 deﬁcient
1179 2291 1329 2347 omni
1371 2291 1534 2348 bono.
1576 2289 1731 2359 Quod
1758 2298 1816 2346 et
1859 2305 2095 2362 sequens

489 2377 761 2432 sententia
795 2379 1009 2450 probat,
1039 2380 1226 2436 dicens
1250 2399 1263 2436 :

571 2489 589 2522 ι
628 2469 791 2526 Salus
832 2471 1029 2527 anima:
1081 2473 1136 2527 in
1162 2473 1456 2530 sanctitate
1498 2473 1724 2545 iustitiae
1767 2473 1964 2530 melior
2009 2479 2096 2530 est

497 2581 517 2614 ο
553 2563 703 2618 omni
747 2579 886 2620 auro
937 2573 992 2621 et
1014 2575 1240 2638 argento
1272 2606 1288 2634 ,
1325 2578 1380 2623 et
1412 2581 1611 2637 corpus
1659 2567 1899 2623 validum
1928 2581 2094 2637 quam

493 2671 512 2705 ι
545 2669 742 2711 census
791 2657 1108 2714 immensus.
1143 2677 1163 2710 ι
1194 2657 1336 2714 Vera
1364 2659 1509 2714 salus
1547 2657 1745 2714 anima:
1767 2657 1981 2728 justitia
2009 2666 2095 2715 est

488 2750 790 2805 secundum
833 2752 1092 2807 mandata
1118 2751 1218 2808 Dei
1251 2751 1540 2813 custodita,
1571 2767 1674 2806 nec
1705 2751 1756 2808 ei
1783 2749 2093 2822 comparari

484 2841 672 2903 valent
707 2842 829 2898 auri
861 2850 919 2898 et
945 2842 1155 2913 argenti
1198 2843 1464 2898 immensa
1504 2843 1778 2912 pondera,
1819 2841 1947 2912 quia
1976 2841 2094 2898 habe

485 2945 618 2992 sunt
642 2935 867 2991 decidua
899 2944 956 2992 et
979 2934 1240 2992 velociter
1271 2936 1592 3002 transitura,
1623 2936 1713 2992 illa
1747 2945 1931 2992 autem
1962 2951 2090 3006 per-

483 3025 779 3094 petualiter
805 3041 1085 3082 mansura.
1114 3025 1272 3083 Unde
1300 3027 1420 3098 ipsa
1449 3024 1668 3083 Veritas
1691 3027 1805 3082 ait:
1843 3046 1862 3079 ‹
1895 3025 2092 3083 Videte

485 3127 541 3176 et
565 3129 753 3176 cavete
772 3119 843 3176 ab
875 3121 1023 3177 omni
1056 3121 1312 3188 avaritia,
1362 3123 1492 3194 quia
1513 3137 1623 3177 non
1670 3122 1725 3177 in
1756 3122 2091 3179 abundantia

479 3210 804 3282 cujusquam
852 3211 965 3268 vita
1010 3211 1132 3284 ejus
1167 3220 1254 3269 est
1282 3226 1351 3268 ex
1381 3213 1469 3269 his
1509 3228 1616 3285 qua
1651 3212 1913 3284 possidet.
1949 3212 2090 3281 Quid

2194 2018 2454 2079 expertus
2499 2018 2605 2066 est.
2647 2009 2773 2066 Haec
2803 2020 2984 2067 autem
3022 2011 3293 2068 sententia
3319 2053 3334 2077 ,
3365 2027 3473 2082 qua
3505 2011 3652 2066 dixit
3701 2027 3814 2067 rne-

2193 2099 2386 2157 liorem
2413 2117 2534 2158 csse
2557 2110 2790 2158 mortem
2813 2118 2978 2174 quam
2993 2102 3160 2157 vitam
3177 2117 3448 2169 amaram,
3473 2111 3533 2158 et
3557 2103 3811 2172 requiem

2194 2205 2456 2252 :etemam
2474 2212 2638 2268 quam
2663 2196 2976 2268 languorem
2999 2206 3464 2269 perseverantem,
3487 2195 3657 2267 juxta
3681 2199 3812 2251 sim-

2193 2288 2392 2360 plicem
2426 2289 2861 2362 intelligentiam,
2894 2290 3133 2346 ostendit
3174 2289 3458 2345 meliorem
3495 2303 3624 2344 esse
3668 2289 3811 2344 hanc

2195 2389 2429 2438 mortem
2456 2383 2522 2439 de
2558 2398 2664 2453 qua
2690 2383 2956 2454 scriptum
2985 2389 3071 2439 est
3099 2396 3116 2437 :
3153 2402 3173 2434 ‹
3201 2382 3448 2439 Pretiosa
3476 2390 3568 2438 est
3595 2381 3656 2435 in
3681 2396 3812 2436 con-

2197 2483 2388 2547 spectu
2447 2475 2666 2532 Domini
2709 2491 2857 2533 mors
2904 2483 3220 2534 sanctorum
3247 2475 3365 2546 ejus
3394 2475 3577 2548 (Psal.
3603 2477 3758 2546 ειν),
3788 2493 3807 2527 ι

2193 2585 2359 2641 quam
2391 2569 2562 2626 vitam
2586 2585 2854 2638 amaram,
2878 2587 2989 2642 qua
3011 2570 3218 2644 degunt
3239 2580 3565 2644 rsccatores
3603 2571 3813 2642 iniquis

2192 2662 2450 2734 operibus
2478 2672 2758 2732 vacantes,
2791 2673 2846 2720 et
2872 2664 3121 2736 requiem
3164 2673 3428 2721 aeternam
3456 2706 3473 2730 ,
3504 2679 3682 2734 quam
3727 2674 3808 2720 te-

2193 2764 2326 2812 nent
2348 2755 2483 2826 justi
2525 2757 2582 2812 in
2631 2765 2930 2827 conspectu
2965 2755 3207 2824 Domini,
3249 2772 3417 2828 quam
3471 2756 3803 2827 languorem

2191 2856 2633 2920 perseverantem
2681 2864 2791 2919 quo
2829 2850 2888 2904 in
2932 2849 3174 2921 peccatis
3218 2857 3504 2905 versantes
3563 2848 3807 2920 quotidie

2192 2943 2503 3010 tabescent;
2535 2958 2766 3014 quorum
2804 2942 2931 3000 ﬁnis
2986 2952 3070 3000 est
3110 2942 3395 3009 interitus,
3425 2951 3484 2998 et
3520 2943 3702 3013 gloria
3751 2941 3806 2998 in

2191 3035 2571 3093 confusionem
2594 3037 2858 3108 ipsorum,
2893 3037 2985 3108 qui
3010 3045 3227 3092 terrena
3251 3037 3488 3109 sapiunt.

2267 3149 2286 3184 ‹
2325 3129 2477 3187 Bona
2509 3131 2828 3186 abscondita
2857 3131 2916 3186 in
2946 3145 3042 3187 ore
3066 3131 3274 3197 clauso,
3309 3129 3468 3200 quasi
3496 3128 3801 3199 appositio-

2198 3241 2218 3274 ι
2257 3237 2355 3281 nes
2409 3221 2689 3294 epularum
2746 3223 3146 3294 circumpositae
3200 3222 3258 3277 in
3299 3220 3576 3292 sepulcro.
3623 3241 3642 3272 ›
3691 3219 3801 3276 Hoc

485 3301 635 3357 enim
660 3301 906 3374 Ρτοάθτίῑ
942 3303 1155 3359 homini
1181 3304 1227 3360 Si
1252 3304 1569 3362 universum
1617 3305 1882 3361 mundum
1909 3304 2090 3361 ῘυϐιὉ·
2116 3275 2164 3339 C
2196 3315 2569 3371 testimonium
2617 3324 2811 3372 contra
2843 3329 2939 3371 eos
2974 3316 3143 3378 valet,
3198 3315 3293 3387 qui
3328 3314 3596 3369 talentum
3648 3313 3801 3369 verbi

484 3400 596 3460 tur,
638 3393 836 3451 animae
871 3409 1004 3451 vero
1037 3410 1152 3451 suae
1187 3395 1576 3452 detrimentum
1615 3396 1893 3467 patiatur?
1928 3395 2083 3468 (Luc.

480 3484 606 3557 xu.)
650 3505 669 3538 ι
713 3485 852 3544 Hinc
887 3493 944 3542 et
998 3486 1256 3544 Salomon
1286 3488 1407 3544 ait:
1447 3508 1465 3540 ι
1511 3487 1629 3544 Non
1661 3488 1964 3559 proderunt
2004 3487 2089 3544 di-

477 3577 631 3632 vitia:
659 3577 714 3632 in
744 3579 834 3635 die
853 3577 1100 3646 ultionis,
1114 3577 1331 3649 justitia
1349 3587 1534 3636 autem
1555 3579 1811 3636 liberabit
1829 3595 1862 3635 a
1884 3586 2084 3635 morte.

478 3665 703 3724 Justitia
724 3669 992 3742 simplicis
1019 3671 1220 3744 diriget
1259 3671 1406 3727 viam
1435 3671 1577 3742 ejus,
1621 3681 1678 3728 et
1717 3673 2088 3744 injmpietate

479 3773 580 3813 sua
598 3768 820 3816 corruet
863 3761 1084 3834 impius.
1115 3761 1338 3821 Justitia
1360 3773 1638 3822 rectorum
1679 3766 1940 3823 liberabit
1967 3781 2084 3834 eos,

477 3861 536 3909 ct
561 3853 615 3909 in
645 3854 859 3912 insidiis
886 3856 1002 3914 suis
1027 3858 1318 3932 capientur
1339 3860 1512 3932 iniqui
1536 3861 1721 3932 (Prov.
1750 3859 1854 3932 ιι).
1890 3880 1908 3914 ι
1929 3860 2088 3929 Quod

478 3954 662 4003 autem
700 3947 836 4003 dicit
872 3964 1074 4023 corpus
1104 3950 1346 4007 validum
1375 3952 1572 4008 melius
1601 3967 1725 4009 esse
1755 3967 1920 4024 quam
1950 3967 2084 4009 cen-

478 4053 599 4093 sum
627 4039 982 4109 immcnsum,
1027 4042 1267 4099 ostendit
1299 4058 1499 4116 corpus
1551 4053 1680 4101 tunc
1709 4046 1849 4102 bene
1888 4060 2084 4102 sanum

477 4147 622 4198 esse,
654 4133 873 4203 quando
898 4134 1078 4192 valide
1097 4135 1312 4193 laborat
1333 4137 1389 4193 in
1427 4137 1616 4194 divino
1635 4140 1841 4210 tepere,
1873 4138 1962 4195 cui
1990 4153 2085 4194 va-

478 4222 707 4280 letudini
747 4242 855 4283 non
896 4237 1214 4298 coaequatur
1245 4245 1442 4287 census
1489 4230 1702 4303 ingensf
1725 4231 2040 4288 divitiarum
2064 4271 2081 4297 ,

475 4315 625 4387 quia,
672 4315 831 4386 juxta
876 4319 1223 4377 Ecclesiastis
1280 4322 1629 4390 sententiam,
1684 4341 1703 4375 ‹
1754 4321 1938 4378 Dulcis
1997 4329 2087 4378 est

475 4423 702 4468 somnus
721 4415 999 4484 operanti,
1025 4414 1143 4472 sive
1162 4430 1358 4487 parum
1387 4417 1502 4474 sive
1531 4415 1760 4473 multum
1785 4415 2037 4475 comedat
2063 4434 2078 4470 :

475 4503 735 4560 saturitas
772 4516 956 4562 autem
987 4507 1172 4564 divitis
1209 4523 1319 4564 non
1358 4508 1491 4565 sinit
1518 4509 1758 4566 dormire
1801 4525 1925 4566 eum
1952 4507 2083 4582 (Ec-

473 4593 600 4650 cies.
624 4611 659 4650 v
678 4596 721 4669 ).
758 4615 778 4650 ι
809 4597 981 4656 Porro
1018 4602 1147 4672 quia
1196 4618 1420 4662 somnus
1448 4605 1754 4662 naturalem
1773 4603 2080 4678 {aliquando

454 4687 737 4756 ,quietem,
778 4689 1071 4761 aliquando
1090 4708 1223 4751 vero
1251 4711 1596 4752 communem
1625 4696 1692 4752 de
1722 4697 1826 4752 hac
1853 4695 1964 4750 vita
1996 4694 2076 4751 si-

449 4771 701 4848 igniﬁcat
733 4780 960 4848 exitum,
988 4784 1185 4842 melior
1207 4787 1315 4844 erit
1369 4787 1586 4859 requies
1609 4787 1727 4858 ejus
1762 4787 1820 4843 in
1870 4786 2074 4856 futuro,

478 4870 574 4940 qui
602 4882 864 4944 operatur
887 4877 941 4932 in
971 4879 1250 4950 praesenti,
1273 4888 1330 4938 et
1350 4881 1658 4938 secundum
1676 4880 1822 4937 vires
1846 4895 1979 4937 suas
2017 4881 2076 4938 in

469 4959 628 5019 bonis
655 4968 912 5037 operibus
941 4981 1319 5042 conversatur,
1347 4989 1514 5045 quam
1541 4988 1734 5031 eorum
1758 4973 1984 5042 divitiae,
2006 4977 2075 5030 de

468 5059 667 5128 quibus
688 5062 948 5119 scribitur
972 5083 985 5120 :
1014 5085 1033 5117 ι
1054 5065 1148 5124 Vae.
1167 5067 1321 5124 vobis
1336 5067 1618 5135 divitibus,
1642 5067 1771 5140 quia
1789 5068 2074 5139 recepistis

469 5150 897 5212 consolationem
917 5165 1161 5214 vestram
1184 5157 1339 5231 (Luc.
1363 5161 1464 5233 vi).
1502 5178 1523 5214 ι

547 5264 568 5297 ι
599 5245 719 5304 Non
745 5260 832 5307 est
853 5267 1051 5310 census
1077 5268 1241 5326 super
1265 5268 1489 5311 censum
1507 5253 1700 5312 salutis
1729 5252 1996 5327 corporis,
2018 5261 2076 5311 et

481 5353 501 5388 ι
541 5351 649 5392 non
662 5349 749 5396 est
767 5343 1063 5402 oblectatio
1091 5361 1256 5418 super
1287 5347 1468 5404 cordis
1493 5347 1770 5418 gaudium.
1808 5367 1827 5399 ι
1858 5331 1972 5402 Hoc
1993 5355 2080 5402 est

471 5428 618 5500 quod
629 5433 931 5500 supradixit
959 5435 1013 5490 in
1035 5438 1325 5495 sanctitate
1330 5439 1557 5512 iustitia:
1573 5440 1802 5496 salutem
1830 5453 1952 5495 esse
1965 5438 2079 5495 ani-

468 5535 596 5588 mae,
626 5520 749 5578 etin
773 5537 997 5593 corpore
1012 5525 1190 5582 valido
1216 5531 1663 5598 dlgnltatemﬁeri
1679 5549 1842 5594 super
1863 5533 2080 5579 thesau-

472 5627 597 5668 rum
615 5613 734 5668 auri
749 5615 1050 5686 ctargenti,
1072 5617 1199 5687 quia
1222 5616 1571 5672 delectationi
1599 5631 1743 5672 vera:
1773 5616 2072 5687 sapientiae,

471 5722 593 5774 qua:
627 5706 680 5760 in
728 5720 854 5762 vera
884 5707 1149 5764 charitate
1199 5709 1449 5764 consistit
1479 5750 1494 5772 ,
1525 5717 1584 5764 et
1624 5705 2071 5776 contemplationi

474 5797 643 5866 ipsius
675 5801 920 5857 veritatis
955 5818 1074 5872 qum
1125 5809 1210 5858 est
1257 5811 1406 5856 certa
1453 5803 1659 5873 agnitio
1690 5801 1784 5856 Dei
1815 5841 1828 5865 ,
1864 5800 2069 5854 nullum

472 5891 730 5960 gaudium
756 5901 1031 5951 terrenum
1087 5894 1395 5968 comparari
1438 5902 1634 5966 potest.
1669 5892 1855 5963 Neque
1885 5891 2092 5975 operi-_

2191 3407 2287 3463 Dei
2316 3409 2462 3480 quod
2482 3409 2583 3480 ipsi
2615 3409 2891 3465 intellectu
2921 3417 3284 3480 perceperunt
3325 3407 3449 3464 aliis
3491 3407 3798 3479 praedicare

2189 3500 2488 3573 negligunt,
2513 3517 2746 3572 quorum
2768 3501 2998 3559 scientia
3020 3503 3097 3557 ita
3125 3501 3431 3558 viventibus
3454 3501 3666 3556 inutilis
3688 3507 3796 3566 est,

2189 3593 2333 3649 sicut
2362 3595 2534 3665 epulae
2553 3595 2958 3666 circumposita:
3000 3605 3344 3654 mortuorum
3374 3594 3666 3666 sepulcris,
3709 3595 3798 3665 qui

2190 3700 2297 3740 non
2326 3686 2682 3753 manducant,
2731 3703 2908 3758 neque
2955 3688 3168 3754 bibunt,
3206 3703 3382 3758 neque
3413 3686 3655 3756 aliquem
3687 3685 3798 3741 fru-

2189 3782 2340 3831 ctum
2369 3792 2438 3832 ex
2474 3777 2580 3833 illis
2609 3778 2851 3849 capiunt.
2890 3776 3045 3835 Unde
3070 3786 3127 3834 et
3155 3777 3441 3849 sequitur:

2268 3886 2286 3919 ι
2321 3867 2459 3936 Quid
2483 3869 2626 3925 enim
2652 3870 2895 3940 proderit
2915 3869 3106 3926 libatio
3131 3869 3312 3927 idolo?
3337 3868 3450 3926 Nec
3477 3869 3628 3924 enim
3650 3883 3798 3923 man-

2194 3979 2215 4012 r
2246 3959 2466 4016 dueabit
2513 3976 2614 4016 nec
2661 3961 3001 4017 odorabitur.
3043 3959 3136 4017 Sic
3171 3961 3266 4032 qui
3308 3959 3584 4032 eﬂ'ugatur
3620 3977 3651 4014 a
3694 3959 3796 4032 Do-

2194 4073 2214 4106 ‹
2242 4053 2416 4121 mino,
2446 4061 2500 4109 et
2527 4062 2752 4126 portans
2775 4055 3058 4111 mercedes
3076 4054 3398 4126 iniquitatis.
3429 4052 3636 4109 Videns
3671 4066 3794 4105 ocu-

2195 4165 2214 4198 ‹
2249 4146 2318 4202 lis
2349 4157 2405 4202 et
2424 4146 2808 4218 ingemiscens,
2834 4147 2977 4203 sicut
3018 4133 3187 4219 spado
3221 4145 3595 4215 complectens
3625 4142 3793 4214 virgi-

2193 4256 2213 4290 ι
2249 4253 2374 4294 nem
2399 4247 2454 4294 et
2480 4239 2784 4311 suspirans.
2824 4260 2842 4291 ι
2879 4239 3037 4295 Nulla
3066 4239 3213 4294 enim
3238 4236 3380 4292 ratio
3411 4243 3517 4301 est,
3540 4245 3605 4290 ut
3625 4234 3792 4290 homo

2187 4327 2472 4386 rationalis
2521 4329 2739 4387 deserat
2766 4330 2936 4387 Deum
2978 4327 3245 4387 factorem
3288 4343 3471 4394 suum,
3527 4325 3627 4396 qui
3669 4341 3792 4381 eum

2187 4421 2390 4478 creavit
2403 4421 2472 4478 ad
2501 4423 2763 4479 honorem
2786 4437 2851 4478 ac
2867 4422 3099 4494 gloriam
3111 4420 3350 4478 nominis
3379 4421 3485 4488 sui.
3507 4417 3791 4488 Quatenus

2186 4513 2292 4571 sibi
2330 4513 2552 4572 oﬂ‘errct
2594 4515 2926 4572 sacriﬁcium
2943 4513 3193 4585 iustitiae,
3225 4521 3282 4570 et
3310 4521 3496 4583 speret
3527 4511 3582 4566 in
3607 4510 3790 4567 Domi-

2185 4620 2279 4672 no,
2301 4605 2586 4662 etdefcrat
2643 4607 2933 4664 libationes
2961 4606 3121 4662 idolis
3172 4604 3350 4671 vanis,
3390 4603 3486 4675 qui
3528 4619 3634 4660 nec
3663 4618 3790 4659 sen-

2188 4696 2349 4761 tiunt,
2374 4711 2476 4752 nec
2510 4696 2715 4768 aliquid
2737 4697 2973 4768 sapiunt,
2997 4711 3098 4753 nec
3122 4697 3268 4753 victu
3283 4696 3526 4754 humano
3543 4711 3790 4752 commuo

2187 4790 2394 4846 nicant.
2426 4789 2582 4846 Unde
2629 4799 2685 4846 et
2714 4789 2997 4862 Scriptura
3039 4791 3214 4847 dicit:
3249 4811 3267 4843 ι
3302 4786 3614 4846 Simulacra
3653 4803 3787 4862 gen-

2185 4883 2324 4940 tium
2349 4892 2634 4956 argentum
2648 4893 2704 4940 et
2715 4900 2932 4952 aurum,
2948 4900 3115 4958 opera
3127 4899 3387 4940 manuum
3399 4883 3702 4940 hominum.
3715 4881 3789 4939 0s

2185 4978 2390 5034 habent
2422 4985 2476 5034 et
2499 4992 2606 5033 non
2628 4977 2936 5048 loquentur,
2964 4976 3150 5034 oculos
3179 4975 3381 5032 habent
3405 4984 3593 5032 etnon
3633 4973 3784 5031 vide-

2181 5070 2339 5127 bunt.
2379 5069 2555 5126 Aures
2583 5069 2788 5125 habent
2828 5078 2884 5124 et
2908 5083 3016 5124 non
3040 5068 3284 5134 audient,
3319 5062 3481 5123 nares
3503 5066 3707 5122 habent
3729 5073 3784 5121 et

2171 5176 2283 5218 non
2303 5159 2629 5217 odorabunt.
2659 5159 2847 5216 Manus
2860 5161 3063 5216 habent
3079 5168 3257 5216 etnon
3278 5158 3592 5232 palpabunt,
3620 5157 3784 5229 pedes

2175 5255 2380 5312 habent
2403 5263 2461 5312 et
2478 5269 2586 5311 non
2609 5253 2984 5321 ambulabunt,
3017 5268 3127 5310 non
3148 5252 3463 5308 clamabunt
3485 5251 3539 5304 in
3564 5258 3778 5321 gutture

2178 5364 2278 5406 suo
2319 5347 2498 5421 (Psal.
2554 5347 2735 5420 exin),
2773 5367 2792 5399 ι
2821 5362 3002 5418 neque
3047 5346 3194 5403 enim
3221 5353 3304 5401 est
3337 5343 3563 5415 spiritus
3587 5342 3644 5397 in
3685 5356 3777 5397 ore

2180 5441 2448 5512 ipsorum.
2482 5440 2623 5508 Quid
2678 5447 2860 5489 autem
2888 5435 3193 5491 factoribus
3237 5435 3352 5491 suis
3399 5434 3775 5490 mereedisre-

2182 5532 2597 5593 compensetur,
2644 5539 2879 5594 sequens
2917 5525 3220 5582 versiculus
3255 5525 3493 5582 ostendit
3543 5526 3768 5580 dicens:

2184 5637 2202 5668 ι
2233 5614 2451 5672 Similes
2497 5615 2604 5672 illis
2654 5616 2791 5673 ﬁunt
2837 5618 2929 5688 qui
2967 5617 3173 5674 faciunt
3225 5635 3312 5686 ea,
3351 5626 3408 5674 et
3444 5633 3636 5674 omnes
3681 5615 3776 5688 qui

2177 5707 2457 5762 conﬁdunt
2496 5709 2549 5762 in
2581 5709 2680 5763 eis.
2715 5729 2732 5758 ›
2769 5708 2922 5776 Quod
2949 5720 3003 5765 ct
3044 5710 3381 5780 comparatio
3425 5708 3682 5780 spadonis
3703 5707 3774 5768 ad

2173 5799 2440 5869 virginem
2488 5803 2587 5857 sub
2639 5802 2744 5857 alio
2791 5803 3165 5875 paradigmatc
3222 5803 3588 5862 dcn'ionstrat,
3642 5799 3772 5868 quia

2173 5891 2315 5948 sicut
2364 5894 2530 5965 spado
2584 5893 2840 5954 inhabilis
2886 5904 2971 5954 est
3027 5896 3095 5953 ad
3129 5893 3470 5970 complexum
3497 5890 3759 5968 ⁵νὶτείιιίε,
