4030 6474
260 403 366 465 985

1134 388 1489 449 COMMENT.
1530 388 1596 443 ΙΝ
1634 384 2250 444 ECCLESIASTICUM.
2289 416 2361 428 --
2398 383 2527 442 LIB.
2570 380 2681 439 νυ.

3439 382 3547 442 986

261 522 344 577 sic
370 525 427 575 et
450 514 697 574 adoratio
728 510 992 569 idolorum
1021 509 1103 564 eis
1126 508 1380 564 indecens
1405 514 1491 562 est
1513 504 1606 575 qui
1632 503 1852 573 aliquod
1878 506 1929 567 Λ
1955 500 2194 558 oblatum
2222 515 2407 557 coram
2448 499 2561 555 Deo
2600 500 2714 571 jam
2742 499 2847 555 erit
2875 505 3179 570 acceptum.
3214 495 3371 555 Unde
3404 498 3552 569 Apo-

260 614 516 682 quaerunt
530 605 600 662 ab
624 602 733 661 illis
752 599 1101 673 adjutorium,
1122 596 1267 669 quod
1288 605 1470 654 tamen
1497 595 1719 650 omnino
1746 608 1855 649 non

263 702 573 761 inveniunt.

340 817 361 851 ι
396 793 707 852 Tristitiam
743 804 854 846 non
881 789 977 847 des
1002 787 1199 844 animae
1222 794 1347 853 tuas,
1384 793 1440 841 et
1488 798 1595 839 non
1650 781 1856 853 aﬂligas

256 911 287 968 ε
330 885 772 968 ιθιιιοιίρειιιιιᾼίιι
795 882 1024 941 consilio
1044 891 1158 940 tuo.
1197 901 1217 935 ι
1254 880 1501 937 Tristitia
1521 892 1654 950 ergo
1684 891 1856 931 unum

261 964 348 1041 est
379 983 577 1039 vitium
613 964 702 1037 de?
707 987 834 1036 octo
871 975 1262 1049 principalibus
1297 972 1477 1039 vitiis;
1516 969 1739 1027 tristitia
1778 967 1858 1022 vi-

260 1076 460 1133 delicet
479 1073 683 1141 saeculi,
713 1086 842 1149 quae.
860 1078 1095 1149 mortem
1125 1074 1405 1139 operatur,
1438 1072 1495 1119 et
1524 1062 1581 1118 in
1599 1062 1856 1132 despera-

262 1167 469 1225 tionem
494 1166 771 1224 hominem
786 1147 973 1219 mittit.
994 1161 1072 1217 Ea
1084 1167 1264 1216 autem
1285 1156 1510 1214 tristitia
1529 1170 1650 1226 quae
1669 1168 1859 1211 secun-

262 1260 395 1319 dum
417 1260 590 1317 Deum
605 1268 712 1326 est,
736 1256 986 1314 stabilem
998 1254 1231 1311 salutem
1253 1258 1530 1323 operatur,
1556 1257 1612 1305 et
1632 1247 1859 1303 mundat

262 1355 542 1415 hominem
566 1354 636 1410 ab
662 1351 917 1410 omnibus
940 1348 1186 1418 ,delietis,
1239 1345 1498 1417 quoniam
1524 1341 1682 1412 juxta
1708 1338 1857 1394 Psal-

261 1448 440 1505 mistat
490 1445 837 1510 sententiam,
899 1462 916 1495 ι
964 1438 1321 1497 Sacriﬁcium‘
1351 1444 1436 1493 est
1488 1435 1611 1504 Deo;
1635 1431 1857 1504 spiritus

263 1537 681 1604 eontribulatus,‘
729 1551 826 1593 cor
861 1533 1160 1591 contritum
1203 1539 1260 1588 et
1304 1528 1652 1587 humiliatum
1712 1525 1858 1581 Deus

262 1642 373 1687 non
400 1628 607 1701 spernit
627 1626 800 1701 (Psat.
830 1624 906 1699 ι).
946 1645 965 1678 ι
995 1622 1323 1691 Tristitiam,
1358 1620 1556 1692 inquit,
1606 1633 1717 1674 non
1760 1617 1858 1674 des

264 1720 462 1777 anima:
486 1730 594 1775 tua:
635 1727 692 1775 et
737 1733 847 1775 non
880 1716 1086 1788 aiiligas
1134 1713 1485 1785 temetipsum
1537 1711 1595 1766 in
1630 1708 1858 1766 consilio

262 1822 381 1881 tuo,
424 1815 530 1871 hoc
552 1822 658 1881 est,
713 1813 771 1869 in
804 1812 1046 1884 cogitatu
1078 1819 1172 1867 tuo
1197 1849 1214 1877 ,
1242 1809 1370 1881 quia
1400 1806 1661 1879 cogitatio
1684 1804 1857 1861 tristis

1957 592 2128 650 stolus
2155 591 2248 647 ubi
2295 592 2364 647 ad
2392 591 2857 664 eleemosynarum
2901 590 3209 662 largitatem
3237 588 3551 649 Corinthios

1956 685 2229 751 hortatur,
2275 685 2500 741 dicens:
2541 706 2559 738 ς
2608 685 2712 753 Qui
2766 700 2932 757 parce
2975 685 3242 753 seminat,
3275 700 3441 756 parce
3493 692 3553 742 et

1956 785 2156 845 metet;
2182 786 2238 835 et
2270 777 2365 849 qui
2394 777 2628 833 seminat
2662 778 2718 832 in
2746 776 3236 845 benedictionibus,
3285 776 3354 833 de
3384 777 3550 835 bene-
3589 772 3599 793 ‘

1956 866 2286 924 dictionibus
2345 875 2514 923 metet
2565 866 2735 922 vitam
2782 875 3054 923 aeternam
3098 865 3183 940 (11
3217 863 3341 922 Cor.
3377 867 3488 941 ix)‘,
3524 885 3547 921 ι

1956 957 2215 1013 continuo
2263 956 2585 1029 subjunxit:
2626 975 2645 1009 (
2685 955 3072 1029 Unusquisque
3109 965 3273 1029 prout
3320 946 3549 1014 distina-

1955 1050 2036 1105 vit
2070 1051 2235 1107 corde
2258 1066 2376 1119 suo,
2428 1066 2538 1107 non
2581 1066 2650 1107 ex
2668 1050 2920 1116 tristitia,
2949 1058 3043 1107 aut
3087 1064 3155 1107 ex
3179 1053 3548 1111 necessitate:

1956 1137 2190 1196 hilarem
2230 1140 2377 1196 enim
2400 1139 2650 1196 datorem
2676 1138 2852 1212 diligit
2883 1138 3030 1196 Deus
3060 1140 3274 1213 (Ibid.).
3308 1161 3326 1194 ι
3356 1141 3554 1200 Multos

1956 1234 2102 1290 enim
2127 1233 2326 1290 occidit
2353 1233 2593 1297 tristitia,
2622 1240 2678 1288 et
2706 1247 2815 1289 non
2841 1240 2928 1289 est
2956 1232 3162 1288 utilitas
3183 1232 3239 1288 in
3264 1232 3379 1288 illa.
3407 1232 3554 1302 Quo-

1956 1325 2118 1383 modo
2138 1324 2285 1381 enim
2311 1331 2493 1395 potest
2521 1323 2596 1380 ibi
2644 1338 2765 1380 esse
2808 1323 2990 1395 aliqua
3037 1322 3264 1391 utilitas,
3314 1323 3405 1378 ubi
3455 1324 3555 1381 bo-

1956 1435 2153 1476 norum
2188 1433 2412 1491 operum
2441 1423 2540 1474 est
2584 1417 2846 1476 sterilitas
2869 1457 2886 1485 ,
2943 1428 2999 1474 et
3050 1417 3217 1476 totius
3251 1417 3379 1473 vita:
3409 1416 3555 1489 peri-

1956 1512 2165 1570 elitatio
2213 1521 2377 1584 atque
2422 1512 2762 1569 mortalitas?
2796 1512 2939 1570 sicut
3000 1526 3238 1585 sequens
3274 1511 3549 1569 sententia

1955 1605 2168 1675 probat.

2033 1714 2053 1748 ι
2088 1694 2250 1751 Zelus
2275 1702 2332 1751 et
2350 1682 2634 1752 iracundia
2658 1694 2907 1750 minuent
2934 1694 3074 1763 dies,
3106 1703 3162 1751 et
3185 1704 3315 1752 ante
3337 1703 3551 1765 tempus

1965 1809 1984 1841 ‹
2015 1797 2293 1846 senectam
2314 1789 2550 1845 adducet
2562 1787 2851 1861 cogitatus.
2892 1807 2911 1839 ι
2939 1786 3284 1845 Manifestum
3307 1795 3393 1843 est
3399 1787 3556 1858 juxta

262 1868 936 1980 augmentuma.
970 1902 1127 1960 una.
1449 1868 1535 1957 .2.
1584 1907 1648 1954 ..ι
1693 1899 1858 1955 to...
1884 1868 1934 1930 Β
1960 1878 2210 1948 historia.
2242 1879 2388 1951 quod
2416 1878 2566 1934 ιειυε
2592 1885 2648 1933 ει
3004 1877 3173 1933 animi
3463 1876 3557 1933 ae-

263 2016 479 2073 semper
508 1999 752 2056 animum
794 2014 954 2055 suum
1001 1997 1070 2053 ad
1110 1996 1280 2053 Deum
1339 2001 1539 2061 vertat,
1600 2005 1862 2063 spemque

268 2108 424 2149 suam
455 2092 676 2149 assidue
700 2091 803 2163 ipsi
831 2089 1159 2155 committat,
1186 2104 1217 2143 a
1254 2102 1362 2158 quo
1388 2094 1595 2142 certam
1625 2083 1859 2140 salutem

263 2184 521 2240 inveniet.
565 2182 721 2240 Unde
742 2183 1008 2255 propheta
1038 2195 1172 2237 voce
1214 2176 1579 2236 consolatorie
1621 2177 1860 2232 animam

262 2291 420 2333 suam
455 2276 781 2348 interrogat,
816 2275 1039 2331 dicens:
1080 2294 1098 2325 ι
1141 2272 1323 2341 Quare
1362 2271 1533 2327 tristis
1567 2286 1647 2336 es,
1679 2269 1862 2325 anima

261 2382 406 2436 mea,
432 2375 490 2424 et
511 2382 684 2439 quare
731 2364 1027 2423 conturbas
1060 2365 1182 2420 me?
1217 2363 1388 2435 Spera
1416 2362 1473 2417 in
1503 2362 1699 2428 Deum,
1725 2374 1863 2430 quo-

261 2460 410 2515 niam
453 2458 755 2517 conﬁtebor
803 2458 910 2524 illi,
952 2457 1193 2514 salutare
1240 2455 1424 2511 vultus
1468 2453 1579 2510 mei
1601 2459 1660 2508 et
1713 2451 1862 2508 Deus

260 2565 415 2609 meus
441 2549 618 2624 (Psal.
649 2550 786 2624 xu).
824 2570 842 2601 ι

340 2664 359 2695 ς
395 2642 717 2699 Jucunditas
746 2642 928 2699 cordis
956 2641 1073 2699 haec
1108 2648 1194 2697 est
1216 2639 1329 2695 vita
1364 2637 1627 2704 hominis,
1657 2642 1713 2691 et
1739 2634 1862 2692 the-

268 2749 289 2784 ι
321 2746 515 2788 saurus
552 2732 673 2788 sine
713 2730 1022 2789 defectione
1064 2729 1394 2787 sanctitatis.
1431 2749 1451 2780 ι
1476 2728 1619 2784 Vera
1661 2727 1861 2798 jucun-

264 2825 407 2883 ditas
427 2827 611 2884 cordis
635 2842 744 2884 non
777 2826 904 2883 alibi
941 2842 1106 2898 quam
1135 2827 1190 2882 in
1217 2839 1348 2883 vera
1373 2824 1642 2880 charitate
1675 2821 1863 2879 consi-

265 2918 383 2985 stit,
409 2918 503 2975 ubi
531 2927 588 2975 et
614 2918 725 2974 vita
749 2918 987 2975 hominis
1011 2932 1137 2975 cum
1173 2916 1437 2973 virtutum
1467 2914 1726 2969 thesauro
1745 2911 1866 2967 sine

265 3009 568 3067 defectione
593 3010 901 3067 sanctitatis
922 3016 1230 3082 permanet,
1259 3023 1326 3064 eo
1347 3006 1490 3079 quod
1516 3004 1662 3060 nulla
1690 3004 1866 3058 virtus

265 3100 385 3156 sine
407 3100 526 3173 ejus
548 3116 653 3174 ope
682 3103 982 3159 subsistere
1024 3101 1193 3158 valet.
1231 3099 1362 3156 Haec
1413 3099 1558 3154 enim
1589 3096 1864 3154 excellen-

264 3190 373 3248 tior
395 3202 481 3249 est
509 3194 599 3250 via
625 3233 642 3261 ,
672 3209 837 3265 quam
863 3194 1156 3265 Apostolus
1182 3192 1452 3249 universis
1485 3189 1686 3262 linguis
1720 3203 1865 3243 mar-

266 3285 433 3355 tyrio,
459 3293 623 3358 atque
648 3286 1010 3359 eleemosynis
1042 3296 1170 3342 ante
1199 3285 1409 3352 statuit,
1440 3291 1497 3340 et
1548 3283 1674 3339 ﬁdei
1693 3282 1867 3353 atque

266 3376 383 3446 spei
412 3378 724 3448 praacellere
748 3378 1004 3444 ostendit,
1043 3378 1270 3434 dicens:
1302 3396 1322 3430 (
1349 3375 1504 3432 Nunc
1529 3381 1713 3429 autem
1746 3388 1867 3428 ma-

270 3476 409 3522 nent
461 3469 614 3536 ﬁdes,
658 3485 803 3542 spes,
835 3471 1103 3538 charitas,
1147 3470 1252 3526 tria
1286 3469 1425 3535 haec,
1479 3465 1656 3536 major
1678 3472 1864 3522 autem

270 3560 466 3619 horum
486 3574 574 3622 est
599 3567 859 3633 eharitas,
897 3551 1025 3638 quia
1071 3565 1284 3623 caeteris
1333 3561 1723 3621 decedentibus
1751 3560 1870 3632 ipsa

270 3653 387 3708 sola
414 3665 695 3724 permanet
715 3656 769 3731 (Ι
799 3657 923 3715 Cor.
957 3659 1103 3731 xm).
1140 3678 1158 3711 ›

349 3765 368 3797 ι
397 3746 700 3805 Exsultatio
719 3750 823 3805 viri
837 3758 920 3807 est
942 3750 1277 3822 longaavitas.
1315 3768 1334 3802 ι
1370 3748 1486 3806 Hoc
1506 3750 1737 3808 dicendo
1760 3764 1872 3806 non

269 3836 339 3895 de
364 3842 647 3910 praesentis
676 3842 803 3899 vitae
846 3843 1224 3909 diuturnitate,
1271 3843 1370 3899 sed
1402 3845 1471 3900 de
1514 3842 1708 3900 futura:
1753 3841 1872 3898 feli-

270 3931 436 3988 citate
460 3933 723 4005 disputat,
748 3936 875 4007 quia
912 3935 988 3993 ibi
1015 3951 1145 3992 vera
1171 3945 1257 3993 est
1276 3936 1593 4003 exsultatio,
1616 3936 1709 3992 ubi
1741 3950 1873 3992 vera

272 4030 358 4078 est
382 4031 439 4079 et
456 4024 756 4082 beatitudo.
773 4025 1041 4082 Caeterum
1068 4042 1312 4098 priesens
1330 4027 1443 4083 vita
1468 4035 1583 4084 tota
1605 4035 1690 4084 est
1713 4027 1875 4097 plena

273 4116 519 4184 miseria,
540 4128 596 4174 et
623 4119 894 4176 instabilis
941 4128 1104 4191 atque
1148 4120 1426 4177 mutabilis
1464 4136 1703 4192 semper,
1730 4119 1876 4191 quod

275 4214 332 4262 et
364 4214 529 4278 poeta
554 4206 752 4264 nobilis
784 4210 1034 4268 versibus
1070 4210 1328 4282 explicat,
1353 4210 1551 4284 dicens
1584 4229 1598 4266 :

403 4350 831 4418 thitnagquaque
850 4355 960 4405 dies
981 4357 1177 4408 miseris
1199 4356 1490 4409 mortalibus
1513 4360 1606 4409 teri

404 4414 570 4483 [rima
592 4414 977 4483 fugit,_'_subeunt
1000 4420 1180 4483 morbi,
1204 4420 1457 4483 tristisque
1477 4428 1743 4483 senectus,

405 4475 471 4529 Et
490 4475 625 4529 labor
647 4475 703 4531 ct
718 4475 837 4530 dim
856 4481 983 4544 rapit
1005 4475 1324 4544 inclementia
1343 4475 1529 4534 niortis.

1243 4543 1453 4607 (Vincis.
1482 4544 1658 4609 Georg.
1683 4543 1779 4607 tu).

1960 1972 2139 2031 bilitat
2171 1989 2387 2045 corpus.
2420 1971 2575 2029 Sicut
2592 1971 2795 2043 legitur
2836 1971 2891 2026 in
2920 1971 3062 2027 libro
3084 1969 3389 2038 Geneseos,
3414 1967 3559 2041 quod

1960 2074 2184 2138 propter
2234 2065 2377 2120 iram
2425 2072 2483 2120 et
2533 2063 2793 2120 invidiam
2840 2062 3149 2119 consideret
3189 2061 3370 2118 vultus
3424 2046 3560 2116 Cain

1963 2152 2116 2229 (Gen.
2146 2154 2244 2228 iv).
2288 2154 2357 2210 Et
2382 2154 2439 2209 in
2470 2153 2611 2209 libro
2639 2152 2871 2224 Regum,
2902 2150 3150 2209 Ionadab
3191 2152 3402 2207 amicus
3427 2149 3561 2207 Am-

1961 2262 2089 2303 mon
2116 2247 2213 2302 ﬁlii
2261 2245 2456 2312 David,
2492 2260 2593 2316 per
2636 2244 2867 2300 maciem
2917 2243 3101 2300 vultus
3139 2239 3561 2315 deprehenderit

1962 2338 2133 2395 animi
2161 2337 2655 2411 perturbationem,
2683 2333 2849 2407 quam
2871 2336 3064 2393 habuit
3087 2336 3144 2392 in
3170 2333 3563 2404 concupiscen-

1965 2432 2095 2489 tiam
2123 2432 2361 2488 Thamar
2390 2431 2596 2487 sororis
2624 2444 2737 2486 suae
2767 2428 2856 2500 (ΙΙ
2892 2428 3026 2500 Reg.
3049 2428 3194 2500 xm).
3220 2426 3387 2497 Cujus
3437 2441 3562 2482 sen-

1966 2523 2149 2580 lentiae
2179 2521 2586 2579 similitudinem
2613 2520 2870 2575 Salomon
2893 2519 2951 2575 in
2974 2516 3286 2574 Proverbiis
3308 2515 3561 2588 protulit,

1964 2617 2192 2672 dicens:
2234 2635 2254 2668 ι
2293 2614 2525 2670 Animus
2564 2613 2832 2685 gaudens.
2856 2620 3074 2668 aetatem
3118 2609 3369 2666 ﬂoridam
3409 2607 3562 2676 facit,

1963 2708 2189 2780 spiritus
2226 2706 2403 2763 tristis
2456 2705 2698 2761 exsiccat
2745 2718 2871 2761 ossa
2930 2701 3115 2776 (Prov.
3153 2700 3313 2772 xvn).
3347 2719 3367 2752 ι
3405 2698 3569 2755 Juxta

1964 2798 2277 2871 allegoriam
2332 2812 2465 2853 vero
2512 2794 2662 2851 zelus
2706 2801 2765 2849 et
2806 2791 3090 2848 iracundia
3143 2790 3392 2846 minuent
3447 2787 3567 2843 dies

1962 2890 2223 2955 hominis,
2261 2903 2388 2945 cum
2428 2902 2554 2942 eum
2583 2885 2694 2940 vita
2720 2892 2929 2940 aeterna
2972 2881 3253 2953 indignu'm
3300 2877 3567 2944 efﬁcient,

1964 2993 2092 3042 ante
2125 2992 2344 3055 tempus
2369 2987 2709 3037 senectutem
2754 2977 3039 3042 adducent,
3071 2974 3200 3045 quia
3241 2992 3260 3025 ι
3291 2970 3397 3026 viri
3438 2984 3565 3026 san-

1964 3073 2189 3146 guinum
2227 3078 2284 3126 et
2309 3069 2482 3126 dolosi
2529 3083 2637 3124 non
2671 3066 3036 3123 dimidiabunt
3074 3063 3192 3119 dies
3226 3077 3356 3119 suos
3387 3057 3565 3133 (Prol.

1903 3179 1906 3183 ‘
1965 3165 2098 3239 Liv),
2132 3184 2152 3218 ι
2183 3165 2289 3221 hoc
2321 3171 2429 3232 est,
2466 3160 2829 3233 prosperitate
2866 3158 2985 3215 sine
3011 3156 3251 3213 vindicta
3278 3168 3445 3225 quam
3464 3147 3571 3208 sibi

1892 3245 1938 3309 Ο
1969 3259 2315 3332 promittunt,
2345 3253 2736 3329 perpetualiter
2760 3252 2967 3308 habere
2988 3264 3096 3306 non
3134 3254 3386 3320 possunt.

2047 3371 2067 3404 (
2104 3347 2458 3423 Splendidum
2489 3362 2584 3403 cor
2624 3346 2828 3401 bonum
2877 3342 2936 3397 in
2983 3339 3160 3412 epulis
3184 3380 3200 3406 ,
3231 3336 3402 3409 epulm
3421 3334 3571 3390 enim

1974 3463 1995 3497 ι
2023 3442 2170 3500 illius
2205 3440 2488 3512 diligentes
2534 3437 2690 3493 ﬁunt.
2725 3454 2745 3488 ›
2781 3432 2981 3504 Utique
3004 3433 3144 3488 bona
3171 3428 3423 3485 voluntas
3456 3423 3569 3481 ele-

1969 3543 2183 3595 ctorum
2210 3531 2541 3605 jucundatur
2582 3529 2640 3585 in
2688 3526 2863 3599 epulis
2896 3526 3189 3588 virtutum,
3241 3532 3363 3590 quae
3395 3515 3571 3589 epulas

1969 3628 2330 3689 indefectivas
2355 3625 2560 3682 habent
2585 3636 2717 3694 opes
2748 3617 3073 3692 spiritalium
3100 3612 3436 3672 divitiarum.

2608 3734 2841 3793 CAPUT
2864 3732 2968 3813 vr.

1981 3837 2177 3910 Vigilia
2204 3843 2418 3907 propter
2446 3831 2568 3910 _
2591 3831 2834 3910 (inrorant
2878 3826 2997 3882 tabe
3021 3834 3128 3910 acu
3172 3837 3377 3910 carnes,
3411 3818 3474 3910 id
3485 3823 3574 3910 est

2044 3893 2248 3975 domat,
2274 3893 2398 3962 n'am
2422 3904 2473 3959 vi
2508 3903 2605 3958 ilia
2624 3901 2694 3958 ad
2722 3899 2868 3954 mata
2885 3894 3243 3971 perpetranda
3284 3893 3575 3947 criminosa

2047 3990 2145 4037 est.

2046 4094 2197 4170 (Car.
2225 4092 2406 4163 χχχι.)
2437 4112 2457 4146 ‹
2486 4090 2685 4162 Vigilia
2710 4084 3017 4144 honestatis
3037 4077 3336 4138 tabefaciet
3353 4086 3576 4140 carnes,

1869 4170 1876 4242 ί
1981 4207 2001 4241 ι
2033 4196 2091 4244 et
2113 4188 2384 4259 cogitatus
2406 4185 2551 4242 illius
2572 4182 2786 4239 auferet
2816 4192 3091 4237 somnum.
3126 4193 3146 4227 ›
3175 4171 3374 4244 Vigilia
3410 4170 3581 4230 hone-

1977 4280 2135 4337 statis
2154 4287 2241 4336 est
2261 4286 2423 4334 cauta
2445 4274 2731 4348 vigilantia
2749 4270 2920 4327 animi
2942 4281 3067 4324 eum
3089 4264 3270 4321 studio
3294 4261 3578 4323 virtutum,

1977 4389 2099 4447 quae
2134 4371 2396 4429 tabefacit
2436 4381 2633 4427 carnes
2659 4406 2675 4434 ,
2729 4364 2857 4435 quia
2897 4362 2955 4418 in
2999 4356 3192 4415 electis
3241 4353 3342 4410 Dei
3382 4363 3581 4447 carna-

1978 4441 2058 4526 les
2080 4466 2377 4523 mortiﬁeat
2398 4463 2733 4533 voluptates.
2756 4455 3039 4528 Cogitatus
3060 4449 3209 4508 enim
3228 4446 3376 4503 illius
3402 4441 3583 4499 aufert

1980 4576 2257 4628 somnum,
2290 4557 2420 4630 quia
2451 4556 2665 4612 intenta
2701 4547 3013 4608 sollicitudo
3038 4555 3231 4600 eorum
3256 4551 3420 4611 quam
3441 4548 3581 4630 quo-

283 4664 425 4735 Quid
469 4671 653 4723 autem
694 4665 852 4722 nobis
907 4674 1113 4723 certam
1164 4666 1410 4738 requiem
1463 4666 1738 4736 conferat,
1792 4681 1877 4725 se-
1900 4613 1958 4675 Β
1984 4656 2115 4714 ιὶἀὶθ
2157 4656 2215 4711 in
2242 4613 2469 4711 ἒθῖνὶιίο
2495 4649 2595 4707 Ι)Θὶ
2621 4647 2868 4738 Ιιθῢθῐιῑνῄ
2895 4638 3131 4738 ρίετίιίειῖ
3258 4633 3340 4738 θ-ίε
3368 4627 3584 4738 rep?!“

284 4772 457 4829 quens
479 4756 750 4814 sententia
770 4757 1085 4815 manifestat
1126 4778 1139 4815 :

363 4869 382 4903 ι
413 4849 671 4908 Miserere
712 4849 909 4906 animas
945 4858 1052 4907 tua:
1096 4851 1316 4923 placens
1348 4851 1484 4920 Deo,
1534 4861 1592 4909 et
1623 4853 1878 4921 contine;

290 4962 311 4998 ε
344 4950 399 4999 et
435 4958 704 5016 eongrega
740 4957 838 5000 eor
866 4951 1018 4999 tuum
1051 4945 1107 4999 in
1136 4944 1427 5001 sanctitate
1447 4944 1586 5015 ejus,
1625 4953 1682 5001 et
1707 4946 1882 5002 tristi-

292 5056 314 5091 ε
348 5038 479 5094 tiam
502 5037 662 5108 longe
694 5036 905 5108 expelle
932 5052 963 5092 a
993 5046 1065 5094 te.
1100 5036 1296 5094 Multos
1321 5038 1466 5094 enim
1488 5039 1690 5095 occidit
1720 5040 1885 5097 tristi-

293 5149 314 5184 ι
349 5131 446 5197 tia,
481 5138 538 5186 et
587 5145 699 5187 non
726 5138 813 5186 est
860 5129 1068 5186 utilitas
1117 5130 1173 5185 in
1204 5129 1314 5186 illa.
1353 5150 1371 5183 ι
1410 5129 1578 5186 Multa
1623 5138 1751 5186 sunt
1779 5130 1883 5186 mi-

290 5219 601 5276 sericordiae
642 5234 863 5291 genera,
898 5227 962 5275 ut
1007 5234 1147 5292 saepe
1173 5218 1289 5290 jam
1337 5219 1594 5287 diximus,
1655 5219 1753 5276 sed
1778 5219 1884 5277 hoc

289 5306 623 5380 praecipuum
653 5317 737 5364 est
767 5350 783 5376 ,
829 5310 973 5379 quod
1019 5310 1110 5366 hic
1154 5317 1641 5378 commemoratur,
1690 5318 1752 5366 ut
1783 5325 1885 5382 per

292 5396 704 5466 continentiam,
733 5399 1100 5462 sanctitatem,
1148 5409 1205 5456 et
1236 5399 1512 5470 justitiam
1564 5400 1884 5457 Studeamus

293 5491 512 5564 placere
538 5489 670 5560 Deo,
705 5496 762 5545 et
807 5490 876 5546 ad
914 5488 1020 5546 hoc
1068 5500 1460 5559 congregemus
1509 5501 1682 5543 totum
1711 5493 1886 5545 nostri

296 5583 463 5638 animi
492 5582 763 5649 affectum,
793 5591 855 5638 ut
888 5581 991 5654 ipsi
1017 5579 1377 5650 acceptabiles
1403 5580 1593 5646 simus,
1624 5586 1681 5634 et
1715 5577 1885 5634 bono-

299 5690 418 5730 rum
449 5690 674 5744 operum
695 5675 902 5730 fructus
928 5688 1053 5728 cum
1083 5670 1387 5727 humilitate
1407 5677 1463 5724 et
1492 5669 1578 5739 pia
1602 5666 1889 5723 devotione

271 5763 376 5818 ‘illi
402 5760 728 5832 offeramus;
765 5762 1038 5819 tristitiam
1068 5769 1248 5816 autem
1275 5759 1432 5829 longe
1457 5773 1488 5811 a
1521 5756 1677 5811 nobis
1708 5754 1901 5825 expelg.

298 5858 500 5916 lamus.
541 5858 668 5914 auia
708 5857 913 5915 nullum
943 5871 1141 5913 munus
1191 5869 1314 5913 cum
1361 5851 1583 5911 tristitia
1612 5850 1891 5912 mundana

1982 4749 2225 4807 taedium.
2285 4746 2442 4803 Unde
2467 4742 2756 4815 propheta,
2780 4736 2875 4809 qui
2902 4749 2963 4792 se
2992 4728 3264 4788 sentiebat
3284 4727 3339 4783 in
3360 4720 3586 4815 servitio

1984 4841 2082 4897 Dei
2112 4839 2402 4912 proficere,
2425 4813 2488 4915 et
2505 4835 2563 4891 in
2574 4813 2768 4888 amore
2791 4828 2938 4884 illius
2961 4836 3229 4887 crescere,
3246 4819 3323 4874 ait
3349 4830 3365 4870 :
3393 4836 3421 4915 ε.
3439 4813 3585 4915 Quo-

1986 4904 2151 4990 modo
2179 4929 2341 4987 dilexi
2365 4904 2540 5000 legem
2578 4935 2746 4989 tuam,
2775 4919 3025 4985 Domine,
3055 4921 3171 4971 tota
3193 4912 3280 4969 die
3300 4904 3586 5000 meditatio

1990 5038 2113 5080 mea
2142 5030 2244 5078 est.
2270 5022 2329 5076 in
2352 4996 2627 5075 mandatis
2658 5016 2765 5071 tuis
2807 5009 3127 5073 exercebor,
3153 5012 3211 5061 et
3229 4996 3586 5059 considerabo

1984 5112 2103 5167 vias
2144 5118 2287 5166 tuas.
2316 5108 2484 5180 lnﬁge
2516 5108 2714 5162 timore
2740 5113 2841 5159 tuo
2866 5112 3063 5156 carnes
3089 5091 3285 5166 meas;
3316 5106 3347 5145 a
3365 5086 3587 5162 judieiis

1986 5204 2132 5262 enim
2163 5202 2270 5259 tuis
2297 5200 2455 5256 timui
2485 5196 2658 5273 (Psal.
2689 5193 2900 5266 cxvm).
2928 5210 2949 5245 ι

2064 5317 2084 5352 ε
2113 5296 2395 5369 Cogitatus
2412 5290 2772 5365 praeseientize
2791 5285 2992 5343 avertit
3003 5287 3245 5349 sensum,
3271 5287 3329 5336 et
3348 5275 3582 5334 inﬁrmi-

1991 5409 2011 5443 ι
2045 5397 2130 5445 tas
2156 5387 2341 5458 gravis
2374 5384 2614 5442 sobriam
2636 5381 2765 5437 facit
2788 5378 3046 5434 animam.
3082 5395 3101 5428 ι
3132 5373 3413 5446 Cogitatus
3439 5370 3586 5426 enim

1989 5482 2229 5559 hominis
2256 5495 2420 5559 quem
2443 5479 2499 5533 in
2523 5477 2719 5531 timore
2747 5473 2844 5529 Dei
2866 5472 3051 5536 liabet,
3080 5464 3417 5538 praesciendo
3442 5460 3587 5534 quod

1991 5581 2121 5621 vera
2151 5556 2487 5620 sunt'omnia
2515 5576 2636 5633 quae
2661 5561 2946 5633 Scriptura
2979 5576 3136 5618 sacra
3170 5556 3498 5631 praenuntiat
3519 5553 3589 5612 de

1993 5656 2175 5712 futuro
2188 5655 2412 5726 praemio
2428 5655 2696 5711 bonorum
2718 5663 2774 5711 et
2787 5656 2853 5711 de
2877 5663 3107 5711 ventura
3121 5667 3282 5725 ptena
3296 5648 3591 5707 malorum.

1993 5738 2193 5808 avertit
2210 5765 2427 5807 sensum
2443 5751 2680 5806 hominis
2702 5751 2772 5806 ab
2790 5751 2938 5806 omni
2960 5745 3406 5820 concupiscentia
3420 5740 3588 5808 mala,

1993 5859 2064 5901 ne
2092 5858 2158 5902 ea
2178 5842 2528 5916 concupiscat
2555 5842 2609 5900 in
2640 5844 2987 5914 possessione
3000 5841 3222 5908 habere:
3257 5834 3345 5896 V61
3367 5834 3426 5892 in
3446 5831 3593 5919 ἀθείτ
