4030 6512
554 418 658 475 981

1188 388 1248 443 B.
1292 386 1547 443 RABANI
1586 386 1809 445 MAURI
1851 385 2169 442 ARCHIEP.
2214 386 2529 445 MOGUNT.
2570 384 2858 444 OPERUM
2893 383 3074 441 PARS
3108 382 3149 438 Ι.

3694 389 3774 447 988

545 507 700 564 dario
719 520 948 577 nequam
970 503 1286 575 adimplere,
1304 520 1427 575 quae
1446 504 1595 560 novit
1612 504 1880 560 conditori
1901 519 2000 560 suo
2021 504 2133 561 dis-
2159 507 2213 568 Α
2237 503 2519 594 avaritiam
2573 503 2863 575 colligitur,
2917 511 2973 557 et
3023 517 3120 573 per
3159 500 3490 571 parcitatem
3540 503 3592 558 in
3616 505 3779 564 malum

540 598 764 671 plicare
814 596 1082 653 Similiter
1129 604 1186 652 et
1223 595 1513 651 inﬁrmitas
1554 596 1738 667 gravis
1768 597 2013 667 corporis
2043 610 2132 651 so-

542 690 723 775 briam
748 690 880 747 facit
923 705 957 745 a
997 689 1210 746 delictis
1236 690 1493 746 animam.
1521 689 1676 745 Unde
1698 689 1824 744 alibi
1867 689 2131 759 scriptum

539 790 671 843 est:
718 801 738 836 ε
772 782 935 839 Livor
977 780 1218 838 vulneris
1256 780 1533 852 absterget
1560 781 1724 847 mala,
1770 790 1827 836 et
1858 781 2029 852 plaga
2075 781 2131 835 in

443 888 467 905 “
541 873 939 933 secretionibus
965 873 1171 929 ventris
1220 870 1404 945 (Prov.
1437 871 1554 944 xx).
1591 891 1609 924 ι
1643 872 1781 927 Mala
1806 873 1950 928 enim
1993 873 2133 929 livor

542 964 780 1023 vulneris
825 966 1120 1037 absterget,
1151 965 1280 1035 quia
1307 963 1643 1037 ﬂagellorum
1687 963 1840 1020 dolor
1863 966 1948 1021 vel
1986 967 2133 1038 cogi-

543 1063 687 1117 tatas
735 1055 821 1113 vel
868 1065 1211 1127 perpetratas
1255 1059 1527 1129 nequitias
1578 1058 1749 1114 diluit.
1802 1057 1953 1116 Solet
2003 1076 2133 1115 vero

542 1148 749 1205 ventris
789 1149 1150 1220 appellatione
1180 1165 1336 1207 mens
1368 1152 1562 1223 accipi,
1597 1153 1724 1223 quia
1758 1154 1901 1210 sicut
1942 1164 2134 1211 venter

543 1239 816 1295 corisumit
839 1254 1017 1307 escas,
1048 1240 1126 1296 ita
1150 1256 1304 1297 mens
1322 1244 1704 1313 pertractando
1725 1246 1979 1315 excoquit
2000 1246 2128 1302 iras.

544 1326 682 1394 Quia
707 1328 856 1385 enim
872 1337 1063 1387 venter
1082 1346 1234 1386 mens
1252 1331 1468 1398 dicitur,
1494 1346 1557 1387 ea
1586 1337 1859 1390 sententia
1882 1336 2130 1403 docetur,

542 1433 648 1488 qua
693 1422 956 1492 scriptum
998 1431 1131 1479 est:
1169 1443 1186 1475 ι
1228 1423 1475 1480 Lucerna
1532 1426 1747 1482 Domini
1802 1428 2132 1498 spiraculum

542 1508 810 1578 hominis,
866 1528 987 1584 qum
1049 1514 1345 1588 investigat
1399 1518 1578 1573 omnia
1647 1528 1860 1575 secreta
1929 1520 2133 1575 ventris

544 1602 775 1677 (Ibid.).;
812 1624 832 1657 ι
862 1620 927 1661 ac
976 1608 1023 1663 si
1061 1606 1269 1663 diceret
1298 1627 1310 1662 :
1337 1609 1527 1664 Divina
1557 1609 1769 1665 aﬂlatus
1809 1610 2134 1667 illuminatio

542 1710 666 1753 cum
713 1697 769 1753 in
819 1707 1057 1755 mentem
1083 1700 1319 1755 hominis
1352 1701 1561 1755 venerit
1594 1742 1609 1767 ,
1643 1718 1765 1757 eam
1810 1703 2131 1774 sibimetipsi

542 1786 855 1847 illuminans
878 1789 1137 1857 ostendit,
1169 1806 1289 1861 quae
1318 1798 1447 1846 ante
1473 1790 1709 1861 Spiritus
1730 1794 1904 1849 sancti
1935 1794 2130 1848 adven-

2235 610 2393 651 suum
2443 596 2830 652 reservabitur.
2886 594 2989 663 Qui
3037 600 3219 649 autem
3273 593 3332 648 in
3386 593 3488 650 hac
3536 596 3780 659 ambitione

2197 696 2557 774 .praesentcm
2583 688 2856 745 consumit
2885 688 3053 743 vitam
3079 726 3096 753 ,
3124 694 3336 742 :eterna
3362 686 3645 757 replebitur
3663 690 3781 762 igni.

2235 780 2426 835 minia.

2311 892 2329 924 ι
2368 872 2519 929 Multi
2563 873 2677 928 dati
2713 879 2840 929 sunt
2884 873 2939 927 in
2985 871 3107 927 auri
3151 885 3354 936 casus,
3399 877 3455 929 et
3497 871 3782 930 lacuatis

2239 984 2259 1016 ι
2289 965 2469 1035 specie
2498 966 2669 1036 ipsius
2694 966 2925 1037 perditio
2953 965 3185 1021 illorum.
3218 984 3237 1016 ι
3274 962 3342 1021 in
3364 978 3551 1020 casum
3584 967 3685 1023 auri
3713 967 3782 1022 da-

2234 1062 2343 1121 tur,
2377 1057 2469 1126 qui
2498 1056 2616 1126 cjus
2644 1056 2940 1113 ambitione
2967 1055 3216 1126 captivus
3252 1063 3495 1113 tenetur.
3522 1053 3674 1125 Cujus
3693 1072 3783 1126 spe-

2236 1148 2347 1203 cies
2378 1150 2452 1204 illi
2488 1150 2848 1221 perditionem
2873 1156 3121 1221 generat,
3163 1146 3295 1219 quia
3331 1147 3504 1218 ipsius
3538 1163 3700 1205 amore
3727 1148 3783 1203 ul-

2234 1247 2318 1294 tra
2377 1243 2596 1299 modum
2658 1243 3014 1299 exardescere
3075 1255 3182 1295 non
3255 1239 3535 1296 formidat.
3591 1239 3782 1295 Avaritia

2234 1331 2401 1397 eiiim,
2433 1340 2493 1388 ut
2515 1333 2591 1389 ait
2614 1332 2924 1403 Apostolus,
2951 1331 3217 1387 idolorum
3240 1339 3333 1387 est
3361 1331 3590 1387 servitus
3607 1330 3780 1402 (Colca.

2235 1422 2363 1494 111.),
2406 1432 2463 1479 et
2489 1424 2579 1479 ubi
2610 1424 2848 1480 cultores
2887 1439 2951 1479 ac
2976 1423 3277 1480 servitores
3321 1422 3585 1483 idolorum
3608 1423 3781 1492 deputa-

2232 1514 2435 1570 buntur
2460 1515 2563 1571 nisi
2585 1516 2639 1570 in
2668 1524 2931 1570 tartarum
2953 1513 3150 1573 inferni
3185 1514 3207 1569 ?
3247 1533 3267 1565 (
3307 1513 3402 1569 ubi
3426 1512 3619 1569 vermis
3640 1528 3783 1570 eorum

2234 1622 2340 1661 non
2368 1608 2628 1673 moritur,
2658 1616 2717 1663 et
2744 1606 2886 1679 ignis
2914 1622 3019 1662 non
3046 1605 3427 1677 exstinguitur
3449 1604 3580 1678 (Ita.
3605 1604 3777 1678 unt.

2232 1694 2309 1750 De
2337 1712 2445 1766 quo
2470 1697 2722 1767 protinus
2748 1694 3123 1768 subiungitur:

2316 1810 2332 1842 ε
2365 1789 2594 1863 Lignum
2617 1791 2933 1848 oilensionis
2953 1798 3039 1846 est
3060 1804 3256 1846 aurum
3281 1787 3697 1845 sacriﬁcantium.
3717 1786 3780 1844 Vs

542 1885 654 1935 tum
678 1879 1036 1951 cogitationes
1069 1896 1266 1951 pravas
1295 1890 1350 1936 et
1388 1890 1610 1952 portare
1654 1893 1891 1953 poterat,
1922 1893 1976 1940 et
2000 1901 2132 1956 pen-
2158 1888 2208 1947 B
2242 1901 2260 1937 ι
2302 1882 2406 1938 illis
2432 1884 2523 1953 qui
2552 1892 2834 1939 sectantur
2859 1881 3009 1948 illud,
3041 1890 3096 1936 et
3115 1881 3300 1936 omnis
3341 1879 3642 1950 imprudens
3663 1880 3782 1949 depe-

540 1984 664 2027 sare
679 1971 957 2029 nesciebat
979 1985 995 2026 :
1030 1992 1049 2025 ι
1081 1972 1245 2028 Livor
1262 1988 1393 2041 ergo
1410 1975 1653 2032 vulneris
1676 1979 1951 2049 absterget
1971 1978 2132 2045 mala,

538 2069 594 2117 et
614 2057 782 2132 plaga
801 2063 860 2119 in
882 2064 1268 2121 secretioribus
1282 2068 1515 2135 ventris,
1550 2088 1569 2120 ι
1600 2069 1724 2139 quia
1747 2085 1871 2125 cum
1894 2072 2138 2128 exterius

539 2151 875 2219 percutimur
903 2192 918 2220 ,
965 2154 1033 2211 ad
1060 2160 1401 2225 peceatorem
1448 2166 1759 2214 nostrorum
1812 2162 2134 2218 memoriam

541 2240 693 2297 taciti
754 2241 1047 2315 aillietique
1108 2260 1471 2315 revocamur,
1533 2262 1698 2321 atque
1755 2260 1881 2307 ante
1944 2253 2134 2309 oculos

541 2342 757 2392 nostros
782 2344 979 2393 cuneta
1006 2353 1127 2408 quaa
1156 2354 1188 2394 a
1216 2340 1373 2395 nobis
1420 2350 1548 2397 sunt
1586 2343 1730 2398 male
1757 2354 1932 2415 gesta,
1968 2347 2135 2402 redu-

546 2424 743 2494 cimns,
780 2436 839 2483 et
872 2443 972 2498 per
1000 2429 1105 2485 hoc
1137 2431 1283 2500 quod
1312 2431 1446 2487 foris
1482 2434 1722 2502 patimur
1770 2438 1944 2509 magis
1987 2438 2133 2495 intus

545 2518 692 2588 quod
748 2518 978 2579 fecimus
1030 2522 1294 2591 dolemus,
1345 2525 1488 2580 unde
1533 2527 1594 2581 ﬁt
1641 2536 1702 2583 ut
1752 2530 1894 2586 inter
1941 2542 2128 2603 aperta

542 2605 770 2665 vulnera
813 2611 1061 2682 corporis
1105 2614 1337 2685 amplius
1364 2632 1464 2674 nos
1495 2618 1680 2675 abluat
1706 2621 1864 2693 plaga
1919 2636 2131 2682 secreta

540 2700 769 2767 ventris,
793 2702 921 2772 quia
946 2712 1106 2760 sanat
1149 2707 1421 2777 nequitias
1450 2711 1605 2781 pravi
1627 2714 1813 2784 Operis
1855 2717 2130 2774 occultum

540 2789 732 2847 Vulnus
745 2791 980 2863 .doloris.
1003 2793 1142 2853 Hinc
1168 2806 1225 2854 et
1259 2798 1458 2857 Paulus
1487 2804 1565 2857 ait
1595 2823 1608 2858 :
1643 2824 1660 2856 ι
1694 2805 1926 2872 Quando
1968 2810 2130 2864 inﬁr-

537 2894 660 2941 mor
688 2920 702 2948 ,
738 2890 866 2940 tunc
900 2892 1114 2956 ‘potens
1168 2904 1309 2946 sum.
1347 2910 1367 2945 ι
1400 2892 1625 2964 Quando
1678 2898 1826 2952 enim
1874 2901 2134 2956 sustinuit

540 2969 843 3032 forinsecus
867 2975 1077 3051 ﬂagella
1103 2986 1567 3056 persecutionum,
1608 2990 1939 3051 intrinsecus
1962 2997 2133 3053 crevit

538 3065 684 3125 dono
712 3068 1035 3138 spiritalium
1056 3076 1380 3146 gratiarum.

612 3178 632 3211 ι
664 3158 954 3220 Laboravit
979 3164 1133 3223 dives
1161 3169 1217 3224 in
1255 3173 1673 3244 congregatione
1704 3177 2037 3247 substantiae,
2078 3193 2134 3239 et

543 3268 563 3302 ι
601 3250 654 3306 in
684 3254 873 3324 requie
910 3274 1008 3315 sua
1053 3262 1351 3334 replebitur
1380 3269 1647 3325 bonorum
1680 3288 1901 3329 suorum
1928 3293 1942 3342 ;
1985 3276 2134 3334 labo-
2161 3248 2210 3314 c

542 3359 573 3397 ί
598 3347 738 3442 gavit
760 3363 967 3442 pauper
986 3352 1042 3408 in
1069 3355 1427 3416 diminutione
1450 3362 1643 3428 victus,
1676 3375 1731 3420 et
1756 3367 1809 3421 in
1839 3368 1946 3423 ﬁne
1976 3369 2134 3442 inops

541 3449 564 3485 ι
602 3433 680 3490 ﬁt.
712 3455 733 3490 ι
769 3438 951 3497 Multis
985 3443 1042 3498 in
1062 3444 1196 3502 locis
1234 3447 1639 3521 Scripturarum
1681 3456 1973 3515 laudantur
1999 3433 2135 3517 divi-

540 3523 669 3620 t‘iai,
708 3536 767 3584 et
800 3530 857 3588 in
897 3533 1086 3592 multis
1114 3537 1498 3610 vituperantur
1521 3584 1536 3611 ,
1581 3546 1674 3602 sed
1703 3548 1793 3603 ubi
1824 3549 2133 3620 laudantur,

538 3616 743 3675 divitia:
790 3624 1067 3693 spiritales
1106 3630 1513 3701 signiﬁcantur;
1558 3638 1650 3693 ubi
1701 3650 1883 3697 autem
1931 3616 2137 3716 vitupe;

540 3717 749 3776 rantur,
784 3718 1096 3786 corporales
1119 3735 1249 3793 opes
1277 3733 1333 3781 et
1358 3727 1563 3783 novicaa
1590 3732 1774 3786 mundi
1808 3735 2135 3791 damnantur

540 3800 890 3870 cupiditates.
938 3808 1093 3867 Unde
1131 3821 1190 3869 et
1240 3815 1294 3870 in
1325 3817 1429 3874 hoc
1464 3822 1699 3890 capitulo
1723 3825 2031 3883 alternatim
2066 3829 2133 3885 de

536 3890 700 3949 bonis
713 3902 771 3952 et
788 3897 948 3991 malis
968 3900 1173 3961 divitiis
1191 3906 1472 3977 disputans
1487 3910 1643 3981 juxta
1666 3916 1987 3985 qualitatem
2009 3934 2135 3991 per-

539 3998 819 4053 sonarum,
847 3990 1082 4061 primum
1106 3994 1291 4052 laudat
1310 3999 1532 4057 divitem
1557 4003 1894 4064 laborantem
1918 4010 1972 4065 in
2004 3990 2134 4067 eon-

541 4078 855 4149 gregatione
885 4082 1221 4155 divitiarum,
1260 4092 1404 4148 unde
1438 4095 1736 4165 replebitur
1768 4100 1928 4159 bonis
1962 4105 2017 4160 in
2041 4122 2129 4163 re-

540 4168 676 4263 quie
693 4184 812 4226 sua.
843 4171 1049 4235 Deinde
1081 4179 1352 4252 vituperat
1391 4201 1681 4257 pauperem
1706 4231 1721 4257 ,
1751 4194 1880 4263 quia
1916 4197 2132 4254 labora-

537 4258 621 4319 vit
663 4262 719 4319 in
745 4263 1100 4329 diminutione
1119 4274 1329 4344 victus;
1360 4288 1414 4334 et
1446 4282 1501 4336 in
1524 4282 1633 4340 ﬁne
1662 4258 1900 4358 inopiam
1933 4306 2130 4349 conse-

537 4359 735 4420 quetur
756 4393 772 4420 ,
803 4358 1137 4433 subjungens
1174 4379 1378 4437 quanta
1405 4373 1546 4428 male
1582 4387 1880 4447 sequantur
1913 4384 2034 4438 auri
2074 4391 2131 4441 et

537 4448 892 4515 pecuniarum
935 4457 1184 4516 avaritia.
1222 4460 1417 4520 Postea
1464 4466 1664 4525 iterum
1694 4471 1877 4529 laudat
1903 4474 2126 4532 divitem

537 4542 836 4601 scentulum
860 4545 1053 4616 Deum,
1091 4552 1184 4622 qui
1210 4554 1463 4615 inventus
1498 4570 1584 4616 est
1617 4564 1735 4620 sine
1759 4568 1991 4623 macula.
2025 4569 2126 4625 La-

537 4627 696 4729 borat
737 4647 870 4729 ergo
907 4637 1088 4707 justus
1120 4642 1273 4700 dives
1318 4648 1370 4702 in
1409 4654 1829 4724 congregatione
1862 4659 2126 4729 spiritalis

535 4723 854 4783 substantiae
875 4769 892 4795 ,
931 4731 987 4787 in
1012 4736 1320 4796 meditando
1342 4742 1591 4800 videlicet
1622 4723 1936 4806 sanctarum
1978 4750 2125 4810 Scri-

535 4822 821 4909 pturarum
840 4823 1126 4885 scientiam
1151 4870 1168 4898 ,
1202 4843 1259 4888 et
1282 4834 1587 4909 colligendo
1622 4841 1885 4899 bonarum
1915 4845 2126 4905 fructus

534 4906 943 5010 virtutum,_pro
965 4918 1165 4987 quibus
1200 4906 1453 4983 omnibus
1485 4940 1609 5001 post
1646 4932 1809 4990 ﬁnem
1838 4938 2122 5007 praesentis

533 5005 660 5101 vita:
690 5005 932 5101 requiem
966 5018 1230 5071 aeternam
1261 5025 1320 5074 et
1346 5005 2127 5101 remunerationemﬁpercipiet

533 5087 839 5192 ctelestium
870 5101 1263 5192 ‘pramiorum.
1323 5109 1366 5163 E
1411 5116 1688 5171 contrario
1738 5087 1880 5175 vero.
1922 5087 2129 5192 pauper

533 5184 761 5275 scientia
788 5193 844 5242 et
868 5188 1045 5263 inops,
1071 5194 1272 5256 virtute
1298 5199 1533 5271 laborat,
1556 5209 1798 5275 quotidie
1818 5210 1873 5265 in
1894 5184 2128 5269 terrenis

535 5274 918 5343 cupiditatibus
940 5302 965 5349 ,‘
997 5301 1098 5357 pro
1129 5291 1328 5360 quibus
1367 5294 1421 5350 in
1461 5274 1700 5355 ﬁneinon
1740 5301 2123 5360 abundantiam

533 5364 772 5459 cmlestis
796 5372 1016 5433 habebit
1036 5382 1241 5452 gaudii,
1276 5387 1371 5443 sed
1397 5402 1589 5459 pennas
1613 5407 1678 5449 ac
1716 5395 1934 5453 dolores
1959 5399 2124 5453 susti-

533 5456 685 5514 nebit
714 5458 934 5521 inferni.

610 5567 630 5601 ι
670 5550 776 5656 Qui
798 5570 994 5613 aluum
1017 5559 1214 5634 diligit,
1246 5580 1354 5622 non
1377 5566 1799 5636 justiﬁeabitur,
1841 5577 1898 5624 et
1921 5570 2011 5639 qui
2044 5571 2120 5624 in-

541 5656 562 5692 σ
595 5651 842 5714 Sequitur
870 5655 1342 5724 consumptionem
1366 5695 1381 5721 ,
1413 5657 1710 5726 replebitur
1746 5674 1810 5713 ex
1847 5676 1932 5715 ea.
1970 5679 1987 5712 ι
2018 5659 2125 5715 Au-

536 5744 658 5795 rum
683 5752 973 5808 possumus
999 5744 1249 5816 accipere
1268 5762 1369 5818 pro
1393 5749 1539 5806 omni
1564 5752 1793 5821 pecunia
1820 5761 1876 5807 et
1902 5755 2122 5810 thesau-v

535 5843 600 5893 ω
623 5837 881 5906 terreno.
914 5852 1038 5911 qua:
1078 5839 1148 5899 ab
1188 5842 1521 5901 amatoribus
1568 5845 1684 5903 suis
1722 5862 1829 5905 non
1878 5847 1982 5904 nisi
2028 5866 2123 5920 per

2246 1994 2267 2026 ι
2297 1975 2400 2030 riet
2419 1975 2473 2030 in
2491 1974 2602 2030 illo.
2640 1994 2657 2026 ι
2684 1972 2922 2030 Oﬁ‘ensio
2949 1974 3004 2029 in
3029 1972 3334 2047 Scripturis
3356 1970 3526 2028 sacris
3548 1972 3598 2026 et
3617 1969 3776 2025 desola-

2243 2065 2316 2121 tio
2345 2065 2614 2123 idolorum
2662 2074 3026 2136 nuncupatur,
3062 2065 3190 2135 quia
3231 2065 3288 2119 in
3320 2064 3427 2120 hoc
3454 2063 3693 2119 deseritur
3710 2076 3778 2116 ve-

2237 2170 2331 2212 rus
2359 2157 2455 2212 Dei
2481 2156 2659 2212 cultus
2686 2197 2700 2223 ,
2741 2165 2797 2212 et
2822 2157 3057 2213 maxime
3086 2156 3143 2211 in
3172 2154 3318 2212 falsa
3346 2155 3551 2211 cultura
3577 2150 3775 2223 Denso!-

2237 2247 2497 2304 fenditur.
2523 2248 2751 2320 Lignum
2775 2249 2921 2305 enim
2949 2249 3270 2307 oil‘ensionis
3300 2257 3389 2305 est
3415 2263 3597 2305 aurum
3615 2246 3778 2302 sacriﬁ-

2228 2343 2498 2409 cantium,
2552 2343 2678 2414 quia
2717 2342 2856 2399 sicut
2883 2343 3055 2399 Adam
3093 2344 3150 2398 in
3182 2343 3319 2416 ligni
3359 2343 3507 2399 vetiti
3537 2350 3776 2411 transgres-

2235 2434 2389 2496 sione
2434 2450 2531 2505 per
2583 2436 2855 2506 serpentis
2903 2436 3310 2508 suggestionem
3361 2435 3606 2505 deceptus
3656 2445 3774 2487 avare

2236 2530 2460 2586 deorum
2484 2529 2839 2601 plurimorum
2861 2531 3210 2587 sublimatum
3239 2530 3347 2586 sibi
3372 2529 3608 2601 sperabat
3630 2534 3774 2581 ventu-

2237 2640 2377 2691 rum,
2411 2625 2486 2681 ita
2514 2625 2630 2681 auri
2663 2634 2937 2682 amatores
2968 2625 3311 2682 diversorum
3339 2636 3579 2680 errorum
3596 2615 3765 2676 simula-

2236 2715 2346 2770 cris
2403 2716 2774 2772 deservieutes
2825 2716 3035 2770 animas
3090 2730 3218 2771 suas
3270 2714 3435 2785 quasi
3487 2703 3774 2770 sacuﬁcando

2235 2806 2516 2866 daemoniis
2544 2808 2863 2872 immolant,
2904 2816 2967 2863 ut
2986 2806 3346 2878 plurimorum
3376 2819 3533 2877 opum
3555 2810 3772 2874 possesso-

2237 2914 2327 2954 res
2351 2898 2505 2954 ﬁant.
2554 2898 2662 2956 Sed
2705 2915 2786 2956 ναξ
2821 2899 2927 2955 illis
2965 2899 3057 2970 qui
3101 2900 3245 2954 hanc
3285 2904 3562 2955 sectantur
3594 2899 3767 2963 pestem.

2237 2990 2366 3060 quia
2392 2991 2766 3061 imprudentes
2793 3001 3057 3047 aeternam
3090 2989 3194 3047 sibi
3220 2990 3349 3046 inde
3377 2986 3642 3059 acquth
3659 2982 3770 3038 dau-

2237 3079 2532 3136 nationem.
2564 3080 2754 3138 Potest
2773 3090 2829 3137 et
2847 3082 3003 3153 juxta
3038 3081 3314 3152 allegoriae
3352 3077 3579 3150 regulam
3605 3074 3650 3128 in
3672 3084 3768 3124 sum

2240 3172 2540 3247 idolothyto
2584 3177 2964 3233 haereticorum
3009 3185 3065 3231 et
3099 3174 3541 3246 philosophorum
3580 3164 3766 3222 doctrina

2239 3268 2433 3337 accipi,
2471 3285 2592 3339 quae
2622 3270 2909 3340 splendore
2946 3270 3083 3326 nitet
3121 3266 3448 3338 eloquentia)
3469 3304 3484 3331 ,
3513 3270 3565 3317 et
3584 3256 3769 3316 curioso-

2237 3373 2359 3412 rum
2387 3374 2485 3429 per
2513 3361 2694 3416 omnia
2730 3376 2789 3417 se
2831 3361 3106 3431 portendit
3145 3360 3339 3419 ruinis.
3375 3355 3477 3425 Qui
3507 3344 3765 3446 auleutei'fs

2239 3464 2423 3507 amore
2450 3458 2640 3520 captus
2687 3466 2793 3509 non
2834 3460 3102 3521 praecavet
3141 3451 3364 3507 latentis
3399 3443 3631 3516 nequitia:

2238 3541 2376 3609 dias,
2407 3544 2611 3599 erroris
2638 3552 2693 3598 et
2728 3554 3077 3615 peccatorum
3106 3544 3320 3615 laqueis
3350 3538 3652 3599 constrictus
3668 3542 3758 3600 P9"

2236 3644 2429 3706 petuas
2458 3634 2671 3690 decidet
2694 3636 2750 3691 in
2778 3650 2989 3706 poenas.
3022 3637 3127 3693 Sed
3149 3636 3284 3707 quid
3320 3636 3385 3691 de
3413 3632 3674 3688 electorum
3696 3632 3762 3689 ω’

2235 3727 2381 3801 pulo,
2417 3729 2508 3799 qui
2538 3728 2692 3784 dives
2712 3737 2799 3785 est
2826 3729 2881 3784 in
2905 3729 3087 3785 divina
3125 3728 3360 3785 scientia
3387 3734 3442 3780 et
3464 3727 3596 3778 recta
3613 3714 3699 3771 ﬁde
3713 3722 3757 3763 ac

2235 3820 2392 3879 bonis
2419 3821 2690 3891 operibus,
2716 3831 3113 3894 consequenter
3134 3823 3303 3889 dicat,
3336 3820 3613 3908 videamus.
3744 3896 3752 3908 ι

2311 3937 2330 3969 ι
2359 3916 2556 3973 Beatus
2580 3917 2735 3974 dives
2754 3919 2848 3989 qui
2873 3919 3125 3974 inventus
3149 3925 3234 3974 est
3252 3917 3374 3975 sine
3396 3907 3603 3977 macula:
3630 3911 3753 4003 “1"”

2240 4030 2261 4067 ι
2294 4021 2419 4082 post
2459 4028 2648 4069 aurum
2697 4028 2804 4069 non
2849 4013 3006 4079 abiit,
3050 4027 3153 4069 nec
3200 4009 3435 4082 speravit
3477 4006 3528 4061 in

2240 4122 2261 4158 ε
2296 4105 2589 4162 thesauris.
2622 4104 2757 4172 Quis
2785 4112 2869 4161 est
2890 4104 2979 4161 hic
3006 4145 3020 4171 ,
3056 4114 3113 4160 et
3142 4103 3479 4161 laudabimus
3508 4085 3753 4188 catuli?!

2240 4215 2260 4248 ι
2296 4196 2440 4251 enim
2473 4171 2743 4253 mirabilia
2773 4197 2827 4253 in
2848 4197 2962 4253 vita
2990 4211 3107 4253 sua.
3137 4196 3238 4263 Qui
3268 4194 3519 4264 probatus
3538 4171 3752 4275 estinilltl

2240 4308 2258 4342 α
2288 4296 2344 4345 et
2370 4288 2642 4359 perfectus
2677 4298 2780 4356 est,
2819 4290 2920 4346 erit
2960 4290 3035 4345 illi
3068 4289 3236 4361 gloria
3261 4296 3477 4343 aeterna.
3514 4275 3601 4345 Qui
3622 4272 3749 4361 potui!

2239 4399 2259 4431 ι
2290 4382 2589 4455 transgredi
2618 4390 2672 4437 et
2702 4398 2808 4441 non
2835 4392 2917 4440 cst
2949 4358 3340 4454 transgressus,
3379 4385 3431 4434 et
3464 4374 3621 4431 facere
3647 4358 3748 4455 illa"

2237 4489 2257 4521 ε
2291 4477 2346 4525 et
2370 4453 2478 4526 non
2510 4471 2658 4527 fecit.
2704 4471 2829 4528 ideo
2868 4453 3117 4528 stabilita,
3133 4480 3258 4527 sunt
3286 4472 3425 4525 bona
3446 4463 3573 4519 illius
3588 4457 3633 4511 in
3653 4453 3743 4509 Deo,

2237 4582 2256 4615 σ
2288 4572 2344 4620 et
2387 4564 2759 4635 eleemosynas
2808 4565 2954 4620 illius
3001 4563 3282 4620 enarrabit
3337 4554 3546 4617 ecclesia
3589 4550 3744 4635 sancto-

2237 4673 2258 4708 t
2296 4671 2438 4712 rum.
2475 4676 2493 4709 ι
2522 4630 2725 4711 Beatus
2757 4657 2900 4711 enim
2942 4655 3031 4710 ille
3058 4654 3212 4710 dives
3239 4660 3343 4717 est,
3373 4661 3519 4720 quem
3544 4630 3745 4697 nulla»

2228 4746 2407 4803 fuscat
2431 4746 2643 4811 macula
2691 4748 2926 4813 erroris,
2967 4744 3114 4800 nulla
3135 4743 3362 4800 ambitio
3392 4732 3743 4823 coinquinale

2192 4839 2403 4895 .ounise
2449 4838 2746 4894 saecularis.
2793 4837 2947 4896 Fecit
2982 4836 3251 4893 mirabilia
3294 4838 3351 4893 in
3380 4834 3483 4888 vita
3509 4839 3593 4884 sua
3617 4825 3741 4913 916115

2227 4929 2522 4985 virtutibus
2548 4944 2769 4999 operam
2793 4930 2993 4996 dando,
3033 4929 3149 4986 sive
3187 4925 3456 4985 miraculis
3479 4914 3741 5010 coruscat?

2226 5020 2329 5077 bus
2344 5020 2575 5078 inﬁrmis
2590 5031 2646 5079 et
2660 5019 2928 5077 debilibus
2943 5020 3204 5077 sanitates
3219 5016 3530 5093 praestando,

2230 5111 2286 5169 in
2315 5112 2614 5169 conditoris
2642 5112 2725 5168 sui
2751 5126 2937 5168 amore
2964 5111 3199 5169 ﬁdeliter
3219 5086 3522 5182 pennam“.
3556 5086 3737 5182 ηυθϋᾲθ

2228 5203 2582 5276 proﬁciendo,
2610 5205 2752 5261 unde
2773 5204 2877 5261 sibi
2906 5212 3080 5263 restat
3274 5205 3537 5275 Ρθΐβθωθν
3556 5194 3602 5245 ⁸⁸

2229 5274 2328 5353 stis
2355 5296 2505 5367 regni
2547 5294 2719 5367 gloria
2761 5304 2988 5352 anteme.
3038 5274 3221 5353 Potuit
3256 5274 3397 5350 enim
3428 5286 3564 5357 juxta
3599 5274 3730 5329 diu”

2228 5389 2328 5445 sibi
2360 5388 2517 5444 liberi
2554 5389 2765 5445 arbitrii
2791 5387 3105 5443 facultatem
3134 5379 3429 5454 transgredi
3454 5369 3730 5456 macelli-“fi

2227 5491 2415 5537 etnon
2441 5490 2523 5533 est
2551 5488 2923 5545 transgressus
2944 5513 2961 5540 ,
2990 5483 3047 5532 et
3076 5475 3257 5531 facere
3288 5450 3421 5530 male
3441 5474 3491 5527 et
3510 5473 3599 5518 non
3618 5450 3724 5545 fecit

2227 5567 2344 5623 Non
2369 5567 2489 5623 dico
2518 5568 2660 5637 quod
2682 5583 2956 5638 nunquam
2990 5568 3317 5637 peccaverit,
3348 5563 3434 5622 sed
3457 5550 3581 5630 quod

2225 5660 2389 5717 tendo
2411 5674 2508 5729 per
2554 5660 2780 5729 gratiam
2813 5637 3128 5716 conditoris
3165 5660 3249 5715 sui
3289 5655 3509 5715 omnium
3539 5637 3725 5729 Ρθθεξίθ

2225 5772 2345 5813 rum
2371 5723 2593 5811 suorum
2625 5753 2867 5835 maculas
2892 5754 3129 5810 diluerit.
3161 5754 3286 5809 Ideo
3310 5752 3441 5807 bona
3587 5730 3630 5835 ill
3651 5723 3724 5835 hri"

2226 5848 2477 5923 praesenti
2513 5846 2683 5920 gessit
2710 5834 2821 5901 vita
2840 5887 2854 5915 ,
2895 5846 3133 5904 stabilita
3158 5847 3224 5902 ad
3251 5822 3641 5903 remuneratio“is
3660 5812 3720 5869 (⁸·
