4030 6472
254 464 394 511 tarae
414 453 707 509 servantur
730 441 977 518 praemia,
1013 448 1071 495 et
1097 434 1485 495 misericordiae
1512 430 1656 487 illius
1674 442 1839 500 opera

255 564 288 605 a
309 544 663 617 generatione
690 540 750 596 in
774 535 1183 613 generationem
1201 529 1543 603 praedicando
1568 522 1849 582 enarrabit

256 646 574 701 sanctorum
591 632 856 690 Ecclesia.

876 719 1107 780 CAPUT
1146 717 1256 775 VII.

693 818 774 875 De
797 812 1121 874 continentia
1141 810 1398 867 ciborum.

334 936 356 971 ι
382 914 567 987 Supra
584 922 832 969 mensam
856 917 1111 976 magnam
1145 899 1358 965 sedisti,
1386 911 1496 952 non
1520 890 1734 964 aperias
1761 902 1852 943 su-

265 1031 284 1064 ι
315 1025 417 1082 per
446 1008 597 1065 illam
616 1005 833 1061 faucem
861 1009 1012 1057 tuam
1031 997 1204 1069 prior.
1241 1013 1260 1047 ι
1299 992 1452 1048 Licet
1485 989 1604 1044 haec
1629 992 1852 1041 senten-

262 1105 337 1160 tia
376 1099 736 1160 historialiter
782 1091 1176 1153 continentiam
1220 1085 1379 1142 nobis
1424 1082 1677 1138 videatur
1709 1090 1857 1133 com-

244 1181 545 1279 ;mendare,
567 1202 632 1249 ut
652 1204 763 1249 non
791 1203 890 1260 per
909 1184 1047 1258 gulae
1069 1180 1369 1253 appetitum
1390 1176 1563 1233 simus
1593 1173 1858 1241 intempe-

246 1258 454 1344 !rantes
479 1258 539 1341 in
566 1258 903 1341 comedenda
931 1291 996 1333 ac
1014 1272 1268 1337 bibendo,
1307 1269 1402 1326 sed
1423 1264 1591 1323 sobrii
1623 1270 1680 1318 et
1711 1258 1857 1332 puri,

263 1388 447 1435 tamen
484 1378 680 1434 altiore
713 1388 875 1430 sensu
914 1384 1014 1426 nos
1049 1368 1210 1423 docet
1231 1370 1294 1419 ut
1320 1362 1377 1416 in
1405 1355 1756 1416 meditatione
1785 1351 1861 1408 le-

265 1469 349 1541 gis
369 1469 467 1525 Dei
494 1468 667 1524 simus
695 1462 840 1519 cauti
862 1476 926 1516 ac
953 1456 1186 1531 providi.
1220 1453 1405 1508 Mensa
1435 1462 1630 1519 magna
1663 1453 1749 1501 est
1771 1458 1864 1499 co-

265 1562 356 1635 pia
388 1560 797 1630 Scripturarum
835 1555 1164 1618 divinarum,
1205 1562 1369 1618 super
1402 1559 1567 1616 quam
1606 1541 1861 1597 sedentes

266 1631 379 1711 non
399 1652 660 1710 debemus
682 1663 803 1705 esse
837 1658 1117 1718 procaces,
1158 1649 1218 1697 ut
1252 1637 1455 1708 aliquid
1485 1634 1610 1691 inde
1648 1631 1864 1701 indigne

266 1748 386 1805 sine
428 1746 653 1802 doctore
714 1750 770 1797 et
822 1741 941 1797 sine
989 1736 1194 1809 praevio
1219 1732 1517 1804 rapiamus,
1566 1725 1662 1783 sed
1690 1724 1864 1796 magis

269 1841 457 1897 tritam
494 1838 636 1893 viam
675 1841 986 1891 sanctorum
1023 1830 1304 1886 doctorum
1348 1828 1639 1893 sequentes
1669 1830 1860 1872 eorum

267 1928 571 2000 disciplinis
598 1926 852 1983 instructi
888 1922 1132 1995 regulam
1168 1917 1417 1975 veritatis
1453 1922 1757 1975 teneamus,
1796 1920 1868 1963 ne

268 2022 451 2093 aliqua
475 2018 896 2090 scrupulositate
921 2013 1154 2088 permoti
1186 2010 1348 2067 dubia
1371 2016 1428 2065 et
1452 2008 1664 2066 incerta
1686 2003 1871 2072 aliqua

269 2116 342 2173 ibi
364 2130 488 2171 esse
508 2122 781 2186 putemus.
807 2111 933 2167 Ideo
963 2106 1310 2178 subjungitur
1334 2122 1349 2160 ς

345 2227 364 2257 ι
398 2204 517 2261 Non
555 2203 707 2260 dicas
745 2202 829 2259 sic
871 2219 884 2255 :
943 2199 1111 2254 Multa
1145 2202 1306 2261 sunt,
1356 2208 1478 2265 quae
1519 2204 1682 2262 super
1719 2186 1867 2243 illam

277 2316 295 2349 ι
330 2304 495 2364 sunt;
547 2300 825 2352 memento
875 2288 1133 2362 quoniam
1184 2285 1361 2341 malus
1409 2290 1496 2339 est
1539 2280 1730 2338 oculus
1776 2291 1871 2334 ne—

222 2411 229 2415 ·
276 2410 295 2442 ι
334 2404 522 2460 quam.
565 2386 810 2458 Nequius
844 2382 1005 2440 oculo
1039 2380 1171 2451 quid
1213 2383 1459 2435 creatum
1491 2373 1617 2430 est?
1654 2372 1777 2427 ideo
1801 2370 1871 2426 ab

277 2498 298 2533 ‹
330 2480 482 2535 omni
520 2478 661 2536 facie
709 2491 808 2533 sua
850 2472 1244 2544 lacrymabitur
1280 2482 1406 2525 cum
1435 2464 1654 2522 viderit.
1687 2482 1705 2515 ι
1751 2461 1872 2517 Non

273 2572 419 2629 enim
444 2571 702 2633 debemus
726 2569 953 2625 credere
976 2567 1049 2622 ibi
1077 2579 1200 2622 esse
1229 2563 1407 2634 aliqua
1429 2560 1585 2623 falsa,
1628 2559 1725 2615 sed
1753 2571 1873 2612 om-

277 2666 365 2720 nia
397 2678 532 2720 vera
557 2679 623 2720 ac
649 2678 862 2719 summa
886 2661 1100 2717 ratione
1125 2658 1462 2723 ﬁrmissima,
1494 2654 1623 2710 licet
1652 2651 1872 2707 traditio

276 2768 512 2825 nequam
559 2753 941 2809 haereticorum
978 2765 1143 2806 sensu
1172 2762 1430 2819 perverso
1474 2745 1569 2800 illa
1598 2742 1874 2800 maculare

275 2845 591 2913 contendat,
619 2858 854 2917 quorum
880 2843 1183 2898 intentione
1220 2838 1453 2895 nefanda
1479 2836 1611 2908 quid
1642 2834 1876 2905 nequius

278 2940 569 3012 reperitur,
602 2939 727 2995 ideo
752 2937 811 2992 in
849 2936 1037 2991 futura
1081 2932 1288 2988 ultione
1312 2971 1328 2997 ,
1364 2945 1488 2986 eum
1521 2927 1670 2998 justo
1692 2926 1876 2995 judice

278 3032 558 3088 revelante
596 3030 651 3087 id
686 3028 1019 3101 patefactum
1068 3024 1253 3089 fuerit,
1303 3023 1449 3095 quod
1495 3029 1622 3076 ante
1651 3019 1876 3084 latebat,

279 3128 409 3185 fletu
434 3135 702 3199 perpetuo
728 3140 794 3181 ac
825 3125 947 3195 igne
967 3118 1398 3193 inexstinguibili
1427 3115 1785 3174 cruciabitur.

208 3298 217 3307 ν
358 3237 376 3269 ι
415 3217 494 3273 Ne
523 3216 788 3273 extendas
802 3228 1022 3269 manum
1049 3220 1197 3267 tuam
1226 3210 1376 3280 prior
1396 3248 1411 3275 ,
1438 3215 1494 3263 et
1518 3204 1719 3261 invidia
1751 3217 1880 3259 con-

286 3330 305 3363 c
342 3309 637 3365 taminatus
668 3307 981 3363 erubescas.
1018 3324 1037 3358 ι
1071 3303 1188 3358 Hoc
1207 3309 1323 3368 est,
1357 3314 1429 3355 ne
1451 3303 1882 3370 praesumptuose

281 3403 487 3473 aliquid
516 3417 681 3472 agas,
711 3401 795 3457 vel
834 3400 979 3456 ultra
1023 3399 1243 3454 modum
1283 3395 1552 3468 petulans,
1586 3401 1881 3464 antequam

283 3497 461 3552 (“8038
500 3510 723 3551 manum
758 3495 828 3550 ad
870 3491 1221 3549 scribendum
1260 3490 1468 3553 mittas,
1518 3500 1587 3542 ne
1612 3500 1712 3557 per
1735 3484 1879 3539 invi-

284 3588 432 3645 diam
475 3588 673 3644 diaboli
714 3602 903 3644 errore
940 3583 1342 3642 contaminatus
1372 3583 1427 3637 in
1473 3580 1656 3635 futuro
1675 3575 1883 3646 judicio

279 3679 591 3746 erubescas,
632 3680 842 3735 dicente
866 3678 1048 3748 judice
1084 3695 1096 3730 :
1134 3693 1151 3727 ‹
1185 3674 1458 3730 Discedite
1490 3688 1520 3727 a
1550 3686 1660 3737 me,
1692 3683 1882 3725 omnes

281 3773 375 3845 qui
399 3771 702 3843 operamini
728 3771 1070 3841 iniquitatem
1100 3764 1277 3841 (Paul.
1306 3766 1405 3835 νι).
1449 3782 1467 3819 i

361 3881 381 3915 ι
417 3862 495 3919 Ne
522 3862 901 3934 comprimaris
936 3861 991 3916 in
1023 3859 1293 3925 convivio,
1318 3859 1466 3922 vino,
1498 3854 1737 3925 intellige
1766 3868 1883 3909 rem

288 3976 307 4008 ‹
340 3957 575 4028 proximi
601 3956 681 4013 tui
704 3972 771 4011 ex
797 3956 989 4027 teipse.
1024 3975 1042 4007 ι
1072 3954 1169 4009 Est
1195 3952 1381 4007 vinum
1404 3951 1461 4006 in
1486 3965 1594 4020 quo
1624 3956 1708 4004 est
1730 3947 1885 4003 luxu-

284 4047 390 4112 ria,
411 4055 565 4104 estet
578 4047 765 4103 vinum
789 4047 846 4102 in
860 4059 969 4117 quo
992 4053 1080 4101 est
1102 4043 1294 4116 gratia.
1312 4041 1626 4097 Cavendum
1651 4052 1780 4110 ergo
1800 4043 1885 4093 est

284 4139 444 4196 nobis
467 4178 481 4205 ,
512 4154 585 4195 ne
618 4146 810 4197 contra
832 4138 1150 4211 Apostolum
1180 4135 1513 4191 inebriemur
1538 4132 1665 4187 vino
1691 4132 1746 4185 in
1778 4142 1887 4200 quo

284 4240 369 4289 est
393 4230 572 4286 omnis
605 4229 860 4296 luxuria;
890 4237 947 4285 et
974 4229 1275 4299 prudenter
1320 4224 1580 4281 utendum
1611 4216 1698 4277 est
1738 4222 1882 4284 vino,

287 4325 342 4379 in
365 4339 474 4396 quo
493 4333 579 4381 est
597 4323 788 4396 gratiae
817 4323 1067 4380 doctrina
1091 4362 1105 4390 ,
1138 4332 1208 4377 ne
1237 4319 1377 4376 forte
1400 4318 1545 4374 ultra
1572 4316 1793 4372 modum
1822 4314 1890 4368 il-

287 4416 381 4474 lud
425 4416 677 4473 bibentes
709 4416 939 4472 velimus
966 4415 1089 4487 plus
1120 4426 1315 4485 sapere
1346 4424 1511 4482 quam
1549 4414 1764 4480 oportet
1803 4422 1890 4462 sa-

289 4524 421 4580 pere
445 4548 461 4575 ,
507 4509 604 4565 sed
638 4510 809 4578 magis
847 4509 1163 4565 studeamus
1197 4518 1392 4577 sapere
1414 4504 1483 4561 ad
1511 4500 1881 4558 sobrietatem.

296 4599 452 4658 Unde
482 4600 836 4670 subsequitur
864 4616 880 4655 :
1696 4592 1711 4601 “

368 4711 389 4745 ε
427 4692 595 4750 Utere
638 4694 797 4763 quasi
825 4690 989 4747 homo
1017 4689 1162 4761 frugi
1206 4688 1293 4743 his
1325 4700 1447 4758 quae
1479 4684 1577 4742 tibi
1612 4675 1889 4756 apponuni-

294 4807 315 4841 ι
352 4796 445 4843 tur
468 4828 484 4855 ,
521 4794 584 4842 ut
608 4801 717 4843 non
741 4800 867 4843 cum
892 4785 1193 4840 manducas
1223 4781 1453 4837 multum
1479 4820 1493 4845 ,
1528 4778 1655 4834 odio
1688 4775 1890 4831 habea-

296 4902 315 4936 ι
354 4883 452 4938 ris.
488 4879 658 4937 Cessa
691 4879 841 4950 prior
868 4891 1032 4933 causa
1068 4873 1369 4944 disciplinae
1393 4912 1408 4938 ,
1450 4881 1505 4926 et
1546 4867 1659 4925 noli
1687 4866 1890 4921 nimius

296 4993 315 5027 ‹
351 4987 492 5040 esse,
526 4986 597 5027 ne
620 4968 762 5027 forte
780 4968 1042 5024 offendas.
1095 4967 1165 5021 Et
1207 4967 1252 5021 si
1291 4965 1348 5019 in
1387 4960 1568 5017 medio
1593 4960 1888 5015 multorum

296 5084 315 5118 ι
347 5062 569 5132 sedisti,
621 5061 772 5134 prior
812 5059 922 5116 illis
974 5072 1084 5114 non
1134 5057 1397 5113 extendas
1432 5067 1653 5109 manum
1698 5061 1848 5107 tuam
1872 5088 1887 5116 ,

296 5177 316 5211 ι
352 5171 457 5213 nec
476 5156 629 5229 prior
650 5166 851 5227 poscas
884 5152 1093 5209 bibere.
1128 5170 1145 5204 ι
1199 5148 1424 5205 Multum
1459 5147 1663 5203 decens
1697 5153 1802 5211 est,
1833 5152 1893 5201 et

290 5248 484 5303 virtuti
523 5247 899 5320 dignissimum
920 5274 938 5311 ~,
969 5252 1029 5299 ut
1056 5244 1218 5299 homo
1245 5240 1592 5297 Christianus
1625 5236 1889 5293 sobrieta-

293 5352 403 5400 tem
434 5338 642 5411 diligat,
681 5339 969 5408 omniaque
994 5343 1367 5408 temperanter
1397 5341 1542 5406 agat,
1566 5338 1622 5387 et
1649 5346 1719 5386 ne
1757 5329 1887 5402 quid

190 5502 197 5505 1
294 5433 479 5499 nimis,
504 5445 575 5488 ne
601 5428 743 5485 forte
768 5426 1025 5490 offendat,
1064 5444 1134 5480 ne
1159 5429 1206 5478 si
1234 5427 1374 5481 ultra
1410 5438 1721 5481 mensuram
1755 5431 1893 5477 tem-

293 5528 557 5602 perantiae
597 5526 843 5591 excedat,
874 5523 930 5578 in
959 5519 1272 5578 scandalum
1301 5523 1574 5588 perpetuae
1617 5517 1890 5568 confusio-

295 5600 383 5677 nis
408 5620 634 5678 incidat.
678 5615 945 5675 Convenit
982 5627 1113 5685 ergo
1138 5611 1259 5667 viro
1286 5606 1586 5678 disciplinis
1609 5600 1897 5675 Evangeli-

297 5713 381 5769 cis
406 5711 644 5778 erudito,
670 5718 733 5767 ut
758 5707 1119 5765 humilitatem
1147 5713 1272 5758 ante
1298 5700 1480 5755 omnia
1514 5698 1810 5769 impendat,
1839 5696 1893 5750 in

298 5803 654 5867 meditatione
674 5801 1079 5874 Scripturarum
1091 5804 1283 5854 cautus
1301 5794 1473 5849 lector
1488 5792 1707 5856 existat,
1732 5789 1893 5845 ﬁdem

1115 316 1469 379 COMMENT.
1510 314 1579 371 IN
1615 303 2234 371 ECCLESIASTICUM.
2275 332 2345 343 —
2380 299 2405 343 π
2425 299 2511 357 ΙΒ.
2552 295 2666 354 VII.

1866 428 1922 489 Α
1946 429 2149 479 rectam
2182 425 2381 481 teneat,
2414 412 2633 470 modum
2664 409 2719 464 in
2746 415 2973 465 serentis
3001 404 3207 461 nabere
3229 401 3349 459 'non
3370 404 3546 470 negli-

3436 284 3543 343 990

1950 520 2073 584 gat,
2100 511 2173 565 ita
2203 516 2262 563 ut
2287 503 2571 563 charitatis
2602 498 2844 570 regulam
2892 496 2947 552 in
2974 509 3041 550 ea
3084 507 3183 564 per
3213 490 3399 548 omnia
3424 501 3546 545 ser—

1949 583 2180 659 vandam
2215 612 2339 655 esse
2358 596 2517 661 sciat,
2540 601 2596 650 et
2622 591 2703 649 sic
2722 604 2910 647 coram
2936 588 3050 645 Deo
3072 583 3307 656 placitus
3330 622 3347 651 ,
3376 589 3435 638 et
3454 594 3552 639 co-

1951 710 2071 751 ram
2094 689 2407 749 hominibus
2427 687 2535 743 erit
2553 682 2835 755 probatus.

2027 807 2046 841 ε
2082 784 2258 853 Quam
2290 780 2566 839 sufﬁciens
2594 784 2681 833 est
2716 772 2923 833 homini
2956 769 3174 828 emdite
3206 766 3393 822 vinum
3430 761 3551 823 eti:-

1958 900 1979 935 ‹
2012 896 2178 954 guum
2203 919 2221 945 ,
2251 885 2308 935 et
2342 877 2399 932 in
2437 872 2755 932 dormiendo
2796 884 2906 927 non
2936 862 3209 923 laborabis
3239 860 3311 917 ab
3340 858 3469 924 illo,
3497 863 3556 914 et

1961 994 1979 1027 ε
2016 949 2124 1030 non
2150 971 2355 1029 senties
2388 966 2650 1023 dolorem.
2691 984 2710 1016 ι
2743 959 3087 1017 Manifestum
3126 962 3215 1011 est
3237 949 3381 1023 quod
3413 963 3544 1019 par-

1956 1082 2053 1125 cus
2076 1073 2132 1122 et
2156 1062 2336 1120 tenuis
2372 1060 2550 1117 victus
2589 1065 2704 1112 tam
2732 1050 2948 1123 corpori
2975 1062 3142 1119 quam
3179 1043 3375 1101 animae
3407 1038 3558 1094 utilis

1960 1162 2053 1225 sit,
2084 1166 2139 1213 et
2163 1172 2195 1213 e
2224 1152 2500 1212 contrario
2529 1146 2832 1221 superfluus
2860 1143 3014 1200 cibus
3040 1139 3126 1197 vel
3152 1145 3313 1209 potus
3338 1132 3558 1205 aegritu-

1961 1224 2140 1309 dinem
2168 1245 2415 1318 corporis
2438 1249 2684 1317 generet,
2707 1246 2763 1296 et
2788 1237 2985 1294 animm
3006 1246 3226 1291 sensum
3247 1228 3457 1287 minus.
3481 1224 3560 1283 De

1959 1359 2068 1417 quo
2096 1339 2441 1412 subiungitur

2040 1455 2059 1487 ι
2099 1409 2324 1504 Vigilia,
2363 1439 2421 1484 et
2456 1426 2694 1487 cholera,
2729 1431 2786 1479 et
2825 1428 3038 1476 tortura
3068 1415 3188 1470 viro
3210 1409 3495 1470 infrunito.
3532 1423 3554 1460 ι

1965 1528 2121 1585 Unde
2164 1500 2454 1596 Apostolus
2490 1516 2816 1589 discipulum
2862 1512 2929 1569 de
2973 1505 3350 1567 moderatione
3386 1500 3564 1557 victus

1965 1590 2232 1677 servanda
2256 1612 2536 1676 instruxit,
2563 1609 2749 1665 dicens
2786 1624 2799 1661 :
2846 1624 2865 1656 ι
2900 1601 3022 1658 Noli
3051 1598 3230 1656 adhuc
3252 1607 3454 1665 nquam
3480 1590 3565 1647 bi-

1966 1711 2119 1775 bere,
2150 1718 2246 1764 seu
2280 1703 2493 1761 modico
2515 1700 2643 1755 vino
2671 1704 2825 1752 utere
2855 1700 3076 1765 propter
3101 1685 3478 1750 stomachum,
3510 1687 3568 1738 et

1887 1808 1937 1872 Β
1966 1770 2275 1871 frequentes
2297 1802 2423 1850 tuas
2460 1789 2806 1849 inﬁrmitates
2841 1783 2905 1857 (Ι
2934 1782 3069 1837 Tim.
3094 1796 3128 1835 v
3149 1777 3191 1850 ).
3224 1796 3243 1830 ι
3275 1774 3368 1831 Sic
3397 1780 3453 1829 et
3477 1770 3566 1827 viu-

1968 1863 2100 1950 num
2128 1887 2371 1961 spiritale
2408 1883 2455 1940 si
2493 1896 2619 1939 cum
2642 1877 2910 1951 parcitate
2940 1881 2998 1930 et
3020 1883 3279 1931 mensura
3308 1863 3567 1930 sumitur,

1968 1953 2174 2043 certam
2223 1981 2418 2037 animte
2454 1976 2695 2048 quietem
2727 1972 3049 2043 praeparat;
3099 1964 3181 2022 sic
3224 1967 3412 2021 autem
3451 1953 3570 2026 ejus

1967 2078 2119 2150 potio
2144 2073 2365 2131 modum
2390 2079 2448 2128 et
2475 2068 2745 2126 rationem
2770 2060 3006 2126 excedit,
3030 2054 3310 2115 hominem
3335 2051 3394 2113 in
3418 2050 3569 2108 insa—

1969 2138 2119 2230 niam
2145 2167 2352 2232 vertit,
2396 2171 2454 2220 et
2487 2177 2517 2218 a
2555 2160 2667 2218 Deo
2714 2154 2972 2214 recedere
2994 2146 3291 2221 compellit,
3319 2141 3466 2201 unde
3496 2138 3575 2199 illi

1972 2262 2134 2321 anxia
2160 2272 2313 2322 cura,
2346 2251 2585 2313 turbatio
2605 2248 2845 2306 maxima
2866 2251 2924 2301 et
2938 2247 3205 2314 perpetua
3226 2242 3436 2293 tortum
3456 2244 3576 2289 sue-

1973 2354 2193 2417 oedunt,
2228 2363 2331 2405 nec
2353 2346 2460 2402 erit
2489 2343 2566 2399 illi
2593 2340 2764 2398 ullum
2789 2335 3112 2400 remedium,
3150 2330 3245 2402 qui
3273 2332 3399 2399 post
3418 2323 3576 2394 agai-

1972 2456 2084 2505 tam
2116 2444 2401 2500 veritatem
2435 2436 2602 2508 elegit
2644 2447 2817 2504 usque
2854 2431 2913 2486 in
2942 2428 3110 2485 ﬁnem
3147 2420 3418 2481 haeretica
3444 2430 3574 2488 per-

1971 2536 2250 2595 versitatis
2274 2528 2531 2599 subsequi
2559 2525 2869 2597 vestigium.

2055 2650 2075 2685 ι
2113 2630 2351 2687 Somnus
2376 2620 2630 2681 sanitatis
2655 2618 2714 2674 in
2732 2613 2967 2685 lhomine
2992 2620 3161 2681 parco
3177 2644 3194 2673 ,
3228 2599 3464 2663 dormiet
3488 2610 3579 2653 us-

1981 2746 2002 2779 ‹
2038 2739 2146 2797 que
2174 2723 2229 2779 in
2257 2732 2417 2777 mane
2437 2758 2454 2784 ,
2490 2724 2547 2772 et
2572 2712 2757 2771 anima
2792 2707 2938 2764 illius
2960 2718 3090 2762 eum
3130 2690 3257 2772 ipse
3278 2689 3578 2797 delectabi-

1983 2840 2004 2873 ι
2038 2780 2146 2874 tjur.
2182 2835 2202 2869 ι
2253 2780 2527 2881 Quantum
2571 2806 2641 2862 ad
2677 2800 2966 2859 historiam
3012 2792 3266 2866 pertinet,
3303 2780 3578 2883 salubrior

1976 3097 2164 3169 perius
2193 3093 2271 3148 ait
2301 3108 2315 3146 :
2348 3108 2367 3142 ι
2399 3085 2596 3158 Vigilia
2677 3088 2736 3137 et
2757 3075 2975 3134 cholera
2996 3113 3012 3139 ,
3042 3078 3100 3127 et
3123 3073 3333 3125 tortura
3357 3057 3580 3162 aegrimo-

1907 3172 1954 3240 (ἶ
2201 3183 2392 3257 gignit.
2434 3201 2454 3234 ι
2471 3148 2712 3251 VMystice
2738 3179 2944 3233 autem,
2983 3166 3032 3221 is
3054 3163 3149 3235 qui
3175 3154 3436 3257 spiritalis
3470 3148 3583 3206 vini

1984 3249 2438 3349 sobriusvpotator
2460 3249 2564 3339 est,
2592 3270 2648 3325 in
2669 3259 3126 3333 contemplatione
3142 3249 3390 3312 veritatis
3411 3256 3585 3314 usque

1985 3376 2041 3432 in
2070 3344 2239 3429 mane
2256 3360 2675 3423 recurrectionis
2712 3355 2953 3414 suaviter
2975 3344 3334 3432 contiuiesoit,
3456 3344 3587 3391 tunc

1985 3427 2042 3519 in
2070 3427 2304 3517 adventu
2325 3453 2527 3525 judicis
2570 3450 2654 3506 sui
2684 3449 2750 3503 ad
2797 3452 2999 3500 aeterna
3041 3434 3266 3509 praemia
3304 3427 3587 3525 invitatus,

1980 3515 2370 3627 δέέρέιυὼιέτ
2394 3548 2450 3603 in
2475 3540 2682 3602 cielesti
2714 3552 2880 3611 regno
2925 3535 3137 3590 fruetur
3171 3515 3589 3627 bonis-promis:

1983 3605 2110 3717 Isis;
2135 3649 2223 3705 cui
2272 3648 2416 3704 bono
2463 3639 2733 3711 Propheta
2779 3605 2959 3689 alacri
3005 3632 3190 3685 mente
3229 3616 3481 3716 aspirans
3520 3605 3589 3664 ad

1985 3703 2162 3815 ipsum
2189 3737 2481 3796 Dominum
2512 3703 2589 3789 ait
2620 3750 2631 3786 ε
2672 3750 2691 3782 ι
2717 3727 2889 3785 Notas
2918 3721 3035 3781 mih
3079 3712 3257 3773 fecisti
3273 3709 3404 3815 “vias
3430 3703 3589 3809 vitae,

1984 3796 2306 3903 a‘dimplebis
2332 3843 2423 3883 me
2463 3822 2651 3881 laetitia
2692 3833 2823 3876 eum
2860 3813 3014 3903 vultu
3060 3817 3180 3903 tuo,
3203 3796 3592 3861 delectationes

1984 3926 2041 3982 in
2069 3898 2295 3983 dextera
2318 3927 2410 3977 tua
2437 3930 2611 3986 usque
2636 3912 2693 3967 in
2718 3908 2885 3965 ﬁnem
2912 3901 3089 3977 (Paul.
3122 3898 3234 3967 xv).
3265 3913 3286 3948 ι

2060 4037 2079 4070 ι
2109 4017 2177 4072 Et
2204 4015 2253 4070 si
2274 4018 2499 4070 coaetus
2528 4004 2696 4062 fueris
2737 4000 2796 4056 in
2820 3994 3032 4055 edendo
3060 3987 3290 4047 multum
3313 4020 3331 4051 ,
3360 3988 3588 4072 surgere

1992 4127 2012 4160 ι
2049 4068 2546 4163 medioetevome,
2574 4100 2634 4152 et
2663 4084 3013 4161 refrigerabit
3036 4088 3114 4146 te,
3145 4085 3203 4136 et
3222 4088 3330 4132 non
3352 4068 3592 4163 adduces

1993 4220 2013 4252 ς
2045 4196 2262 4267 corpori
2313 4202 2409 4247 tuo
2460 4157 2857 4243 infirmitatem.
2898 4196 2919 4231 θ
2965 4175 3136 4232 Aiunt
3194 4163 3393 4224 medici
3444 4157 3590 4231 quod

1987 4254 2160 4345 homo
2174 4282 2396 4353 jejunus
2415 4279 2462 4335 si
2483 4274 2748 4332 vomitum
2775 4268 2940 4325 faciat
2963 4305 2980 4330 ,
3010 4258 3281 4319 stmuschi
3307 4254 3437 4353 vitia
3462 4264 3595 4322 pur—

1913 4544 1969 4607 1)
1992 4525 2253 4640 gravatur
2281 4560 2401 4631 ejus
2434 4554 2647 4614 delictis
2670 4591 2685 4617 ,
2719 4559 2945 4606 necesse
2981 4550 3068 4599 est
3090 4547 3152 4595 ut
3172 4549 3272 4608 per
3299 4527 3596 4634 com.

1996 4618 2122 4717 :iem
2158 4618 2510 4730 paces-torum
2536 4647 2841 4706 fmditatem
2875 4645 3129 4701 evornat,
3158 4640 3214 4689 et
3239 4630 3321 4686 sie
3344 4640 3444 4729 per
3460 4618 3599 4730 jeju-

1994 4715 2237 4809 nium-et
2275 4744 2691 4818 castigationem
2720 4733 2970 4806 corporis
3014 4728 3085 4786 ad
3117 4733 3321 4783 statum
3355 4715 3598 4791 pristinae

1998 4843 2256 4901 sanitatis
2283 4836 2491 4895 redeat.

2078 4983 2096 5015 ε
2134 4961 2273 5017 Audi
2298 4973 2408 5023 me,
2438 4953 2537 5019 fili,
2570 4960 2626 5007 et
2654 4964 2722 5005 ne
2742 4958 2969 5018 spernas
2995 4955 3103 5006 me,
3145 4943 3200 4991 et
3225 4935 3279 4988 in
3302 4925 3598 4986 novissimo

2004 5076 2023 5109 ι
2055 5052 2302 5111 invenies
2328 5018 2453 5105 mea
2481 5018 2648 5102 verba
2668 5084 2682 5107 ,
2711 5041 2766 5095 in
2792 5032 3044 5092 omnibus
3067 5018 3454 5111 Operibustuis
3481 5022 3598 5111 esto

2004 5166 2023 5200 ι
2044 5146 2239 5210 velox,
2262 5150 2321 5199 ‘et
2345 5137 2525 5197 omnis
2550 5103 2844 5191 infirmitas
2867 5140 2978 5180 non
2998 5122 3255 5177 occurret
3282 5108 3400 5167 tibi.
3422 5125 3456 5210 3

1996 5247 2183 5298 monet
2224 5194 2505 5306 ,Sapientia
2545 5242 2615 5283 ne
2656 5222 2949 5295 perdamus
2988 5209 3148 5267 nobis
3170 5214 3385 5274 ternpus
3421 5194 3597 5306 indili-

1995 5343 2131 5400 tum,
2162 5329 2253 5387 sed
2291 5287 2346 5383 illi
2377 5321 2638 5383 exercitio
2662 5319 2932 5373 bonorum
2972 5315 3222 5375 operum,
3260 5304 3319 5354 et
3342 5287 3596 5400 custodia

1997 5380 2507 5481 mandatorttvaei
2540 5419 2713 5468 totum
2739 5403 2870 5460 illud
2899 5404 3283 5455 consumamus
3306 5429 3321 5455 ,
3351 5392 3408 5443 et
3429 5382 3508 5440 sic
3540 5380 3595 5435 in

1999 5518 2179 5566 futura
2215 5515 2326 5562 vita
2365 5505 2611 5572 requiem
2658 5494 2942 5554 animabus
2988 5485 3190 5544 nostris
3238 5476 3593 5539 inveniemus,

2000 5602 2115 5659 Hoc
2144 5608 2227 5657 est
2257 5595 2401 5670 quod
2427 5571 2555 5650 dicit
2599 5610 2612 5645 :
2652 5608 2670 5641 ι
2705 5587 2764 5643 in
2787 5584 3041 5643 omnibus
3064 5578 3321 5651 operibus
3345 5571 3453 5628 tuis
3480 5573 3598 5624 esto

1998 5697 2178 5761 velox,
2218 5667 2291 5749 et-
2321 5688 2498 5745 omnis
2541 5683 2831 5741 infirmitas
2870 5695 2981 5737 non
3026 5679 3279 5734 occurret
3324 5667 3443 5733 tibi,
3480 5678 3498 5716 ›
3536 5667 3601 5717 ut

2002 5751 2264 5860 quidquid
2314 5778 2584 5837 invenerit
2630 5788 2825 5832 manus
2868 5777 3060 5829 nostra
3105 5766 3165 5824 in
3190 5764 3298 5821 hac
3339 5751 3595 5835 praesenti
