4030 6554
521 341 620 399 991

1154 338 1214 392 Β.
1255 334 1508 392 RABANI
1547 334 1768 392 MAURI
1805 332 2130 390 ARClllEP.
2170 332 2481 391 MOGUNT.
2523 331 2809 390 OPERUM
2845 330 3025 389 PARS
3062 332 3104 387 l.

3673 341 3760 396 99?.

518 465 628 520 vita
647 462 910 517 instanter
937 472 1242 528 operemur,
1274 471 1374 511 nec
1399 453 1686 509 inﬁrmitas
1711 451 1852 508 taedii
1875 457 2101 519 occupet
2124 450 2180 511 Α
2208 469 2227 502 ι
2258 449 2414 506 bibas
2439 449 2568 504 illud
2589 449 2862 504 moderate
2879 488 2894 513 ,
2917 448 3026 502 eris
3056 447 3295 503 sobrius.
3334 466 3353 499 i
3386 447 3506 506 Non
3533 454 3666 508 enim
3695 460 3759 512 vi.

519 570 650 621 nos;
683 553 776 610 sed
802 553 928 608 dum
949 559 1160 620 tempus
1183 549 1466 614 habemus,
1499 561 1786 618 operemur
1803 545 2004 600 bonum
2029 543 2098 598 ad

518 659 727 712 omnes,
753 643 880 714 quia
903 658 1004 698 nec
1026 650 1255 712 tempus,
1286 655 1387 696 nec
1413 639 1552 695 ratio
1577 647 1661 694 est
1681 637 1938 708 operandi
1958 636 2097 708 apud

520 739 744 803 inferos,
773 735 866 791 sed
881 743 1006 806 post
1026 734 1189 790 ﬁnem
1207 732 1491 806 praesentis
1512 732 1634 787 vitae
1649 731 1796 802 justo
1811 728 1993 800 judice
2016 744 2099 783 re-

518 827 790 882 tribuente
841 825 1104 897 percipiet.
1160 824 1529 895 unusquisque
1582 822 1801 894 propria
1855 820 2098 892 corporis

518 930 679 991 prout
705 919 874 989 gessit
895 919 1010 974 sive
1036 919 1237 974 bonum
1262 916 1376 973 sive
1405 915 1626 970 malum.
1653 913 1791 969 Huic
1819 913 2101 969 sententiae

521 1009 696 1064 simile
735 1018 820 1065 est
861 1010 988 1068 hoc.
1037 1007 1181 1079 quod
1211 1007 1267 1061 in
1308 1005 1616 1062 Proverbiis
1660 1004 1917 1074 scriptum
1951 1011 2042 1058 est
2083 1020 2097 1056 :

527 1118 546 1152 ι
581 1100 773 1156 Vidisti
800 1101 978 1154 virum
1001 1099 1241 1154 velocem
1265 1097 1320 1152 in
1348 1112 1510 1166 opere
1532 1111 1652 1161 suo,
1677 1110 1862 1150 coram
1887 1093 2104 1164 regibus

521 1191 709 1256 stabit,
743 1205 843 1246 nec
867 1189 973 1245 erit
995 1198 1125 1244 ante
1151 1188 1414 1259 ignobiles
1445 1185 1636 1258 (Prov.
1667 1184 1837 1253 xxii).
1884 1205 1902 1236 ›
1947 1183 2105 1239 Scili-

523 1290 611 1339 cet
629 1296 1010 1352 quemcunque
1031 1279 1269 1336 veloaln
1295 1277 1494 1333 videris
1520 1277 1574 1331 in
1595 1291 1759 1348 opere
1781 1291 1899 1342 suo,
1924 1275 1979 1331 id
2001 1283 2102 1342 est,

524 1372 583 1428 in
609 1387 772 1443 opere
810 1373 952 1428 bono
974 1411 989 1437 ,
1026 1370 1169 1440 quod
1195 1370 1246 1425 ei
1280 1379 1397 1424 erat
1426 1367 1607 1424 facere
1634 1376 1916 1422 strenuum
1944 1374 2106 1436 atque

525 1462 834 1528 sollicitum,
874 1461 1009 1517 scito
1039 1461 1182 1516 hunc
1206 1461 1263 1514 in
1301 1459 1388 1515 die
1408 1457 1690 1514 novissimi
1719 1456 1986 1512 examinis
2017 1470 2108 1510 co-

526 1571 644 1612 ram
673 1555 960 1628 apostolis,
1005 1556 1097 1626 qui
1132 1570 1254 1611 cum
1283 1553 1501 1609 Christo
1526 1552 1784 1608 mundum
1808 1548 2108 1620 iudicaturi

525 1649 816 1714 sedebant,
844 1661 964 1703 esse
989 1653 1251 1701 statutum
1268 1686 1283 1712 ,
1320 1645 1448 1716 quia
1468 1643 1720 1699 videlicet
1744 1633 1930 1697 eorum
1955 1639 2109 1710 iussa

525 1742 850 1807 servaverit,
905 1755 1084 1810 neque
1127 1740 1182 1795 in
1228 1746 1384 1810 parte
1437 1737 1753 1810 ignobilium
1803 1736 2103 1801 doctorum,

2199 558 2328 598 num
2357 542 2632 598 moderate
2655 549 2900 610 potatum
2919 555 3128 610 aequam
3152 539 3336 594 vitam
3363 541 3663 600 hominibus
3680 549 3761 601 tol-

2197 633 2279 698 lit,
2315 632 2409 688 sed
2447 631 2795 686 sobrietatem
2819 644 2944 685 cum
2971 629 3178 685 czeteris
3209 629 3486 685 virtutum
3505 646 3758 691 ornamen-

2198 725 2270 781 tis
2311 725 2546 780 adducit.
2583 723 2722 791 Quid
2764 731 2945 778 autem
2987 721 3113 777 mali
3148 721 3402 779 ebrietas
3439 727 3762 786 sectatoribus

2201 817 2467 883 conferat,
2495 832 2726 887 sequens
2751 815 3018 872 sententia
3043 813 3389 870 manifestat.

2279 929 2297 962 ι
2329 910 2461 978 Quae
2482 909 2594 964 vita
2617 917 2701 965 est
2725 909 2776 964 ei
2816 909 2908 978 qui
2935 906 3197 963 minuitur
3221 907 3404 963 vino?
3429 910 3558 980 quid
3579 911 3765 970 defrau-

2203 1005 2297 1059 dat
2316 1004 2504 1070 vitam,
2532 1017 2698 1058 mors.
2731 1022 2749 1053 ι
2780 1001 2981 1056 Vinum
3006 1009 3268 1067 mortem,
3299 1001 3412 1058 hoc
3435 1011 3540 1069 est,
3569 1004 3764 1062 ebrieta-

2204 1101 2314 1149 tem
2363 1094 2488 1149 vita:
2530 1093 2948 1150 interfectricem
2987 1102 3270 1165 nuncupat
3295 1135 3311 1161 ,
3362 1095 3496 1164 quia
3544 1096 3767 1155 vivacitas

2203 1201 2397 1242 sensus
2421 1185 2544 1241 inde
2571 1185 2832 1239 minuitur
2854 1224 2871 1251 ,
2907 1192 2964 1240 et
2987 1185 3252 1255 aegritudo
3279 1185 3537 1256 corporis
3559 1185 3668 1242 inde
3692 1205 3763 1260 ge-

2206 1287 2446 1334 neratur.
2478 1277 2642 1345 Quasi
2663 1277 2810 1332 enim
2837 1275 3168 1347 increpando
3197 1277 3384 1347 ipsam
3417 1286 3670 1343 mortem,
3692 1294 3768 1334 cur

2205 1372 2373 1427 vitam
2410 1371 2689 1427 defraudet
2709 1370 3027 1442 interrogat,
3057 1370 3183 1440 quia
3209 1369 3451 1424 nimiam
3477 1371 3766 1442 potationem

2207 1463 2363 1534 quasi
2399 1461 2633 1519 hominis
2663 1461 3020 1533 deceptricem
3050 1461 3375 1533 vituperans
3406 1461 3638 1517 damnat.

2801 1573 3028 1630 CAPUT
3070 1574 3199 1630 VIII.

2825 1644 2905 1699 De
2923 1645 3190 1701 ebrietate.

2288 1758 2307 1792 ‹
2343 1739 2540 1796 Vinum
2578 1740 2633 1795 in
2653 1738 3046 1811 iucunditatem
3085 1746 3338 1796 creatum
3380 1749 3469 1796 est
3501 1748 3555 1795 et
3591 1755 3684 1796 non
3724 1742 3764 1798 in

524 1847 752 1902 quorum
779 1831 1041 1888 cavefecit
1066 1845 1329 1897 errorem,
1359 1830 1465 1885 hoc
1493 1837 1595 1894 est,
1630 1830 1698 1884 ad
1723 1827 2000 1884 sinistram
2022 1826 2108 1896 iu-
2134 1820 2182 1882 B
2209 1833 2524 1890 ebrietatem
2563 1833 2631 1888 ab
2664 1832 2837 1888 initio.
2871 1851 2890 1884 ›
2918 1831 3002 1887 Ad
3026 1833 3130 1888 hoc
3161 1832 3316 1887 enim
3359 1841 3576 1888 creator
3598 1833 3766 1890 fructus

527 1925 665 1981 dicis
693 1940 814 1981 esse
839 1924 1166 1996 ponendum.

601 2034 620 2066 ι
659 2013 1012 2086 Splendidam
1037 2014 1093 2070 in
1130 2013 1359 2085 panibus
1394 2013 1718 2069 benedicent
1745 2011 1888 2069 labia
1913 2012 2108 2068 multo-

530 2126 549 2159 ι
579 2123 701 2164 rum
728 2150 743 2177 ,
778 2119 834 2166 et
863 2110 1236 2167 testimonium
1273 2113 1521 2168 veritatis
1547 2110 1691 2166 illius
1718 2109 1893 2166 ﬁdele.
1932 2129 1950 2162 ι
1980 2109 2108 2164 Haec

523 2202 790 2258 sententia
812 2204 1026 2259 videtur
1047 2203 1206 2274 juxta
1233 2204 1517 2260 historiam
1546 2203 1613 2258 ad
1641 2202 2107 2273 eleemosynarum

524 2291 828 2364 largitatem
851 2295 1250 2365 nosexhortari
1280 2314 1292 2350 :
1320 2296 1595 2365 quoniam,
1622 2291 1780 2362 iuxta
1806 2291 2106 2364 apostolum

524 2381 771 2453 Paulum,
803 2404 822 2437 ι
859 2386 952 2456 qui
977 2401 1140 2457 parce
1166 2387 1416 2453 seminat,
1442 2401 1605 2457 parce
1630 2393 1686 2439 et
1712 2393 1899 2451 metet,
1933 2391 1988 2439 et
2013 2382 2108 2453 qui

523 2479 757 2534 seminat
782 2480 838 2534 in
867 2480 1365 2547 benedictionibus,
1399 2482 1464 2536 de
1493 2478 1962 2537 benedictionibus
1996 2491 2109 2532 me-

525 2576 604 2624 tet
643 2571 814 2625 vitam
849 2579 1144 2639 aeternam;
1197 2572 1422 2628 hilarem
1467 2573 1613 2628 enim
1655 2572 1898 2627 datorem
1936 2569 2108 2640 diligit

525 2661 667 2720 Deus
707 2662 803 2736 (II
841 2662 964 2719 Cor.
997 2665 1109 2738 ix).
1147 2685 1166 2717 ι
1212 2666 1544 2736 Spiritaliter
1573 2673 1750 2720 autem
1792 2664 1882 2735 qui
1911 2677 2105 2734 panem

521 2753 675 2809 verbi
694 2753 788 2809 Dei
809 2753 1068 2826 proximis
1088 2755 1199 2811 suis
1229 2755 1458 2811 ﬁdeliter
1479 2754 1750 2824 expendit,
1779 2761 1834 2808 et
1865 2752 2110 2808 testimo-

522 2845 945 2903 nium-veritatis
978 2862 1161 2904 coram
1179 2848 1456 2904 benevolis
1481 2845 1816 2902 auditoribus
1850 2859 1957 2899 non
1985 2844 2107 2898 abs-

521 2937 727 3004 condit,
778 2953 811 2993 a
846 2939 1032 2994 multis
1073 2939 1301 3010 accipiet
1331 2940 1546 2994 laudem
1589 2936 2005 3002 benedictionis,
2053 2944 2109 2991 et

524 3027 593 3082 ab
623 3027 741 3097 ipso
767 3028 994 3085 Domino
1014 3030 1228 3086 hauriet
1250 3032 1482 3102 gratiam
1520 3030 1863 3101 sempiternae
1900 3043 2110 3085 mercc-

521 3117 624 3172 dis.
652 3116 790 3174 Hinc
817 3127 872 3175 et
897 3120 952 3174 in
973 3120 1285 3177 Proverbiis
1318 3122 1577 3190 scriptum
1601 3128 1684 3176 est
1711 3136 1724 3174 :
1764 3140 1782 3172 ‹
1818 3121 1896 3176 De
1925 3119 2108 3176 fructu

2212 1936 2456 1984 terrenos
2478 1925 2736 1991 condidit,
2759 1933 2821 1979 ut
2838 1925 3000 1980 homo
3019 1923 3112 1995 qui
3133 1939 3164 1978 a
3185 1923 3406 1980 faetore
3431 1939 3532 1979 suo
3551 1925 3765 1980 Dominus

2205 2028 2370 2076 terra;
2415 2018 2737 2074 constitutus
2775 2024 2878 2081 est,
2903 2016 3129 2072 haberet
3157 2015 3286 2072 inde
3332 2015 3638 2086 temporalis
3669 2016 3764 2069 vita:

2211 2113 2523 2168 alimentum
2549 2153 2564 2178 ,
2599 2126 2709 2167 non
2752 2109 3003 2166 sanitatis
3043 2123 3154 2164 suae
3196 2107 3606 2165 detrimentum.
3644 2106 3764 2162 Unde

2209 2208 2277 2263 de
2302 2207 2432 2276 ipsis
2467 2205 2731 2260 fructibus
2759 2213 2952 2269 terrae,
2993 2203 3097 2258 hoc
3145 2209 3230 2257 est
3280 2199 3559 2256 frumento
3582 2208 3634 2254 et
3665 2198 3762 2252 vino

2210 2297 2325 2367 ipse
2350 2295 2609 2352 Conditor
2630 2309 2812 2350 rerum
2853 2303 2909 2349 et
2936 2293 3268 2363 Redemptor
3303 2291 3586 2347 hominum
3616 2297 3761 2360 aptum

2211 2388 2535 2462 mysterium
2559 2386 2765 2443 faciens
2793 2386 2850 2442 in
2873 2386 3116 2456 corporis
3134 2394 3189 2440 et
3211 2383 3499 2456 sanguinis
3519 2383 3598 2439 sui
3618 2397 3760 2438 sacra-

2209 2487 2452 2537 mentum
2474 2479 2760 2536 convertit.
2785 2477 2864 2533 De
2885 2492 2993 2548 quo
3017 2478 3074 2533 in
3097 2475 3378 2547 Propheta
3402 2474 3648 2546 scriptum
3664 2481 3758 2528 est:

2216 2591 2236 2625 ε
2270 2573 2466 2629 Vinum
2490 2572 2726 2628 laetiﬁcat
2751 2586 2845 2628 cor
2864 2570 3121 2637 hominis,
3153 2590 3171 2622 ι
3205 2577 3344 2636 etc.,
3378 2587 3398 2620 ‹
3427 2567 3578 2639 panis
3596 2566 3756 2622 corbe-

2212 2665 2376 2720 minis
2406 2665 2689 2721 conﬁrmat
2711 2663 2732 2736 (
2747 2660 2896 2718 Psal.
2923 2661 3072 2732 cm).
3111 2681 3130 2714 ›
3158 2660 3230 2716 Ut
3255 2662 3502 2716 humana
3526 2666 3695 2714 natura
3718 2656 3757 2710 in

2210 2768 2438 2829 utraque
2486 2757 2792 2814 substantia
2839 2757 3066 2812 haberet
3109 2769 3222 2810 suae
3273 2753 3471 2810 salutis
3506 2749 3754 2805 nutrimen-

2211 2861 2347 2918 tum,
2379 2859 2433 2906 et
2458 2852 2581 2907 inde
2617 2850 2895 2906 uberiores
2919 2848 3122 2921 gratias
3164 2847 3384 2902 auctori
3423 2858 3519 2900 suo
3555 2839 3753 2901 referret,

2211 2958 2318 3014 quo
2343 2943 2445 2998 sibi
2465 2941 2716 2998 omnibus
2740 2953 2880 2998 bene
2902 2955 2967 2997 ac
2989 2939 3196 2996 utiliter
3225 2936 3508 3008 provisum
3529 2947 3636 2990 esse
3655 2945 3752 2985 sen-

2213 3034 2358 3089 tiret.

2290 3146 2308 3178 «
2339 3125 2639 3182 Exsultatio
2661 3125 2856 3180 animae
2875 3132 2930 3179 et
2952 3122 3155 3189 cordis,
3189 3121 3383 3177 vinum
3410 3116 3666 3174 moderate
3680 3122 3751 3179 po-

521 3211 634 3266 oris
658 3213 759 3267 viri
785 3213 1079 3285 replebitur
1093 3224 1283 3271 venter
1307 3213 1444 3284 ejus,
1469 3223 1526 3270 et
1545 3215 1814 3285 genimina
1840 3214 2108 3269 labiorum
2135 3191 2180 3254 Ο
2218 3239 2236 3272 ι
2273 3228 2458 3276 tatum.
2495 3239 2517 3272 ι
2550 3220 2754 3276 Eadem
2780 3219 2976 3292 saepius
3011 3219 3207 3291 repetit
3233 3259 3250 3285 ,
3281 3226 3346 3273 ut
3369 3229 3554 3272 eorum
3589 3219 3749 3264 memo-

519 3300 636 3371 ejus
662 3305 982 3361 saturabunt
1009 3322 1134 3362 eum
1159 3305 1352 3378 (.Prov.
1379 3305 1568 3377 xvm).
1601 3325 1620 3359 ›
1650 3305 1690 3360 E
1719 3306 1994 3361 contrario
2016 3319 2109 3360 ve-

519 3405 582 3447 ro
612 3394 743 3463 quid
765 3395 831 3450 de
855 3397 1232 3453 haereticorum
1253 3412 1508 3468 perversa
1535 3397 1781 3456 doctrina
1809 3399 2106 3469 subsequa-

524 3496 635 3556 tur,
664 3492 950 3549 audiamus
984 3511 997 3548 :

600 3598 619 3631 ί
657 3581 716 3636 In
755 3584 1086 3653 nequissimo
1114 3601 1254 3655 pane
1283 3585 1644 3641 murmurabit
1679 3586 1871 3642 civitas
1895 3626 1911 3653 ,
1941 3594 1997 3642 et
2025 3595 2109 3641 te-

525 3692 543 3724 (
571 3673 882 3732 stimonium
915 3679 1168 3748 nequitiae
1206 3679 1348 3735 illius
1374 3695 1562 3736 verum
1597 3689 1696 3736 est.
1729 3701 1746 3734 ι
1801 3680 1860 3736 In
1892 3680 2112 3750 nequis-

520 3763 659 3818 simo
705 3780 834 3836 ergo
889 3768 1140 3840 dogmate
1177 3771 1558 3827 haereticorum
1606 3772 1699 3844 qui
1747 3772 2111 3828 adulterantes

519 3854 744 3909 verbum
771 3855 868 3913 Dei
891 3873 998 3914 non
1023 3875 1162 3929 pane
1182 3863 1327 3929 vitze,
1359 3863 1452 3919 sed
1481 3879 1618 3933 pane
1642 3873 1937 3934 pascuntur
1960 3877 2111 3917 men-

519 3943 659 4045 dacii
683 3985 700 4012 ,
727 3946 990 4018 quidquid
1023 3950 1249 4022 pestifer
1271 3968 1451 4010 sermo
1480 3969 1669 4011 eorum
1708 3953 1936 4024 profert,
1976 3970 2111 4025 quo-

519 4043 666 4090 niam
706 4051 893 4092 verum
939 4048 1022 4096 est
1064 4043 1430 4098 testimonium
1473 4045 1616 4115 quod
1653 4045 1720 4100 de
1745 4043 1824 4099 eis
1849 4045 2110 4113 scriptum

519 4137 604 4184 est
637 4147 650 4185 :
688 4150 707 4183 ‹
735 4131 912 4188 Testis
936 4132 1102 4190 falsus
1131 4152 1239 4223 non
1263 4138 1370 4193 erit
1393 4138 1710 4208 impunitus,
1735 4146 1789 4193 et
1818 4137 1909 4207 qui
1939 4136 2112 4207 loqui-

522 4224 611 4272 tur
633 4221 998 4290 mendacium,
1033 4221 1248 4294 peribit.
1291 4245 1308 4277 ι

596 4328 615 4361 ι
647 4310 986 4370 Delectantes
1009 4316 1064 4371 in
1089 4317 1216 4372 vino
1244 4317 1351 4373 noli
1387 4332 1705 4388 provocare,
1732 4325 1931 4372 mmtos
1959 4317 2107 4372 enim

523 4419 544 4453 ι
576 4405 952 4462 exterminavit
981 4408 1182 4464 vinum.
1215 4429 1234 4462 ι
1262 4409 1430 4464 Docet
1451 4423 1549 4464 nos
1563 4409 1649 4463 vir
1671 4409 2104 4476 Ecclesiasticus,

517 4508 586 4549 ne
607 4498 1057 4554 commisceantur
1088 4501 1340 4567 ebriosis,
1372 4502 1500 4571 quia
1528 4500 1714 4557 faciles
1743 4510 1870 4556 sunt
1893 4501 1961 4557 ad
1992 4503 2104 4557 ira-

517 4585 794 4640 scendum.
829 4609 845 4639 ε
881 4588 1074 4645 Multos
1100 4592 1245 4646 enim
1275 4593 1657 4648 exterminavit
1691 4593 1914 4660 vinum,
1951 4614 1970 4646 ι
2006 4593 2110 4648 hoc

517 4681 620 4737 est,
649 4674 848 4730 multos
885 4677 1150 4732 subvertit
1198 4679 1456 4747 ebrietas,
1487 4697 1607 4753 quae
1644 4691 1700 4738 et
1747 4698 1968 4739 sensum
2008 4683 2110 4738 mi-

517 4761 656 4825 nuit,
682 4761 818 4817 iram
842 4766 1064 4832 excitat,
1089 4766 1365 4825 libidinem
1387 4770 1706 4841 inflammat,
1734 4773 1903 4829 animi
1927 4787 2108 4829 secre-

520 4859 631 4906 tum
661 4867 758 4923 per
778 4852 1018 4912 furorem
1043 4866 1137 4913 aut
1157 4875 1400 4917 amorem
1426 4863 1683 4920 denudat.
1713 4863 1870 4921 Unde
1891 4862 2106 4934 subjun—

518 4944 663 5015 gitur
691 4961 706 5000 :

593 5055 613 5088 ε
648 5037 787 5110 lgnis
810 5043 1008 5113 probat.
1029 5045 1232 5101 ferrum
1265 5047 1483 5116 durum,
1509 5050 1587 5106 sic
1607 5051 1792 5106 vinum
1819 5053 1984 5108 corda
2005 5067 2102 5108 su-

523 5149 542 5182 ‹
570 5131 861 5199 penborum
885 5145 1075 5206 arguet
1095 5139 1150 5193 in
1179 5141 1441 5196 ebrietate
1467 5150 1733 5212 potatum.
1769 5163 1788 5196 ι
1827 5143 1942 5200 Hoc
1979 5153 2100 5212 est,

517 5223 656 5279 sicut
683 5224 821 5296 ignis
859 5229 1040 5285 calore
1083 5247 1181 5287 suo
1211 5231 1341 5288 ferri
1371 5234 1628 5289 duritiam
1662 5235 1870 5290 emollit
1895 5277 1910 5302 ,
1939 5245 1994 5291 et
2013 5253 2102 5292 se-

517 5313 754 5370 cundum
775 5326 982 5376 natura:
1005 5337 1116 5378 suae
1135 5323 1246 5378 vim
1273 5323 1405 5379 illud
1425 5323 1821 5382 excandescere
1846 5325 1996 5391 facit,
2025 5326 2103 5382 sic

516 5402 704 5458 vinum
741 5407 796 5462 in
831 5411 1091 5471 ebrietate
1129 5426 1371 5488 potatum
1395 5421 1560 5476 corda
1608 5423 1962 5492 superborum
2010 5439 2104 5478 ar-

519 5494 650 5548 dore
671 5512 770 5551 suo
791 5498 1126 5562 inflammatis
1151 5511 1328 5566 subito
1353 5513 1420 5566 ad
1451 5497 1662 5569 facinus
1687 5517 2107 5586 perpetrandum

519 5597 816 5653 provocat,
858 5599 913 5646 et
952 5596 1194 5662 superbae
1224 5599 1507 5653 intentioni
1534 5599 1793 5668 majorem
1821 5602 2103 5656 audaciam

521 5678 588 5732 ad
615 5680 740 5734 mali
775 5684 1123 5738 commissum
1152 5688 1353 5742 tribuit.

600 5790 617 5823 ι
647 5772 822 5845 aliqua
852 5777 957 5831 vita
992 5777 1300 5834 hominibus
1323 5820 1337 5846 ,
1376 5781 1560 5837 vinum
1602 5783 1654 5836 in
1696 5783 1986 5839 sobrietate
2009 5825 2024 5852 ,
2057 5785 2104 5839 si

2209 3313 2346 3368 riam
2391 3314 2446 3367 in
2480 3313 2785 3368 auditorum
2810 3327 3032 3368 suorum
3074 3310 3350 3367 mentibus
3395 3305 3580 3363 fortius
3616 3301 3746 3370 ﬁgat.

2208 3415 2262 3464 et
2313 3406 2572 3462 virtutum
2615 3405 2815 3462 seriem
2873 3406 3234 3474 decoremque
3277 3399 3454 3473 magis
3499 3395 3594 3451 illis
3637 3403 3747 3446 com.

2209 3495 2430 3552 mendet
2456 3537 2472 3562 ,
2513 3495 2772 3551 vitiorum
2802 3509 2932 3550 vero
2957 3493 3350 3564 turpitudinem
3387 3495 3442 3544 et
3473 3482 3744 3540 noxietatem

2210 3588 2506 3644 secundum
2535 3567 2950 3658 possibilitatem
2989 3601 3146 3642 suam
3179 3583 3427 3641 funditus
3459 3572 3744 3636 cxterminclo

2209 3677 2444 3734 Proinde
2471 3679 2649 3734 adhuc
2673 3679 2899 3745 addidit,
2931 3686 2988 3733 et
3011 3677 3142 3734 dicit
3173 3694 3190 3732 :

2288 3789 2307 3823 ι
2338 3772 2534 3827 Vinum
2565 3771 2793 3827 multum
2826 3779 3070 3841 potatum
3111 3769 3472 3825 irritationem
3497 3802 3511 3829 ,
3542 3768 3590 3816 et
3615 3755 3742 3814 iram.

2217 3881 2236 3914 ι
2265 3872 2320 3920 et
2363 3863 2546 3919 ruinas
2581 3863 2779 3918 multas
2821 3862 2968 3917 facit.
3016 3859 3336 3916 Amaritudo
3382 3854 3564 3911 anima:
3603 3845 3743 3900 Vinum

2217 3975 2237 4008 ‹
2274 3957 2503 4012 multum
2522 3965 2799 4028 potatum,
2828 3955 3112 4011 ebrietatis
3142 3952 3461 4009 animositas
3484 3938 3739 4028 impruden-

2218 4069 2236 4101 ι
2276 4051 2345 4105 tis
2387 4049 2615 4105 oil‘ensio
2663 4067 2677 4102 :
2725 4049 3004 4104 minorans
3041 4033 3320 4109 virtutem,
3357 4052 3411 4098 et
3444 4037 3626 4094 faciens
3655 4023 3742 4081 m1-

2211 4157 2423 4198 neran
2453 4132 2595 4209 Quid
2617 4142 2850 4197 lucidius
2875 4140 2984 4195 dici
3010 4139 3204 4210 potuit,
3230 4151 3398 4208 quam
3419 4125 3736 4216 irritationem:

2213 4233 2349 4289 iram
2377 4243 2432 4289 et
2457 4235 2641 4289 ruinas
2670 4232 2869 4287 multas
2891 4246 2958 4287 ex
2988 4206 3262 4286 ebrietate?
3279 4223 3450 4288 nasci,
3481 4206 3738 4273 amaritudi-

2213 4341 2336 4381 nem
2381 4324 2577 4380 animae
2615 4323 2739 4380 inde
2777 4322 3046 4393 generari,
3093 4315 3449 4392 imprudentis
3491 4308 3732 4393 animosatn

2212 4418 2562 4476 offensionem
2589 4417 2716 4474 inde
2737 4417 2900 4483 oriri,
2926 4416 3186 4471 virtutum
3210 4411 3409 4468 seriem
3433 4391 3732 4483 decrescendo

2215 4511 2477 4568 minorari
2501 4551 2518 4577 ,
2558 4519 2613 4564 et
2641 4509 2845 4565 scelera
2866 4480 3091 4562 vulnera
3115 4495 3500 4572 multiplicari?
3526 4487 3651 4546 Unde
3676 4480 3730 4534 fe-

2212 4603 2287 4658 lix
2317 4611 2400 4658 est
2425 4601 2519 4672 qui
2545 4615 2605 4656 se
2632 4608 2788 4667 cavet
2810 4600 2878 4654 ab
2905 4594 3210 4666 huiusmodi
3237 4600 3390 4662 peste
3411 4629 3426 4653 ,
3451 4592 3502 4641 et
3521 4591 3647 4672 spem
3668 4585 3731 4672 θῇς

2212 4694 2338 4750 lutis
2379 4661 2490 4749 ευὲε
2538 4693 2594 4748 in
2630 4661 2840 4746 Domini
2886 4661 3165 4745 constituit
3209 4661 3496 4739 voluntate.
3536 4661 3727 4762 Custodi!

2218 4785 2363 4842 enim
2388 4783 2649 4838 Dominus
2675 4796 2866 4837 omnes
2888 4779 3173 4852 diligentes
3200 4789 3289 4843 se,
3328 4782 3385 4830 et
3426 4767 3666 4840 sperantes
3688 4765 3726 4804 In

2212 4892 2277 4934 eo
2299 4874 2670 4932 misericordia
2692 4871 3070 4929 circumdabit.

2287 4989 2306 5022 ‹
2342 4970 2402 5024 In
2427 4967 2675 5024 convivio
2705 4967 2816 5038 vini
2847 4981 2953 5020 non
3002 4977 3197 5035 arguas
3220 4959 3516 5032 proximum
3537 4989 3551 5016 ν
3576 4952 3621 5002 εί
3644 4950 3722 4995 ¹¹⁰¹¹

2218 5080 2238 5114 ι
2273 5062 2537 5132 despicias
2561 5059 2713 5115 illum
2751 5058 2805 5113 in
2829 5056 3166 5127 iucunditate
3204 5052 3367 5108 illius.
3395 5045 3551 5106 Verba
3569 5039 3720 5103 imPl'o'

2217 5174 2237 5208 ‹
2266 5154 2404 5225 perii
2437 5168 2545 5209 non
2581 5152 2730 5208 dicas
2759 5150 2858 5217 illi,
2893 5156 2950 5204 et
2994 5163 3102 5204 non
3131 5159 3347 5218 premas
3371 5141 3508 5199 illum
3533 5133 3719 5225 ittl‘elle‘

2217 5266 2236 5300 ι
2267 5223 2449 5303 tendo.
2485 5267 2504 5300 ι
2532 5233 2868 5314 Frequenter
2889 5241 3156 5313 contingit
3180 5248 3240 5295 ut
3265 5239 3425 5294 homo
3443 5223 3619 5298 fragilis
3634 5227 3719 5314 ξων

2211 5340 2336 5395 dum
2359 5338 2586 5394 excedat
2611 5309 2937 5398 inhibendo,
2965 5333 3062 5389 sed
3082 5309 3268 5387 tamen
3291 5320 3548 5385 ebrietatis
3569 5309 3714 5367 vitium

2213 5445 2322 5484 non
2351 5435 2590 5484 sectatur
2616 5427 2671 5480 in
2710 5441 2810 5481 usu
2838 5423 3105 5485 nefando,
3148 5421 3289 5474 unde
3312 5415 3541 5503 prohibet
3565 5410 3711 5503 "1.0.9"

2209 5535 2500 5584 arguamus
2520 5517 2824 5582 proximum
2854 5510 2906 5564 in
2934 5509 3179 5564 convivio
3215 5509 3328 5564 vini
3350 5550 3363 5574 ,
3401 5519 3490 5564 nec
3509 5499 3710 5584 dOSPl°'_“

2210 5619 2331 5658 lllllS
2357 5603 2504 5656 illum
2531 5603 2584 5656 in
2606 5601 2943 5672 iucunditate
2973 5599 3136 5667 illius,
3167 5615 3266 5656 nec
3291 5589 3570 5670 imprOperii
3589 5577 3710 5672 verba

2208 5695 2562 5750 conviciando
2589 5695 2832 5749 dicamus
2859 5694 2931 5757 ei,
2963 5694 3056 5748 sed
3085 5694 3256 5764 magis
3284 5693 3432 5763 juxta
3462 5671 3705 5754 Apostolum

2206 5801 2373 5840 onera
2398 5793 2584 5841 nostra
2613 5786 2842 5840 invicem
2869 5793 3166 5856 portemus,
3189 5793 3246 5841 et
3271 5785 3348 5840 sic
3375 5765 3705 5846 adimplehimlls
