4030 6472
240 352 353 413 995

1114 348 1471 410 COMMENT.
1512 349 1583 407 IN
1619 348 2350 424 ECCLESIAS'I'ICUM.f-'-—
2380 351 2508 408 LIB.
2552 348 2666 407 VII.

3423 365 3532 423 994

241 470 421 544 legem
450 469 656 528 Christi
693 468 911 542 (Calai.
933 470 1044 544 v1).
1090 467 1150 524 in
1192 481 1446 541 promptu
1490 469 1635 525 enim
1672 471 1836 528 liabe—
1861 474 1915 537 Α
1940 470 2164 526 verbum
2188 469 2285 525 Dei
2309 486 2432 526 cum
2476 471 2625 526 omni
2652 470 2849 528 ﬁducia
2890 476 3046 545 quasi
3086 478 3350 550 maiorem
3377 490 3532 552 natu,

239 577 366 621 mus
394 561 701 633 exemplum
726 559 1035 631 huiusmodi
1052 562 1119 618 de
1141 560 1442 634 Scripturis
1469 564 1662 620 sacris.
1689 563 1835 634 Quo~

241 656 391 711 niam
420 652 536 710 Noe
576 652 705 708 vino
746 652 957 709 ebrium
1000 661 1164 725 atque
1204 655 1465 710 nudatum
1513 669 1639 710 cum
1663 653 1836 711 Cbam

240 745 455 804 medius
481 746 626 803 ﬁlius
652 746 770 819 ejus
795 747 1087 815 derideret,
1115 740 1553 805 maledictionem
1574 756 1835 806 aeternam

239 838 590 912 promeruit:
622 838 700 895 ita
736 854 768 895 c
796 839 1072 896 contrario
1098 841 1307 913 primus
1346 840 1581 897 ﬁliorum
1622 839 1741 912 eius
1778 849 1837 899 et

238 931 467 989 ultimus
486 972 503 999 ,
539 931 645 988 hoc
673 940 757 988 est
784 931 913 988 Sem
939 941 996 988 et
1024 931 1221 1005 Japhet
1255 933 1687 991 benedictionem
1711 949 1838 1006 per-

238 1034 462 1099 petuam
486 1026 869 1098 possederunt,
918 1040 984 1082 eo
1020 1026 1165 1099 quod
1202 1026 1376 1099 patris
1401 1026 1487 1082 sui
1533 1027 1835 1084 nuditatem

239 1116 560 1175 velaverunt
579 1159 597 1187 ,
649 1134 755 1176 nec
800 1118 1193 1189 turpitudinem
1245 1118 1367 1191 ejus
1414 1119 1601 1177 videre
1654 1119 1837 1177 volue-

240 1215 373 1265 runt
417 1205 572 1280 (Gen.
599 1207 703 1282 rx).
733 1207 996 1265 Similiter
1034 1216 1092 1265 et
1136 1209 1317 1268 altiori
1354 1226 1518 1267 sensu
1541 1209 1713 1267 Judaei
1742 1209 1837 1283 qui

240 1306 421 1356 morte
445 1298 746 1357 Salvatoris
773 1301 947 1357 nostri
973 1301 1030 1357 in
1052 1316 1216 1360 cruce
1239 1301 1570 1370 deriserunt,
1592 1302 1760 1359 vitam
1782 1309 1839 1358 et

240 1406 473 1466 regnum
497 1392 661 1449 simul
681 1392 1057 1464 perdiderunt.
1084 1394 1130 1451 E
1155 1395 1431 1452 contrario
1454 1409 1585 1452 vero
1614 1402 1801 1466 gentes
1818 1435 1836 1463 ,

239 1502 360 1559 qua:
398 1487 707 1559 passionem
735 1487 939 1544 Christi
969 1488 1235 1561 condigne
1280 1490 1686 1546 venerabuntur
1705 1528 1745 1568 ,_
1768 1486 1839 1544 ab

239 1594 309 1636 eo
343 1579 594 1636 benedici
628 1579 684 1637 in
729 1580 834 1637 hoc
867 1581 1066 1638 saeculo
1099 1589 1156 1639 et
1196 1582 1251 1639 in
1293 1582 1480 1641 futuro
1513 1599 1836 1657 promerue-

241 1682 394 1730 ιιιηι.

849 1767 1079 1826 CAPUT
1116 1768 1208 1826 IX.

470 1855 552 1914 De
580 1857 894 1927 rectoribus,
920 1859 1193 1932 episcopis,
1224 1860 1303 1917 vel
1321 1861 1611 1933 judicibus.

311 1948 465 2022 (Car.
506 1955 705 2023 xxxv.)
748 1970 767 2003 ‹
815 1951 1102 2009 Rectorem
1132 1962 1184 2010 te
1209 1957 1550 2026 posuerunt?
1595 1956 1706 2015 noli
1739 1973 1836 2015 cx-

241 2061 262 2097 ι
307 2042 456 2111 tolli;
479 2052 598 2099 esto
625 2043 681 2099 in
706 2043 814 2101 illis
836 2046 991 2117 quasi
1020 2063 1160 2104 unus
1181 2062 1248 2104 ex
1271 2050 1424 2121 ipsis.
1458 2070 1479 2103 ι
1512 2051 1640 2109 Hzec
1664 2052 1837 2110 eccle-

236 2135 460 2191 siastica
485 2144 541 2192 ct
564 2136 859 2208 apostolica
885 2149 969 2194 est
997 2139 1266 2211 doctrina,
1296 2152 1359 2199 ut
1381 2143 1428 2200 is
1449 2146 1543 2216 qui
1569 2146 1834 2219 dignitate

232 2228 433 2302 praaest
466 2228 610 2297 aliis,
640 2230 964 2288 humilitatis
986 2241 1043 2288 et
1071 2238 1506 2296 mansuetudinis
1526 2242 1836 2313 exemplum

231 2324 476 2395 pnnbeat
498 2324 703 2381 multis.
732 2323 885 2382 Unde
906 2325 1022 2398 ipsa
1045 2328 1261 2385 Veritas
1280 2328 1335 2384 in
1360 2330 1655 2402 Evangelio
1673 2333 1839 2391 disci-

232 2417 390 2489 pulos
423 2418 629 2487 docuit,
683 2418 874 2476 dicens
924 2437 938 2474 :
1004 2438 1025 2472 ‹
1086 2419 1191 2489 Qui
1246 2424 1421 2496 major
1449 2434 1535 2481 est
1567 2434 1836 2496 vestrum,

233 2513 329 2568 ﬁat
366 2510 733 2584 sicutiunior;
766 2523 824 2569 et
859 2515 953 2586 qui
974 2529 1276 2585 praecessor
1299 2526 1402 2585 est,
1435 2519 1533 2575 ﬁat
1559 2520 1703 2577 sicut
1729 2523 1834 2578 mi-

234 2603 499 2660 nistrator
552 2603 769 2677 (Matth.
813 2605 928 2679 xx).
986 2625 1006 2658 ι
1065 2605 1205 2664 Hinc
1249 2617 1305 2665 et
1348 2609 1545 2687 Petrus
1586 2620 1838 2684 pastores

234 2695 491 2754 Ecclesize
518 2698 818 2755 admonens
850 2700 928 2756 ait
970 2719 984 2756 :
1020 2720 1039 2753 ο
1085 2700 1350 2758 Seniores
1371 2718 1502 2775 ergo
1520 2705 1614 2775 qui
1641 2705 1696 2761 in
1735 2721 1833 2763 vo-

234 2787 321 2846 bis
340 2798 488 2856 sunt,
512 2788 763 2858 obsecro,
790 2792 1082 2849 consenior
1104 2802 1161 2849 et
1197 2795 1357 2850 testis
1400 2795 1604 2852 Christi
1632 2798 1837 2868 passio-

235 2895 386 2946 num,
448 2882 540 2952 qui
592 2891 648 2939 et
693 2882 831 2955 eius,
884 2899 1006 2956 quae
1055 2884 1109 2941 in
1157 2886 1343 2943 futuro
1392 2888 1683 2945 revelanda
1728 2898 1832 2958 est,

234 2972 423 3047 gloriae
452 2974 905 3044 communicator,
956 2976 1165 3047 pascite
1208 2978 1300 3049 qui
1328 2984 1411 3035 est
1438 2979 1496 3035 in
1524 2981 1680 3036 vobis
1708 2996 1834 3054 gre-

234 3081 356 3140 gem
381 3065 499 3133 Dei,
528 3067 875 3139 providentes
903 3082 1012 3124 non
1037 3078 1246 3147 coacte,
1274 3070 1371 3126 sed
1411 3078 1711 3143 spontanee
1755 3088 1836 3130 se-

233 3162 469 3218 cundum
492 3161 683 3226 Deum,
730 3175 906 3234 neque
942 3162 1116 3235 turpis
1140 3163 1276 3220 lucri
1299 3165 1495 3237 gratia,
1521 3168 1614 3223 sed
1643 3167 1832 3223 volun-

1939 576 2049 618 non
2072 561 2284 633 utique
2318 563 2496 619 aetatis
2541 578 2819 635 corporeae
2861 577 3145 638 provectu,
3200 573 3295 628 sed
3338 576 3536 633 sobria:

1940 652 2140 708 mentis
2169 651 2478 723 intellectu;
2509 662 2566 711 et
2595 656 2833 728 primum
2861 658 3217 732 hoc'seniper
3264 667 3532 736 attendat,

1938 753 2000 801 ut
2048 746 2165 818 ejus
2211 761 2391 804 sermo
2434 749 2607 820 magis
2652 751 2903 820 proﬁciat
2944 753 3286 814 auditoribus
3322 760 3437 815 suis
3466 761 3535 817 ad

1937 839 2321 927 eruditionem,
2360 856 2527 912 quam
2571 841 2875 902 fautoribus
2916 855 3143 919 propter
3169 848 3536 922 eloquentiam

1939 929 2010 985 ad
2032 930 2244 988 inanem
2275 930 2539 988 favorem.
2595 931 2751 991 Sicut
2792 934 2994 994 Paulus
3037 938 3424 999 Tbimotlteum
3450 944 3535 1000 in-

1939 1033 2159 1083 struens
2189 1026 2396 1093 docuit,
2427 1028 2613 1086 dicens
2643 1048 2657 1084 :
2708 1049 2729 1083 ‹
2785 1028 3073 1090 Testiﬁcor
3106 1050 3294 1094 coram
3338 1039 3453 1096 Deo
3481 1050 3537 1097 et

1939 1116 2158 1176 Christo
2181 1117 2332 1188 Iesu,
2363 1120 2454 1191 qui
2493 1119 2838 1191 iudicaturus
2861 1131 2948 1180 est
2982 1125 3137 1184 vivos
3185 1137 3242 1185 et
3269 1140 3535 1198 mortuos,

1939 1219 1996 1267 et
2015 1211 2309 1268 adventum
2330 1212 2504 1285 ipsius
2522 1221 2579 1270 et
2601 1227 2827 1286 regnum
2848 1214 2965 1287 eius
2989 1235 3003 1273 :
3029 1220 3268 1290 praedica
3286 1221 3538 1291 verbum,

1939 1303 2080 1360 insta
2110 1312 2436 1377 opportune,
2462 1305 2792 1378 importune,
2822 1323 3011 1383 argue,
3039 1312 3287 1381 obsecra,
3312 1314 3537 1387 increpa

1938 1395 1996 1452 in
2033 1396 2183 1453 omni
2231 1398 2494 1470 patientia
2538 1408 2597 1455 et
2629 1400 2875 1459 doctrina
2915 1402 3004 1476 (ΙΙ
3041 1404 3177 1462 Tim.
3205 1406 3305 1481 tv).
3341 1428 3362 1461 ι
3396 1407 3539 1477 Quid

1940 1495 2123 1544 autem
2167 1490 2347 1547 inanis
2388 1490 2697 1562 eloquentia
2754 1493 2869 1552 suis
2900 1497 3238 1555 amatoribus
3265 1498 3534 1568 conferat,

1938 1583 2221 1641 subdendo
2240 1583 2556 1641 manifestat
2585 1605 2599 1641 :
2630 1585 2751 1642 Erit
2774 1588 2923 1644 enim
2955 1598 3168 1662 tempus
3193 1607 3321 1649 cum
3343 1608 3535 1649 sanam

1939 1675 2244 1732 doctrinam
2294 1692 2404 1733 non
2450 1678 2816 1748 sustinebunt,
2866 1682 2964 1739 sed
3005 1683 3078 1739 ad
3123 1700 3225 1742 sua
3267 1687 3538 1743 desideria

1939 1769 2341 1826 coacervabunt
2369 1770 2474 1827 sibi
2510 1771 2824 1841 magistros,
2867 1774 3179 1846 prurientes
3208 1777 3453 1845 auribus,
3481 1786 3541 1834 et

1861 1884 1914 1947 Β
1940 1877 1974 1918 a
1997 1862 2228 1917 veritate
2260 1861 2479 1933 quidem
2511 1862 2756 1919 auditum
2784 1873 3053 1933 avertent,
3082 1867 3152 1924 ad
3196 1866 3410 1925 tabulas
3441 1884 3538 1925 au-

1942 1961 2051 2009 tem
2088 1959 2493 2009 convertentur.
2525 1972 2546 2007 ι
2578 1953 2649 2010 Et
2681 1954 2809 2026 quia
2838 1956 3222 2015 discretionem
3259 1959 3539 2033 Evangelii

1939 2052 2221 2109 doctorem
2250 2051 2307 2107 in
2341 2051 2727 2123 praedicatione
2752 2061 3097 2126 sua'oportet
3121 2054 3345 2125 habere,
3370 2066 3426 2113 ut
3458 2057 3535 2114 ibi

1937 2141 2183 2214 proferat
2208 2156 2537 2210 sermonem,
2568 2142 2662 2200 ubi
2693 2159 2755 2201 se
2793 2145 3059 2217 conspicit
3098 2144 3404 2217 proiectum
3450 2148 3536 2204 fa-

1938 2252 2065 2295 cere
2097 2251 2279 2310 posse,
2307 2234 2585 2307 subiungit
2603 2236 2819 2294 dicens:

2005 2350 2024 2384 ι
2049 2331 2386 2390 υὺίοειιιύἰιιιε
2400 2347 2511 2388 non
2524 2336 2628 2395 est,
2643 2345 2752 2386 non
2766 2328 3014 2387 eﬁ'undas
3029 2344 3337 2388 sermonem
3349 2329 3542 2386 intem-

1946 2447 1967 2482 ‹
1996 2431 2227 2502 pestive,
2251 2438 2307 2485 et
2322 2430 2632 2502 importune
2658 2425 2771 2485 noli
2796 2425 2981 2483 extolli
3001 2426 3058 2483 in
3078 2425 3346 2497 sapientia
3367 2433 3480 2482 tua.
3513 2441 3537 2478 ι

1938 2522 2056 2579 Non
2083 2529 2170 2578 est
2199 2520 2348 2578 enim
2369 2520 2504 2577 utile
2522 2519 2602 2575 ibi
2628 2531 2941 2575 sermonem
2974 2516 3383 2589 multiplicando
3406 2529 3540 2588 pro-

1940 2617 2129 2684 telare,
2157 2617 2250 2673 ubi
2278 2614 2589 2673 considerat
2616 2628 2677 2670 se
2706 2611 2915 2668 nullum
2952 2610 3191 2668 fructum
3229 2610 3288 2668 in
3331 2609 3544 2668 audito-

1938 2710 2092 2767 ribus
2119 2709 2381 2766 invenire.
2420 2708 2577 2766 Unde
2598 2706 2819 2778 quidam
2854 2712 3140 2778 poetarum
3166 2704 3284 2760 ait:

2064 2860 2207 2914 Felix
2230 2863 2318 2927 qui
2333 2861 2551 2927 loquitur
2571 2872 2768 2914 causam
2788 2861 3049 2926 prudentis
3066 2862 3117 2912 in
3138 2869 3326 2912 aurem.

1938 3001 2201 3057 Dominus
2247 2999 2392 3055 enim
2451 3005 2641 3056 noster
2679 2997 2773 3070 qui
2832 2995 3114 3068 discipulis
3165 2995 3281 3053 suis
3333 3007 3540 3067 praece-

1936 3092 2040 3164 pit,
2083 3090 2310 3147 dicens:
2351 3106 2372 3141 ι
2406 3086 2586 3145 Nolite
2629 3089 2762 3143 dare
2789 3077 3037 3144 sanctum
3062 3084 3314 3153 canibus,
3360 3098 3541 3155 neque

1938 3183 2165 3241 mittatis
2201 3180 2527 3254 margaritas
2549 3186 2763 3235 vestras
2783 3185 2912 3234 ante
2932 3191 3151 3248 porcos,
3182 3189 3253 3233 ne
3286 3173 3537 3231 conversi

233 3251 402 3346 teris;
455 3267 630 3346 neque
687 3264 747 3309 ut
796 3254 1143 3346 dominantes
1181 3256 1238 3312 in
1281 3257 1460 3325 cleris.
1513 3260 1609 3316 sed
1656 3259 1833 3316 forma
1861 3280 1908 3346 ρ
1939 3275 2283 3345 disrumpant
2308 3251 2406 3328 vos
2428 3269 2646 3342 (Matth.
2676 3268 2797 3340 vn).
2833 3285 2854 3321 ι
2915 3265 3059 3323 Hinc
3084 3274 3142 3323 et
3184 3265 3442 3322 Salomon
3479 3263 3538 3320 in

232 3339 365 3399 facti
402 3342 580 3415 gregis
624 3356 691 3398 ex
740 3344 944 3411 animo,
992 3352 1049 3400 et
1083 3361 1208 3401 cum
1238 3348 1549 3419 apparuerit
1577 3349 1833 3422 princeps

232 3440 538 3505 pastorum,
570 3434 885 3506 percipiatis
928 3435 1436 3497 immarcescibilem
1462 3440 1835 3513 glorias'coro-

235 3542 364 3585 nam
390 3529 443 3603 (Ι
469 3530 616 3587 Petr.
644 3533 721 3605 v).
757 3553 775 3587 ι

311 3642 332 3675 ι
375 3624 571 3681 Curam
610 3628 824 3687 illorum
862 3632 1024 3698 habe,
1061 3640 1118 3689 et
1140 3632 1220 3688 sic
1261 3631 1567 3699 considera,
1596 3641 1653 3689 ct
1685 3631 1835 3688 omni

237 3732 261 3769 ι
305 3730 437 3772 cura
487 3727 578 3775 tua
623 3722 879 3792 explicita
918 3724 1175 3780 recumbe
1214 3743 1228 3779 :
1268 3732 1328 3780 ut
1368 3723 1569 3781 laeteris
1614 3732 1836 3796 propter

238 3825 260 3861 ι
306 3808 447 3876 illos,
494 3819 551 3868 et
601 3824 985 3872 ornamentum
1042 3816 1232 3889 gratiae
1279 3817 1517 3889 accipias
1550 3832 1831 3887 coronam,

240 3918 261 3953 ι
306 3911 362 3959 et
399 3904 770 3977 dignationem
798 3910 1153 3983 consequaris
1179 3911 1635 3984 congregationis.
1683 3931 1703 3964 ι
1750 3911 1837 3968 Ιη-

233 3998 491 4054 stantiam
539 4016 670 4075 ergo
716 4004 874 4062 docet
916 4006 1342 4076 praedicationis,
1393 4008 1523 4078 quia
1563 4023 1671 4063 non
1724 4007 1837 4064 cito

237 4088 399 4144 debet
423 4091 545 4158 quis
582 4094 933 4152 securitatem
960 4098 1280 4170 promittere
1325 4098 1429 4155 sibi
1473 4098 1672 4170 quietis
1715 4107 1839 4169 post

237 4181 511 4254 inceptum
566 4185 832 4256 laborem,
858 4195 866 4202 '
889 4192 987 4248 sed
1025 4193 1294 4249 instanter
1338 4194 1396 4249 in
1434 4192 1527 4249 illo
1559 4207 1733 4263 usque
1779 4193 1837 4248 in

235 4275 402 4365 ﬁnem
431 4278 557 4335 vitae
589 4294 966 4352 perseverare,
993 4292 1263 4355 quatenus
1307 4284 1551 4357 perfecto
1576 4284 1835 4341 certami-

235 4367 323 4423 nis
352 4369 436 4424 sui
462 4386 637 4444 agone
670 4388 897 4432 securus
928 4377 1101 4447 possit
1145 4393 1271 4434 cum
1299 4377 1558 4449 Apostolo
1606 4378 1791 4434 dicere
1817 4395 1832 4433 :

243 4479 265 4514 ι
308 4461 518 4520 Bonum
562 4476 839 4525 certamen
887 4471 1116 4538 certavi,
1167 4487 1387 4528 cursum
1437 4472 1833 4539 consummavi,

235 4552 401 4611 ﬁdem
429 4558 674 4629 servavi;
724 4560 782 4616 in
827 4561 1040 4633 reliquo
1069 4564 1308 4636 reposita
1345 4572 1431 4621 est
1458 4563 1592 4620 mihi
1629 4579 1836 4621 corona

1935 3364 2247 3423 Proverbiis
2274 3364 2353 3419 ait
2389 3381 2403 3418 :
2455 3382 2473 3414 ‹
2509 3360 2614 3429 Qui
2660 3360 2841 3416 erudit
2879 3358 3198 3427 derisorem,
3247 3358 3365 3431 ipse
3408 3357 3543 3413 facit

1936 3462 2038 3519 sibi
2092 3458 2379 3529 iniuriam;
2430 3466 2487 3515 et
2520 3456 2613 3530 qui
2642 3456 2821 3529 arguit
2872 3456 3119 3527 impium,
3164 3464 3389 3528 generat
3435 3455 3538 3512 sibi

1935 3553 2161 3610 malum.
2190 3551 2311 3608 Noli
2339 3566 2570 3624 arguere
2615 3548 2937 3617 derisorem,
2968 3564 3037 3605 ne
3058 3548 3235 3604 oderit
3263 3555 3337 3615 te,
3375 3563 3544 3620 argue

1936 3647 2260 3718 sapientem,
2286 3653 2343 3701 et
2384 3645 2570 3718 diliget
2615 3651 2684 3700 te.
2713 3642 2792 3699 Da
2821 3641 3055 3714 sapienti
3085 3641 3452 3708 occasionem,
3486 3648 3543 3697 et

1936 3742 2165 3798 addetur
2187 3741 2238 3796 ei
2260 3738 2547 3810 sapientia.
2574 3737 2721 3793 Doce
2749 3736 2981 3808 iustum,
3003 3743 3062 3792 et
3092 3733 3374 3792 festinabit
3396 3733 3541 3790 acci-

1934 3850 2065 3906 pere
2091 3832 2275 3908 (Prov.
2306 3832 2408 3907 ις).
2451 3851 2470 3886 ι

2012 3946 2034 3980 ‹
2076 3924 2364 3983 Gemmula
2411 3921 2732 3981 carbunculi
2788 3921 2847 3977 in
2894 3926 3220 3977 ornamento
3264 3916 3425 3985 auri,
3485 3923 3542 3973 et

1936 4017 2281 4087 comparatio
2317 4015 2654 4072 musicorum
2676 4013 2733 4069 in
2758 4012 3010 4070 convivio
3046 4010 3179 4066 vini.
3218 4028 3239 4064 ι
3282 4007 3536 4064 Omnium

1936 4108 2248 4165 ardentium
2292 4118 2633 4181 gemmarum
2660 4105 3029 4177 principatum
3054 4101 3421 4160 carbunculus
3443 4100 3545 4155 ha-

1935 4202 2030 4256 bet
2058 4218 2072 4254 :
2105 4199 2472 4255 carbunculus
2497 4205 2683 4253 autem
2709 4197 2911 4263 dictus,
2934 4194 3080 4266 quod
3118 4194 3191 4251 sit
3231 4193 3433 4265 ignitus
3482 4199 3543 4246 ut

1936 4292 2126 4357 carbo,
2166 4290 2321 4363 cuius
2363 4289 2543 4360 fulgor
2580 4302 2686 4344 nec
2727 4295 2888 4343 nocte
2914 4286 3187 4352 vincitur;
3220 4284 3367 4339 lucet
3393 4280 3540 4337 enim

1936 4387 1994 4444 in
2024 4385 2287 4453 tenebris,
2315 4383 2453 4440 adeo
2491 4390 2554 4438 ut
2580 4382 2829 4437 ﬂammas
2859 4381 2928 4437 ad
2953 4378 3144 4435 oculos
3182 4376 3376 4433 vibret.
3407 4373 3541 4431 Car-

1934 4480 2233 4538 bunculum
2274 4493 2404 4551 ergo
2438 4483 2722 4550 comparat
2770 4475 2840 4532 ad
2891 4472 3235 4547 splendorem
3288 4468 3428 4536 auri,
3486 4475 3544 4524 et

1934 4572 2206 4631 musicum
2224 4571 2397 4630 melos
2418 4572 2489 4629 ad
2513 4570 2824 4628 convivium
2848 4568 2981 4636 vini,
3012 4567 3142 4639 quia
3163 4567 3306 4624 sicut
3326 4579 3543 4639 gemma

230 4642 480 4741 ξυὲιίιίπν
502 4662 669 4721 quam
684 4652 879 4710 reddet
904 4654 1040 4710 mihi
1058 4655 1322 4713 Dominus
1343 4655 1400 4712 in
1423 4655 1516 4713 illa
1539 4655 1629 4713 die
1649 4656 1835 4731 iustus
1858 4656 1914 4719 D
1939 4667 2178 4741 pretiosa
2209 4663 2465 4735 adiuncta
2513 4661 2634 4719 auri
2674 4660 2897 4719 metallo
2947 4659 3187 4732 duplicat
3235 4655 3543 4730 splendoris

228 4738 419 4811 iudex,
447 4757 555 4799 non
584 4743 760 4802 solum
800 4754 986 4805 autem
1012 4747 1171 4819 mihi,
1204 4750 1303 4807 sed
1343 4757 1402 4807 et
1440 4749 1531 4807 his
1572 4750 1669 4823 qui
1710 4748 1837 4807 dili-

233 4841 370 4904 gunt
395 4832 687 4893 adventum
738 4837 856 4909 eius
906 4838 1022 4913 (Ili
1044 4840 1180 4897 Tim.
1214 4842 1313 4915 tv).
1358 4861 1379 4896 ι
1423 4842 1611 4912 Qualis
1652 4850 1833 4900 autem

232 4924 308 4982 sit
354 4940 565 4985 merces
596 4938 909 4987 sanctorum
934 4933 1354 5004 praedicatorum
1388 4934 1446 4991 in
1490 4935 1672 4992 futura
1718 4938 1835 4993 vita

231 5018 473 5076 ostendit
498 5020 614 5091 ipse
635 5022 906 5092 Salvator,
935 5024 1124 5083 dicens
1153 5044 1168 5081 :
1215 5045 1234 5078 ι
1285 5025 1420 5094 Quis
1453 5035 1616 5098 putas
1658 5028 1836 5087 ﬁdelis

231 5119 319 5168 est
339 5112 682 5183 dispensator
700 5123 755 5171 et
782 5116 1042 5188 prudens,
1073 5134 1239 5189 quem
1260 5119 1547 5176 constituit
1571 5119 1835 5178 Dominus

231 5217 334 5274 per
363 5202 624 5260 familiam
666 5221 846 5274 suam,
890 5215 954 5263 ut
1001 5209 1093 5266 det
1132 5209 1241 5266 illis
1284 5209 1341 5266 in
1371 5218 1617 5282 tempore
1663 5210 1834 5269 tritici

232 5298 589 5352 mensuram?
616 5298 815 5356 Beatus
862 5299 954 5357 ille
981 5315 1195 5370 servus,
1239 5317 1401 5374 quem
1447 5318 1573 5359 cum
1620 5304 1837 5361 venerit

233 5389 487 5447 dominus
531 5387 680 5460 eius,
731 5392 999 5447 invenerit
1052 5396 1130 5452 ita
1181 5397 1495 5453 facientem.
1537 5396 1680 5454 Vere
1709 5398 1832 5455 dico

233 5483 408 5551 vobis,
440 5484 568 5556 quia
596 5500 760 5558 super
784 5484 968 5542 omnia
1019 5500 1120 5543 sua
1163 5489 1460 5541 constituet
1510 5488 1664 5539 illam
1710 5507 1833 5556 qum

233 5581 480 5652 possidet
508 5582 661 5649 (Luc.
693 5583 816 5656 xu).
856 5602 876 5636 ι

313 5691 334 5726 ε
376 5672 625 5744 Loquere
678 5676 851 5747 maior
884 5685 1037 5742 natu,
1096 5676 1251 5732 decet
1301 5674 1446 5730 enim
1499 5682 1551 5730 te
1594 5674 1830 5745 primum

245 5784 265 5819 ι
312 5764 562 5835 verbum,
585 5768 826 5842 diligenti
864 5770 1168 5836 scientiam,
1200 5778 1258 5826 et
1282 5786 1393 5826 nou
1425 5770 1689 5839 impedias
1714 5785 1831 5825 mu-

227 5849 271 5912 ⁵ι
314 5859 506 5917 sicam.
548 5881 568 5915 ι
607 5859 773 5919 Decet
816 5864 961 5920 enim
988 5864 1267 5919 doctorem
1312 5860 1638 5919 catholicum
1686 5860 1835 5932 loqui

1937 4759 2213 4825 decorem,
2261 4757 2339 4812 ita
2364 4753 2540 4812 dulcis
2562 4753 2796 4809 melodia
2824 4750 2895 4808 ad
2929 4749 3239 4808 convivium
3289 4747 3402 4803 vini
3448 4747 3545 4805 ad-

1938 4859 2099 4908 aucta
2112 4849 2441 4920 multiplicat
2450 4846 2875 4918 iucunditatem.
2894 4842 3122 4916 Mystice
3141 4850 3326 4897 autem
3346 4854 3538 4895 aurum

1937 4942 2210 5017 signiﬁcat
2228 4942 2471 4999 divinam
2490 4940 2838 5012 sapientiam,
2862 4934 3230 4994 carbunculus
3255 4932 3536 4991 sacra'rum

1936 5037 2200 5093 virtutum
2255 5035 2504 5108 gloriam.
2570 5033 2770 5089 Vinum
2822 5030 3054 5103 gratiam
3114 5026 3436 5098 spiritalem,
3486 5035 3543 5080 et

1938 5128 2147 5185 musica
2175 5126 2449 5198 Evangelii
2474 5122 2936 5198 praedicationem.
2979 5117 3135 5176 Sicut
3162 5117 3312 5175 enim
3343 5115 3542 5174 conde-

1940 5231 2030 5280 cet
2050 5222 2246 5278 divinze
2267 5220 2549 5292 sapientiae
2570 5218 2837 5273 virtutum
2866 5212 3063 5286 fulgor,
3100 5211 3254 5267 ita.et
3281 5208 3542 5282 spiritalis

1942 5314 2132 5388 gratia:
2152 5312 2420 5385 condigna
2438 5319 2523 5368 est
2547 5325 2676 5366 vera
2700 5304 3015 5380 praedicatio
3046 5304 3218 5360 verbi.
3247 5301 3347 5359 Cui
3387 5318 3538 5359 com-

1939 5406 2211 5478 parationi
2236 5406 2404 5463 etiam
2435 5406 2836 5473 consequenter
2865 5396 3108 5471 adiungit
3135 5395 3301 5450 aliam
3349 5393 3540 5452 simili-

1934 5501 2199 5560 tudinem,
2230 5500 2336 5553 hoc
2355 5496 2553 5552 modo:

2012 5605 2034 5638 ι
2071 5584 2226 5642 Sicut
2248 5585 2300 5640 in
2342 5582 2701 5640 fabricatione
2730 5583 2850 5638 auri
2880 5583 3093 5656 signum
3130 5591 3214 5638 est
3243 5574 3534 5649 smaragdi,

1941 5701 1959 5732 ε
2006 5679 2085 5734 sic
2114 5691 2373 5733 numerus
2402 5676 2734 5731 musicorum
2773 5674 2828 5730 in
2869 5673 3110 5745 iucundo
3144 5682 3199 5727 ct
3252 5668 3538 5724 moderato

1936 5772 2084 5827 vino.
2125 5789 2142 5822 ι
2191 5768 2524 5840 Smaragdus
2549 5768 2684 5839 lapis
2714 5778 2797 5823 est
2826 5766 3009 5823 nimiae
3054 5760 3366 5823 viriditatis,
3400 5755 3537 5811 adeo

1937 5869 2001 5917 ut
2043 5860 2244 5918 herbas
2276 5860 2518 5939 virentes
2570 5858 2900 5931 frondesque
2928 5873 2991 5914 ac
3038 5866 3281 5927 gemmas
3312 5853 3535 5920 superet
