4030 6468
546 338 657 399 995
1189 334 1252 389 Β.
1290 330 1547 388 RABANI
1582 330 1803 390 MAURI
1839 329 2160 387 ARCHIEP.
2205 328 2515 386 MOGUNT.
2557 329 2843 390 OPERUH
2876 286 3058 391 PAllS
3096 334 3138 389 l.
3724 332 3845 392 996

543 470 755 522 omnes,
809 453 1057 514 inliciens
1103 455 1249 510 circa
1316 466 1375 508 se
1438 450 1713 506 viriditate
1764 462 2144 520 repercussum
2167 448 2225 511 Α
2248 447 2461 506 timoris
2493 445 2820 514 infunderet,
2852 463 2973 503 cum
3007 449 3124 519 ipse
3146 449 3311 505 etiam
3335 450 3427 520 qui
3449 449 3560 505 labi
3586 465 3848 523 nonpos-

544 564 748 614 aeretn,
773 548 866 617 qui
893 560 1045 603 mero
1066 553 1120 600 et
1145 543 1302 600 viridi
1328 542 1552 613 proﬁcit
1586 542 1730 610 oleo,
1761 543 2007 613 quamvis
2034 558 2134 598 na-
2238 550 2344 607 set,
2372 538 2626 611 perfectae
2664 542 2787 596 vitae
2831 541 3063 612 gratiam
3108 556 3218 597 non
3258 540 3362 598 nisi
3388 542 3637 612 perfecta
3684 554 3851 602 astate

544 651 665 699 tura
694 640 989 696 imbuatur.
1022 636 1187 708 Cujus
1214 650 1414 708 genera
1436 636 1690 707 plurima,
1719 635 1815 691 sed
1843 635 2135 692 nobiliores

544 732 808 807 Scythici.
835 730 1145 789 Secundum
1168 729 1345 785 locum
1370 737 1555 785 tenent
1576 729 1868 785 Bactriani.
1890 729 2135 785 Tertium

550 827 811 901 Egyptii.
837 824 1121 898 Signiﬁcat
1150 832 1330 880 autem
1358 825 1569 880 animas
1589 823 1695 880 ﬁde
1721 838 1937 894 semper
1954 823 2135 879 viren-

541 930 645 989 tes,
668 934 790 992 qua
812 934 921 991 quo
950 919 1127 992 magis
1148 918 1479 975 adversitate
1523 918 1705 974 sacrarii
1749 919 1935 991 (quam
1962 919 2135 991 ﬁgura

542 1014 782 1087 Scythia:
819 1010 1088 1085 designat)
1116 1019 1474 1079 attentantur,
1500 1025 1568 1068 eo
1595 1010 1827 1081 amplius
1848 1011 2135 1067 haeredita-

541 1116 651 1163 tem
699 1105 1213 1164 immarcescibilem
1257 1113 1315 1160 et
1339 1092 1609 1161 aeternam
1653 1112 2029 1161 conservatam
2078 1105 2135 1160 in

539 1199 691 1257 oculis
709 1207 766 1255 et
804 1207 987 1255 mente
1029 1198 1317 1269 concipere
1345 1197 1638 1267 sperando,
1685 1207 1743 1252 et
1769 1197 1824 1253 in
1855 1196 2132 1267 proximos

542 1300 801 1364 satagunt
848 1306 1105 1364 spargere
1154 1290 1521 1361 praedicando.
1569 1289 1699 1358 Quae
1743 1290 1907 1346 etiam
1966 1289 2135 1346 calice

539 1382 834 1439 Dominicae
872 1382 1141 1454 passionis
1215 1390 1271 1439 et
1332 1383 1562 1438 internae
1616 1381 1942 1453 pinguend
2005 1382 2135 1436 eba-

539 1473 740 1541 ritatis,
763 1474 866 1544 .qui
899 1488 997 1544 per
1022 1472 1283 1544 Spiritum
1314 1480 1565 1529 sanetum
1591 1472 1772 1538 datur,
1795 1472 1865 1527 ad
1887 1480 2132 1527 contem-

538 1572 692 1634 ptum
726 1564 913 1620 mundi
948 1562 1259 1635 proficiunt.
1293 1562 1448 1619 Sicut
1492 1563 1637 1619 enim
1685 1563 1743 1618 in
1772 1561 2134 1619 fabricatione

539 1655 658 1711 auri
681 1655 916 1727 adauget
951 1655 1204 1712 decorem
1237 1654 1493 1725 splendor
1530 1654 1919 1726 smaragdi,sic
1948 1653 2129 1712 erudi-

538 1749 739 1806 tionem
758 1748 861 1804 viri
890 1746 1184 1819 amplificat
1211 1748 1448 1807 charitas
1487 1756 1651 1804 rectae
1682 1746 1831 1813 ﬁdei,
1871 1762 1993 1818 qum
2032 1764 2133 1819 per

2235 630 2578 702 pradicaret.
2622 631 2883 702 Vigilanti
2916 633 3102 703 itaque
3144 633 3849 705 considerationem“-

2236 720 2363 777 dum
2385 731 2469 778 est
2491 723 2635 793 quod
2676 738 2802 779 cum
2833 722 2991 780 Jesus
3016 738 3283 779 annorum
3309 723 3603 780 duodecim
3644 725 3847 783 dicitur

2237 815 2292 870 in
2321 815 2500 871 medio
2533 816 2817 872 doctorum
2845 814 3061 883 sedens,
3093 831 3202 872 non
3243 816 3447 874 docens
3475 817 3577 873 sed
3606 816 3846 875 interro-

2235 923 2368 978 gans
2401 907 2694 964 invenitur.
2722 907 2841 976 Quo
2869 908 3119 979 exemplo
3158 907 3369 965 scilicet
3410 910 3734 969 ostenditur
3778 925 3848 968 ne

2236 1000 2484 1057 infirmus
2523 1000 2720 1057 docere
2762 1001 2886 1071 quis
2915 1001 3131 1066 audeat,
3160 1001 3208 1056 si
3237 1000 3328 1067 ille
3351 1015 3490 1071 puer
3515 1001 3715 1057 doceri
3760 1002 3847 1058 in-

2236 1093 2562 1165 terrogando
2582 1093 2773 1163 voluit,
2800 1093 2893 1164 qui
2924 1108 3024 1163 per
3049 1093 3351 1150 divinitatis
3382 1093 3702 1165 potentiam
3723 1109 3847 1150 ver-

2234 1184 2361 1240 bum
2416 1184 2657 1241 scientim
2702 1184 2836 1255 ipsis
2885 1185 2999 1242 suis
3026 1184 3341 1243 doctoribus
3387 1186 3755 1243 ministravit.
3788 1185 3848 1243 Si

2234 1292 2365 1348 ergo
2391 1278 2656 1347 sapientia
2677 1276 2858 1333 divina
2885 1277 3181 1333 humanam
3204 1284 3458 1332 naturam
3482 1277 3734 1334 indue»
3757 1277 3848 1335 lto-

2235 1368 2437 1425 minem
2482 1369 2585 1424 sub
2628 1368 2879 1439 exemplo
2930 1369 3117 1425 docuit
3142 1369 3324 1424 dicere
3351 1376 3408 1423 et
3456 1368 3683 1435 audire,
3714 1370 3847 1441 quid

2235 1461 2468 1517 humana
2494 1462 2845 1533 praesumptio
2877 1460 3148 1532 superﬂua
3178 1461 3515 1532 loquacitate
3537 1461 3755 1533 appetit
3792 1463 3847 1518 in

2234 1570 2466 1611 vacuum
2492 1555 2703 1628 garrire
2716 1556 2741 1608 ?

2311 1665 2329 1698 ‹
2374 1645 2514 1701 Ante
2540 1646 2861 1718 grandinem
2886 1646 3100 1717 pracibit
3126 1645 3462 1710 coruscatio;
3499 1653 3557 1699 et
3592 1654 3730 1702 ante
3755 1660 3848 1701 vc»

2239 1757 2258 1790 ι
2304 1739 2617 1794 recundiam
2644 1738 2858 1809 praeibit
2892 1738 3086 1810 gratia,
3115 1744 3172 1794 et
3209 1752 3308 1808 pro
3336 1738 3658 1793 reverentia
3691 1752 3847 1792 acce-

446 1906 455 1917 .
534 1840 880 1900 dilectionem
896 1850 1173 1912 operatur,
1197 1849 1253 1895 et
1277 1840 1536 1913 mysteria
1555 1840 1825 1911 passionis
1837 1840 2127 1897 Dominieae

2240 1849 2258 1882 ι
2305 1829 2395 1885 det
2418 1828 2514 1884 tibi
2536 1830 2678 1884 bona
2695 1827 2891 1901 gratia.
2927 1848 2946 1881 ι
2978 1827 3180 1898 Fulgor
3198 1827 3600 1884 coruscatiouis
3623 1826 3846 1898 praeibit

533 1933 804 2005 condigno
829 1932 1159 1989 venerantur
1179 1940 1546 1989 sacramento.

618 2046 637 2077 ι
674 2026 814 2095 Audi
847 2034 1059 2092 tacens,
1096 2035 1151 2082 et
1176 2041 1275 2097 pro
1301 2025 1603 2081 reverentia
1627 2023 1851 2080 accedet
1884 2023 1978 2079 tibi
2011 2039 2132 2095 gra-

542 2136 561 2169 ι
592 2118 666 2172 tia
696 2119 856 2177 bona.
872 2139 893 2171 ι
918 2118 1210 2190 Postquam
1230 2119 1299 2175 de
1320 2119 1553 2190 spiritali
1581 2118 1769 2175 laetitia
1796 2118 2132 2179 musicorum

534 2211 591 2267 in
612 2212 861 2269 convivio
878 2212 989 2267 viui
1016 2214 1231 2285 mystici
1260 2214 1578 2285 disputavit,
1608 2214 1815 2270 addidit
1837 2215 1903 2270 de
1947 2214 2133 2270 mode-

564 2304 638 2359 tia
684 2318 1013 2371 sermonem,
1061 2321 1130 2362 ne
1164 2305 1304 2363 forte
1341 2307 1463 2377 quis
1491 2322 1619 2363 eum
1656 2306 1951 2364 clamorem
1981 2305 2131 2361 vocis

531 2392 617 2459 vel
644 2394 789 2451 risus
816 2395 1146 2455 cachinnum
1191 2397 1249 2452 in
1293 2397 1556 2468 praedicto
1596 2399 1846 2455 convivio
1888 2399 2131 2455 exaltare

531 2486 668 2547 velle
686 2488 1002 2545 azstitnaret.
1029 2506 1049 2540 ι
1078 2488 1241 2554 Audi,
1270 2490 1469 2560 inquit,
1502 2500 1708 2557 tacens,
1741 2500 1799 2547 et
1836 2507 1937 2562 pro
1984 2506 2131 2546 reve-

532 2580 709 2645 rentia
751 2581 973 2637 accedet
1001 2579 1101 2637 tibi
1127 2581 1303 2651 gratia
1344 2581 1509 2638 bona.
1549 2602 1569 2636 ι
1627 2583 1818 2655 Itaque
1849 2598 2013 2654 quam
2040 2582 2131 2639 bo-

532 2685 660 2724 num
708 2670 779 2727 sit
827 2671 1029 2729 silentii
1055 2673 1389 2741 reverentia,
1416 2675 1659 2731 ostendit
1699 2674 2000 2747 legislator,
2048 2674 2129 2731 di-

527 2779 658 2821 cens
684 2766 751 2821 ad
774 2767 1029 2837 populum
1051 2768 1290 2838 priorem
1319 2786 1331 2822 :
1370 2786 1389 2819 ‹
1424 2767 1583 2836 Audi,
1618 2768 1804 2836 Israel,
1834 2777 1893 2824 et
1924 2776 2061 2824 tace.
2102 2790 2120 2822 ι

527 2857 666 2914 Hinc
705 2867 760 2914 et
789 2859 1047 2917 Salomon
1076 2862 1192 2917 ait:
1230 2881 1247 2914 ι
1282 2862 1387 2917 Fili
1423 2863 1521 2928 mi,
1549 2863 1771 2919 attende
1799 2862 2126 2934 sapientiam

527 2964 726 3018 meam,
765 2958 820 3011 et
848 2952 1151 3023 prudentiae
1204 2968 1338 3008 mea:
1389 2952 1590 3011 inclina
1640 2968 1829 3011 aurem
1884 2962 2031 3008 tuam
2068 2960 2128 3007 ut

524 3041 802 3103 custodias
837 3044 1219 3118 cogitationes,
1249 3054 1306 3100 et
1336 3044 1684 3117 disciplinam
1710 3045 1851 3101 labia
1885 3054 1972 3101 tua
2004 3062 2127 3102 eon-

524 3142 743 3197 servent
803 3132 987 3207 (Prov.
1026 3136 1183 3209 ιλιι).
1246 3156 1264 3189 ι
1311 3137 1354 3193 Ε
1414 3138 1692 3194 contrario
1739 3154 1871 3193 vero
1900 3138 2126 3195 dicitde

525 3226 754 3284 muliere
779 3236 1046 3285 extranea
1069 3240 1123 3286 et
1168 3230 1368 3296 aliena,
1417 3247 1538 3303 qum
1587 3231 1753 3287 verba
1800 3247 1898 3287 sua
1946 3231 2125 3287 dulcia

528 3314 661 3394 facit
694 3335 706 3372 :
731 3335 749 3370 ί
779 3317 1092 3389 Ρηιερειι-ειιει
1119 3328 1204 3375 est
1227 3320 1295 3376 ad
1319 3322 1613 3391 capiendas
1638 3321 1877 3389 animas;
1905 3323 2125 3394 garrula

523 3390 586 3460 et.
604 3422 758 3480 vaga,
791 3409 989 3479 quietis
1020 3409 1331 3482 impatiens,
1358 3427 1459 3467 nec
1500 3412 1688 3468 valens
1716 3412 1770 3468 in
1803 3413 1963 3470 domo
1989 3428 2124 3468 con-

524 3501 718 3559 sistere
755 3503 983 3574 pedibus
1004 3503 1137 3561 suis.
1182 3525 1199 3557 ι
1237 3505 1377 3562 Ilinc
1415 3522 1632 3578 quoque
1675 3506 1914 3565 Jacobus
1956 3507 2127 3563 frater

2235 1922 2445 1995 pondus
2470 1921 2766 1993 grandinis,
2821 1919 2902 1976 sic
2952 1920 3120 1976 etiam
3162 1921 3307 1976 nitor
3330 1920 3525 1993 gratiae
3576 1917 3849 1991 pracedit

2236 2015 2469 2084 gratiam
2506 2012 2864 2075 verecundia,
2898 2019 2953 2067 et
2993 2020 3158 2085 auget
3176 2027 3277 2086 pro
3298 2011 3617 2068 reverentia
3641 2011 3847 2067 donum

2237 2119 2486 2181 supernae
2507 2103 2713 2176 gloriae.

2313 2214 2331 2247 ε
2373 2195 2441 2251 Ει
2470 2197 2605 2252 hora
2628 2197 3013 2268 surgendinon
3046 2204 3097 2252 te
3119 2197 3285 2253 trices
3312 2214 3325 2250 :
3353 2210 3642 2268 praecurre
3662 2204 3847 2252 autem

2241 2308 2259 2341 ‹
2301 2290 2453 2360 prior
2497 2290 2554 2345 in
2598 2290 2819 2346 domum
2849 2299 3016 2356 tuam,
3072 2296 3126 2346 et
3157 2289 3269 2345 illic
3316 2303 3577 2355 avocare,
3632 2298 3697 2345 et
3742 2289 3848 2345 illic

2241 2399 2259 2432 ι
2304 2379 2451 2448 lude,
2481 2389 2537 2437 et
2566 2396 2665 2453 age
2693 2381 3079 2452 conceptiones
3107 2389 3245 2446 tuas,
3297 2389 3353 2436 et
3395 2395 3506 2436 non
3552 2380 3609 2435 in
3636 2379 3848 2436 delictis

2242 2492 2259 2525 ι
2307 2482 2361 2529 et
2400 2473 2566 2529 verbo
2596 2474 2850 2544 superbo.
2883 2473 2952 2528 Et
2996 2489 3158 2545 super
3186 2474 3271 2529 his
3311 2473 3570 2530 omnibus
3616 2473 3849 2530 benedic

2243 2584 2260 2616 ι
2308 2564 2479 2620 Deum
2511 2564 2603 2636 qui
2633 2564 2763 2620 fecit
2794 2573 2869 2632 te,
2906 2574 2962 2621 et
2988 2565 3353 2625 iuebriantcm
3378 2576 3435 2622 te
3468 2565 3540 2621 ab
3588 2567 3847 2622 omnibm

2241 2675 2259 2708 ι
2307 2655 2463 2713 bonis
2503 2658 2635 2713 suis.
2673 2677 2692 2709 ι
2730 2656 3004 2714 Admonet
3041 2673 3110 2717 ne
3152 2658 3325 2714 simus
3353 2658 3544 2714 tristes
3574 2674 3678 2715 seu
3709 2657 3847 2714 tardi

2234 2753 2290 2808 in
2322 2752 2605 2823 disciplina
2634 2761 2689 2807 et
2717 2753 3073 2809 meditatione
3093 2753 3392 2824 sapientize,
3427 2753 3526 2810 sed
3551 2752 3843 2809 redeamus

2234 2848 2303 2903 ad
2361 2855 2599 2903 utentem
2662 2850 2927 2914 nostram,
2990 2856 3048 2902 et
3104 2847 3159 2903 in
3219 2846 3441 2904 domum
3489 2846 3845 2903 conscientiae

2234 2948 2433 2999 nostrae
2461 2955 2561 2996 nos
2591 2954 2902 3005 avocemus,
2935 2951 2991 2997 et
3024 2939 3152 2996 illuc
3185 2954 3283 3011 per
3311 2940 3527 2996 sobrias
3556 2929 3843 3012 cogitatio-

2233 3048 2329 3088 nes
2357 3032 2682 3089 ventilemus
2722 3041 2778 3087 ct
2822 3033 3161 3089 rumiuemus
3193 3032 3359 3089 verba
3391 3031 3703 3103 Scriptura:
3754 3047 3839 3087 sa-

2236 3146 2361 3186 crae.
2419 3127 2759 3199 Omninoque
2815 3144 3126 3195 caveamus,
3182 3143 3253 3184 ne
3299 3126 3564 3198 cogitatio
3607 3125 3840 3197 superba

2230 3224 2687 3294 subrepatnobis,
2720 3232 2777 3279 et
2806 3224 2931 3281 inde
2953 3223 3120 3279 faciat
3157 3238 3256 3278 nos
3303 3236 3429 3278 reos
3473 3236 3670 3276 coram
3714 3221 3838 3286 Deo,

2227 3318 2564 3375 aestimantes
2604 3317 2748 3387 quod
2788 3317 3118 3373 sufﬁcientes
3159 3317 3330 3373 simus
3356 3314 3605 3386 cogitare
3632 3314 3838 3385 aliquid

2228 3429 2258 3467 a
2281 3413 2437 3469 nobis
2465 3412 2622 3483 quasi
2651 3427 2719 3468 ex
2768 3413 2926 3468 nobis
2974 3430 2987 3465 :
3033 3412 3127 3468 sed
3161 3409 3546 3469 sufﬁcientiam
3589 3417 3834 3464 nostram

2227 3507 2449 3562 omnino
2498 3521 2565 3560 ex
2615 3505 2726 3561 Deo
2755 3519 2877 3561 esse
2932 3506 3268 3571 noverimus,
3316 3505 3410 3576 qui
3461 3502 3709 3576 Spiritus
3756 3502 3835 3559 sui

523 3592 738 3650 Domini
761 3594 816 3650 in
842 3595 1086 3666 Epistula
1124 3613 1218 3653 sua
1249 3598 1526 3667 admonet,
1569 3599 1754 3657 dicens
1786 3619 1797 3653 :
1839 3622 1856 3652 ι
1913 3598 1996 3655 Sit
2022 3616 2123 3656 au-
2227 3599 2367 3654 dono
2398 3598 2526 3654 fecit
2558 3614 2657 3653 nos
2699 3614 2819 3656 esse
2849 3598 3110 3655 docibiles
3139 3608 3196 3655 et
3229 3598 3473 3654 intentos
3501 3598 3573 3652 ad
3613 3596 3833 3652 discen-

524 3691 634 3739 tem
665 3686 843 3743 omnis
875 3689 1039 3745 homo
1061 3689 1218 3751 velox
1248 3690 1316 3745 ad
1342 3692 1692 3759 audiendum;
1727 3693 1915 3749 tardus
1942 3702 2123 3747 autem
2226 3694 2351 3748 dam
2398 3692 2722 3763 sapientiam
2765 3708 2938 3748 suam.
2984 3694 3163 3763 lpsum
3203 3707 3421 3763 semper
3444 3691 3836 3747 benedicatnus

520 3774 588 3828 ad
648 3774 1000 3845 loquendum,
1052 3788 1105 3834 et
1154 3780 1342 3835 tardus
1392 3781 1460 3836 ad
1506 3782 1645 3836 iram
1697 3779 1838 3853 (Jac.
1875 3783 1935 3853 ι).
1979 3804 1998 3836 ›
2056 3783 2124 3839 Ει
2223 3784 2319 3855 qui
2348 3782 2479 3838 fecit
2508 3799 2625 3850 nos,
2651 3794 2706 3838 et
2734 3800 2830 3855 pcr
2856 3785 3090 3856 gratiam
3124 3799 3279 3841 suam
3322 3783 3481 3841 bonis
3514 3783 3638 3840 suis
3660 3783 3832 3855 reple-

524 3868 656 3925 item
689 3886 702 3924 :
738 3888 756 3921 ι
797 3869 989 3939 Nolite,
1016 3872 1215 3944 inquit,
1245 3873 1430 3943 plures
1470 3875 1716 3947 magistri
1746 3874 1885 3942 ﬁeri,
1920 3874 2122 3933 fratres
2225 3879 2304 3933 vit
2333 3897 2345 3932 :
2373 3878 2461 3933 cui
2498 3878 2571 3933 sit
2616 3878 2809 3943 honor,
2846 3886 2900 3934 ct
2928 3878 3119 3949 gloria,
3167 3886 3221 3935 et
3259 3884 3504 3949 potestas
3554 3877 3615 3932 in
3652 3876 3833 3932 omnia

522 3960 649 4027 mei,
701 3962 938 4019 scientes
988 3966 1246 4035 quoniam
1278 3966 1452 4036 majus
1477 3968 1746 4038 judicium
1779 3970 2027 4037 sumitis;
2068 3971 2123 4026 in
2224 3969 2425 4025 saecula
2457 3970 2805 4025 szeculorum.
2829 3970 3023 4025 Amen.

520 4053 704 4109 multis
728 4055 871 4113 enim
900 4054 1225 4114 offendimus
1260 4074 1470 4115 omnes.
1519 4080 1538 4111 ι
1579 4059 1636 4115 Si
1682 4062 1803 4131 quis
1850 4073 2030 4117 autem
2066 4063 2123 4117 in
2301 4085 2318 4116 ι
2363 4064 2466 4131 Qui
2493 4065 2649 4120 timet
2677 4064 2871 4132 Deum,
2896 4064 3134 4137 excipiet
3151 4064 3455 4122 doctrinam
3477 4063 3635 4134 ejus;
3666 4064 3835 4134 etqui

520 4147 687 4203 verbo
712 4162 822 4205 non
856 4147 1102 4218 oﬂ'endit,
1159 4152 1249 4207 hic
1282 4151 1556 4223 perfectus
1603 4161 1686 4209 est
1726 4154 1830 4209 vir.
1882 4154 2035 4212 Unde
2068 4165 2124 4211 et

421 4265 431 4276 -
519 4238 789 4310 sapientia
807 4242 1133 4315 discipulum
1164 4244 1407 4313 instruit,
1432 4245 1649 4303 dicens:

594 4350 614 4384 ι
654 4332 991 4394 Adolescens
1007 4337 1235 4409 loquere
1252 4339 1309 4397 in
1335 4346 1429 4397 tua
1452 4355 1615 4399 causa
1636 4340 1725 4397 vix
1747 4357 1871 4398 cum
1897 4357 2121 4398 necesse

522 4445 541 4479 ‹
583 4425 769 4483 fuerit.
821 4426 882 4486 Si
923 4430 1011 4487 bis
1059 4431 1427 4503 interrogatus
1476 4433 1670 4502 fueris,
1719 4436 1916 4492 habeat
1960 4444 2123 4506 caput

521 4535 540 4569 ι
587 4531 909 4589 respausum
935 4529 1107 4587 tuum.
1153 4521 1214 4581 In
1239 4522 1426 4589 multis
1456 4533 1576 4581 esto
1612 4527 1770 4596 quasi
1806 4527 2032 4591 inscius,
2065 4536 2121 4583 et

521 4625 540 4659 ι
588 4602 715 4664 audi
739 4614 928 4673 tacens
954 4609 1119 4671 simul
1142 4621 1199 4669 et
1221 4628 1492 4685 quaerens.
1523 4615 1582 4670 In
1619 4616 1799 4675 medio
1830 4628 2116 4687 magnato-

520 4718 539 4751 ι
587 4714 710 4759 rum
731 4716 839 4765 non
855 4715 1188 4773 pmsumas;
1213 4714 1270 4767 et.
1290 4706 1383 4763 ubi
1406 4718 1534 4765 sunt
1553 4724 1732 4777 senes,
1757 4726 1867 4767 non
1890 4712 2119 4770 multum

519 4806 538 4841 ι
586 4789 851 4863 loquaris.
890 4813 911 4847 ι
946 4791 1173 4866 Oportet
1220 4812 1351 4871 ergo
1374 4800 1713 4872 magistrum
1743 4802 1891 4875 loqui
1922 4815 1978 4860 et
2020 4807 2118 4862 du—

515 4894 657 4948 cere,
692 4881 1014 4957 discipulum
1055 4900 1184 4944 vero
1223 4892 1477 4948 convenit
1504 4900 1686 4951 tacere
1725 4903 1780 4951 et
1809 4896 2015 4953 audire.
2054 4898 2121 4954 Et

515 4974 563 5030 si
583 4974 802 5044 quando
823 4978 1116 5052 contigerit
1143 4996 1269 5037 eum
1304 4982 1474 5054 loqui,
1497 4999 1672 5055 pauca
1693 4995 1748 5042 et
1776 4987 2119 5046 rationabilia

516 5065 683 5123 verba
704 5067 967 5139 proferat,
996 5087 1067 5129 ne
1094 5072 1347 5129 videatur
1367 5074 1488 5146 plus
1515 5075 1663 5147 loqui
1690 5092 1852 5148 quam
1876 5080 2112 5149 expedit.

516 5156 632 5216 Hoc
664 5159 831 5218 etiam
876 5162 992 5236 ipsc
1042 5163 1303 5223 Dominus
1339 5182 1437 5223 suo
1488 5168 1738 5239 exemplo
1793 5186 1894 5226 nos
1938 5172 2118 5229 facere

2231 4182 2248 4214 ι
2292 4160 2597 4233 vigilaverit
2641 4161 2708 4216 ad
2754 4159 2928 4228 illum,
2967 4160 3246 4217 invenient
3275 4158 3721 4215 benedictionem
3776 4159 3832 4213 il-

2232 4272 2250 4305 ι
2294 4253 2419 4310 lius.
2471 4273 2488 4305 ι
2526 4253 2641 4308 Hoc
2667 4261 2751 4309 cst
2776 4253 3036 4310 indicium
3064 4252 3279 4309 timoris
3312 4252 3431 4319 Dei,
3475 4251 3639 4322 quod'
3669 4250 3834 4307 homo

2224 4346 2511 4419 diligenter
2538 4347 2831 4403 meditetur
2879 4347 3055 4420 legem
3097 4345 3231 4416 ejus,
3281 4354 3336 4403 et
3368 4344 3653 4401 humiliter
3680 4346 3831 4403 exci-

2223 4439 2337 4510 piat
2404 4439 2709 4495 doctrinam
2759 4439 2926 4506 illius,
2984 4440 3164 4511 sitque
3208 4438 3336 4511 vigil
3382 4449 3438 4495 et
3483 4445 3745 4495 strenuus
3780 4439 3832 4495 in

2224 4532 2471 4588 custodia
2499 4531 2882 4588 mandatorum
2925 4532 3063 4603 ejus,
3090 4541 3148 4588 et
3167 4532 3248 4589 sic
3268 4530 3464 4603 procul
3490 4530 3663 4588 dubio
3689 4531 3832 4588 acci-

2225 4622 2339 4692 piet
2359 4621 2795 4679 benedictionem
2820 4622 3276 4679 remunerationis
3298 4621 3463 4679 illius.

2305 4736 2323 4767 ς
2369 4714 2472 4782 Qui
2493 4714 2687 4785 qumrit
2716 4714 2914 4791 legem,
2944 4713 3245 4788 replebitur
3268 4714 3337 4770 ab
3364 4728 3466 4781 ea;
3494 4720 3553 4769 et
3573 4713 3672 4785 qui
3700 4713 3832 4769 insi-

2233 4826 2251 4859 ι
2296 4805 2445 4861 diose
2482 4806 2615 4876 agit,
2648 4804 3111 4877 scandalizabitur
3136 4805 3195 4861 in
3215 4804 3327 4862 illa.
3353 4824 3373 4859 ι
3401 4803 3599 4878 Magna
3620 4803 3827 4863 distan-

2227 4901 2297 4958 tia
2339 4904 2594 4961 estinter
2631 4902 2957 4960 benevolum
3002 4903 3139 4974 legis
3185 4903 3283 4960 Dei
3332 4910 3727 4985 scrutatorem,
3776 4912 3829 4959 ct

2226 4997 2545 5055 insidiosum
2573 5006 2737 5055 recte
2763 4996 3023 5055 doctrina:
3059 5003 3425 5069 captatorem;
3474 4997 3622 5053 inter
3642 4996 3829 5053 altho-

2223 5087 2388 5143 licum
2429 5096 2592 5145 rectae
2631 5088 2758 5144 fidei
2818 5095 3169 5156 sectatorem,
3219 5097 3275 5143 et
3321 5088 3644 5145 haereticutn
3706 5086 3823 5144 falsi

2224 5142 2838 5252 dogmatis—perversum
2854 5142 3214 5238 sarisas.
3234 5142 3336 5236 ωε
3364 5142 3539 5237 si...
3556 5142 3705 5250 quod
3740 5142 3823 5250 διέ-
3844 5142 3863 5252 1

515 5251 720 5353 docuit,
740 5257 966 5354 quando
1000 5258 1057 5317 in
1100 5258 1439 5318 Hierusalem
1470 5263 1841 5322 duodeceunis
1894 5268 2119 5327 sedebat
2224 5279 2370 5328 stum
2398 5281 2482 5327 est
2518 5251 2669 5342 juste
2697 5271 3037 5343 exsequitur,
3072 5272 3174 5327 iste
3199 5271 3487 5327 veritatem
3516 5270 3571 5326 in
3602 5270 3822 5327 menda-

517 5341 575 5398 in
632 5346 812 5403 medio
864 5350 1147 5407 doctorum
1201 5352 1426 5410 audiens
1455 5352 1577 5410 illos
1624 5364 1680 5411 et
1747 5357 2111 5432 interrogans.
2223 5366 2368 5421 cium
2406 5341 2726 5421 subvertere
2754 5341 2980 5431 nititur;
3040 5363 3131 5419 ille
3172 5363 3398 5419 devotus
3426 5362 3578 5418 verbi
3604 5362 3701 5419 Dei
3738 5374 3821 5419 est

516 5432 595 5491 De
647 5453 755 5508 quo
801 5441 1057 5497 continuo
1112 5441 1393 5515 Scriptura
1445 5446 1764 5520 subjungit,
1854 5449 2043 5507 dicens
2097 5471 2111 5506 :
2226 5454 2461 5516 auditor,
2498 5455 2601 5510 iste
2638 5453 2943 5509 malitiosus
2982 5449 3388 5524 Scripturarum
3427 5463 3512 5510 est
3553 5456 3817 5526 interpre-

524 5545 543 5577 ι
588 5526 890 5599 Stupebant
915 5537 1097 5587 autem
1145 5547 1335 5588 omnes
1388 5547 1550 5603 super
1602 5540 1891 5602 prudentta
1939 5545 1995 5589 et
2030 5550 2118 5589 rc-
2225 5550 2401 5607 tator;
2432 5542 2522 5596 ille
2544 5544 2685 5597 bona
2719 5559 2968 5613 quaerens
2994 5546 3291 5616 replebitur
3328 5548 3508 5615 bonis,
3538 5550 3643 5604 iste
3664 5564 3815 5604 scau-

518 5621 732 5691 sponsis
762 5620 877 5691 ejus
912 5621 1063 5697 (Luc.
1097 5625 1192 5696 tv).
1233 5644 1250 5675 ›
1291 5622 1489 5679 Doctor
1514 5626 1829 5698 angelorum
1859 5636 1982 5682 ante
2021 5628 2119 5682 tri-
2222 5634 2342 5689 dala
2382 5635 2701 5692 maclrinans
2753 5638 3209 5695 scandaliznbitur
3270 5641 3325 5696 in
3377 5641 3501 5696 illis.
3563 5640 3716 5697 Unde
3763 5648 3813 5693 ct

521 5710 746 5771 cenuale
774 5722 983 5787 tempus
1016 5715 1070 5769 in
1103 5723 1248 5770 terra
1280 5717 1538 5788 magister
1570 5718 1685 5773 fieri
1713 5717 1883 5773 noluit
1932 5720 2113 5775 homi-
2218 5730 2467 5783 subditur
2496 5748 2508 5782 ;

522 5815 693 5871 num,
762 5813 822 5862 ut
874 5805 1124 5865 videlicet
1189 5808 1541 5880 praecipitatis
1596 5810 1703 5869 vim
1763 5811 2109 5871 saluberrimi
2166 5894 2171 5899 Ξ
2292 5838 2308 5869 ι
2357 5818 2457 5887 Qui
2506 5820 2695 5878 timent
2737 5822 3042 5895 Dominum,
3085 5825 3363 5883 invenient
3415 5825 3679 5899 judicium
3725 5826 3808 5897 ju-
