4030 6530
292 336 402 398 997

1156 330 1512 391 cunnum.
1556 331 1626 387 lN
1665 328 2281 404 ECCLESIASTICUM.
2321 332 2392 378 -ε
2429 334 2559 390 LIB.
2593 317 2715 391 vn;

3477 329 3580 401 998

303 468 323 504 ι
366 444 892 520 stum,etjustitiam
912 445 1264 518 quasi.umen
1286 445 1603 522 accendent.
1628 444 1891 515 Peccator
1917 452 1973 513 Α
1997 445 2156 501 modo
2197 444 2453 503 caieﬁet?
2497 455 2554 505 et
2592 447 2641 503 si
2682 458 2951 520 quispiam
2989 446 3340 520 praevaluerit
3393 458 3583 508 contra

302 563 321 597 ε
365 542 530 599 homo
575 529 837 597 devitabit
884 538 1272 610 coreptionem,
1300 547 1357 595 et
1382 538 1679 596 secundum
1703 538 1889 595 volun-

300 650 321 687 t
364 638 533 689 tatem
553 646 710 689 suam
731 630 972 688 inveniet
1007 631 1490 705 comparationem.
1528 650 1549 683 ι
1608 631 1888 691 Timentes

292 738 424 801 ergo
443 723 753 791 Dominum,
775 722 868 796 qui
887 722 1156 795 justitiam
1182 731 1345 780 rectae
1365 723 1627 780 doctrinae
1651 732 1705 780 et
1726 726 1888 783 bono-

292 831 415 875 rum
444 831 670 890 operum
696 816 856 887 quasi
910 815 1092 873 lumen
1136 816 1206 871 ad
1258 816 1668 874 instructionem
1705 818 1886 888 proxi-

292 925 508 969 morum
528 923 753 966 suorum
773 909 1090 979 accendent,
1114 917 1170 966 et
1190 924 1373 966 coram
1400 909 1587 967 multis
1612 910 1887 969 lucescere

292 1006 517 1072 facient,
546 1002 827 1060 invenient
864 1002 1130 1074 judicium
1172 1002 1383 1074 justum
1418 1024 1430 1060 :
1478 1004 1739 1077 quoniam
1786 1022 1887 1079 pro

290 1098 590 1157 benefactis
653 1101 917 1173 recipient
962 1101 1183 1158 cteleste
1230 1101 1513 1174 praemium
1563 1118 1578 1158 :
1622 1119 1654 1158 e
1697 1110 1888 1159 contra

290 1205 421 1249 vero
446 1200 782 1263 peceatores,
813 1194 908 1264 qui
957 1193 1196 1250 devitant
1248 1202 1304 1250 et
1353 1194 1567 1268 fugiunt
1611 1195 1886 1253 salubrem

290 1285 714 1356 wrreptionem,
769 1286 1068 1343 secundum
1113 1302 1386 1357 perversae
1437 1287 1734 1344 voluntatis
1775 1304 1888 1344 sua:

288 1375 615 1433 electionem
666 1376 724 1432 in
768 1378 1018 1449 gehenna
1069 1378 1208 1449 ignis
1242 1378 1522 1437 invenient
1562 1382 1886 1453 condignam

287 1476 641 1540 peccatorum
663 1481 888 1529 suorum
918 1471 1501 1542 recompensatienem.

366 1578 386 1612 σ
433 1561 529 1615 Vir
571 1561 783 1617 consilii
848 1577 956 1617 non
1029 1563 1305 1634 disperdet
1360 1564 1794 1637 intelligentiam.
1858 1585 1879 1621 ι

286 1653 505 1721 Quanto
552 1654 716 1710 homo
758 1654 1078 1724 prudentior
1132 1664 1237 1724 est,
1286 1665 1437 1714 tanto
1490 1659 1665 1730 magis
1714 1658 1887 1714 utitur

286 1747 515 1805 consilio
541 1747 936 1818 proximorum,
984 1757 1041 1805 et
1084 1750 1212 1806 inde
1241 1750 1460 1807 additur
1489 1750 1541 1808 ei
1576 1752 1884 1828 intelligen-

290 1838 385 1906 tia,
419 1848 476 1897 et
503 1856 615 1898 non
654 1840 933 1899 minuetur
958 1842 1206 1898 scientia.

366 1952 385 1986 ι
426 1933 652 1993 Alienus
676 1944 733 1990 et
761 1936 1027 2006 superbus
1075 1952 1185 1993 non
1232 1938 1571 2009 pertimescit
1608 1940 1881 2013 timorem,

294 2045 313 2080 ι
346 2026 513 2083 etiam
527 2036 814 2100 postquam
827 2027 955 2087 fecit
973 2045 1097 2087 cum
1119 2044 1185 2086 eo
1201 2031 1318 2090 sine
1332 2035 1581 2101 cuneilio,
1597 2045 1653 2092 et
1680 2039 1795 2094 suis
1806 2038 1887 2093 in-

293 2137 313 2171 ι
335 2120 1018 2194 sectatiouibusarguetur.
1040 2143 1059 2175 ι
1081 2123 1183 2192 Qui
1197 2140 1330 2197 ergo
1340 2127 1572 2197 superba
1587 2128 1886 2186 intemione

289 2209 528 2266 alienum
562 2224 622 2267 se
655 2209 788 2267 facit
815 2229 845 2268 a
872 2212 1141 2270 bonorum
1172 2215 1588 2278 consiliatorum
1642 2233 1887 2283 commu-

287 2300 578 2366 nicatione,
610 2317 720 2359 non
746 2305 1084 2374 pertimescit
1110 2307 1301 2376 Deum,
1350 2309 1443 2379 qui
1473 2310 1637 2366 timor
1658 2319 1715 2367 et
1734 2317 1888 2369 amor

286 2402 372 2451 est
410 2394 671 2452 ﬁdelium.
724 2396 791 2452 Et
825 2406 1115 2470 postquam
1150 2399 1269 2457 sine
1316 2400 1545 2459 consilio
1589 2402 1734 2461 facto
1788 2420 1888 2461 suo

288 2486 528 2543 innitens
565 2487 770 2559 aliquid
798 2490 1052 2560 nequiter
1075 2492 1290 2559 fecerit,
1331 2508 1400 2549 ex
1437 2493 1557 2551 suis
1579 2495 1889 2552 insectatio-

287 2578 449 2635 nibus
491 2579 940 2650 reprchensibilis
988 2583 1241 2642 inventus
1292 2593 1571 2655 urguetur.
1611 2586 1714 2645 Hic
1756 2603 1888 2660 ergo

286 2673 439 2732 locus
457 2678 527 2733 ad
554 2678 882 2736 catholicum
933 2680 1211 2737 hominem
1240 2690 1299 2738 et
1342 2684 1659 2741 haereticum
1711 2691 1891 2755 potest

288 2768 601 2838 transferri,
646 2771 777 2842 quia
822 2773 962 2829 bene
1004 2772 1309 2833 catholicus
1355 2784 1412 2832 et
1468 2764 1641 2835 Deum
1692 2779 1890 2836 timens

286 2862 473 2917 omnia
493 2864 607 2934 agit
630 2862 790 2935 juxta
815 2867 1247 2925 orthodoxorum
1276 2869 1665 2941 magistrorum
1708 2872 1891 2928 consi-

288 2955 445 3024 lium,
475 2966 533 3014 et
554 2968 873 3018 sanctarum
894 2961 1304 3041 Scripturarum
1334 2966 1755 3036 documentum;
1782 2968 1887 3025 hm-

1994 554 2179 605 unum,
2206 538 2313 594 duo
2344 540 2610 597 resistunt
2631 540 2683 595 ei
2712 537 2881 613 (Eccl.
2912 539 3042 612 ιν).»
3088 537 3428 597 Describitur
3455 541 3585 614 quid

1988 632 2118 690 boni
2165 632 2365 689 habeat
2393 633 2694 690 amicorum
2721 632 3160 702 contubernium,
3191 640 3247 690 et
3295 648 3585 693 commune

1992 723 2245 783 solatium
2275 743 2287 780 :
2315 725 2444 795 quia
2476 725 2703 782 alterius
2730 726 2889 782 ruina
2921 724 3151 782 alterius
3170 724 3372 783 auxilio
3403 727 3584 784 suble-

1989 828 2171 887 vatur,
2195 827 2251 874 et
2278 834 2438 876 curas
2469 819 2799 875 domesticas
2848 830 3014 892 atque
3046 819 3217 892 ipsius
3247 834 3462 892 quoque
3489 836 3586 876 no-

1990 910 2093 967 ctis
2130 911 2378 982 requiem
2422 910 2619 967 melius
2649 910 2817 982 exigit
2862 909 2973 979 ille,
3005 908 3100 981 qui
3143 908 3311 967 ﬁdum
3348 911 3586 967 amicum

1988 1003 2176 1072 habet,
2206 1019 2369 1075 quam
2396 1004 2490 1075 qui
2537 1002 2685 1059 solus
2708 1003 2901 1075 opibus
2948 1004 3213 1060 incumbit
3269 1006 3580 1077 requisitis;

1988 1103 2046 1151 et
2065 1104 2269 1165 quanto
2295 1098 2402 1153 duo
2423 1112 2532 1151 uno
2554 1092 2826 1164 differunt,
2853 1096 2901 1152 si
2923 1111 3107 1153 amore
3126 1095 3402 1167 conjuncti
3435 1105 3584 1165 sunt,

1989 1192 2141 1244 tanto
2178 1189 2345 1245 etiam
2380 1191 2545 1245 trium
2586 1189 3001 1246 contubernium
3041 1190 3165 1262 plus
3190 1191 3373 1250 valere
3412 1200 3583 1264 patet.

1988 1285 2201 1341 Etenim
2236 1302 2366 1342 vera
2402 1286 2642 1343 charitas
2671 1293 2725 1342 et
2755 1285 2903 1341 nullo
2932 1284 3137 1342 violata
3161 1286 3350 1354 livore,
3381 1294 3587 1357 quanto

1990 1387 2219 1450 augetur
2247 1395 2494 1448 numero,
2531 1387 2683 1435 tanto
2707 1380 2910 1436 crescit
2938 1386 2995 1436 et
3023 1379 3241 1436 robore.
3267 1378 3376 1435 Sed
3404 1388 3587 1436 tamen

1989 1472 2269 1529 sciendum
2303 1473 2447 1544 quod
2483 1473 2640 1531 multi
2660 1481 2787 1531 sunt
2813 1473 2909 1544 qui
2934 1472 3126 1528 ineunt
3145 1472 3454 1538 consilium,
3486 1472 3582 1528 sed

1988 1565 2236 1621 veritatis
2254 1574 2309 1620 et
2328 1565 2478 1636 pacis
2507 1582 2618 1621 non
2638 1566 2918 1622 invenient
2959 1564 3407 1622 stabilimentum.
3435 1564 3589 1620 Sicut

1988 1656 2046 1712 in
2104 1656 2399 1729 Evangelio
2456 1657 2690 1728 legitur,
2748 1657 2892 1727 quod
2947 1654 3154 1712 Scriba:
3223 1665 3280 1712 et
3328 1655 3589 1713 Pharisaei

1997 1768 2017 1801 ί
2060 1750 2324 1806 abeuntes
2341 1750 2669 1821 Asonsil'tum’
2704 1749 2939 1809 inierunt
2951 1748 3256 1808 adversum
3284 1743 3491 1820 Iesum,
3529 1758 3588 1811 ut

1913 1852 2395 1920 Bcaperent-eum
2415 1847 2469 1902 in
2496 1861 2746 1903 sermone
2776 1845 2991 1917 (Matth.
3020 1843 3177 1915 xm).
3229 1864 3249 1897 ι
3304 1845 3370 1900 Et
3400 1845 3528 1901 item
3569 1863 3582 1900 :

1995 1960 2014 1993 ι
2060 1941 2343 2011 Principes
2393 1941 2737 1997 sacerdotum
2787 1936 3073 1994 consilium
3129 1935 3399 2003 fecerunt,
3456 1951 3591 2007 quo-1

1989 2035 2150 2093 modo
2208 2033 2397 2091 desum
2443 2033 2565 2089 dolo
2606 2039 2857 2088 tenerent
2891 2037 2949 2086 et
2999 2028 3313 2085 occiderent
3368 2028 3587 2102 (Matth.

1989 2127 2163 2198 nm).
2212 2146 2230 2178 ι
2268 2126 2422 2183 Unde
2447 2127 2503 2182 in
2531 2125 2816 2191 Psalterio,
2841 2125 3058 2181 beatum
3076 2124 3255 2181 virum
3298 2139 3418 2183 esse
3440 2126 3593 2195 dicit,

1989 2220 2084 2291 qui
2117 2236 2225 2276 non
2273 2220 2410 2275 abiit
2451 2220 2508 2275 in
2552 2219 2784 2276 consilio
2808 2218 3119 2291 impiorum,
3143 2225 3201 2273 et
3235 2220 3291 2277 in
3326 2219 3417 2275 via
3460 2233 3590 2290 pec-

1991 2322 2241 2370 catorum
2265 2328 2374 2370 non
2404 2313 2574 2376 stetit.
2619 2321 2676 2368 et
2720 2313 2776 2368 in
2818 2311 3078 2368 cathedra
3116 2311 3439 2383 pestilentiae
3482 2326 3591 2367 non

1991 2406 2149 2464 sedit.
2203 2405 2310 2462 Sed
2364 2408 2421 2463 in
2468 2406 2587 2479 lege
2616 2406 2830 2462 Domini
2864 2407 3116 2465 voluntas
3144 2406 3284 2477 ejus,
3305 2412 3363 2462 et
3392 2405 3449 2461 in
3477 2404 3596 2477 lege

1991 2497 2109 2567 ejus
2153 2497 2503 2555 meditabitur
2550 2497 2638 2554 die
2691 2514 2757 2553 ac
2785 2506 2947 2555 nocte
2993 2497 3167 2570 (Post.
3200 2498 3264 2570 ι).
3307 2516 3327 2551 ι
3379 2495 3597 2552 Solum-

1992 2590 2154 2647 modo
2180 2606 2309 2663 ergo
2356 2591 2574 2647 salubre
2608 2599 2693 2645 est
2744 2591 3037 2647 consilium
3076 2589 3224 2663 quod
3262 2605 3331 2647 ex
3360 2588 3597 2659 Spiritus

1992 2684 2166 2747 sancti
2210 2685 2352 2744 dono
2399 2685 2557 2755 juxta
2602 2683 2779 2755 legem
2830 2684 3070 2741 divinam
3099 2699 3199 2756 per
3241 2682 3504 2751 ﬁdelium,
3543 2688 3601 2739 et

1992 2778 2166 2834 Deum
2198 2776 2507 2833 timentium
2529 2776 2808 2848 profertur
2834 2777 3249 2834 documentum.

2070 2888 2091 2921 ι
2136 2868 2197 2924 In
2224 2868 2314 2924 via
2338 2869 2510 2924 ruinae
2529 2884 2637 2923 non
2658 2883 2774 2935 eas,
2802 2876 2856 2923 et
2882 2883 2990 2924 non
3014 2867 3256 2924 oﬁ'endas
3279 2868 3336 2923 in
3362 2866 3590 2939 lapides,

1999 2979 2020 3013 ι
2066 2976 2171 3017 nec
2190 2962 2385 3018 credas
2410 2969 2466 3016 te
2497 2961 2599 3016 viae
2624 2959 2930 3027 laboriosae,
2957 2976 3025 3016 ne
3054 2975 3228 3030 ponas
3262 2960 3459 3016 animae
3488 2966 3597 3013 tua:

290 3050 496 3107 retices
515 3054 785 3124 veroquia
805 3056 1027 3126 proprio
1049 3056 1245 3113 nititur
1262 3058 1521 3130 cogitatu,
1543 3067 1598 3116 et
1616 3060 1891 3130 perversis
2000 3074 2021 3107 ι
2066 3051 2403 3109 scandalum.
2450 3071 2472 3105 ι
2511 3051 2611 3107 Via
2662 3052 2835 3111 ruinae
2879 3061 2963 3109 est
3011 3052 3273 3123 haeretica
3329 3050 3601 3119 doctrina,

290 3156 401 3198 non
455 3142 672 3201 desistit
747 3147 1028 3205 adharere
1112 3149 1538 3217 inventionibus,
1597 3158 1893 3221 postquam
1998 3146 2054 3202 in
2076 3161 2181 3219 qua
2224 3161 2332 3203 non
2357 3154 2443 3202 est
2471 3145 2878 3215 ambulandum,
2907 3146 3034 3217 quia
3062 3144 3289 3202 offensio
3316 3144 3521 3202 erroris
3546 3150 3603 3201 et

247 3272 251 3279 τ
289 3232 521 3289 stultitia
542 3233 665 3305 ejus‘
684 3236 958 3307 patefacta
986 3236 1142 3306 furit,
1172 3254 1271 3310 per
1308 3249 1527 3297 sanctos
1560 3239 1887 3313 praedicato-
1913 3236 1960 3301 C
1992 3239 2262 3296 scelerum
2286 3238 2362 3296 ibi
2389 3238 2659 3295 consistit.
2692 3238 2849 3307 Quod
2876 3246 3061 3294 autem
3096 3237 3229 3293 dicit
3255 3255 3270 3293 :
3306 3256 3327 3290 (
3380 3237 3460 3293 Ne
3485 3251 3605 3293 cre-

291 3346 381 3389 res
401 3334 688 3391 sententiis
707 3335 907 3391 divinis
939 3337 1304 3394 coercebitur.

295 3530 431 3589 Cum
456 3536 675 3593 consilio
690 3539 936 3610 facienda
957 3543 1159 3667 arrigit},
1198 3543 1289 3599 sed
1312 3543 1447 3598 bona
1476 3559 1596 3598 cum
1618 3543 1888 3613 adjutorto

1085 3630 1150 3667 et.

1085 3630 1150 3669 ει.

375 3722 392 3756 ι
437 3702 560 3773 Fili,
587 3706 706 3763 sine
728 3709 954 3766 consilio
978 3709 1115 3767 nihil
1135 3710 1324 3777 facias,
1345 3719 1402 3767 et
1421 3717 1543 3782 post
1558 3710 1764 3767 factum
1784 3724 1895 3766 non

297 3812 319 3846 ι
364 3796 679 3865 ρωηὶιθὺίε.
711 3816 730 3851 ι
769 3795 1070 3856 Consilium
1097 3809 1203 3868 est,
1230 3809 1293 3857 ut
1317 3801 1539 3873 quidam
1567 3800 1774 3867 volunt,
1804 3801 1897 3857 de-

294 3887 543 3946 liberatio
582 3892 800 3960 mentis,
860 3893 975 3949 sive
1027 3894 1169 3950 ratio
1208 3908 1419 3960 sensus,
1470 3907 1566 3949 seu
1606 3891 1892 3964 judicium.

294 3977 409 4035 Hoc
443 3981 719 4049 admonet,
746 3991 817 4038 ut
854 3983 991 4039 nihil
1034 3985 1152 4041 sine
1192 3984 1540 4052 discretione,
1581 3986 1811 4051 ratione,
1841 3993 1897 4043 et

292 4071 494 4144 judicio
517 4075 804 4133 faciamus.
828 4075 899 4133 At
920 4087 1111 4134 contra
1136 4080 1449 4152 praecipites
1472 4095 1599 4136 cum
1628 4080 1894 4136 bonorum

297 4175 517 4222 actuum
543 4174 757 4238 tempus
792 4172 1155 4241 praeveniunt,
1184 4173 1442 4230 meritum
1466 4180 1812 4243 pervertunt,
1842 4179 1899 4228 et

299 4271 443 4328 saepe
472 4258 529 4312 in
566 4256 723 4314 malis
752 4270 1033 4329 corruunt,
1066 4262 1194 4318 dum
1223 4264 1382 4320 ~bona
1429 4263 1655 4319 minime
1699 4263 1901 4319 discer-

299 4359 459 4418 nunt,
490 4353 583 4423 qui
629 4368 973 4425 nequaquam
999 4371 1121 4426 qute
1148 4365 1202 4412 et
1246 4356 1464 4428 quando
1516 4365 1682 4429 agant
1731 4356 1900 4427 inspi-

300 4441 473 4511 ciunt,
501 4445 598 4500 sed
642 4445 964 4519 plerumque
1007 4456 1152 4516 acta,
1179 4448 1308 4520 quia
1355 4450 1430 4504 ita
1457 4457 1568 4505 non
1594 4447 1902 4505 debuerunt

302 4548 486 4609 agere,
526 4551 882 4610 cognoscunt.
918 4541 1074 4598 Unde
1122 4556 1220 4614 per
1268 4541 1616 4600 Salomonem
1654 4540 1894 4598 dicitur:

1994 3334 2096 3389 das
2122 3341 2176 3389 te
2203 3334 2306 3389 vim
2353 3333 2661 3400 laboriosae,
2692 3348 2763 3390 ne
2790 3346 2962 3405 ponas
2995 3334 3193 3390 animm
3216 3341 3326 3402 tua:
3372 3332 3605 3389 scanda-

1998 3421 2131 3490 lum,
2170 3443 2190 3476 ι
2225 3424 2464 3479 ostendit
2487 3422 2632 3495 quod
2658 3422 2886 3479 inﬁnitis
2912 3432 2967 3480 et
2991 3422 3455 3479 irrationabilibus
3493 3435 3603 3477 non

1999 3514 2259 3572 debemus
2285 3516 2535 3572 insistere
2564 3515 2981 3586 quaestionibus,
3021 3528 3091 3575 ne
3115 3514 3257 3581 forte
3282 3514 3338 3570 in
3357 3527 3604 3572 errorem

1998 3620 2336 3675 corruamus,
2370 3608 2416 3664 si
2445 3608 2587 3664 ultra
2610 3609 2830 3665 modum
2858 3621 2945 3675 ea,
2967 3622 3090 3680 quae
3121 3608 3314 3675 latent,
3355 3621 3609 3678 perscru-

2001 3699 2106 3754 tari
2127 3698 2377 3756 velimus.
2432 3698 2588 3756 Unde
2636 3700 2900 3771 scriptum
2928 3707 3056 3756 est:
3099 3716 3119 3752 ι
3172 3698 3278 3754 Mel
3323 3697 3601 3763 invenisti,

2000 3794 2222 3850 comede
2265 3794 2410 3865 quod
2439 3775 2637 3849 sufﬁcit
2684 3794 2804 3859 tibi,
2853 3809 2927 3850 ne
2953 3793 3098 3849 forte
3121 3792 3356 3849 satiatus
3379 3804 3602 3848 evomas

1998 3883 2132 3939 illud
2159 3881 2342 3957 (Prov.
2368 3885 2521 3955 ην).
2560 3904 2580 3937 ι
2611 3884 2679 3939 Et
2704 3884 2875 3941 item:
2917 3902 2936 3937 ι
2974 3884 3079 3953 Qui
3125 3883 3351 3941 conﬁdit
3375 3882 3433 3938 in
3461 3880 3609 3953 cogi-

2000 3978 2297 4035 tationibus
2328 3979 2460 4047 suis,
2495 3979 2660 4051 impie
2671 3979 2782 4050 agit
2805 3987 2899 4035 :et
2929 3977 3023 4050 qui
3048 3983 3322 4033 scrutator
3339 3980 3425 4031 est
3444 3971 3613 4043 maje-

2001 4073 2181 4139 statis,
2206 4072 2530 4143 opprimitur
2552 4087 2582 4127 a
2610 4072 2781 4144 gloria
2825 4069 3037 4144 (Μήτι).
3073 4089 3092 4123 ι
3126 4067 3432 4139 Utrumque
3457 4066 3605 4122 enim

2002 4164 2179 4231 docet,
2225 4172 2287 4219 ut
2331 4173 2386 4220 et
2423 4178 2714 4220 caveamus
2749 4162 2958 4218 ahenos
3011 4175 3071 4217 se
3110 4160 3209 4232 qui
3255 4170 3494 4223 errores,
3547 4169 3603 4213 et

2001 4256 2222 4326 propria
2261 4254 2403 4310 ultra
2451 4255 2674 4311 modum
2702 4260 3012 4324 quaerentes
3039 4259 3095 4308 et
3122 4251 3466 4323 disputantes
3497 4260 3601 4306 non

2004 4347 2324 4404 condamus.
2350 4345 2593 4400 Tertium
2617 4345 2815 4415 quippe
2859 4343 3038 4399 adhuc
3066 4342 3218 4398 addit
3244 4340 3390 4413 Quod
3416 4350 3608 4396 neces-

2005 4443 2209 4499 sarium
2235 4440 2394 4496 nobis
2412 4447 2499 4495 est
2525 4438 2839 4505 observem,
2856 4436 2950 4493 ubi
2981 4435 3146 4491 dicit:

2083 4551 2102 4584 ι
2150 4532 2194 4586 Α
2225 4531 2350 4587 ﬁliis
2378 4531 2488 4586 tuis
2513 4544 2668 4597 cave,
2694 4538 2749 4585 et
2771 4545 2802 4584 a
2824 4526 3139 4586 domesticis
3167 4526 3279 4583 tuis
3300 4522 3542 4585 attende.
3580 4542 3606 4579 θ

308 4644 329 4679 ι
359 4626 634 4698 Palpebrae
656 4637 760 4686 tua:
778 4632 1087 4702 praecedant
1105 4648 1329 4704 gressus
1358 4642 1502 4690 tuos.
1541 4632 1725 4706 (Prov.
1754 4632 1851 4704 iv).
1882 4653 1901 4687 ι
1936 4638 1989 4701 Ῑ)
2015 4624 2088 4683 Ut
2129 4638 2418 4681 caveamus
2444 4623 2608 4678 etiam
2658 4636 2727 4677 ne
2769 4621 2956 4693 pravis
2976 4618 3612 4678 actibuseatholieorum

301 4719 581 4791 Palpebrae
611 4723 810 4795 quippe
834 4738 1054 4796 gressus
1098 4726 1431 4796 praecedunt,
1472 4740 1598 4782 cum
1624 4725 1900 4797 operatio-

304 4826 431 4868 nem
459 4822 703 4869 uostram
753 4815 979 4872 consilia
1008 4825 1159 4872 recta
1206 4817 1564 4889 praeveniunt.
1598 4816 1703 4885 Qui
1751 4816 1902 4871 enim

302 4903 526 4976 negligit
554 4907 948 4965 considerando
976 4909 1279 4981 praevidere
1317 4910 1463 4980 quod
1490 4908 1642 4975 facit,
1680 4922 1901 4980 gressus

306 4995 500 5065 tendit,
554 4998 743 5055 oeulos
782 4999 1005 5067 ciaudit,
1042 5001 1315 5073 pergendo
1353 5001 1460 5057 iter
1509 4999 1750 5067 conﬁcit,
1805 5000 1903 5056 sed

306 5088 654 5159 praevidendo
679 5090 1000 5164 sibimetipsi
1052 5108 1160 5149 non
1192 5093 1453 5159 attendit;
1496 5099 1659 5163 atque
1698 5091 1901 5148 idcirco

308 5181 471 5237 citius
497 5184 721 5251 corruit,
747 5185 875 5256 quia
905 5201 1013 5256 quo
1040 5186 1239 5258 pedem
1265 5186 1447 5259 operis
1468 5199 1678 5258 ponere
1705 5184 1905 5241 debeat

310 5287 409 5345 per
426 5275 742 5344 palpebram
764 5280 975 5336 consilii
997 5296 1105 5337 non
1127 5281 1375 5338 attendit.
1394 5279 1700 5337 Notandum
1722 5287 1906 5335 autem

313 5364 457 5437 quod
490 5365 619 5420 huic
642 5371 929 5426 sententia:
949 5372 1125 5428 simile
1153 5381 1237 5428 est
1274 5372 1424 5440 illud,
1459 5373 1603 5443 quod
1631 5372 1685 5427 in
1712 5371 1903 5428 Eccle-

316 5458 484 5515 siaste
531 5459 793 5530 scriptum
821 5468 907 5517 est
951 5480 964 5514 :
1020 5480 1040 5514 ι
1093 5463 1284 5517 Melius
1315 5474 1403 5520 est
1436 5480 1567 5537 ergo
1598 5466 1732 5522 duos
1783 5480 1907 5522 esse

317 5550 497 5619 simul,
526 5566 692 5623 quam
718 5568 926 5609 unum:
953 5553 1159 5609 habent
1186 5553 1333 5608 enim
1361 5553 1791 5609 emolumentum
1820 5573 1907 5607 so-

318 5640 533 5699 cietatis
554 5659 683 5713 sum,
713 5645 758 5702 si
781 5660 920 5702 unus
942 5645 1205 5701 ceciderit
1230 5646 1297 5700 ab
1318 5645 1489 5700 altero
1520 5643 1791 5700 fulcictur.
1818 5644 1909 5699 Vae

322 5736 443 5802 Soli,
478 5741 603 5807 quia
628 5757 751 5797 cum
779 5742 1057 5808 ceciderit,
1088 5756 1196 5796 non
1225 5741 1389 5795 habet
1421 5740 1797 5796 sublevantem
1824 5757 1905 5797 se.

324 5830 390 5885 Et
414 5832 460 5887 si
484 5831 807 5895 dormierint
828 5837 953 5905 duo.
985 5835 1313 5893 {evehuntur
1342 5840 1530 5890 mutuo
1560 5846 1575 5888 :
1604 5848 1744 5891 unus
1770 5848 1907 5906 quo-

2007 4727 2064 4774 et
2089 4716 2364 4788 perversis
2410 4714 2691 4787 exemplis,
2724 4729 2860 4785 quas
2886 4713 3013 4769 falsi
3048 4711 3251 4771 fratres
3278 4719 3336 4769 et
3362 4709 3614 4769 carnales

2008 4811 2209 4882 quique
2230 4811 2286 4865 in
2310 4809 2555 4866 Ecclesia
2577 4808 2889 4873 ostendunt,
2912 4807 2981 4863 ad
2999 4806 3338 4880 peccandum
3370 4803 3610 4861 seducu-

2007 4918 2151 4971 mur,
2199 4903 2330 4974 quin
2378 4903 2561 4974 potius
2610 4900 2741 4958 illud
2804 4906 3081 4960 sectemur
3105 4941 3121 4969 ,
3169 4898 3318 4969 quod
3380 4892 3613 4953 inferius

2006 4997 2304 5069 subjungit,
2330 4995 2514 5052 dicens
2545 5012 2559 5049 :

2088 5110 2106 5143 ‹
2147 5090 2206 5146 In
2233 5090 2382 5145 omni
2398 5103 2566 5162 opere
2588 5095 2682 5147 tuo
2704 5088 2867 5146 crede
2885 5100 2956 5143 ex
2994 5085 3099 5143 tiae
3121 5082 3317 5138 animae
3339 5086 3467 5147 tua),
3491 5084 3611 5138 haec

2018 5206 2038 5240 ι
2084 5195 2168 5244 est
2195 5187 2341 5252 enim
2360 5186 2705 5245 conservatio
2728 5182 3127 5240 mandatorum.
3154 5176 3257 5246 Qui
3284 5174 3455 5231 credit
3477 5172 3611 5240 Deo,

2020 5301 2039 5334 ‹
2084 5282 2327 5339 attendet
2353 5280 2642 5346 mandatis,
2672 5289 2726 5335 et
2752 5277 2845 5348 qui
2872 5272 3096 5332 conﬁdit
3140 5271 3198 5328 in
3220 5268 3331 5335 illo,
3366 5280 3477 5324 non
3509 5265 3615 5322 mi—

2020 5394 2040 5428 ι
2086 5374 2387 5433 norabitur.
2429 5395 2447 5427 ι
2508 5371 2781 5442 Quidquid
2828 5368 2981 5435 enim
3006 5364 3274 5438 agendum
3321 5360 3478 5419 nobis
3528 5364 3614 5415 est

2012 5469 2311 5525 secundum
2359 5466 2642 5524 catholicae
2670 5462 2795 5519 ﬁdei
2827 5459 3094 5533 regulam,
3120 5457 3252 5513 illud
3305 5464 3612 5526 temperare

2014 5557 2275 5608 debemus
2304 5565 2358 5604 et
2388 5557 2542 5621 juxta
2570 5555 2950 5606 mandatorum
2993 5549 3089 5606 Dei
3120 5548 3445 5613 custodiam,
3478 5557 3612 5615 quo-

2016 5645 2163 5699 niam
2192 5643 2283 5714 qui
2324 5644 2590 5699 veraciter
2620 5642 2731 5699 Deo
2758 5642 2949 5708 credit,
2982 5642 3238 5699 mandata
3288 5640 3403 5710 ejus
3428 5643 3613 5692 custo-

2015 5740 2112 5796 dit.
2170 5736 2438 5794 Cteterum
2464 5738 2558 5809 qui
2605 5736 2734 5794 dicit
2785 5754 2843 5795 se
2869 5753 3028 5795 nosse
3062 5738 3233 5793 Deum
3255 5742 3314 5792 et
3358 5729 3612 5788 mandata

2011 5835 2132 5908 ejus
2173 5849 2281 5892 non
2331 5834 2585 5905 custodit,
2634 5836 2865 5894 mendax
2895 5843 2978 5893 est
3029 5833 3078 5908 (I
3115 5832 3274 5890 Joan.
3329 5829 3391 5901 ιι)
3443 5823 3614 5900 κους
