  <div class='ocr_page' id='page_1' title='image "/cluster/home/n/w/nwhite01/storage/ocr_20150623/109/hvd.32044015466857/503.png"; bbox 0 0 4030 6474; ppageno 0'>
   <div class='ocr_carea' id='block_1_1' title="bbox 524 329 632 387">
    <p class='ocr_par' dir='ltr' id='par_1_1' title="bbox 524 329 632 387">
     <span class='ocr_line' id='line_1_1' title="bbox 524 329 632 387; baseline 0 -1"><span class='ocrx_word' id='word_1_1' title='bbox 524 329 632 387; x_wconf 88' lang='grc'><strong>999</strong></span> 
     </span>
    </p>
   </div>
   <div class='ocr_carea' id='block_1_2' title="bbox 1160 324 3121 386">
    <p class='ocr_par' dir='ltr' id='par_1_2' title="bbox 1160 324 3121 386">
     <span class='ocr_line' id='line_1_2' title="bbox 1160 324 3121 386; baseline 0 -3"><span class='ocrx_word' id='word_1_2' title='bbox 1160 329 1220 384; x_wconf 92' lang='grc' dir='ltr'><strong>Β.</strong></span> <span class='ocrx_word' id='word_1_3' title='bbox 1264 328 1518 385; x_wconf 76' lang='lat' dir='ltr'><strong>RABANI</strong></span> <span class='ocrx_word' id='word_1_4' title='bbox 1556 326 1775 385; x_wconf 80' lang='lat' dir='ltr'><strong>MAURI</strong></span> <span class='ocrx_word' id='word_1_5' title='bbox 1813 324 2138 384; x_wconf 82' lang='lat' dir='ltr'><strong>ARCHIEP.</strong></span> <span class='ocrx_word' id='word_1_6' title='bbox 2180 325 2494 386; x_wconf 87' lang='lat' dir='ltr'><strong>MOGUNT.</strong></span> <span class='ocrx_word' id='word_1_7' title='bbox 2537 324 2822 385; x_wconf 80' lang='lat' dir='ltr'><strong>OPERUM</strong></span> <span class='ocrx_word' id='word_1_8' title='bbox 2861 327 3042 385; x_wconf 84' lang='lat' dir='ltr'><strong>PARS</strong></span> <span class='ocrx_word' id='word_1_9' title='bbox 3079 329 3121 383; x_wconf 88' lang='lat' dir='ltr'><strong>l.</strong></span> 
     </span>
    </p>
   </div>
   <div class='ocr_carea' id='block_1_3' title="bbox 3678 331 3826 388">
    <p class='ocr_par' dir='ltr' id='par_1_3' title="bbox 3678 331 3826 388">
     <span class='ocr_line' id='line_1_3' title="bbox 3678 331 3826 388; baseline 0.02 -3"><span class='ocrx_word' id='word_1_10' title='bbox 3678 331 3826 388; x_wconf 67' lang='lat'><strong>1000</strong></span> 
     </span>
    </p>
   </div>
   <div class='ocr_carea' id='block_1_4' title="bbox 517 438 3829 519">
    <p class='ocr_par' dir='ltr' id='par_1_4' title="bbox 517 438 3829 519">
     <span class='ocr_line' id='line_1_4' title="bbox 517 438 3829 519; baseline 0.002 -22"><span class='ocrx_word' id='word_1_11' title='bbox 517 457 648 512; x_wconf 84' lang='lat' dir='ltr'><strong>ergo</strong></span> <span class='ocrx_word' id='word_1_12' title='bbox 663 439 1006 496; x_wconf 90' lang='lat' dir='ltr'><strong>conﬁduntin</strong></span> <span class='ocrx_word' id='word_1_13' title='bbox 1026 438 1135 504; x_wconf 92' lang='lat' dir='ltr'><strong>illo,</strong></span> <span class='ocrx_word' id='word_1_14' title='bbox 1155 455 1260 494; x_wconf 90' lang='lat' dir='ltr'><strong>non</strong></span> <span class='ocrx_word' id='word_1_15' title='bbox 1277 440 1706 505; x_wconf 89' lang='lat' dir='ltr'><strong>minorabuntur,</strong></span> <span class='ocrx_word' id='word_1_16' title='bbox 1728 455 1829 495; x_wconf 91' lang='lat' dir='ltr'><strong>nec</strong></span> <span class='ocrx_word' id='word_1_17' title='bbox 1844 455 1873 494; x_wconf 90' lang='lat' dir='ltr'><strong>a</strong></span> <span class='ocrx_word' id='word_1_18' title='bbox 1889 439 2124 510; x_wconf 84' lang='lat' dir='ltr'><strong>maligno</strong></span> <span class='ocrx_word' id='word_1_19' title='bbox 2152 443 2202 503; x_wconf 80' lang='grc' dir='ltr'><strong>Α</strong></span> <span class='ocrx_word' id='word_1_20' title='bbox 2231 440 2334 495; x_wconf 85' lang='lat' dir='ltr'><strong>ﬁde</strong></span> <span class='ocrx_word' id='word_1_21' title='bbox 2359 440 2412 511; x_wconf 93' lang='lat' dir='ltr'><strong>(I</strong></span> <span class='ocrx_word' id='word_1_22' title='bbox 2435 439 2579 494; x_wconf 87' lang='lat' dir='ltr'><strong>Petr.</strong></span> <span class='ocrx_word' id='word_1_23' title='bbox 2601 441 2707 512; x_wconf 90' lang='grc' dir='ltr'><strong>ιιι).</strong></span> <span class='ocrx_word' id='word_1_24' title='bbox 2723 461 2742 494; x_wconf 75' lang='grc' dir='ltr'><strong>ι</strong></span> <span class='ocrx_word' id='word_1_25' title='bbox 2773 443 2815 497; x_wconf 90' lang='grc' dir='ltr'><strong>Ε</strong></span> <span class='ocrx_word' id='word_1_26' title='bbox 2836 451 3023 499; x_wconf 90' lang='lat' dir='ltr'><strong>contra</strong></span> <span class='ocrx_word' id='word_1_27' title='bbox 3045 457 3177 500; x_wconf 90' lang='lat' dir='ltr'><strong>vero</strong></span> <span class='ocrx_word' id='word_1_28' title='bbox 3195 447 3261 503; x_wconf 90' lang='lat' dir='ltr'><strong>de</strong></span> <span class='ocrx_word' id='word_1_29' title='bbox 3287 449 3468 504; x_wconf 77' lang='lat' dir='ltr'><strong>stultis</strong></span> <span class='ocrx_word' id='word_1_30' title='bbox 3495 449 3829 519; x_wconf 67' lang='lat' dir='ltr'><strong>praedicato-</strong></span> 
     </span>
    </p>
   </div>
   <div class='ocr_carea' id='block_1_5' title="bbox 519 530 2110 602">
    <p class='ocr_par' dir='ltr' id='par_1_5' title="bbox 519 530 2110 602">
     <span class='ocr_line' id='line_1_5' title="bbox 519 530 2110 602; baseline -0.003 -14"><span class='ocrx_word' id='word_1_31' title='bbox 519 531 1048 588; x_wconf 86' lang='lat' dir='ltr'><strong>scandalizabuntur.</strong></span> <span class='ocrx_word' id='word_1_32' title='bbox 1110 530 1262 586; x_wconf 99' lang='lat' dir='ltr'><strong>Unde</strong></span> <span class='ocrx_word' id='word_1_33' title='bbox 1315 547 1410 602; x_wconf 90' lang='lat' dir='ltr'><strong>per</strong></span> <span class='ocrx_word' id='word_1_34' title='bbox 1459 533 1787 602; x_wconf 89' lang='lat' dir='ltr'><strong>Prophetam</strong></span> <span class='ocrx_word' id='word_1_35' title='bbox 1848 531 2046 586; x_wconf 91' lang='lat' dir='ltr'><strong>dicitur</strong></span> <span class='ocrx_word' id='word_1_36' title='bbox 2096 549 2110 584; x_wconf 91' lang='lat'>:</span> 
     </span>
    </p>
   </div>
   <div class='ocr_carea' id='block_1_6' title="bbox 517 621 2115 691">
    <p class='ocr_par' dir='ltr' id='par_1_6' title="bbox 517 621 2115 691">
     <span class='ocr_line' id='line_1_6' title="bbox 517 621 2115 691; baseline -0.001 -13"><span class='ocrx_word' id='word_1_37' title='bbox 517 623 619 691; x_wconf 85' lang='lat' dir='ltr'><strong>Qui</strong></span> <span class='ocrx_word' id='word_1_38' title='bbox 680 622 955 677; x_wconf 91' lang='lat' dir='ltr'><strong>conﬁdunt</strong></span> <span class='ocrx_word' id='word_1_39' title='bbox 985 622 1039 676; x_wconf 92' lang='lat' dir='ltr'><strong>in</strong></span> <span class='ocrx_word' id='word_1_40' title='bbox 1090 622 1319 678; x_wconf 91' lang='lat' dir='ltr'><strong>Domino</strong></span> <span class='ocrx_word' id='word_1_41' title='bbox 1372 623 1512 678; x_wconf 89' lang='lat' dir='ltr'><strong>sicut</strong></span> <span class='ocrx_word' id='word_1_42' title='bbox 1563 638 1718 677; x_wconf 93' lang='lat' dir='ltr'><strong>mons</strong></span> <span class='ocrx_word' id='word_1_43' title='bbox 1773 621 1948 687; x_wconf 89' lang='lat' dir='ltr'><strong>Sion,</strong></span> <span class='ocrx_word' id='word_1_44' title='bbox 2007 637 2115 676; x_wconf 91' lang='lat' dir='ltr'><strong>non</strong></span> 
     </span>
    </p>
   </div>
   <div class='ocr_carea' id='block_1_7' title="bbox 514 712 2116 784">
    <p class='ocr_par' dir='ltr' id='par_1_7' title="bbox 514 712 2116 784">
     <span class='ocr_line' id='line_1_7' title="bbox 514 712 2116 784; baseline -0.001 -15"><span class='ocrx_word' id='word_1_45' title='bbox 514 712 944 769; x_wconf 82' lang='lat' dir='ltr'><strong>commovebitur</strong></span> <span class='ocrx_word' id='word_1_46' title='bbox 986 712 1041 766; x_wconf 92' lang='lat' dir='ltr'><strong>in</strong></span> <span class='ocrx_word' id='word_1_47' title='bbox 1092 720 1352 767; x_wconf 63' lang='lat' dir='ltr'><strong>aeternum</strong></span> <span class='ocrx_word' id='word_1_48' title='bbox 1398 714 1489 784; x_wconf 87' lang='lat' dir='ltr'><strong>qui</strong></span> <span class='ocrx_word' id='word_1_49' title='bbox 1526 713 1736 768; x_wconf 79' lang='lat' dir='ltr'><strong>habitat</strong></span> <span class='ocrx_word' id='word_1_50' title='bbox 1773 712 1826 767; x_wconf 92' lang='lat' dir='ltr'><strong>in</strong></span> <span class='ocrx_word' id='word_1_51' title='bbox 1857 712 2116 768; x_wconf 85' lang='lat' dir='ltr'><strong>Hierusa-</strong></span> 
     </span>
    </p>
   </div>
   <div class='ocr_carea' id='block_1_8' title="bbox 516 807 2112 881">
    <p class='ocr_par' dir='ltr' id='par_1_8' title="bbox 516 807 2112 881">
     <span class='ocr_line' id='line_1_8' title="bbox 516 807 2112 881; baseline -0.001 -17"><span class='ocrx_word' id='word_1_52' title='bbox 516 810 622 865; x_wconf 85' lang='lat' dir='ltr'><strong>lem</strong></span> <span class='ocrx_word' id='word_1_53' title='bbox 673 809 845 881; x_wconf 84' lang='lat' dir='ltr'><strong>(Psal.</strong></span> <span class='ocrx_word' id='word_1_54' title='bbox 881 807 1083 880; x_wconf 79' lang='lat' dir='ltr'><strong>cxxtv).</strong></span> <span class='ocrx_word' id='word_1_55' title='bbox 1146 829 1164 860; x_wconf 75' lang='grc' dir='ltr'><strong>ι</strong></span> <span class='ocrx_word' id='word_1_56' title='bbox 1214 809 1281 864; x_wconf 83' lang='grc' dir='ltr'><strong>Ει</strong></span> <span class='ocrx_word' id='word_1_57' title='bbox 1329 809 1460 865; x_wconf 80' lang='lat' dir='ltr'><strong>alibi</strong></span> <span class='ocrx_word' id='word_1_58' title='bbox 1509 829 1520 864; x_wconf 94' lang='lat'>:</span> <span class='ocrx_word' id='word_1_59' title='bbox 1576 828 1595 860; x_wconf 87' lang='grc'><strong>‹</strong></span> <span class='ocrx_word' id='word_1_60' title='bbox 1660 808 1868 875; x_wconf 88' lang='lat' dir='ltr'><strong>Omnis,</strong></span> <span class='ocrx_word' id='word_1_61' title='bbox 1914 808 2112 880; x_wconf 84' lang='lat' dir='ltr'><strong>inquit,</strong></span> 
     </span>
    </p>
   </div>
   <div class='ocr_carea' id='block_1_9' title="bbox 517 899 1964 974">
    <p class='ocr_par' dir='ltr' id='par_1_9' title="bbox 517 899 1964 974">
     <span class='ocr_line' id='line_1_9' title="bbox 517 899 1964 974; baseline -0.002 -18"><span class='ocrx_word' id='word_1_62' title='bbox 517 901 868 973; x_wconf 86' lang='lat' dir='ltr'><strong>quicrcditin</strong></span> <span class='ocrx_word' id='word_1_63' title='bbox 890 899 1003 966; x_wconf 91' lang='lat' dir='ltr'><strong>illo,</strong></span> <span class='ocrx_word' id='word_1_64' title='bbox 1032 916 1140 955; x_wconf 92' lang='lat' dir='ltr'><strong>non</strong></span> <span class='ocrx_word' id='word_1_65' title='bbox 1163 900 1525 956; x_wconf 76' lang='lat' dir='ltr'><strong>confundetur</strong></span> <span class='ocrx_word' id='word_1_66' title='bbox 1545 900 1728 973; x_wconf 86' lang='lat' dir='ltr'><strong>(Joan.</strong></span> <span class='ocrx_word' id='word_1_67' title='bbox 1759 900 1906 974; x_wconf 80' lang='lat' dir='ltr'><strong>xm).</strong></span> <span class='ocrx_word' id='word_1_68' title='bbox 1944 921 1964 953; x_wconf 74' lang='grc' dir='ltr'><strong>ι</strong></span> 
     </span>
    </p>
   </div>
   <div class='ocr_carea' id='block_1_10' title="bbox 1119 1034 1514 1092">
    <p class='ocr_par' dir='ltr' id='par_1_10' title="bbox 1119 1034 1514 1092">
     <span class='ocr_line' id='line_1_10' title="bbox 1119 1034 1514 1092; baseline -0.003 -2"><span class='ocrx_word' id='word_1_69' title='bbox 1119 1034 1348 1091; x_wconf 82' lang='lat' dir='ltr'><strong>CAPUT</strong></span> <span class='ocrx_word' id='word_1_70' title='bbox 1421 1034 1514 1092; x_wconf 82' lang='lat' dir='ltr'><strong>XI.</strong></span> 
     </span>
    </p>
   </div>
   <div class='ocr_carea' id='block_1_11' title="bbox 518 1145 2114 1222">
    <p class='ocr_par' dir='ltr' id='par_1_11' title="bbox 518 1145 2114 1222">
     <span class='ocr_line' id='line_1_11' title="bbox 518 1145 2114 1222; baseline 0.003 -22"><span class='ocrx_word' id='word_1_71' title='bbox 518 1145 744 1202; x_wconf 80' lang='lat' dir='ltr'><strong>Timenti</strong></span> <span class='ocrx_word' id='word_1_72' title='bbox 773 1147 1058 1222; x_wconf 70' lang='lat' dir='ltr'><strong>Dominum</strong></span> <span class='ocrx_word' id='word_1_73' title='bbox 1091 1165 1195 1202; x_wconf 82' lang='lat' dir='ltr'><strong>non</strong></span> <span class='ocrx_word' id='word_1_74' title='bbox 1218 1158 1490 1222; x_wconf 65' lang='lat' dir='ltr'><strong>occurrent</strong></span> <span class='ocrx_word' id='word_1_75' title='bbox 1522 1149 1666 1222; x_wconf 86' lang='lat' dir='ltr'><strong>mala</strong></span> <span class='ocrx_word' id='word_1_76' title='bbox 1721 1150 1810 1205; x_wconf 83' lang='lat' dir='ltr'><strong>sed</strong></span> <span class='ocrx_word' id='word_1_77' title='bbox 1831 1167 1928 1222; x_wconf 83' lang='lat' dir='ltr'><strong>pro</strong></span> <span class='ocrx_word' id='word_1_78' title='bbox 1957 1150 2114 1206; x_wconf 85' lang='lat' dir='ltr'><strong>meri-</strong></span> 
     </span>
    </p>
   </div>
   <div class='ocr_carea' id='block_1_12' title="bbox 975 1220 1645 1291">
    <p class='ocr_par' dir='ltr' id='par_1_12' title="bbox 975 1220 1645 1291">
     <span class='ocr_line' id='line_1_12' title="bbox 975 1220 1645 1291; baseline 0.006 -19"><span class='ocrx_word' id='word_1_79' title='bbox 975 1220 1041 1274; x_wconf 83' lang='lat' dir='ltr'><strong>tis</strong></span> <span class='ocrx_word' id='word_1_80' title='bbox 1069 1220 1378 1275; x_wconf 61' lang='lat' dir='ltr'><strong>aeternitatis</strong></span> <span class='ocrx_word' id='word_1_81' title='bbox 1405 1221 1645 1291; x_wconf 66' lang='lat' dir='ltr'><strong>praemia.</strong></span> 
     </span>
    </p>
   </div>
   <div class='ocr_carea' id='block_1_13' title="bbox 589 1353 2115 1426">
    <p class='ocr_par' dir='ltr' id='par_1_13' title="bbox 589 1353 2115 1426">
     <span class='ocr_line' id='line_1_13' title="bbox 589 1353 2115 1426; baseline 0.003 -19"><span class='ocrx_word' id='word_1_82' title='bbox 589 1353 736 1426; x_wconf 67' lang='lat' dir='ltr'><strong>(Car.</strong></span> <span class='ocrx_word' id='word_1_83' title='bbox 763 1353 982 1426; x_wconf 63' lang='grc' dir='ltr'><strong>χχχιιι.)</strong></span> <span class='ocrx_word' id='word_1_84' title='bbox 1018 1374 1036 1406; x_wconf 90' lang='grc'><strong><em>‹</em></strong></span> <span class='ocrx_word' id='word_1_85' title='bbox 1071 1354 1302 1410; x_wconf 89' lang='lat' dir='ltr'><strong>Timenti</strong></span> <span class='ocrx_word' id='word_1_86' title='bbox 1336 1357 1625 1411; x_wconf 91' lang='lat' dir='ltr'><strong>Dominum</strong></span> <span class='ocrx_word' id='word_1_87' title='bbox 1673 1373 1782 1413; x_wconf 92' lang='lat' dir='ltr'><strong>non</strong></span> <span class='ocrx_word' id='word_1_88' title='bbox 1826 1367 2115 1415; x_wconf 86' lang='lat' dir='ltr'><strong>occurrent</strong></span> 
     </span>
    </p>
   </div>
   <div class='ocr_carea' id='block_1_14' title="bbox 522 1446 2110 1518">
    <p class='ocr_par' dir='ltr' id='par_1_14' title="bbox 522 1446 2110 1518">
     <span class='ocr_line' id='line_1_14' title="bbox 522 1446 2110 1518; baseline 0.005 -20"><span class='ocrx_word' id='word_1_89' title='bbox 522 1464 542 1498; x_wconf 73' lang='grc' dir='ltr'><strong>ι</strong></span> <span class='ocrx_word' id='word_1_90' title='bbox 585 1446 748 1511; x_wconf 90' lang='lat' dir='ltr'><strong>mala,</strong></span> <span class='ocrx_word' id='word_1_91' title='bbox 792 1447 886 1502; x_wconf 91' lang='lat' dir='ltr'><strong>sed</strong></span> <span class='ocrx_word' id='word_1_92' title='bbox 927 1447 983 1501; x_wconf 90' lang='lat' dir='ltr'><strong>in</strong></span> <span class='ocrx_word' id='word_1_93' title='bbox 1025 1449 1323 1504; x_wconf 88' lang='lat' dir='ltr'><strong>tentatione</strong></span> <span class='ocrx_word' id='word_1_94' title='bbox 1353 1448 1497 1504; x_wconf 91' lang='lat' dir='ltr'><strong>Deus</strong></span> <span class='ocrx_word' id='word_1_95' title='bbox 1544 1449 1695 1504; x_wconf 91' lang='lat' dir='ltr'><strong>illum</strong></span> <span class='ocrx_word' id='word_1_96' title='bbox 1743 1451 2110 1518; x_wconf 85' lang='lat' dir='ltr'><strong>conservabit,</strong></span> 
     </span>
    </p>
   </div>
   <div class='ocr_carea' id='block_1_15' title="bbox 521 1535 2113 1610">
    <p class='ocr_par' dir='ltr' id='par_1_15' title="bbox 521 1535 2113 1610">
     <span class='ocr_line' id='line_1_15' title="bbox 521 1535 2113 1610; baseline 0.005 -21"><span class='ocrx_word' id='word_1_97' title='bbox 521 1554 540 1587; x_wconf 78' lang='grc' dir='ltr'><strong>ι</strong></span> <span class='ocrx_word' id='word_1_98' title='bbox 573 1544 626 1590; x_wconf 89' lang='lat' dir='ltr'><strong>et</strong></span> <span class='ocrx_word' id='word_1_99' title='bbox 641 1535 890 1591; x_wconf 84' lang='lat' dir='ltr'><strong>liberabit</strong></span> <span class='ocrx_word' id='word_1_100' title='bbox 913 1553 945 1590; x_wconf 92' lang='lat' dir='ltr'><strong>a</strong></span> <span class='ocrx_word' id='word_1_101' title='bbox 966 1538 1142 1592; x_wconf 86' lang='lat' dir='ltr'><strong>malis.</strong></span> <span class='ocrx_word' id='word_1_102' title='bbox 1158 1558 1175 1591; x_wconf 74' lang='grc' dir='ltr'><strong>ι</strong></span> <span class='ocrx_word' id='word_1_103' title='bbox 1197 1539 1420 1595; x_wconf 88' lang='lat' dir='ltr'><strong>Certum</strong></span> <span class='ocrx_word' id='word_1_104' title='bbox 1441 1549 1526 1596; x_wconf 88' lang='lat' dir='ltr'><strong>est</strong></span> <span class='ocrx_word' id='word_1_105' title='bbox 1545 1541 1689 1610; x_wconf 88' lang='lat' dir='ltr'><strong>quod</strong></span> <span class='ocrx_word' id='word_1_106' title='bbox 1706 1541 1913 1597; x_wconf 88' lang='lat' dir='ltr'><strong>timenti</strong></span> <span class='ocrx_word' id='word_1_107' title='bbox 1933 1541 2113 1598; x_wconf 90' lang='lat' dir='ltr'><strong>Domi-</strong></span> 
     </span>
    </p>
   </div>
   <div class='ocr_carea' id='block_1_16' title="bbox 512 1627 2115 1706">
    <p class='ocr_par' dir='ltr' id='par_1_16' title="bbox 512 1627 2115 1706">
     <span class='ocr_line' id='line_1_16' title="bbox 512 1627 2115 1706; baseline 0.005 -24"><span class='ocrx_word' id='word_1_108' title='bbox 512 1627 718 1682; x_wconf 88' lang='lat' dir='ltr'><strong>minum</strong></span> <span class='ocrx_word' id='word_1_109' title='bbox 745 1643 854 1684; x_wconf 91' lang='lat' dir='ltr'><strong>non</strong></span> <span class='ocrx_word' id='word_1_110' title='bbox 876 1639 1166 1686; x_wconf 85' lang='lat' dir='ltr'><strong>occurrent</strong></span> <span class='ocrx_word' id='word_1_111' title='bbox 1207 1631 1350 1687; x_wconf 91' lang='lat' dir='ltr'><strong>mala</strong></span> <span class='ocrx_word' id='word_1_112' title='bbox 1401 1632 1602 1699; x_wconf 91' lang='lat' dir='ltr'><strong>futura,</strong></span> <span class='ocrx_word' id='word_1_113' title='bbox 1631 1648 1750 1704; x_wconf 73' lang='lat' dir='ltr'><strong>qua:</strong></span> <span class='ocrx_word' id='word_1_114' title='bbox 1777 1634 1980 1704; x_wconf 90' lang='lat' dir='ltr'><strong>iniquis</strong></span> <span class='ocrx_word' id='word_1_115' title='bbox 2014 1649 2115 1706; x_wconf 90' lang='lat' dir='ltr'><strong>pro</strong></span> 
     </span>
    </p>
   </div>
   <div class='ocr_carea' id='block_1_17' title="bbox 508 1718 2114 1793">
    <p class='ocr_par' dir='ltr' id='par_1_17' title="bbox 508 1718 2114 1793">
     <span class='ocr_line' id='line_1_17' title="bbox 508 1718 2114 1793; baseline 0.007 -21"><span class='ocrx_word' id='word_1_116' title='bbox 508 1718 748 1788; x_wconf 87' lang='lat' dir='ltr'><strong>peccatis</strong></span> <span class='ocrx_word' id='word_1_117' title='bbox 799 1719 915 1776; x_wconf 89' lang='lat' dir='ltr'><strong>suis</strong></span> <span class='ocrx_word' id='word_1_118' title='bbox 962 1732 1268 1793; x_wconf 57' lang='lat' dir='ltr'><strong>praeparata</strong></span> <span class='ocrx_word' id='word_1_119' title='bbox 1323 1727 1484 1792; x_wconf 74' lang='lat' dir='ltr'><strong>sunt‘,</strong></span> <span class='ocrx_word' id='word_1_120' title='bbox 1544 1725 1641 1780; x_wconf 90' lang='lat' dir='ltr'><strong>sed</strong></span> <span class='ocrx_word' id='word_1_121' title='bbox 1691 1725 1746 1780; x_wconf 91' lang='lat' dir='ltr'><strong>in</strong></span> <span class='ocrx_word' id='word_1_122' title='bbox 1812 1727 2114 1783; x_wconf 90' lang='lat' dir='ltr'><strong>tentatione</strong></span> 
     </span>
    </p>
   </div>
   <div class='ocr_carea' id='block_1_18' title="bbox 2216 535 2682 606">
    <p class='ocr_par' dir='ltr' id='par_1_18' title="bbox 2216 535 2682 606">
     <span class='ocr_line' id='line_1_18' title="bbox 2216 535 2682 606; baseline 0 -16"><span class='ocrx_word' id='word_1_123' title='bbox 2216 535 2369 591; x_wconf 90' lang='lat' dir='ltr'><strong>ribus</strong></span> <span class='ocrx_word' id='word_1_124' title='bbox 2398 536 2644 606; x_wconf 87' lang='lat' dir='ltr'><strong>sequitur</strong></span> <span class='ocrx_word' id='word_1_125' title='bbox 2669 554 2682 590; x_wconf 88' lang='lat'>:</span> 
     </span>
    </p>
   </div>
   <div class='ocr_carea' id='block_1_19' title="bbox 2291 625 3834 703">
    <p class='ocr_par' dir='ltr' id='par_1_19' title="bbox 2291 625 3834 703">
     <span class='ocr_line' id='line_1_19' title="bbox 2291 625 3834 703; baseline 0.008 -25"><span class='ocrx_word' id='word_1_126' title='bbox 2291 645 2310 677; x_wconf 76' lang='grc' dir='ltr'><strong>ι</strong></span> <span class='ocrx_word' id='word_1_127' title='bbox 2342 625 2648 681; x_wconf 67' lang='lat' dir='ltr'><strong>Prmeordia</strong></span> <span class='ocrx_word' id='word_1_128' title='bbox 2680 626 2816 683; x_wconf 83' lang='lat' dir='ltr'><strong>fatui</strong></span> <span class='ocrx_word' id='word_1_129' title='bbox 2855 629 3010 698; x_wconf 90' lang='lat' dir='ltr'><strong>quasi</strong></span> <span class='ocrx_word' id='word_1_130' title='bbox 3045 638 3164 685; x_wconf 88' lang='lat' dir='ltr'><strong>rota</strong></span> <span class='ocrx_word' id='word_1_131' title='bbox 3212 631 3380 698; x_wconf 87' lang='lat' dir='ltr'><strong>carri,</strong></span> <span class='ocrx_word' id='word_1_132' title='bbox 3408 641 3464 688; x_wconf 90' lang='lat' dir='ltr'><strong>et</strong></span> <span class='ocrx_word' id='word_1_133' title='bbox 3495 634 3659 703; x_wconf 86' lang='lat' dir='ltr'><strong>quasi</strong></span> <span class='ocrx_word' id='word_1_134' title='bbox 3709 636 3834 692; x_wconf 79' lang='lat' dir='ltr'><strong>axis</strong></span> 
     </span>
    </p>
   </div>
   <div class='ocr_carea' id='block_1_20' title="bbox 2221 717 3832 794">
    <p class='ocr_par' dir='ltr' id='par_1_20' title="bbox 2221 717 3832 794">
     <span class='ocr_line' id='line_1_20' title="bbox 2221 717 3832 794; baseline 0.006 -24"><span class='ocrx_word' id='word_1_135' title='bbox 2221 739 2240 770; x_wconf 73' lang='grc' dir='ltr'>ί</span> <span class='ocrx_word' id='word_1_136' title='bbox 2286 717 2560 773; x_wconf 87' lang='lat' dir='ltr'><strong>versatilis</strong></span> <span class='ocrx_word' id='word_1_137' title='bbox 2604 719 2870 790; x_wconf 84' lang='lat' dir='ltr'><strong>cogitatus</strong></span> <span class='ocrx_word' id='word_1_138' title='bbox 2899 720 3063 776; x_wconf 90' lang='lat' dir='ltr'><strong>illius.</strong></span> <span class='ocrx_word' id='word_1_139' title='bbox 3089 741 3108 774; x_wconf 81' lang='grc' dir='ltr'><strong>ι</strong></span> <span class='ocrx_word' id='word_1_140' title='bbox 3162 721 3315 776; x_wconf 89' lang='lat' dir='ltr'><strong>Sicut</strong></span> <span class='ocrx_word' id='word_1_141' title='bbox 3341 737 3472 794; x_wconf 75' lang='lat' dir='ltr'><strong>ergo</strong></span> <span class='ocrx_word' id='word_1_142' title='bbox 3504 733 3630 778; x_wconf 88' lang='lat' dir='ltr'><strong>rota</strong></span> <span class='ocrx_word' id='word_1_143' title='bbox 3683 726 3832 780; x_wconf 82' lang='lat' dir='ltr'><strong>carri</strong></span> 
     </span>
    </p>
   </div>
   <div class='ocr_carea' id='block_1_21' title="bbox 2215 812 3832 880">
    <p class='ocr_par' dir='ltr' id='par_1_21' title="bbox 2215 812 3832 880">
     <span class='ocr_line' id='line_1_21' title="bbox 2215 812 3832 880; baseline 0.002 -11"><span class='ocrx_word' id='word_1_144' title='bbox 2215 820 2272 869; x_wconf 89' lang='lat' dir='ltr'><strong>et</strong></span> <span class='ocrx_word' id='word_1_145' title='bbox 2299 812 2419 868; x_wconf 85' lang='lat' dir='ltr'><strong>axis</strong></span> <span class='ocrx_word' id='word_1_146' title='bbox 2445 812 2715 868; x_wconf 80' lang='lat' dir='ltr'><strong>versatilis</strong></span> <span class='ocrx_word' id='word_1_147' title='bbox 2742 813 2981 868; x_wconf 88' lang='lat' dir='ltr'><strong>instabili</strong></span> <span class='ocrx_word' id='word_1_148' title='bbox 3009 822 3159 869; x_wconf 91' lang='lat' dir='ltr'><strong>motu</strong></span> <span class='ocrx_word' id='word_1_149' title='bbox 3185 831 3216 868; x_wconf 91' lang='lat' dir='ltr'><strong>a</strong></span> <span class='ocrx_word' id='word_1_150' title='bbox 3243 817 3470 870; x_wconf 88' lang='lat' dir='ltr'><strong>summis</strong></span> <span class='ocrx_word' id='word_1_151' title='bbox 3499 817 3569 871; x_wconf 91' lang='lat' dir='ltr'><strong>ad</strong></span> <span class='ocrx_word' id='word_1_152' title='bbox 3601 817 3736 880; x_wconf 87' lang='lat' dir='ltr'><strong>ima,</strong></span> <span class='ocrx_word' id='word_1_153' title='bbox 3764 818 3832 872; x_wconf 85' lang='lat' dir='ltr'><strong>ab</strong></span> 
     </span>
    </p>
   </div>
   <div class='ocr_carea' id='block_1_22' title="bbox 2215 902 3833 978">
    <p class='ocr_par' dir='ltr' id='par_1_22' title="bbox 2215 902 3833 978">
     <span class='ocr_line' id='line_1_22' title="bbox 2215 902 3833 978; baseline 0.002 -20"><span class='ocrx_word' id='word_1_154' title='bbox 2215 902 2339 960; x_wconf 88' lang='lat' dir='ltr'><strong>imis</strong></span> <span class='ocrx_word' id='word_1_155' title='bbox 2368 905 2434 959; x_wconf 90' lang='lat' dir='ltr'><strong>ad</strong></span> <span class='ocrx_word' id='word_1_156' title='bbox 2460 905 2742 974; x_wconf 84' lang='lat' dir='ltr'><strong>superiora</strong></span> <span class='ocrx_word' id='word_1_157' title='bbox 2777 920 2836 961; x_wconf 90' lang='lat' dir='ltr'><strong>se</strong></span> <span class='ocrx_word' id='word_1_158' title='bbox 2869 916 3120 977; x_wconf 85' lang='lat' dir='ltr'><strong>vergunt,</strong></span> <span class='ocrx_word' id='word_1_159' title='bbox 3150 906 3230 962; x_wconf 90' lang='lat' dir='ltr'><strong>sic</strong></span> <span class='ocrx_word' id='word_1_160' title='bbox 3260 907 3559 963; x_wconf 87' lang='lat' dir='ltr'><strong>stultorum</strong></span> <span class='ocrx_word' id='word_1_161' title='bbox 3587 923 3833 978; x_wconf 48' lang='lat' dir='ltr'><strong>praecor—</strong></span> 
     </span>
    </p>
   </div>
   <div class='ocr_carea' id='block_1_23' title="bbox 2215 995 3816 1070">
    <p class='ocr_par' dir='ltr' id='par_1_23' title="bbox 2215 995 3816 1070">
     <span class='ocr_line' id='line_1_23' title="bbox 2215 995 3816 1070; baseline 0.002 -20"><span class='ocrx_word' id='word_1_162' title='bbox 2215 995 2325 1062; x_wconf 90' lang='lat' dir='ltr'><strong>dia,</strong></span> <span class='ocrx_word' id='word_1_163' title='bbox 2355 1004 2410 1052; x_wconf 87' lang='lat' dir='ltr'><strong>et</strong></span> <span class='ocrx_word' id='word_1_164' title='bbox 2439 997 2822 1053; x_wconf 64' lang='lat' dir='ltr'><strong>haereticorum</strong></span> <span class='ocrx_word' id='word_1_165' title='bbox 2851 998 3109 1070; x_wconf 82' lang='lat' dir='ltr'><strong>cogitatio</strong></span> <span class='ocrx_word' id='word_1_166' title='bbox 3132 1013 3389 1069; x_wconf 89' lang='lat' dir='ltr'><strong>perversa</strong></span> <span class='ocrx_word' id='word_1_167' title='bbox 3416 1013 3643 1070; x_wconf 87' lang='lat' dir='ltr'><strong>semper</strong></span> <span class='ocrx_word' id='word_1_168' title='bbox 3671 999 3816 1054; x_wconf 79' lang='lat' dir='ltr'><strong>insta</strong></span> 
     </span>
    </p>
   </div>
   <div class='ocr_carea' id='block_1_24' title="bbox 2213 1088 3832 1162">
    <p class='ocr_par' dir='ltr' id='par_1_24' title="bbox 2213 1088 3832 1162">
     <span class='ocr_line' id='line_1_24' title="bbox 2213 1088 3832 1162; baseline 0.003 -18"><span class='ocrx_word' id='word_1_169' title='bbox 2213 1088 2353 1145; x_wconf 84' lang='lat' dir='ltr'><strong>biles</strong></span> <span class='ocrx_word' id='word_1_170' title='bbox 2393 1097 2555 1156; x_wconf 91' lang='lat' dir='ltr'><strong>sunt;</strong></span> <span class='ocrx_word' id='word_1_171' title='bbox 2591 1099 2646 1146; x_wconf 93' lang='lat' dir='ltr'><strong>et</strong></span> <span class='ocrx_word' id='word_1_172' title='bbox 2675 1091 2967 1162; x_wconf 86' lang='lat' dir='ltr'><strong>aliquando</strong></span> <span class='ocrx_word' id='word_1_173' title='bbox 3014 1093 3139 1157; x_wconf 88' lang='lat' dir='ltr'><strong>hoc,</strong></span> <span class='ocrx_word' id='word_1_174' title='bbox 3186 1092 3476 1162; x_wconf 83' lang='lat' dir='ltr'><strong>aliquando</strong></span> <span class='ocrx_word' id='word_1_175' title='bbox 3525 1108 3666 1148; x_wconf 86' lang='lat' dir='ltr'><strong>vero</strong></span> <span class='ocrx_word' id='word_1_176' title='bbox 3701 1094 3832 1152; x_wconf 84' lang='lat' dir='ltr'><strong>illud</strong></span> 
     </span>
    </p>
   </div>
   <div class='ocr_carea' id='block_1_25' title="bbox 2214 1181 3833 1254">
    <p class='ocr_par' dir='ltr' id='par_1_25' title="bbox 2214 1181 3833 1254">
     <span class='ocr_line' id='line_1_25' title="bbox 2214 1181 3833 1254; baseline 0.002 -17"><span class='ocrx_word' id='word_1_177' title='bbox 2214 1181 2474 1252; x_wconf 82' lang='lat' dir='ltr'><strong>cogitant,</strong></span> <span class='ocrx_word' id='word_1_178' title='bbox 2494 1190 2680 1254; x_wconf 84' lang='lat' dir='ltr'><strong>agunt,</strong></span> <span class='ocrx_word' id='word_1_179' title='bbox 2702 1192 2758 1239; x_wconf 91' lang='lat' dir='ltr'><strong>et</strong></span> <span class='ocrx_word' id='word_1_180' title='bbox 2779 1183 2996 1249; x_wconf 89' lang='lat' dir='ltr'><strong>docent,</strong></span> <span class='ocrx_word' id='word_1_181' title='bbox 3021 1199 3124 1238; x_wconf 83' lang='lat' dir='ltr'><strong>nec</strong></span> <span class='ocrx_word' id='word_1_182' title='bbox 3145 1183 3348 1254; x_wconf 89' lang='lat' dir='ltr'><strong>aliquid</strong></span> <span class='ocrx_word' id='word_1_183' title='bbox 3369 1185 3516 1254; x_wconf 90' lang='lat' dir='ltr'><strong>apud</strong></span> <span class='ocrx_word' id='word_1_184' title='bbox 3535 1199 3639 1240; x_wconf 89' lang='lat' dir='ltr'><strong>eos</strong></span> <span class='ocrx_word' id='word_1_185' title='bbox 3661 1185 3833 1241; x_wconf 83' lang='lat' dir='ltr'><strong>ﬁxum</strong></span> 
     </span>
    </p>
   </div>
   <div class='ocr_carea' id='block_1_26' title="bbox 2214 1273 3826 1344">
    <p class='ocr_par' dir='ltr' id='par_1_26' title="bbox 2214 1273 3826 1344">
     <span class='ocr_line' id='line_1_26' title="bbox 2214 1273 3826 1344; baseline 0.001 -15"><span class='ocrx_word' id='word_1_186' title='bbox 2214 1281 2271 1329; x_wconf 92' lang='lat' dir='ltr'><strong>et</strong></span> <span class='ocrx_word' id='word_1_187' title='bbox 2302 1273 2496 1329; x_wconf 85' lang='lat' dir='ltr'><strong>stabile</strong></span> <span class='ocrx_word' id='word_1_188' title='bbox 2531 1283 2737 1341; x_wconf 91' lang='lat' dir='ltr'><strong>manet,</strong></span> <span class='ocrx_word' id='word_1_189' title='bbox 2766 1276 2860 1331; x_wconf 88' lang='lat' dir='ltr'><strong>sed</strong></span> <span class='ocrx_word' id='word_1_190' title='bbox 2892 1289 3109 1344; x_wconf 87' lang='lat' dir='ltr'><strong>semper</strong></span> <span class='ocrx_word' id='word_1_191' title='bbox 3134 1275 3288 1330; x_wconf 87' lang='lat' dir='ltr'><strong>vario</strong></span> <span class='ocrx_word' id='word_1_192' title='bbox 3319 1275 3482 1331; x_wconf 90' lang='lat' dir='ltr'><strong>modo</strong></span> <span class='ocrx_word' id='word_1_193' title='bbox 3517 1285 3826 1332; x_wconf 77' lang='lat' dir='ltr'><strong>mutantur.</strong></span> 
     </span>
    </p>
   </div>
   <div class='ocr_carea' id='block_1_27' title="bbox 2215 1363 3832 1437">
    <p class='ocr_par' dir='ltr' id='par_1_27' title="bbox 2215 1363 3832 1437">
     <span class='ocr_line' id='line_1_27' title="bbox 2215 1363 3832 1437; baseline 0.001 -17"><span class='ocrx_word' id='word_1_194' title='bbox 2215 1363 2376 1420; x_wconf 90' lang='lat' dir='ltr'><strong>Unde</strong></span> <span class='ocrx_word' id='word_1_195' title='bbox 2403 1365 2469 1420; x_wconf 88' lang='lat' dir='ltr'><strong>de</strong></span> <span class='ocrx_word' id='word_1_196' title='bbox 2500 1364 2582 1421; x_wconf 91' lang='lat' dir='ltr'><strong>eis</strong></span> <span class='ocrx_word' id='word_1_197' title='bbox 2611 1366 2878 1437; x_wconf 90' lang='lat' dir='ltr'><strong>scriptum</strong></span> <span class='ocrx_word' id='word_1_198' title='bbox 2901 1374 2987 1422; x_wconf 89' lang='lat' dir='ltr'><strong>est</strong></span> <span class='ocrx_word' id='word_1_199' title='bbox 3012 1385 3025 1420; x_wconf 92' lang='lat'><strong>:</strong></span> <span class='ocrx_word' id='word_1_200' title='bbox 3057 1386 3075 1418; x_wconf 69' lang='grc' dir='ltr'><em>α</em></span> <span class='ocrx_word' id='word_1_201' title='bbox 3102 1364 3313 1422; x_wconf 90' lang='lat' dir='ltr'><strong>Stultus</strong></span> <span class='ocrx_word' id='word_1_202' title='bbox 3333 1374 3395 1420; x_wconf 91' lang='lat' dir='ltr'><strong>ut</strong></span> <span class='ocrx_word' id='word_1_203' title='bbox 3421 1365 3551 1421; x_wconf 89' lang='lat' dir='ltr'><strong>luna</strong></span> <span class='ocrx_word' id='word_1_204' title='bbox 3579 1376 3832 1422; x_wconf 76' lang='lat' dir='ltr'><strong>mutatur</strong></span> 
     </span>
    </p>
   </div>
   <div class='ocr_carea' id='block_1_28' title="bbox 2216 1453 3830 1529">
    <p class='ocr_par' dir='ltr' id='par_1_28' title="bbox 2216 1453 3830 1529">
     <span class='ocr_line' id='line_1_28' title="bbox 2216 1453 3830 1529; baseline 0.004 -21"><span class='ocrx_word' id='word_1_205' title='bbox 2216 1453 2408 1526; x_wconf 84' lang='lat' dir='ltr'><strong>(Eccli.</strong></span> <span class='ocrx_word' id='word_1_206' title='bbox 2443 1456 2638 1529; x_wconf 82' lang='lat' dir='ltr'><strong>xxvn).</strong></span> <span class='ocrx_word' id='word_1_207' title='bbox 2665 1478 2684 1511; x_wconf 77' lang='grc' dir='ltr'><strong>ι</strong></span> <span class='ocrx_word' id='word_1_208' title='bbox 2731 1458 2800 1513; x_wconf 90' lang='lat' dir='ltr'><strong>Et</strong></span> <span class='ocrx_word' id='word_1_209' title='bbox 2832 1457 3007 1514; x_wconf 88' lang='lat' dir='ltr'><strong>item:</strong></span> <span class='ocrx_word' id='word_1_210' title='bbox 3043 1476 3061 1509; x_wconf 75' lang='grc' dir='ltr'><strong>ι</strong></span> <span class='ocrx_word' id='word_1_211' title='bbox 3093 1457 3219 1525; x_wconf 88' lang='lat' dir='ltr'><strong>Cor,</strong></span> <span class='ocrx_word' id='word_1_212' title='bbox 3268 1456 3476 1529; x_wconf 89' lang='lat' dir='ltr'><strong>inquit,</strong></span> <span class='ocrx_word' id='word_1_213' title='bbox 3527 1458 3830 1515; x_wconf 84' lang='lat' dir='ltr'><strong>stultorum</strong></span> 
     </span>
    </p>
   </div>
   <div class='ocr_carea' id='block_1_29' title="bbox 2215 1545 3004 1621">
    <p class='ocr_par' dir='ltr' id='par_1_29' title="bbox 2215 1545 3004 1621">
     <span class='ocr_line' id='line_1_29' title="bbox 2215 1545 3004 1621; baseline -0.001 -19"><span class='ocrx_word' id='word_1_214' title='bbox 2215 1545 2476 1604; x_wconf 88' lang='lat' dir='ltr'><strong>dissimile</strong></span> <span class='ocrx_word' id='word_1_215' title='bbox 2500 1548 2606 1603; x_wconf 90' lang='lat' dir='ltr'><strong>erit</strong></span> <span class='ocrx_word' id='word_1_216' title='bbox 2637 1547 2820 1620; x_wconf 82' lang='lat' dir='ltr'><strong>(Prov.</strong></span> <span class='ocrx_word' id='word_1_217' title='bbox 2844 1548 2960 1621; x_wconf 83' lang='lat' dir='ltr'><strong>xv).</strong></span> <span class='ocrx_word' id='word_1_218' title='bbox 2987 1568 3004 1601; x_wconf 77' lang='grc' dir='ltr'><strong>ι</strong></span> 
     </span>
    </p>
   </div>
   <div class='ocr_carea' id='block_1_30' title="bbox 2290 1640 3829 1712">
    <p class='ocr_par' dir='ltr' id='par_1_30' title="bbox 2290 1640 3829 1712">
     <span class='ocr_line' id='line_1_30' title="bbox 2290 1640 3829 1712; baseline 0.006 -20"><span class='ocrx_word' id='word_1_219' title='bbox 2290 1657 2310 1691; x_wconf 76' lang='grc' dir='ltr'><strong>ι</strong></span> <span class='ocrx_word' id='word_1_220' title='bbox 2340 1640 2526 1712; x_wconf 87' lang='lat' dir='ltr'><strong>Equus</strong></span> <span class='ocrx_word' id='word_1_221' title='bbox 2551 1641 2866 1698; x_wconf 89' lang='lat' dir='ltr'><strong>emissarius</strong></span> <span class='ocrx_word' id='word_1_222' title='bbox 2891 1643 3033 1698; x_wconf 87' lang='lat' dir='ltr'><strong>sicut</strong></span> <span class='ocrx_word' id='word_1_223' title='bbox 3062 1642 3272 1700; x_wconf 91' lang='lat' dir='ltr'><strong>amicus</strong></span> <span class='ocrx_word' id='word_1_224' title='bbox 3298 1645 3703 1709; x_wconf 88' lang='lat' dir='ltr'><strong>subsannator,</strong></span> <span class='ocrx_word' id='word_1_225' title='bbox 3729 1644 3829 1701; x_wconf 86' lang='lat' dir='ltr'><strong>sub</strong></span> 
     </span>
    </p>
   </div>
   <div class='ocr_carea' id='block_1_31' title="bbox 2222 1732 3828 1806">
    <p class='ocr_par' dir='ltr' id='par_1_31' title="bbox 2222 1732 3828 1806">
     <span class='ocr_line' id='line_1_31' title="bbox 2222 1732 3828 1806; baseline 0.001 -20"><span class='ocrx_word' id='word_1_226' title='bbox 2222 1747 2240 1780; x_wconf 73' lang='grc' dir='ltr'><strong>ι</strong></span> <span class='ocrx_word' id='word_1_227' title='bbox 2285 1732 2433 1786; x_wconf 90' lang='lat' dir='ltr'><strong>omni</strong></span> <span class='ocrx_word' id='word_1_228' title='bbox 2463 1747 2624 1802; x_wconf 87' lang='lat' dir='ltr'><strong>supra</strong></span> <span class='ocrx_word' id='word_1_229' title='bbox 2661 1735 2884 1790; x_wconf 88' lang='lat' dir='ltr'><strong>sedente</strong></span> <span class='ocrx_word' id='word_1_230' title='bbox 2917 1733 3117 1789; x_wconf 90' lang='lat' dir='ltr'><strong>hinnit.</strong></span> <span class='ocrx_word' id='word_1_231' title='bbox 3141 1754 3159 1786; x_wconf 87' lang='grc'><strong>›</strong></span> <span class='ocrx_word' id='word_1_232' title='bbox 3201 1734 3692 1806; x_wconf 89' lang='lat' dir='ltr'><strong>Comparationem</strong></span> <span class='ocrx_word' id='word_1_233' title='bbox 3723 1733 3828 1789; x_wconf 86' lang='lat' dir='ltr'><strong>ele-</strong></span> 
     </span>
    </p>
   </div>
   <div class='ocr_carea' id='block_1_32' title="bbox 511 1808 3827 1894">
    <p class='ocr_par' dir='ltr' id='par_1_32' title="bbox 511 1808 3827 1894">
     <span class='ocr_line' id='line_1_32' title="bbox 511 1808 3827 1894; baseline 0.006 -31"><span class='ocrx_word' id='word_1_234' title='bbox 511 1808 656 1865; x_wconf 89' lang='lat' dir='ltr'><strong>Deus</strong></span> <span class='ocrx_word' id='word_1_235' title='bbox 687 1808 837 1865; x_wconf 90' lang='lat' dir='ltr'><strong>illum</strong></span> <span class='ocrx_word' id='word_1_236' title='bbox 866 1813 1233 1881; x_wconf 88' lang='lat' dir='ltr'><strong>conservabit,</strong></span> <span class='ocrx_word' id='word_1_237' title='bbox 1268 1815 1415 1885; x_wconf 90' lang='lat' dir='ltr'><strong>quia,</strong></span> <span class='ocrx_word' id='word_1_238' title='bbox 1441 1817 1596 1888; x_wconf 91' lang='lat' dir='ltr'><strong>juxta</strong></span> <span class='ocrx_word' id='word_1_239' title='bbox 1630 1817 1776 1873; x_wconf 89' lang='lat' dir='ltr'><strong>beati</strong></span> <span class='ocrx_word' id='word_1_240' title='bbox 1802 1817 1951 1874; x_wconf 85' lang='lat' dir='ltr'><strong>Petri</strong></span> <span class='ocrx_word' id='word_1_241' title='bbox 1989 1833 2113 1875; x_wconf 90' lang='lat' dir='ltr'><strong>sen-</strong></span> <span class='ocrx_word' id='word_1_242' title='bbox 2138 1826 2187 1888; x_wconf 87' lang='lat' dir='ltr'><strong>B</strong></span> <span class='ocrx_word' id='word_1_243' title='bbox 2213 1831 2432 1894; x_wconf 75' lang='lat' dir='ltr'><strong>gentem</strong></span> <span class='ocrx_word' id='word_1_244' title='bbox 2473 1825 2808 1882; x_wconf 88' lang='lat' dir='ltr'><strong>irrationalis</strong></span> <span class='ocrx_word' id='word_1_245' title='bbox 2857 1826 3151 1882; x_wconf 85' lang='lat' dir='ltr'><strong>animantis</strong></span> <span class='ocrx_word' id='word_1_246' title='bbox 3197 1829 3265 1883; x_wconf 91' lang='lat' dir='ltr'><strong>ad</strong></span> <span class='ocrx_word' id='word_1_247' title='bbox 3305 1827 3532 1883; x_wconf 90' lang='lat' dir='ltr'><strong>stultum</strong></span> <span class='ocrx_word' id='word_1_248' title='bbox 3581 1828 3827 1883; x_wconf 86' lang='lat' dir='ltr'><strong>amicum</strong></span> 
     </span>
    </p>
   </div>
   <div class='ocr_carea' id='block_1_33' title="bbox 509 1900 2105 1982">
    <p class='ocr_par' dir='ltr' id='par_1_33' title="bbox 509 1900 2105 1982">
     <span class='ocr_line' id='line_1_33' title="bbox 509 1900 2105 1982; baseline 0.008 -27"><span class='ocrx_word' id='word_1_249' title='bbox 509 1900 758 1969; x_wconf 87' lang='lat' dir='ltr'><strong>tentiam,</strong></span> <span class='ocrx_word' id='word_1_250' title='bbox 796 1920 816 1955; x_wconf 72' lang='grc' dir='ltr'><strong>ι</strong></span> <span class='ocrx_word' id='word_1_251' title='bbox 861 1902 1023 1960; x_wconf 86' lang='lat' dir='ltr'><strong>Novit</strong></span> <span class='ocrx_word' id='word_1_252' title='bbox 1051 1905 1194 1962; x_wconf 89' lang='lat' dir='ltr'><strong>Deus</strong></span> <span class='ocrx_word' id='word_1_253' title='bbox 1243 1908 1363 1977; x_wconf 88' lang='lat' dir='ltr'><strong>pios</strong></span> <span class='ocrx_word' id='word_1_254' title='bbox 1393 1909 1460 1965; x_wconf 90' lang='lat' dir='ltr'><strong>de</strong></span> <span class='ocrx_word' id='word_1_255' title='bbox 1500 1910 1799 1965; x_wconf 87' lang='lat' dir='ltr'><strong>tentatione</strong></span> <span class='ocrx_word' id='word_1_256' title='bbox 1829 1911 2044 1982; x_wconf 90' lang='lat' dir='ltr'><strong>eripere</strong></span> <span class='ocrx_word' id='word_1_257' title='bbox 2090 1929 2105 1966; x_wconf 89' lang='lat'><strong>:</strong></span> 
     </span>
    </p>
   </div>
   <div class='ocr_carea' id='block_1_34' title="bbox 507 1988 2111 2070">
    <p class='ocr_par' dir='ltr' id='par_1_34' title="bbox 507 1988 2111 2070">
     <span class='ocr_line' id='line_1_34' title="bbox 507 1988 2111 2070; baseline 0.009 -24"><span class='ocrx_word' id='word_1_258' title='bbox 507 1988 723 2062; x_wconf 84' lang='lat' dir='ltr'><strong>iniquos</strong></span> <span class='ocrx_word' id='word_1_259' title='bbox 792 2009 922 2050; x_wconf 91' lang='lat' dir='ltr'><strong>vero</strong></span> <span class='ocrx_word' id='word_1_260' title='bbox 983 1995 1039 2052; x_wconf 89' lang='lat' dir='ltr'><strong>in</strong></span> <span class='ocrx_word' id='word_1_261' title='bbox 1096 1997 1240 2053; x_wconf 91' lang='lat' dir='ltr'><strong>diem</strong></span> <span class='ocrx_word' id='word_1_262' title='bbox 1289 1998 1481 2070; x_wconf 89' lang='lat' dir='ltr'><strong>judicii</strong></span> <span class='ocrx_word' id='word_1_263' title='bbox 1540 2002 1863 2058; x_wconf 90' lang='lat' dir='ltr'><strong>cruciandos</strong></span> <span class='ocrx_word' id='word_1_264' title='bbox 1935 2019 2111 2060; x_wconf 89' lang='lat' dir='ltr'><strong>reser-</strong></span> 
     </span>
    </p>
   </div>
   <div class='ocr_carea' id='block_1_35' title="bbox 507 2082 2112 2159">
    <p class='ocr_par' dir='ltr' id='par_1_35' title="bbox 507 2082 2112 2159">
     <span class='ocr_line' id='line_1_35' title="bbox 507 2082 2112 2159; baseline 0.01 -24"><span class='ocrx_word' id='word_1_265' title='bbox 507 2095 636 2138; x_wconf 85' lang='lat' dir='ltr'><strong>vare</strong></span> <span class='ocrx_word' id='word_1_266' title='bbox 671 2082 760 2155; x_wconf 89' lang='grc' dir='ltr'><strong>(ΙΙ</strong></span> <span class='ocrx_word' id='word_1_267' title='bbox 792 2084 937 2140; x_wconf 86' lang='lat' dir='ltr'><strong>Petr.</strong></span> <span class='ocrx_word' id='word_1_268' title='bbox 986 2086 1082 2159; x_wconf 90' lang='grc' dir='ltr'><strong>ιι);</strong></span> <span class='ocrx_word' id='word_1_269' title='bbox 1131 2109 1149 2142; x_wconf 76' lang='grc' dir='ltr'><strong>ι</strong></span> <span class='ocrx_word' id='word_1_270' title='bbox 1218 2090 1469 2147; x_wconf 85' lang='lat' dir='ltr'><strong>liberavit</strong></span> <span class='ocrx_word' id='word_1_271' title='bbox 1507 2092 1652 2147; x_wconf 89' lang='lat' dir='ltr'><strong>enim</strong></span> <span class='ocrx_word' id='word_1_272' title='bbox 1699 2093 1959 2150; x_wconf 89' lang='lat' dir='ltr'><strong>Dominus</strong></span> <span class='ocrx_word' id='word_1_273' title='bbox 2003 2095 2112 2151; x_wconf 87' lang='lat' dir='ltr'><strong>ele-</strong></span> 
     </span>
    </p>
   </div>
   <div class='ocr_carea' id='block_1_36' title="bbox 505 2178 2109 2256">
    <p class='ocr_par' dir='ltr' id='par_1_36' title="bbox 505 2178 2109 2256">
     <span class='ocr_line' id='line_1_36' title="bbox 505 2178 2109 2256; baseline 0.007 -27"><span class='ocrx_word' id='word_1_274' title='bbox 505 2181 625 2230; x_wconf 91' lang='lat' dir='ltr'><strong>ctos</strong></span> <span class='ocrx_word' id='word_1_275' title='bbox 648 2191 776 2232; x_wconf 91' lang='lat' dir='ltr'><strong>suos</strong></span> <span class='ocrx_word' id='word_1_276' title='bbox 819 2191 852 2232; x_wconf 93' lang='lat' dir='ltr'><strong>a</strong></span> <span class='ocrx_word' id='word_1_277' title='bbox 901 2178 1079 2247; x_wconf 90' lang='lat' dir='ltr'><strong>malis,</strong></span> <span class='ocrx_word' id='word_1_278' title='bbox 1105 2181 1231 2251; x_wconf 86' lang='lat' dir='ltr'><strong>quia</strong></span> <span class='ocrx_word' id='word_1_279' title='bbox 1260 2181 1501 2238; x_wconf 84' lang='lat' dir='ltr'><strong>defendit</strong></span> <span class='ocrx_word' id='word_1_280' title='bbox 1526 2198 1620 2240; x_wconf 91' lang='lat' dir='ltr'><strong>eos</strong></span> <span class='ocrx_word' id='word_1_281' title='bbox 1665 2200 1698 2239; x_wconf 89' lang='lat' dir='ltr'><strong>a</strong></span> <span class='ocrx_word' id='word_1_282' title='bbox 1751 2185 2109 2256; x_wconf 80' lang='lat' dir='ltr'><strong>malignorum</strong></span> 
     </span>
    </p>
   </div>
   <div class='ocr_carea' id='block_1_37' title="bbox 506 2268 2114 2347">
    <p class='ocr_par' dir='ltr' id='par_1_37' title="bbox 506 2268 2114 2347">
     <span class='ocr_line' id='line_1_37' title="bbox 506 2268 2114 2347; baseline 0.006 -25"><span class='ocrx_word' id='word_1_283' title='bbox 506 2268 794 2339; x_wconf 89' lang='lat' dir='ltr'><strong>spirituum</strong></span> <span class='ocrx_word' id='word_1_284' title='bbox 841 2272 1276 2344; x_wconf 81' lang='lat' dir='ltr'><strong>suggestionibus</strong></span> <span class='ocrx_word' id='word_1_285' title='bbox 1328 2275 1578 2331; x_wconf 88' lang='lat' dir='ltr'><strong>nefandis</strong></span> <span class='ocrx_word' id='word_1_286' title='bbox 1607 2284 1663 2332; x_wconf 88' lang='lat' dir='ltr'><strong>et</strong></span> <span class='ocrx_word' id='word_1_287' title='bbox 1702 2292 1994 2347; x_wconf 89' lang='lat' dir='ltr'><strong>pravorum</strong></span> <span class='ocrx_word' id='word_1_288' title='bbox 2019 2277 2114 2332; x_wconf 82' lang='lat' dir='ltr'><strong>ho—</strong></span> 
     </span>
    </p>
   </div>
   <div class='ocr_carea' id='block_1_38' title="bbox 504 2360 2110 2436">
    <p class='ocr_par' dir='ltr' id='par_1_38' title="bbox 504 2360 2110 2436">
     <span class='ocr_line' id='line_1_38' title="bbox 504 2360 2110 2436; baseline 0.006 -23"><span class='ocrx_word' id='word_1_289' title='bbox 504 2360 716 2416; x_wconf 87' lang='lat' dir='ltr'><strong>minum</strong></span> <span class='ocrx_word' id='word_1_290' title='bbox 760 2363 1068 2420; x_wconf 87' lang='lat' dir='ltr'><strong>actionibus</strong></span> <span class='ocrx_word' id='word_1_291' title='bbox 1117 2367 1410 2436; x_wconf 86' lang='lat' dir='ltr'><strong>perversis,</strong></span> <span class='ocrx_word' id='word_1_292' title='bbox 1441 2386 1460 2418; x_wconf 85' lang='grc'><em>‹</em></span> <span class='ocrx_word' id='word_1_293' title='bbox 1498 2366 1723 2423; x_wconf 91' lang='lat' dir='ltr'><strong>immitit</strong></span> <span class='ocrx_word' id='word_1_294' title='bbox 1755 2367 1899 2423; x_wconf 88' lang='lat' dir='ltr'><strong>enim</strong></span> <span class='ocrx_word' id='word_1_295' title='bbox 1925 2367 2110 2424; x_wconf 90' lang='lat' dir='ltr'><strong>Domi-</strong></span> 
     </span>
    </p>
   </div>
   <div class='ocr_carea' id='block_1_39' title="bbox 503 2454 2111 2535">
    <p class='ocr_par' dir='ltr' id='par_1_39' title="bbox 503 2454 2111 2535">
     <span class='ocr_line' id='line_1_39' title="bbox 503 2454 2111 2535; baseline 0.007 -31"><span class='ocrx_word' id='word_1_296' title='bbox 503 2465 607 2506; x_wconf 90' lang='lat' dir='ltr'><strong>nus</strong></span> <span class='ocrx_word' id='word_1_297' title='bbox 637 2454 889 2524; x_wconf 84' lang='lat' dir='ltr'><strong>angelum</strong></span> <span class='ocrx_word' id='word_1_298' title='bbox 922 2471 1081 2511; x_wconf 90' lang='lat' dir='ltr'><strong>suum</strong></span> <span class='ocrx_word' id='word_1_299' title='bbox 1111 2457 1164 2511; x_wconf 90' lang='lat' dir='ltr'><strong>in</strong></span> <span class='ocrx_word' id='word_1_300' title='bbox 1191 2458 1422 2513; x_wconf 90' lang='lat' dir='ltr'><strong>circuitu</strong></span> <span class='ocrx_word' id='word_1_301' title='bbox 1447 2459 1756 2535; x_wconf 76' lang='lat' dir='ltr'><strong>timentium</strong></span> <span class='ocrx_word' id='word_1_302' title='bbox 1790 2475 1916 2514; x_wconf 87' lang='lat' dir='ltr'><strong>eum</strong></span> <span class='ocrx_word' id='word_1_303' title='bbox 1933 2459 2111 2530; x_wconf 88' lang='lat' dir='ltr'><strong>justo-</strong></span> 
     </span>
    </p>
   </div>
   <div class='ocr_carea' id='block_1_40' title="bbox 503 2543 2108 2618">
    <p class='ocr_par' dir='ltr' id='par_1_40' title="bbox 503 2543 2108 2618">
     <span class='ocr_line' id='line_1_40' title="bbox 503 2543 2108 2618; baseline 0.007 -24"><span class='ocrx_word' id='word_1_304' title='bbox 503 2556 647 2606; x_wconf 91' lang='lat' dir='ltr'><strong>rum,</strong></span> <span class='ocrx_word' id='word_1_305' title='bbox 679 2543 950 2614; x_wconf 87' lang='lat' dir='ltr'><strong>eteripiet</strong></span> <span class='ocrx_word' id='word_1_306' title='bbox 977 2559 1070 2601; x_wconf 90' lang='lat' dir='ltr'><strong>eos</strong></span> <span class='ocrx_word' id='word_1_307' title='bbox 1094 2544 1266 2618; x_wconf 83' lang='lat' dir='ltr'><strong>(Psal.</strong></span> <span class='ocrx_word' id='word_1_308' title='bbox 1293 2547 1512 2618; x_wconf 60' lang='grc' dir='ltr'><strong>χχχιιι).</strong></span> <span class='ocrx_word' id='word_1_309' title='bbox 1563 2568 1582 2601; x_wconf 75' lang='grc' dir='ltr'><strong>ι</strong></span> <span class='ocrx_word' id='word_1_310' title='bbox 1639 2549 1798 2604; x_wconf 88' lang='lat' dir='ltr'><strong>Salus</strong></span> <span class='ocrx_word' id='word_1_311' title='bbox 1849 2558 2030 2606; x_wconf 90' lang='lat' dir='ltr'><strong>autem</strong></span> <span class='ocrx_word' id='word_1_312' title='bbox 2077 2566 2108 2605; x_wconf 88' lang='lat' dir='ltr'><strong>a</strong></span> 
     </span>
    </p>
   </div>
   <div class='ocr_carea' id='block_1_41' title="bbox 503 2630 2105 2711">
    <p class='ocr_par' dir='ltr' id='par_1_41' title="bbox 503 2630 2105 2711">
     <span class='ocr_line' id='line_1_41' title="bbox 503 2630 2105 2711; baseline 0.006 -26"><span class='ocrx_word' id='word_1_313' title='bbox 503 2630 734 2688; x_wconf 87' lang='lat' dir='ltr'><strong>Domino</strong></span> <span class='ocrx_word' id='word_1_314' title='bbox 756 2643 860 2702; x_wconf 91' lang='lat' dir='ltr'><strong>est,</strong></span> <span class='ocrx_word' id='word_1_315' title='bbox 896 2644 951 2691; x_wconf 89' lang='lat' dir='ltr'><strong>et</strong></span> <span class='ocrx_word' id='word_1_316' title='bbox 977 2645 1257 2706; x_wconf 88' lang='lat' dir='ltr'><strong>protector</strong></span> <span class='ocrx_word' id='word_1_317' title='bbox 1280 2653 1469 2694; x_wconf 88' lang='lat' dir='ltr'><strong>eorum</strong></span> <span class='ocrx_word' id='word_1_318' title='bbox 1495 2647 1580 2695; x_wconf 90' lang='lat' dir='ltr'><strong>est</strong></span> <span class='ocrx_word' id='word_1_319' title='bbox 1617 2639 1675 2694; x_wconf 92' lang='lat' dir='ltr'><strong>in</strong></span> <span class='ocrx_word' id='word_1_320' title='bbox 1721 2647 1964 2711; x_wconf 89' lang='lat' dir='ltr'><strong>tempore</strong></span> <span class='ocrx_word' id='word_1_321' title='bbox 2011 2639 2105 2695; x_wconf 83' lang='lat' dir='ltr'><strong>tri-</strong></span> 
     </span>
    </p>
   </div>
   <div class='ocr_carea' id='block_1_42' title="bbox 505 2723 824 2782">
    <p class='ocr_par' dir='ltr' id='par_1_42' title="bbox 505 2723 824 2782">
     <span class='ocr_line' id='line_1_42' title="bbox 505 2723 824 2782; baseline 0.009 -5"><span class='ocrx_word' id='word_1_322' title='bbox 505 2723 824 2782; x_wconf 90' lang='lat' dir='ltr'><strong>bulationis.</strong></span> 
     </span>
    </p>
   </div>
   <div class='ocr_carea' id='block_1_43' title="bbox 576 2819 2105 2896">
    <p class='ocr_par' dir='ltr' id='par_1_43' title="bbox 576 2819 2105 2896">
     <span class='ocr_line' id='line_1_43' title="bbox 576 2819 2105 2896; baseline 0.008 -25"><span class='ocrx_word' id='word_1_323' title='bbox 576 2838 597 2870; x_wconf 83' lang='grc'><em>‹</em></span> <span class='ocrx_word' id='word_1_324' title='bbox 642 2819 875 2891; x_wconf 89' lang='lat' dir='ltr'><strong>Sapiens</strong></span> <span class='ocrx_word' id='word_1_325' title='bbox 917 2837 1026 2879; x_wconf 91' lang='lat' dir='ltr'><strong>non</strong></span> <span class='ocrx_word' id='word_1_326' title='bbox 1061 2824 1175 2879; x_wconf 91' lang='lat' dir='ltr'><strong>odit</strong></span> <span class='ocrx_word' id='word_1_327' title='bbox 1221 2827 1476 2882; x_wconf 88' lang='lat' dir='ltr'><strong>mandata</strong></span> <span class='ocrx_word' id='word_1_328' title='bbox 1521 2835 1576 2882; x_wconf 91' lang='lat' dir='ltr'><strong>et</strong></span> <span class='ocrx_word' id='word_1_329' title='bbox 1600 2825 1866 2896; x_wconf 89' lang='lat' dir='ltr'><strong>justitias,</strong></span> <span class='ocrx_word' id='word_1_330' title='bbox 1904 2836 1960 2882; x_wconf 89' lang='lat' dir='ltr'><strong>et</strong></span> <span class='ocrx_word' id='word_1_331' title='bbox 1997 2842 2105 2883; x_wconf 92' lang='lat' dir='ltr'><strong>non</strong></span> 
     </span>
    </p>
   </div>
   <div class='ocr_carea' id='block_1_44' title="bbox 505 2907 2104 2988">
    <p class='ocr_par' dir='ltr' id='par_1_44' title="bbox 505 2907 2104 2988">
     <span class='ocr_line' id='line_1_44' title="bbox 505 2907 2104 2988; baseline 0.008 -28"><span class='ocrx_word' id='word_1_332' title='bbox 505 2927 524 2960; x_wconf 84' lang='grc'>‹</span> <span class='ocrx_word' id='word_1_333' title='bbox 569 2907 810 2966; x_wconf 90' lang='lat' dir='ltr'><strong>illidetur</strong></span> <span class='ocrx_word' id='word_1_334' title='bbox 834 2912 990 2982; x_wconf 89' lang='lat' dir='ltr'><strong>quasi</strong></span> <span class='ocrx_word' id='word_1_335' title='bbox 1017 2914 1071 2968; x_wconf 90' lang='lat' dir='ltr'><strong>in</strong></span> <span class='ocrx_word' id='word_1_336' title='bbox 1097 2915 1336 2984; x_wconf 87' lang='lat' dir='ltr'><strong>procella</strong></span> <span class='ocrx_word' id='word_1_337' title='bbox 1363 2917 1538 2972; x_wconf 90' lang='lat' dir='ltr'><strong>navis.</strong></span> <span class='ocrx_word' id='word_1_338' title='bbox 1565 2938 1583 2969; x_wconf 75' lang='grc' dir='ltr'><strong>ι</strong></span> <span class='ocrx_word' id='word_1_339' title='bbox 1612 2916 1704 2974; x_wconf 91' lang='lat' dir='ltr'><strong>llle</strong></span> <span class='ocrx_word' id='word_1_340' title='bbox 1730 2932 1860 2972; x_wconf 85' lang='lat' dir='ltr'><strong>vero</strong></span> <span class='ocrx_word' id='word_1_341' title='bbox 1887 2917 2104 2988; x_wconf 89' lang='lat' dir='ltr'><strong>sapiens</strong></span> 
     </span>
    </p>
   </div>
   <div class='ocr_carea' id='block_1_45' title="bbox 496 3003 2105 3079">
    <p class='ocr_par' dir='ltr' id='par_1_45' title="bbox 496 3003 2105 3079">
     <span class='ocr_line' id='line_1_45' title="bbox 496 3003 2105 3079; baseline 0.004 -24"><span class='ocrx_word' id='word_1_342' title='bbox 496 3008 611 3067; x_wconf 89' lang='lat' dir='ltr'><strong>cst,</strong></span> <span class='ocrx_word' id='word_1_343' title='bbox 646 3003 738 3072; x_wconf 89' lang='lat' dir='ltr'><strong>qui</strong></span> <span class='ocrx_word' id='word_1_344' title='bbox 783 3019 891 3060; x_wconf 90' lang='lat' dir='ltr'><strong>non</strong></span> <span class='ocrx_word' id='word_1_345' title='bbox 920 3006 1034 3061; x_wconf 90' lang='lat' dir='ltr'><strong>odit</strong></span> <span class='ocrx_word' id='word_1_346' title='bbox 1077 3007 1173 3062; x_wconf 92' lang='lat' dir='ltr'><strong>sed</strong></span> <span class='ocrx_word' id='word_1_347' title='bbox 1199 3007 1370 3079; x_wconf 81' lang='lat' dir='ltr'><strong>diligit</strong></span> <span class='ocrx_word' id='word_1_348' title='bbox 1400 3008 1497 3064; x_wconf 90' lang='lat' dir='ltr'><strong>Dei</strong></span> <span class='ocrx_word' id='word_1_349' title='bbox 1533 3009 1811 3077; x_wconf 88' lang='lat' dir='ltr'><strong>mandata,</strong></span> <span class='ocrx_word' id='word_1_350' title='bbox 1837 3017 1893 3064; x_wconf 93' lang='lat' dir='ltr'><strong>et</strong></span> <span class='ocrx_word' id='word_1_351' title='bbox 1923 3018 2105 3064; x_wconf 88' lang='lat' dir='ltr'><strong>servat</strong></span> 
     </span>
    </p>
   </div>
   <div class='ocr_carea' id='block_1_46' title="bbox 492 3091 2102 3170">
    <p class='ocr_par' dir='ltr' id='par_1_46' title="bbox 492 3091 2102 3170">
     <span class='ocr_line' id='line_1_46' title="bbox 492 3091 2102 3170; baseline 0.002 -23"><span class='ocrx_word' id='word_1_352' title='bbox 492 3091 736 3161; x_wconf 88' lang='lat' dir='ltr'><strong>justitias</strong></span> <span class='ocrx_word' id='word_1_353' title='bbox 764 3094 912 3165; x_wconf 80' lang='lat' dir='ltr'><strong>ejus;</strong></span> <span class='ocrx_word' id='word_1_354' title='bbox 944 3097 1036 3153; x_wconf 90' lang='lat' dir='ltr'><strong>hic</strong></span> <span class='ocrx_word' id='word_1_355' title='bbox 1069 3097 1126 3152; x_wconf 89' lang='lat' dir='ltr'><strong>in</strong></span> <span class='ocrx_word' id='word_1_356' title='bbox 1156 3099 1280 3153; x_wconf 88' lang='lat' dir='ltr'><strong>navi</strong></span> <span class='ocrx_word' id='word_1_357' title='bbox 1320 3099 1578 3154; x_wconf 66' lang='lat' dir='ltr'><strong>Ecclesia;</strong></span> <span class='ocrx_word' id='word_1_358' title='bbox 1610 3100 1820 3170; x_wconf 90' lang='lat' dir='ltr'><strong>positus</strong></span> <span class='ocrx_word' id='word_1_359' title='bbox 1863 3115 1968 3154; x_wconf 92' lang='lat' dir='ltr'><strong>non</strong></span> <span class='ocrx_word' id='word_1_360' title='bbox 1999 3098 2102 3153; x_wconf 88' lang='lat' dir='ltr'><strong>illi-</strong></span> 
     </span>
    </p>
   </div>
   <div class='ocr_carea' id='block_1_47' title="bbox 2211 1912 3825 1990">
    <p class='ocr_par' dir='ltr' id='par_1_47' title="bbox 2211 1912 3825 1990">
     <span class='ocr_line' id='line_1_47' title="bbox 2211 1912 3825 1990; baseline 0.004 -22"><span class='ocrx_word' id='word_1_361' title='bbox 2211 1912 2372 1979; x_wconf 89' lang='lat' dir='ltr'><strong>facit,</strong></span> <span class='ocrx_word' id='word_1_362' title='bbox 2409 1916 2535 1986; x_wconf 86' lang='lat' dir='ltr'><strong>quia</strong></span> <span class='ocrx_word' id='word_1_363' title='bbox 2576 1915 2719 1972; x_wconf 89' lang='lat' dir='ltr'><strong>sicut</strong></span> <span class='ocrx_word' id='word_1_364' title='bbox 2758 1917 2814 1973; x_wconf 91' lang='lat' dir='ltr'><strong>in</strong></span> <span class='ocrx_word' id='word_1_365' title='bbox 2848 1917 3010 1974; x_wconf 90' lang='lat' dir='ltr'><strong>bruto</strong></span> <span class='ocrx_word' id='word_1_366' title='bbox 3037 1919 3286 1990; x_wconf 90' lang='lat' dir='ltr'><strong>jumento</strong></span> <span class='ocrx_word' id='word_1_367' title='bbox 3326 1919 3473 1974; x_wconf 89' lang='lat' dir='ltr'><strong>nulla</strong></span> <span class='ocrx_word' id='word_1_368' title='bbox 3521 1927 3611 1975; x_wconf 89' lang='lat' dir='ltr'><strong>est</strong></span> <span class='ocrx_word' id='word_1_369' title='bbox 3662 1920 3825 1984; x_wconf 87' lang='lat' dir='ltr'><strong>ratio,</strong></span> 
     </span>
    </p>
   </div>
   <div class='ocr_carea' id='block_1_48' title="bbox 2210 2006 3827 2082">
    <p class='ocr_par' dir='ltr' id='par_1_48' title="bbox 2210 2006 3827 2082">
     <span class='ocr_line' id='line_1_48' title="bbox 2210 2006 3827 2082; baseline 0.002 -20"><span class='ocrx_word' id='word_1_370' title='bbox 2210 2006 2287 2062; x_wconf 90' lang='lat' dir='ltr'><strong>ita</strong></span> <span class='ocrx_word' id='word_1_371' title='bbox 2311 2015 2366 2062; x_wconf 94' lang='lat' dir='ltr'><strong>et</strong></span> <span class='ocrx_word' id='word_1_372' title='bbox 2394 2008 2449 2063; x_wconf 90' lang='lat' dir='ltr'><strong>in</strong></span> <span class='ocrx_word' id='word_1_373' title='bbox 2481 2007 2618 2064; x_wconf 88' lang='lat' dir='ltr'><strong>falso</strong></span> <span class='ocrx_word' id='word_1_374' title='bbox 2645 2009 2822 2066; x_wconf 89' lang='lat' dir='ltr'><strong>amico</strong></span> <span class='ocrx_word' id='word_1_375' title='bbox 2851 2011 3032 2067; x_wconf 90' lang='lat' dir='ltr'><strong>nullus</strong></span> <span class='ocrx_word' id='word_1_376' title='bbox 3060 2020 3148 2068; x_wconf 89' lang='lat' dir='ltr'><strong>est</strong></span> <span class='ocrx_word' id='word_1_377' title='bbox 3171 2011 3444 2082; x_wconf 68' lang='lat' dir='ltr'><strong>mquitatis</strong></span> <span class='ocrx_word' id='word_1_378' title='bbox 3465 2013 3630 2068; x_wconf 89' lang='lat' dir='ltr'><strong>ordo.</strong></span> <span class='ocrx_word' id='word_1_379' title='bbox 3666 2011 3827 2067; x_wconf 85' lang='lat' dir='ltr'><strong>Sicut</strong></span> 
     </span>
    </p>
   </div>
   <div class='ocr_carea' id='block_1_49' title="bbox 2208 2100 3824 2174">
    <p class='ocr_par' dir='ltr' id='par_1_49' title="bbox 2208 2100 3824 2174">
     <span class='ocr_line' id='line_1_49' title="bbox 2208 2100 3824 2174; baseline 0.003 -20"><span class='ocrx_word' id='word_1_380' title='bbox 2208 2100 2356 2154; x_wconf 90' lang='lat' dir='ltr'><strong>enim</strong></span> <span class='ocrx_word' id='word_1_381' title='bbox 2384 2105 2556 2171; x_wconf 84' lang='lat' dir='ltr'><strong>equus</strong></span> <span class='ocrx_word' id='word_1_382' title='bbox 2600 2101 2837 2159; x_wconf 88' lang='lat' dir='ltr'><strong>lascivus</strong></span> <span class='ocrx_word' id='word_1_383' title='bbox 2873 2111 2932 2159; x_wconf 89' lang='lat' dir='ltr'><strong>et</strong></span> <span class='ocrx_word' id='word_1_384' title='bbox 2967 2105 3288 2174; x_wconf 89' lang='lat' dir='ltr'><strong>superbiens</strong></span> <span class='ocrx_word' id='word_1_385' title='bbox 3318 2104 3537 2160; x_wconf 90' lang='lat' dir='ltr'><strong>hinnitu</strong></span> <span class='ocrx_word' id='word_1_386' title='bbox 3573 2119 3684 2160; x_wconf 90' lang='lat' dir='ltr'><strong>suo</strong></span> <span class='ocrx_word' id='word_1_387' title='bbox 3717 2121 3824 2160; x_wconf 85' lang='lat' dir='ltr'><strong>non</strong></span> 
     </span>
    </p>
   </div>
   <div class='ocr_carea' id='block_1_50' title="bbox 2211 2193 3825 2270">
    <p class='ocr_par' dir='ltr' id='par_1_50' title="bbox 2211 2193 3825 2270">
     <span class='ocr_line' id='line_1_50' title="bbox 2211 2193 3825 2270; baseline 0.002 -22"><span class='ocrx_word' id='word_1_388' title='bbox 2211 2193 2480 2270; x_wconf 86' lang='lat' dir='ltr'><strong>discernit</strong></span> <span class='ocrx_word' id='word_1_389' title='bbox 2502 2195 2648 2252; x_wconf 88' lang='lat' dir='ltr'><strong>inter</strong></span> <span class='ocrx_word' id='word_1_390' title='bbox 2670 2213 2860 2253; x_wconf 89' lang='lat' dir='ltr'><strong>verum</strong></span> <span class='ocrx_word' id='word_1_391' title='bbox 2887 2198 3170 2254; x_wconf 88' lang='lat' dir='ltr'><strong>dominum</strong></span> <span class='ocrx_word' id='word_1_392' title='bbox 3197 2207 3252 2255; x_wconf 91' lang='lat' dir='ltr'><strong>et</strong></span> <span class='ocrx_word' id='word_1_393' title='bbox 3279 2198 3537 2263; x_wconf 89' lang='lat' dir='ltr'><strong>alienum,</strong></span> <span class='ocrx_word' id='word_1_394' title='bbox 3568 2199 3656 2254; x_wconf 90' lang='lat' dir='ltr'><strong>sic</strong></span> <span class='ocrx_word' id='word_1_395' title='bbox 3690 2197 3825 2253; x_wconf 88' lang='lat' dir='ltr'><strong>stul-</strong></span> 
     </span>
    </p>
   </div>
   <div class='ocr_carea' id='block_1_51' title="bbox 2209 2287 3821 2362">
    <p class='ocr_par' dir='ltr' id='par_1_51' title="bbox 2209 2287 3821 2362">
     <span class='ocr_line' id='line_1_51' title="bbox 2209 2287 3821 2362; baseline 0.003 -21"><span class='ocrx_word' id='word_1_396' title='bbox 2209 2294 2299 2342; x_wconf 91' lang='lat' dir='ltr'><strong>tus</strong></span> <span class='ocrx_word' id='word_1_397' title='bbox 2324 2295 2379 2344; x_wconf 88' lang='lat' dir='ltr'><strong>et</strong></span> <span class='ocrx_word' id='word_1_398' title='bbox 2417 2287 2627 2345; x_wconf 90' lang='lat' dir='ltr'><strong>derisor</strong></span> <span class='ocrx_word' id='word_1_399' title='bbox 2653 2305 2763 2346; x_wconf 89' lang='lat' dir='ltr'><strong>non</strong></span> <span class='ocrx_word' id='word_1_400' title='bbox 2793 2291 3056 2348; x_wconf 90' lang='lat' dir='ltr'><strong>discernit</strong></span> <span class='ocrx_word' id='word_1_401' title='bbox 3099 2291 3292 2362; x_wconf 85' lang='lat' dir='ltr'><strong>spiritu</strong></span> <span class='ocrx_word' id='word_1_402' title='bbox 3329 2306 3432 2348; x_wconf 91' lang='lat' dir='ltr'><strong>suo</strong></span> <span class='ocrx_word' id='word_1_403' title='bbox 3455 2291 3604 2347; x_wconf 88' lang='lat' dir='ltr'><strong>inter</strong></span> <span class='ocrx_word' id='word_1_404' title='bbox 3644 2291 3821 2362; x_wconf 81' lang='lat' dir='ltr'><strong>hypo-</strong></span> 
     </span>
    </p>
   </div>
   <div class='ocr_carea' id='block_1_52' title="bbox 2210 2377 3822 2453">
    <p class='ocr_par' dir='ltr' id='par_1_52' title="bbox 2210 2377 3822 2453">
     <span class='ocr_line' id='line_1_52' title="bbox 2210 2377 3822 2453; baseline 0.002 -21"><span class='ocrx_word' id='word_1_405' title='bbox 2210 2377 2404 2433; x_wconf 87' lang='lat' dir='ltr'><strong>cr‘itam</strong></span> <span class='ocrx_word' id='word_1_406' title='bbox 2432 2388 2488 2435; x_wconf 88' lang='lat' dir='ltr'><strong>et</strong></span> <span class='ocrx_word' id='word_1_407' title='bbox 2514 2380 2730 2436; x_wconf 89' lang='lat' dir='ltr'><strong>ﬁdelem</strong></span> <span class='ocrx_word' id='word_1_408' title='bbox 2755 2382 3023 2448; x_wconf 90' lang='lat' dir='ltr'><strong>amicum;</strong></span> <span class='ocrx_word' id='word_1_409' title='bbox 3053 2382 3148 2438; x_wconf 88' lang='lat' dir='ltr'><strong>sed</strong></span> <span class='ocrx_word' id='word_1_410' title='bbox 3173 2397 3273 2453; x_wconf 90' lang='lat' dir='ltr'><strong>per</strong></span> <span class='ocrx_word' id='word_1_411' title='bbox 3294 2382 3408 2438; x_wconf 92' lang='lat' dir='ltr'><strong>oris</strong></span> <span class='ocrx_word' id='word_1_412' title='bbox 3435 2380 3646 2448; x_wconf 77' lang='lat' dir='ltr'><strong>ofﬁcia,</strong></span> <span class='ocrx_word' id='word_1_413' title='bbox 3675 2397 3822 2437; x_wconf 82' lang='lat' dir='ltr'><strong>men-</strong></span> 
     </span>
    </p>
   </div>
   <div class='ocr_carea' id='block_1_53' title="bbox 2210 2471 3302 2546">
    <p class='ocr_par' dir='ltr' id='par_1_53' title="bbox 2210 2471 3302 2546">
     <span class='ocr_line' id='line_1_53' title="bbox 2210 2471 3302 2546; baseline 0.002 -20"><span class='ocrx_word' id='word_1_414' title='bbox 2210 2471 2282 2527; x_wconf 92' lang='lat' dir='ltr'><strong>tis</strong></span> <span class='ocrx_word' id='word_1_415' title='bbox 2305 2472 2588 2542; x_wconf 71' lang='lat' dir='ltr'><strong>tequaliter</strong></span> <span class='ocrx_word' id='word_1_416' title='bbox 2607 2475 2828 2546; x_wconf 91' lang='lat' dir='ltr'><strong>utrique</strong></span> <span class='ocrx_word' id='word_1_417' title='bbox 2853 2475 3044 2546; x_wconf 88' lang='lat' dir='ltr'><strong>pandit</strong></span> <span class='ocrx_word' id='word_1_418' title='bbox 3071 2483 3302 2532; x_wconf 88' lang='lat' dir='ltr'><strong>secreta.</strong></span> 
     </span>
    </p>
   </div>
   <div class='ocr_carea' id='block_1_54' title="bbox 2286 2563 3819 2637">
    <p class='ocr_par' dir='ltr' id='par_1_54' title="bbox 2286 2563 3819 2637">
     <span class='ocr_line' id='line_1_54' title="bbox 2286 2563 3819 2637; baseline 0.004 -23"><span class='ocrx_word' id='word_1_419' title='bbox 2286 2580 2306 2614; x_wconf 74' lang='grc' dir='ltr'>ί</span> <span class='ocrx_word' id='word_1_420' title='bbox 2337 2563 2516 2630; x_wconf 88' lang='lat' dir='ltr'><strong>Quare</strong></span> <span class='ocrx_word' id='word_1_421' title='bbox 2560 2565 2678 2622; x_wconf 92' lang='lat' dir='ltr'><strong>dies</strong></span> <span class='ocrx_word' id='word_1_422' title='bbox 2703 2565 2848 2622; x_wconf 92' lang='lat' dir='ltr'><strong>diem</strong></span> <span class='ocrx_word' id='word_1_423' title='bbox 2877 2575 3118 2637; x_wconf 90' lang='lat' dir='ltr'><strong>supcrat,</strong></span> <span class='ocrx_word' id='word_1_424' title='bbox 3147 2574 3204 2622; x_wconf 92' lang='lat' dir='ltr'><strong>et</strong></span> <span class='ocrx_word' id='word_1_425' title='bbox 3231 2567 3430 2622; x_wconf 87' lang='lat' dir='ltr'><strong>iterum</strong></span> <span class='ocrx_word' id='word_1_426' title='bbox 3459 2565 3558 2621; x_wconf 81' lang='lat' dir='ltr'><strong>lux</strong></span> <span class='ocrx_word' id='word_1_427' title='bbox 3603 2565 3819 2632; x_wconf 83' lang='lat' dir='ltr'><strong>lucem,</strong></span> 
     </span>
    </p>
   </div>
   <div class='ocr_carea' id='block_1_55' title="bbox 2214 2657 3824 2728">
    <p class='ocr_par' dir='ltr' id='par_1_55' title="bbox 2214 2657 3824 2728">
     <span class='ocr_line' id='line_1_55' title="bbox 2214 2657 3824 2728; baseline 0.002 -20"><span class='ocrx_word' id='word_1_428' title='bbox 2214 2673 2234 2706; x_wconf 73' lang='grc' dir='ltr'><strong><em>α</em></strong></span> <span class='ocrx_word' id='word_1_429' title='bbox 2281 2663 2335 2710; x_wconf 91' lang='lat' dir='ltr'><strong>et</strong></span> <span class='ocrx_word' id='word_1_430' title='bbox 2363 2671 2538 2710; x_wconf 90' lang='lat' dir='ltr'><strong>annus</strong></span> <span class='ocrx_word' id='word_1_431' title='bbox 2577 2673 2780 2712; x_wconf 89' lang='lat' dir='ltr'><strong>annum</strong></span> <span class='ocrx_word' id='word_1_432' title='bbox 2815 2674 2847 2712; x_wconf 90' lang='lat' dir='ltr'><strong>a</strong></span> <span class='ocrx_word' id='word_1_433' title='bbox 2876 2658 3028 2713; x_wconf 87' lang='lat' dir='ltr'><strong>sole?</strong></span> <span class='ocrx_word' id='word_1_434' title='bbox 3057 2658 3104 2713; x_wconf 83' lang='lat' dir='ltr'><strong>A</strong></span> <span class='ocrx_word' id='word_1_435' title='bbox 3143 2657 3360 2713; x_wconf 91' lang='lat' dir='ltr'><strong>Domini</strong></span> <span class='ocrx_word' id='word_1_436' title='bbox 3388 2657 3624 2713; x_wconf 87' lang='lat' dir='ltr'><strong>scientia</strong></span> <span class='ocrx_word' id='word_1_437' title='bbox 3668 2671 3824 2728; x_wconf 82' lang='lat' dir='ltr'><strong>sepa-</strong></span> 
     </span>
    </p>
   </div>
   <div class='ocr_carea' id='block_1_56' title="bbox 2214 2747 3816 2820">
    <p class='ocr_par' dir='ltr' id='par_1_56' title="bbox 2214 2747 3816 2820">
     <span class='ocr_line' id='line_1_56' title="bbox 2214 2747 3816 2820; baseline 0.002 -21"><span class='ocrx_word' id='word_1_438' title='bbox 2214 2765 2235 2799; x_wconf 74' lang='grc' dir='ltr'><strong>ι</strong></span> <span class='ocrx_word' id='word_1_439' title='bbox 2280 2748 2383 2802; x_wconf 86' lang='lat' dir='ltr'><strong>rati</strong></span> <span class='ocrx_word' id='word_1_440' title='bbox 2419 2757 2547 2804; x_wconf 91' lang='lat' dir='ltr'><strong>sunt</strong></span> <span class='ocrx_word' id='word_1_441' title='bbox 2590 2747 2735 2804; x_wconf 88' lang='lat' dir='ltr'><strong>facto</strong></span> <span class='ocrx_word' id='word_1_442' title='bbox 2771 2749 2886 2805; x_wconf 90' lang='lat' dir='ltr'><strong>sole</strong></span> <span class='ocrx_word' id='word_1_443' title='bbox 2925 2758 2981 2804; x_wconf 88' lang='lat' dir='ltr'><strong>et</strong></span> <span class='ocrx_word' id='word_1_444' title='bbox 3027 2756 3356 2820; x_wconf 65' lang='lat' dir='ltr'><strong>praeceptum</strong></span> <span class='ocrx_word' id='word_1_445' title='bbox 3391 2748 3765 2804; x_wconf 84' lang='lat' dir='ltr'><strong>custodiente.</strong></span> <span class='ocrx_word' id='word_1_446' title='bbox 3793 2767 3816 2803; x_wconf 83' lang='grc' dir='ltr'><strong>ι</strong></span> 
     </span>
    </p>
   </div>
   <div class='ocr_carea' id='block_1_57' title="bbox 2207 2835 3816 2910">
    <p class='ocr_par' dir='ltr' id='par_1_57' title="bbox 2207 2835 3816 2910">
     <span class='ocr_line' id='line_1_57' title="bbox 2207 2835 3816 2910; baseline 0.003 -21"><span class='ocrx_word' id='word_1_447' title='bbox 2207 2835 2344 2904; x_wconf 83' lang='lat' dir='ltr'><strong>Quia</strong></span> <span class='ocrx_word' id='word_1_448' title='bbox 2370 2836 2523 2905; x_wconf 85' lang='lat' dir='ltr'><strong>prius</strong></span> <span class='ocrx_word' id='word_1_449' title='bbox 2550 2838 2882 2909; x_wconf 85' lang='lat' dir='ltr'><strong>vituperavit</strong></span> <span class='ocrx_word' id='word_1_450' title='bbox 2911 2839 3063 2894; x_wconf 87' lang='lat' dir='ltr'><strong>stulti</strong></span> <span class='ocrx_word' id='word_1_451' title='bbox 3091 2839 3329 2894; x_wconf 89' lang='lat' dir='ltr'><strong>hominis</strong></span> <span class='ocrx_word' id='word_1_452' title='bbox 3365 2839 3816 2910; x_wconf 86' lang='lat' dir='ltr'><strong>imprudentiam,</strong></span> 
     </span>
    </p>
   </div>
   <div class='ocr_carea' id='block_1_58' title="bbox 2207 2928 3819 2998">
    <p class='ocr_par' dir='ltr' id='par_1_58' title="bbox 2207 2928 3819 2998">
     <span class='ocr_line' id='line_1_58' title="bbox 2207 2928 3819 2998; baseline 0.002 -16"><span class='ocrx_word' id='word_1_453' title='bbox 2207 2928 2462 2998; x_wconf 90' lang='lat' dir='ltr'><strong>quoniam</strong></span> <span class='ocrx_word' id='word_1_454' title='bbox 2512 2930 2716 2986; x_wconf 90' lang='lat' dir='ltr'><strong>nullam</strong></span> <span class='ocrx_word' id='word_1_455' title='bbox 2768 2932 2825 2986; x_wconf 88' lang='lat' dir='ltr'><strong>in</strong></span> <span class='ocrx_word' id='word_1_456' title='bbox 2876 2947 3061 2986; x_wconf 89' lang='lat' dir='ltr'><strong>rerum</strong></span> <span class='ocrx_word' id='word_1_457' title='bbox 3108 2930 3560 2986; x_wconf 87' lang='lat' dir='ltr'><strong>dissimilitudine</strong></span> <span class='ocrx_word' id='word_1_458' title='bbox 3630 2932 3819 2986; x_wconf 82' lang='lat' dir='ltr'><strong>habuit</strong></span> 
     </span>
    </p>
   </div>
   <div class='ocr_carea' id='block_1_59' title="bbox 2207 3019 3820 3085">
    <p class='ocr_par' dir='ltr' id='par_1_59' title="bbox 2207 3019 3820 3085">
     <span class='ocr_line' id='line_1_59' title="bbox 2207 3019 3820 3085; baseline 0.002 -12"><span class='ocrx_word' id='word_1_459' title='bbox 2207 3019 2539 3085; x_wconf 85' lang='lat' dir='ltr'><strong>distantiam,</strong></span> <span class='ocrx_word' id='word_1_460' title='bbox 2574 3036 2718 3076; x_wconf 90' lang='lat' dir='ltr'><strong>nunc</strong></span> <span class='ocrx_word' id='word_1_461' title='bbox 2742 3037 2774 3076; x_wconf 91' lang='lat' dir='ltr'><strong>a</strong></span> <span class='ocrx_word' id='word_1_462' title='bbox 2803 3022 3088 3079; x_wconf 88' lang='lat' dir='ltr'><strong>conditore</strong></span> <span class='ocrx_word' id='word_1_463' title='bbox 3111 3020 3492 3078; x_wconf 88' lang='lat' dir='ltr'><strong>universorum</strong></span> <span class='ocrx_word' id='word_1_464' title='bbox 3525 3023 3820 3078; x_wconf 79' lang='lat' dir='ltr'><strong>ostendere</strong></span> 
     </span>
    </p>
   </div>
   <div class='ocr_carea' id='block_1_60' title="bbox 2208 3111 3814 3173">
    <p class='ocr_par' dir='ltr' id='par_1_60' title="bbox 2208 3111 3814 3173">
     <span class='ocr_line' id='line_1_60' title="bbox 2208 3111 3814 3173; baseline 0.006 -10"><span class='ocrx_word' id='word_1_465' title='bbox 2208 3111 2319 3166; x_wconf 88' lang='lat' dir='ltr'><strong>vult</strong></span> <span class='ocrx_word' id='word_1_466' title='bbox 2349 3113 2404 3167; x_wconf 93' lang='lat' dir='ltr'><strong>in</strong></span> <span class='ocrx_word' id='word_1_467' title='bbox 2431 3114 2596 3170; x_wconf 85' lang='lat' dir='ltr'><strong>rebus</strong></span> <span class='ocrx_word' id='word_1_468' title='bbox 2625 3115 2877 3171; x_wconf 88' lang='lat' dir='ltr'><strong>omnibus</strong></span> <span class='ocrx_word' id='word_1_469' title='bbox 2909 3130 3032 3173; x_wconf 88' lang='lat' dir='ltr'><strong>esse</strong></span> <span class='ocrx_word' id='word_1_470' title='bbox 3059 3116 3308 3173; x_wconf 88' lang='lat' dir='ltr'><strong>ordinem</strong></span> <span class='ocrx_word' id='word_1_471' title='bbox 3343 3116 3814 3173; x_wconf 80' lang='lat' dir='ltr'><strong>decentissimum.</strong></span> 
     </span>
    </p>
   </div>
   <div class='ocr_carea' id='block_1_61' title="bbox 495 3186 3817 3280">
    <p class='ocr_par' dir='ltr' id='par_1_61' title="bbox 495 3186 3817 3280">
     <span class='ocr_line' id='line_1_61' title="bbox 495 3186 3817 3280; baseline 0.005 -39"><span class='ocrx_word' id='word_1_472' title='bbox 495 3186 656 3241; x_wconf 91' lang='lat' dir='ltr'><strong>detur</strong></span> <span class='ocrx_word' id='word_1_473' title='bbox 675 3188 910 3256; x_wconf 85' lang='lat' dir='ltr'><strong>procella</strong></span> <span class='ocrx_word' id='word_1_474' title='bbox 937 3191 1373 3260; x_wconf 89' lang='lat' dir='ltr'><strong>persecutionem</strong></span> <span class='ocrx_word' id='word_1_475' title='bbox 1395 3199 1451 3246; x_wconf 90' lang='lat' dir='ltr'><strong>et</strong></span> <span class='ocrx_word' id='word_1_476' title='bbox 1475 3191 1687 3246; x_wconf 90' lang='lat' dir='ltr'><strong>turbine</strong></span> <span class='ocrx_word' id='word_1_477' title='bbox 1713 3190 2097 3256; x_wconf 90' lang='lat' dir='ltr'><strong>tentationum,</strong></span> <span class='ocrx_word' id='word_1_478' title='bbox 2127 3187 2172 3250; x_wconf 91' lang='lat' dir='ltr'>C</span> <span class='ocrx_word' id='word_1_479' title='bbox 2210 3223 2228 3256; x_wconf 74' lang='grc' dir='ltr'><strong>ε</strong></span> <span class='ocrx_word' id='word_1_480' title='bbox 2258 3202 2384 3259; x_wconf 78' lang='lat' dir='ltr'><strong>Dies</strong></span> <span class='ocrx_word' id='word_1_481' title='bbox 2427 3217 2556 3276; x_wconf 78' lang='lat' dir='ltr'><strong>ergo</strong></span> <span class='ocrx_word' id='word_1_482' title='bbox 2591 3207 2734 3263; x_wconf 77' lang='lat' dir='ltr'><strong>diem</strong></span> <span class='ocrx_word' id='word_1_483' title='bbox 2779 3217 3035 3280; x_wconf 64' lang='lat' dir='ltr'><strong>superat,</strong></span> <span class='ocrx_word' id='word_1_484' title='bbox 3082 3218 3139 3265; x_wconf 66' lang='lat' dir='ltr'><strong>et</strong></span> <span class='ocrx_word' id='word_1_485' title='bbox 3167 3209 3262 3264; x_wconf 77' lang='grc' dir='ltr'><strong>ιιιχ</strong></span> <span class='ocrx_word' id='word_1_486' title='bbox 3292 3209 3506 3278; x_wconf 68' lang='lat' dir='ltr'><strong>lucem,</strong></span> <span class='ocrx_word' id='word_1_487' title='bbox 3555 3219 3613 3266; x_wconf 65' lang='lat' dir='ltr'><strong>et</strong></span> <span class='ocrx_word' id='word_1_488' title='bbox 3646 3226 3817 3266; x_wconf 74' lang='grc' dir='ltr'><strong>εωηιις</strong></span> 
     </span>
    </p>
   </div>
   <div class='ocr_carea' id='block_1_62' title="bbox 493 3280 2100 3356">
    <p class='ocr_par' dir='ltr' id='par_1_62' title="bbox 493 3280 2100 3356">
     <span class='ocr_line' id='line_1_62' title="bbox 493 3280 2100 3356; baseline 0.001 -21"><span class='ocrx_word' id='word_1_489' title='bbox 493 3280 589 3335; x_wconf 89' lang='lat' dir='ltr'><strong>sed</strong></span> <span class='ocrx_word' id='word_1_490' title='bbox 614 3297 713 3351; x_wconf 90' lang='lat' dir='ltr'><strong>per</strong></span> <span class='ocrx_word' id='word_1_491' title='bbox 737 3281 924 3340; x_wconf 87' lang='lat' dir='ltr'><strong>Jesum</strong></span> <span class='ocrx_word' id='word_1_492' title='bbox 949 3285 1217 3355; x_wconf 89' lang='lat' dir='ltr'><strong>procellas</strong></span> <span class='ocrx_word' id='word_1_493' title='bbox 1244 3292 1625 3356; x_wconf 87' lang='lat' dir='ltr'><strong>tempestatum</strong></span> <span class='ocrx_word' id='word_1_494' title='bbox 1653 3284 1882 3354; x_wconf 87' lang='lat' dir='ltr'><strong>imperio</strong></span> <span class='ocrx_word' id='word_1_495' title='bbox 1906 3285 2100 3340; x_wconf 90' lang='lat' dir='ltr'><strong>sedan-</strong></span> 
     </span>
    </p>
   </div>
   <div class='ocr_carea' id='block_1_63' title="bbox 494 3374 2092 3442">
    <p class='ocr_par' dir='ltr' id='par_1_63' title="bbox 494 3374 2092 3442">
     <span class='ocr_line' id='line_1_63' title="bbox 494 3374 2092 3442; baseline 0.004 -17"><span class='ocrx_word' id='word_1_496' title='bbox 494 3381 603 3428; x_wconf 90' lang='lat' dir='ltr'><strong>tem</strong></span> <span class='ocrx_word' id='word_1_497' title='bbox 639 3384 695 3429; x_wconf 89' lang='lat' dir='ltr'><strong>et</strong></span> <span class='ocrx_word' id='word_1_498' title='bbox 723 3374 920 3432; x_wconf 85' lang='lat' dir='ltr'><strong>ﬂuctus</strong></span> <span class='ocrx_word' id='word_1_499' title='bbox 959 3379 1087 3432; x_wconf 68' lang='lat' dir='ltr'><strong>smvi</strong></span> <span class='ocrx_word' id='word_1_500' title='bbox 1118 3377 1288 3431; x_wconf 90' lang='lat' dir='ltr'><strong>maris</strong></span> <span class='ocrx_word' id='word_1_501' title='bbox 1315 3377 1724 3432; x_wconf 89' lang='lat' dir='ltr'><strong>conculcantcm</strong></span> <span class='ocrx_word' id='word_1_502' title='bbox 1754 3375 2092 3442; x_wconf 86' lang='lat' dir='ltr'><strong>liberabitur,</strong></span> 
     </span>
    </p>
   </div>
   <div class='ocr_carea' id='block_1_64' title="bbox 491 3464 1484 3538">
    <p class='ocr_par' dir='ltr' id='par_1_64' title="bbox 491 3464 1484 3538">
     <span class='ocr_line' id='line_1_64' title="bbox 491 3464 1484 3538; baseline 0.002 -20"><span class='ocrx_word' id='word_1_503' title='bbox 491 3470 547 3518; x_wconf 89' lang='lat' dir='ltr'><strong>et</strong></span> <span class='ocrx_word' id='word_1_504' title='bbox 575 3464 642 3520; x_wconf 89' lang='lat' dir='ltr'><strong>ad</strong></span> <span class='ocrx_word' id='word_1_505' title='bbox 670 3473 888 3534; x_wconf 87' lang='lat' dir='ltr'><strong>portum</strong></span> <span class='ocrx_word' id='word_1_506' title='bbox 915 3466 1104 3529; x_wconf 86' lang='lat' dir='ltr'><strong>salutis</strong></span> <span class='ocrx_word' id='word_1_507' title='bbox 1131 3467 1484 3538; x_wconf 90' lang='lat' dir='ltr'><strong>perducetur.</strong></span> 
     </span>
    </p>
   </div>
   <div class='ocr_carea' id='block_1_65' title="bbox 567 3555 2088 3628">
    <p class='ocr_par' dir='ltr' id='par_1_65' title="bbox 567 3555 2088 3628">
     <span class='ocr_line' id='line_1_65' title="bbox 567 3555 2088 3628; baseline -0.001 -19"><span class='ocrx_word' id='word_1_508' title='bbox 567 3573 586 3605; x_wconf 82' lang='grc'><strong>‹</strong></span> <span class='ocrx_word' id='word_1_509' title='bbox 621 3555 796 3612; x_wconf 90' lang='lat' dir='ltr'><strong>Homo</strong></span> <span class='ocrx_word' id='word_1_510' title='bbox 819 3565 1070 3612; x_wconf 91' lang='lat' dir='ltr'><strong>sensatus</strong></span> <span class='ocrx_word' id='word_1_511' title='bbox 1092 3557 1267 3613; x_wconf 90' lang='lat' dir='ltr'><strong>credit</strong></span> <span class='ocrx_word' id='word_1_512' title='bbox 1292 3557 1400 3628; x_wconf 82' lang='lat' dir='ltr'><strong>legi</strong></span> <span class='ocrx_word' id='word_1_513' title='bbox 1427 3557 1548 3623; x_wconf 89' lang='lat' dir='ltr'><strong>Dei,</strong></span> <span class='ocrx_word' id='word_1_514' title='bbox 1573 3563 1628 3611; x_wconf 91' lang='lat' dir='ltr'><strong>et</strong></span> <span class='ocrx_word' id='word_1_515' title='bbox 1654 3556 1740 3612; x_wconf 90' lang='lat' dir='ltr'><strong>lex</strong></span> <span class='ocrx_word' id='word_1_516' title='bbox 1763 3555 1840 3611; x_wconf 92' lang='lat' dir='ltr'><strong>illi</strong></span> <span class='ocrx_word' id='word_1_517' title='bbox 1865 3556 2088 3612; x_wconf 67' lang='lat' dir='ltr'><strong>ﬁdelis.»</strong></span> 
     </span>
    </p>
   </div>
   <div class='ocr_carea' id='block_1_66' title="bbox 491 3645 2089 3720">
    <p class='ocr_par' dir='ltr' id='par_1_66' title="bbox 491 3645 2089 3720">
     <span class='ocr_line' id='line_1_66' title="bbox 491 3645 2089 3720; baseline 0.002 -21"><span class='ocrx_word' id='word_1_518' title='bbox 491 3645 550 3700; x_wconf 91' lang='lat' dir='ltr'><strong>Si</strong></span> <span class='ocrx_word' id='word_1_519' title='bbox 596 3646 687 3701; x_wconf 91' lang='lat' dir='ltr'><strong>ille</strong></span> <span class='ocrx_word' id='word_1_520' title='bbox 739 3657 990 3705; x_wconf 89' lang='lat' dir='ltr'><strong>sensatus</strong></span> <span class='ocrx_word' id='word_1_521' title='bbox 1019 3657 1074 3704; x_wconf 89' lang='lat' dir='ltr'><strong>et</strong></span> <span class='ocrx_word' id='word_1_522' title='bbox 1103 3649 1321 3720; x_wconf 87' lang='lat' dir='ltr'><strong>sapiens</strong></span> <span class='ocrx_word' id='word_1_523' title='bbox 1363 3657 1467 3715; x_wconf 88' lang='lat' dir='ltr'><strong>est,</strong></span> <span class='ocrx_word' id='word_1_524' title='bbox 1495 3648 1588 3718; x_wconf 91' lang='lat' dir='ltr'><strong>qui</strong></span> <span class='ocrx_word' id='word_1_525' title='bbox 1619 3647 1791 3704; x_wconf 90' lang='lat' dir='ltr'><strong>credit</strong></span> <span class='ocrx_word' id='word_1_526' title='bbox 1822 3648 1927 3718; x_wconf 81' lang='lat' dir='ltr'><strong>legi</strong></span> <span class='ocrx_word' id='word_1_527' title='bbox 1961 3648 2089 3714; x_wconf 92' lang='lat' dir='ltr'><strong>Dei,</strong></span> 
     </span>
    </p>
   </div>
   <div class='ocr_carea' id='block_1_67' title="bbox 488 3738 2094 3810">
    <p class='ocr_par' dir='ltr' id='par_1_67' title="bbox 488 3738 2094 3810">
     <span class='ocr_line' id='line_1_67' title="bbox 488 3738 2094 3810; baseline 0.001 -18"><span class='ocrx_word' id='word_1_528' title='bbox 488 3738 711 3794; x_wconf 90' lang='lat' dir='ltr'><strong>omnino</strong></span> <span class='ocrx_word' id='word_1_529' title='bbox 739 3739 830 3795; x_wconf 92' lang='lat' dir='ltr'><strong>ille</strong></span> <span class='ocrx_word' id='word_1_530' title='bbox 859 3740 1168 3797; x_wconf 89' lang='lat' dir='ltr'><strong>insensatus</strong></span> <span class='ocrx_word' id='word_1_531' title='bbox 1196 3748 1253 3796; x_wconf 90' lang='lat' dir='ltr'><strong>et</strong></span> <span class='ocrx_word' id='word_1_532' title='bbox 1287 3741 1485 3796; x_wconf 91' lang='lat' dir='ltr'><strong>stultus</strong></span> <span class='ocrx_word' id='word_1_533' title='bbox 1513 3739 1616 3808; x_wconf 83' lang='lat' dir='ltr'><strong>est,</strong></span> <span class='ocrx_word' id='word_1_534' title='bbox 1649 3739 1742 3810; x_wconf 90' lang='lat' dir='ltr'><strong>qui</strong></span> <span class='ocrx_word' id='word_1_535' title='bbox 1779 3755 1888 3794; x_wconf 91' lang='lat' dir='ltr'><strong>non</strong></span> <span class='ocrx_word' id='word_1_536' title='bbox 1920 3740 2094 3795; x_wconf 88' lang='lat' dir='ltr'><strong>credit</strong></span> 
     </span>
    </p>
   </div>
   <div class='ocr_carea' id='block_1_68' title="bbox 489 3830 2092 3903">
    <p class='ocr_par' dir='ltr' id='par_1_68' title="bbox 489 3830 2092 3903">
     <span class='ocr_line' id='line_1_68' title="bbox 489 3830 2092 3903; baseline 0.003 -20"><span class='ocrx_word' id='word_1_537' title='bbox 489 3838 546 3884; x_wconf 89' lang='lat' dir='ltr'><strong>et</strong></span> <span class='ocrx_word' id='word_1_538' title='bbox 592 3845 700 3886; x_wconf 90' lang='lat' dir='ltr'><strong>non</strong></span> <span class='ocrx_word' id='word_1_539' title='bbox 730 3832 1076 3902; x_wconf 87' lang='lat' dir='ltr'><strong>obtemperat</strong></span> <span class='ocrx_word' id='word_1_540' title='bbox 1101 3831 1211 3903; x_wconf 80' lang='lat' dir='ltr'><strong>legi</strong></span> <span class='ocrx_word' id='word_1_541' title='bbox 1239 3832 1437 3888; x_wconf 72' lang='lat' dir='ltr'><strong>divina:</strong></span> <span class='ocrx_word' id='word_1_542' title='bbox 1465 3850 1478 3886; x_wconf 91' lang='lat'>:</span> <span class='ocrx_word' id='word_1_543' title='bbox 1508 3832 1633 3902; x_wconf 91' lang='lat' dir='ltr'><strong>quia</strong></span> <span class='ocrx_word' id='word_1_544' title='bbox 1659 3832 1747 3887; x_wconf 86' lang='lat' dir='ltr'><strong>lex</strong></span> <span class='ocrx_word' id='word_1_545' title='bbox 1775 3830 1872 3886; x_wconf 91' lang='lat' dir='ltr'><strong>Dei</strong></span> <span class='ocrx_word' id='word_1_546' title='bbox 1917 3830 2092 3888; x_wconf 89' lang='lat' dir='ltr'><strong>ﬁdelis</strong></span> 
     </span>
    </p>
   </div>
   <div class='ocr_carea' id='block_1_69' title="bbox 487 3921 2091 3993">
    <p class='ocr_par' dir='ltr' id='par_1_69' title="bbox 487 3921 2091 3993">
     <span class='ocr_line' id='line_1_69' title="bbox 487 3921 2091 3993; baseline 0.002 -17"><span class='ocrx_word' id='word_1_547' title='bbox 487 3927 591 3987; x_wconf 90' lang='lat' dir='ltr'><strong>est,</strong></span> <span class='ocrx_word' id='word_1_548' title='bbox 615 3928 670 3975; x_wconf 90' lang='lat' dir='ltr'><strong>et</strong></span> <span class='ocrx_word' id='word_1_549' title='bbox 697 3936 804 3977; x_wconf 89' lang='lat' dir='ltr'><strong>non</strong></span> <span class='ocrx_word' id='word_1_550' title='bbox 825 3930 910 3978; x_wconf 91' lang='lat' dir='ltr'><strong>est</strong></span> <span class='ocrx_word' id='word_1_551' title='bbox 936 3922 992 3977; x_wconf 93' lang='lat' dir='ltr'><strong>in</strong></span> <span class='ocrx_word' id='word_1_552' title='bbox 1018 3922 1108 3976; x_wconf 87' lang='lat' dir='ltr'><strong>illa</strong></span> <span class='ocrx_word' id='word_1_553' title='bbox 1136 3922 1246 3978; x_wconf 91' lang='lat' dir='ltr'><strong>ulla</strong></span> <span class='ocrx_word' id='word_1_554' title='bbox 1283 3922 1562 3993; x_wconf 90' lang='lat' dir='ltr'><strong>iniquitas,</strong></span> <span class='ocrx_word' id='word_1_555' title='bbox 1597 3922 1692 3978; x_wconf 90' lang='lat' dir='ltr'><strong>sed</strong></span> <span class='ocrx_word' id='word_1_556' title='bbox 1720 3922 1878 3993; x_wconf 87' lang='lat' dir='ltr'><strong>plena</strong></span> <span class='ocrx_word' id='word_1_557' title='bbox 1917 3921 2091 3979; x_wconf 92' lang='lat' dir='ltr'><strong>felici-</strong></span> 
     </span>
    </p>
   </div>
   <div class='ocr_carea' id='block_1_70' title="bbox 487 4011 2088 4084">
    <p class='ocr_par' dir='ltr' id='par_1_70' title="bbox 487 4011 2088 4084">
     <span class='ocr_line' id='line_1_70' title="bbox 487 4011 2088 4084; baseline 0.002 -18"><span class='ocrx_word' id='word_1_558' title='bbox 487 4018 590 4067; x_wconf 88' lang='lat' dir='ltr'><strong>tas.</strong></span> <span class='ocrx_word' id='word_1_559' title='bbox 622 4011 733 4066; x_wconf 84' lang='lat' dir='ltr'><strong>Lex</strong></span> <span class='ocrx_word' id='word_1_560' title='bbox 780 4013 927 4069; x_wconf 90' lang='lat' dir='ltr'><strong>enim</strong></span> <span class='ocrx_word' id='word_1_561' title='bbox 971 4013 1210 4079; x_wconf 90' lang='lat' dir='ltr'><strong>Domini,</strong></span> <span class='ocrx_word' id='word_1_562' title='bbox 1238 4011 1395 4083; x_wconf 70' lang='lat' dir='ltr'><strong>juxta</strong></span> <span class='ocrx_word' id='word_1_563' title='bbox 1417 4012 1829 4084; x_wconf 79' lang='lat' dir='ltr'><strong>Psalmographi</strong></span> <span class='ocrx_word' id='word_1_564' title='bbox 1870 4023 2088 4070; x_wconf 89' lang='lat' dir='ltr'><strong>senten-</strong></span> 
     </span>
    </p>
   </div>
   <div class='ocr_carea' id='block_1_71' title="bbox 486 4104 2083 4177">
    <p class='ocr_par' dir='ltr' id='par_1_71' title="bbox 486 4104 2083 4177">
     <span class='ocr_line' id='line_1_71' title="bbox 486 4104 2083 4177; baseline 0.002 -20"><span class='ocrx_word' id='word_1_565' title='bbox 486 4104 648 4171; x_wconf 79' lang='lat' dir='ltr'><strong>tiam,</strong></span> <span class='ocrx_word' id='word_1_566' title='bbox 696 4114 780 4161; x_wconf 89' lang='lat' dir='ltr'><strong>est</strong></span> <span class='ocrx_word' id='word_1_567' title='bbox 835 4105 1368 4177; x_wconf 90' lang='lat' dir='ltr'><strong>irreprehensibilis,</strong></span> <span class='ocrx_word' id='word_1_568' title='bbox 1410 4123 1430 4157; x_wconf 88' lang='grc'><em>‹</em></span> <span class='ocrx_word' id='word_1_569' title='bbox 1460 4112 1785 4160; x_wconf 90' lang='lat' dir='ltr'><strong>convertens</strong></span> <span class='ocrx_word' id='word_1_570' title='bbox 1833 4105 2083 4161; x_wconf 87' lang='lat' dir='ltr'><strong>animas:</strong></span> 
     </span>
    </p>
   </div>
   <div class='ocr_carea' id='block_1_72' title="bbox 484 4195 2087 4268">
    <p class='ocr_par' dir='ltr' id='par_1_72' title="bbox 484 4195 2087 4268">
     <span class='ocr_line' id='line_1_72' title="bbox 484 4195 2087 4268; baseline 0.003 -20"><span class='ocrx_word' id='word_1_571' title='bbox 484 4195 856 4252; x_wconf 90' lang='lat' dir='ltr'><strong>testimonium</strong></span> <span class='ocrx_word' id='word_1_572' title='bbox 912 4196 1130 4252; x_wconf 91' lang='lat' dir='ltr'><strong>Domini</strong></span> <span class='ocrx_word' id='word_1_573' title='bbox 1185 4196 1373 4262; x_wconf 89' lang='lat' dir='ltr'><strong>ﬁdele,</strong></span> <span class='ocrx_word' id='word_1_574' title='bbox 1434 4195 1759 4265; x_wconf 86' lang='lat' dir='ltr'><strong>sapientiam</strong></span> <span class='ocrx_word' id='word_1_575' title='bbox 1817 4205 2087 4268; x_wconf 67' lang='lat' dir='ltr'><strong>praestans</strong></span> 
     </span>
    </p>
   </div>
   <div class='ocr_carea' id='block_1_73' title="bbox 481 4286 1193 4362">
    <p class='ocr_par' dir='ltr' id='par_1_73' title="bbox 481 4286 1193 4362">
     <span class='ocr_line' id='line_1_73' title="bbox 481 4286 1193 4362; baseline 0 -22"><span class='ocrx_word' id='word_1_576' title='bbox 481 4287 723 4355; x_wconf 80' lang='lat' dir='ltr'><strong>parvulis</strong></span> <span class='ocrx_word' id='word_1_577' title='bbox 749 4286 927 4360; x_wconf 82' lang='lat' dir='ltr'><strong>(Psal.</strong></span> <span class='ocrx_word' id='word_1_578' title='bbox 957 4288 1138 4362; x_wconf 82' lang='lat' dir='ltr'><strong>xvm).</strong></span> <span class='ocrx_word' id='word_1_579' title='bbox 1174 4307 1193 4340; x_wconf 73' lang='grc' dir='ltr'><strong>ι</strong></span> 
     </span>
    </p>
   </div>
   <div class='ocr_carea' id='block_1_74' title="bbox 559 4374 2074 4458">
    <p class='ocr_par' dir='ltr' id='par_1_74' title="bbox 559 4374 2074 4458">
     <span class='ocr_line' id='line_1_74' title="bbox 559 4374 2074 4458; baseline 0.005 -22"><span class='ocrx_word' id='word_1_580' title='bbox 559 4404 577 4436; x_wconf 79' lang='grc' dir='ltr'><strong>ι</strong></span> <span class='ocrx_word' id='word_1_581' title='bbox 604 4374 723 4453; x_wconf 84' lang='lat' dir='ltr'><strong>&#39;Qui</strong></span> <span class='ocrx_word' id='word_1_582' title='bbox 766 4385 1247 4458; x_wconf 83' lang='lat' dir='ltr'><strong>interrogationem</strong></span> <span class='ocrx_word' id='word_1_583' title='bbox 1299 4386 1644 4455; x_wconf 88' lang='lat' dir='ltr'><strong>manifestat,</strong></span> <span class='ocrx_word' id='word_1_584' title='bbox 1691 4388 1907 4458; x_wconf 90' lang='lat' dir='ltr'><strong>parabit</strong></span> <span class='ocrx_word' id='word_1_585' title='bbox 1955 4403 2074 4444; x_wconf 48' lang='lat' dir='ltr'><strong>ver.</strong></span> 
     </span>
    </p>
   </div>
   <div class='ocr_carea' id='block_1_75' title="bbox 484 4477 2083 4548">
    <p class='ocr_par' dir='ltr' id='par_1_75' title="bbox 484 4477 2083 4548">
     <span class='ocr_line' id='line_1_75' title="bbox 484 4477 2083 4548; baseline 0.001 -14"><span class='ocrx_word' id='word_1_586' title='bbox 484 4495 504 4527; x_wconf 73' lang='grc' dir='ltr'><strong><em>ε</em></strong></span> <span class='ocrx_word' id='word_1_587' title='bbox 549 4477 699 4544; x_wconf 88' lang='lat' dir='ltr'><strong>bum,</strong></span> <span class='ocrx_word' id='word_1_588' title='bbox 728 4484 784 4534; x_wconf 89' lang='lat' dir='ltr'><strong>et</strong></span> <span class='ocrx_word' id='word_1_589' title='bbox 812 4477 894 4534; x_wconf 90' lang='lat' dir='ltr'><strong>sic</strong></span> <span class='ocrx_word' id='word_1_590' title='bbox 921 4478 1246 4548; x_wconf 87' lang='lat' dir='ltr'><strong>deprecatus</strong></span> <span class='ocrx_word' id='word_1_591' title='bbox 1282 4479 1627 4546; x_wconf 85' lang='lat' dir='ltr'><strong>exaudietur,</strong></span> <span class='ocrx_word' id='word_1_592' title='bbox 1652 4488 1707 4535; x_wconf 90' lang='lat' dir='ltr'><strong>et</strong></span> <span class='ocrx_word' id='word_1_593' title='bbox 1734 4481 2083 4536; x_wconf 89' lang='lat' dir='ltr'><strong>conservabit</strong></span> 
     </span>
    </p>
   </div>
   <div class='ocr_carea' id='block_1_76' title="bbox 2203 3297 3818 3368">
    <p class='ocr_par' dir='ltr' id='par_1_76' title="bbox 2203 3297 3818 3368">
     <span class='ocr_line' id='line_1_76' title="bbox 2203 3297 3818 3368; baseline 0.006 -19"><span class='ocrx_word' id='word_1_594' title='bbox 2203 3309 2426 3363; x_wconf 90' lang='lat' dir='ltr'><strong>annum,</strong></span> <span class='ocrx_word' id='word_1_595' title='bbox 2451 3316 2469 3348; x_wconf 81' lang='grc' dir='ltr'><strong>ι</strong></span> <span class='ocrx_word' id='word_1_596' title='bbox 2516 3307 2739 3368; x_wconf 89' lang='lat' dir='ltr'><strong>propter</strong></span> <span class='ocrx_word' id='word_1_597' title='bbox 2768 3301 3112 3356; x_wconf 89' lang='lat' dir='ltr'><strong>ascendentis</strong></span> <span class='ocrx_word' id='word_1_598' title='bbox 3155 3297 3211 3356; x_wconf 81' lang='lat' dir='ltr'><strong>ét</strong></span> <span class='ocrx_word' id='word_1_599' title='bbox 3253 3301 3644 3356; x_wconf 89' lang='lat' dir='ltr'><strong>descendentis</strong></span> <span class='ocrx_word' id='word_1_600' title='bbox 3693 3301 3818 3358; x_wconf 84' lang='lat' dir='ltr'><strong>solis</strong></span> 
     </span>
    </p>
   </div>
   <div class='ocr_carea' id='block_1_77' title="bbox 2201 3389 3817 3464">
    <p class='ocr_par' dir='ltr' id='par_1_77' title="bbox 2201 3389 3817 3464">
     <span class='ocr_line' id='line_1_77' title="bbox 2201 3389 3817 3464; baseline 0.005 -24"><span class='ocrx_word' id='word_1_601' title='bbox 2201 3402 2443 3455; x_wconf 88' lang='lat' dir='ltr'><strong>cursum,</strong></span> <span class='ocrx_word' id='word_1_602' title='bbox 2475 3389 2565 3458; x_wconf 91' lang='lat' dir='ltr'><strong>qui</strong></span> <span class='ocrx_word' id='word_1_603' title='bbox 2590 3390 2730 3461; x_wconf 82' lang='lat' dir='ltr'><strong>rigat</strong></span> <span class='ocrx_word' id='word_1_604' title='bbox 2750 3391 2817 3446; x_wconf 90' lang='lat' dir='ltr'><strong>ad</strong></span> <span class='ocrx_word' id='word_1_605' title='bbox 2849 3391 3154 3457; x_wconf 88' lang='lat' dir='ltr'><strong>meridiem,</strong></span> <span class='ocrx_word' id='word_1_606' title='bbox 3171 3400 3227 3447; x_wconf 91' lang='lat' dir='ltr'><strong>et</strong></span> <span class='ocrx_word' id='word_1_607' title='bbox 3255 3391 3492 3448; x_wconf 81' lang='lat' dir='ltr'><strong>ﬂectitur</strong></span> <span class='ocrx_word' id='word_1_608' title='bbox 3512 3392 3584 3446; x_wconf 91' lang='lat' dir='ltr'><strong>ad</strong></span> <span class='ocrx_word' id='word_1_609' title='bbox 3609 3393 3817 3464; x_wconf 88' lang='lat' dir='ltr'><strong>aquilo-</strong></span> 
     </span>
    </p>
   </div>
   <div class='ocr_carea' id='block_1_78' title="bbox 2199 3479 3814 3550">
    <p class='ocr_par' dir='ltr' id='par_1_78' title="bbox 2199 3479 3814 3550">
     <span class='ocr_line' id='line_1_78' title="bbox 2199 3479 3814 3550; baseline 0.005 -19"><span class='ocrx_word' id='word_1_610' title='bbox 2199 3491 2344 3545; x_wconf 90' lang='lat' dir='ltr'><strong>nem,</strong></span> <span class='ocrx_word' id='word_1_611' title='bbox 2384 3479 2625 3537; x_wconf 83' lang='lat' dir='ltr'><strong>lustrans</strong></span> <span class='ocrx_word' id='word_1_612' title='bbox 2653 3482 2912 3538; x_wconf 89' lang='lat' dir='ltr'><strong>universa</strong></span> <span class='ocrx_word' id='word_1_613' title='bbox 2953 3484 3186 3539; x_wconf 90' lang='lat' dir='ltr'><strong>circuitu</strong></span> <span class='ocrx_word' id='word_1_614' title='bbox 3215 3499 3337 3550; x_wconf 90' lang='lat' dir='ltr'><strong>suo,</strong></span> <span class='ocrx_word' id='word_1_615' title='bbox 3365 3493 3422 3540; x_wconf 93' lang='lat' dir='ltr'><strong>et</strong></span> <span class='ocrx_word' id='word_1_616' title='bbox 3449 3482 3814 3539; x_wconf 84' lang='lat' dir='ltr'><strong>luminaribus</strong></span> 
     </span>
    </p>
   </div>
   <div class='ocr_carea' id='block_1_79' title="bbox 2196 3572 3808 3647">
    <p class='ocr_par' dir='ltr' id='par_1_79' title="bbox 2196 3572 3808 3647">
     <span class='ocr_line' id='line_1_79' title="bbox 2196 3572 3808 3647; baseline 0.001 -21"><span class='ocrx_word' id='word_1_617' title='bbox 2196 3572 2500 3627; x_wconf 89' lang='lat' dir='ltr'><strong>minoribus</strong></span> <span class='ocrx_word' id='word_1_618' title='bbox 2547 3573 2716 3629; x_wconf 91' lang='lat' dir='ltr'><strong>radiis</strong></span> <span class='ocrx_word' id='word_1_619' title='bbox 2757 3574 2870 3630; x_wconf 91' lang='lat' dir='ltr'><strong>suis</strong></span> <span class='ocrx_word' id='word_1_620' title='bbox 2913 3584 3138 3646; x_wconf 83' lang='lat' dir='ltr'><strong>praestat</strong></span> <span class='ocrx_word' id='word_1_621' title='bbox 3183 3577 3568 3647; x_wconf 76' lang='lat' dir='ltr'><strong>sp.endorem,</strong></span> <span class='ocrx_word' id='word_1_622' title='bbox 3601 3577 3808 3632; x_wconf 86' lang='lat' dir='ltr'><strong>discer-</strong></span> 
     </span>
    </p>
   </div>
   <div class='ocr_carea' id='block_1_80' title="bbox 2196 3666 3808 3739">
    <p class='ocr_par' dir='ltr' id='par_1_80' title="bbox 2196 3666 3808 3739">
     <span class='ocr_line' id='line_1_80' title="bbox 2196 3666 3808 3739; baseline 0.002 -20"><span class='ocrx_word' id='word_1_623' title='bbox 2196 3680 2333 3721; x_wconf 90' lang='lat' dir='ltr'><strong>nens</strong></span> <span class='ocrx_word' id='word_1_624' title='bbox 2373 3674 2638 3736; x_wconf 88' lang='lat' dir='ltr'><strong>tempora,</strong></span> <span class='ocrx_word' id='word_1_625' title='bbox 2667 3666 2785 3722; x_wconf 89' lang='lat' dir='ltr'><strong>dies</strong></span> <span class='ocrx_word' id='word_1_626' title='bbox 2811 3675 2866 3723; x_wconf 91' lang='lat' dir='ltr'><strong>et</strong></span> <span class='ocrx_word' id='word_1_627' title='bbox 2894 3683 3092 3736; x_wconf 90' lang='lat' dir='ltr'><strong>annos,</strong></span> <span class='ocrx_word' id='word_1_628' title='bbox 3125 3670 3256 3739; x_wconf 89' lang='lat' dir='ltr'><strong>quia</strong></span> <span class='ocrx_word' id='word_1_629' title='bbox 3289 3669 3343 3723; x_wconf 92' lang='lat' dir='ltr'><strong>in</strong></span> <span class='ocrx_word' id='word_1_630' title='bbox 3371 3675 3564 3724; x_wconf 71' lang='lat' dir='ltr'><strong>aestate</strong></span> <span class='ocrx_word' id='word_1_631' title='bbox 3605 3668 3808 3738; x_wconf 75' lang='lat' dir='ltr'><strong>longio-</strong></span> 
     </span>
    </p>
   </div>
   <div class='ocr_carea' id='block_1_81' title="bbox 2195 3755 3806 3828">
    <p class='ocr_par' dir='ltr' id='par_1_81' title="bbox 2195 3755 3806 3828">
     <span class='ocr_line' id='line_1_81' title="bbox 2195 3755 3806 3828; baseline 0.004 -20"><span class='ocrx_word' id='word_1_632' title='bbox 2195 3769 2286 3809; x_wconf 88' lang='lat' dir='ltr'><strong>res</strong></span> <span class='ocrx_word' id='word_1_633' title='bbox 2310 3762 2366 3809; x_wconf 90' lang='lat' dir='ltr'><strong>et</strong></span> <span class='ocrx_word' id='word_1_634' title='bbox 2396 3755 2661 3811; x_wconf 88' lang='lat' dir='ltr'><strong>clariores</strong></span> <span class='ocrx_word' id='word_1_635' title='bbox 2701 3756 2818 3812; x_wconf 90' lang='lat' dir='ltr'><strong>dies</strong></span> <span class='ocrx_word' id='word_1_636' title='bbox 2847 3757 3023 3813; x_wconf 90' lang='lat' dir='ltr'><strong>reddit</strong></span> <span class='ocrx_word' id='word_1_637' title='bbox 3067 3774 3232 3828; x_wconf 88' lang='lat' dir='ltr'><strong>quam</strong></span> <span class='ocrx_word' id='word_1_638' title='bbox 3280 3759 3479 3827; x_wconf 89' lang='lat' dir='ltr'><strong>hieme,</strong></span> <span class='ocrx_word' id='word_1_639' title='bbox 3511 3768 3572 3814; x_wconf 87' lang='lat' dir='ltr'><strong>et</strong></span> <span class='ocrx_word' id='word_1_640' title='bbox 3606 3773 3806 3814; x_wconf 86' lang='lat' dir='ltr'><strong>annum</strong></span> 
     </span>
    </p>
   </div>
   <div class='ocr_carea' id='block_1_82' title="bbox 2192 3841 3806 3911">
    <p class='ocr_par' dir='ltr' id='par_1_82' title="bbox 2192 3841 3806 3911">
     <span class='ocr_line' id='line_1_82' title="bbox 2192 3841 3806 3911; baseline 0.007 -15"><span class='ocrx_word' id='word_1_641' title='bbox 2192 3841 2332 3900; x_wconf 85' lang='lat' dir='ltr'><strong>lunae</strong></span> <span class='ocrx_word' id='word_1_642' title='bbox 2357 3855 2412 3902; x_wconf 90' lang='lat' dir='ltr'><strong>et</strong></span> <span class='ocrx_word' id='word_1_643' title='bbox 2441 3853 2768 3903; x_wconf 81' lang='lat' dir='ltr'><strong>caeterorum</strong></span> <span class='ocrx_word' id='word_1_644' title='bbox 2812 3847 3055 3904; x_wconf 89' lang='lat' dir='ltr'><strong>siderum</strong></span> <span class='ocrx_word' id='word_1_645' title='bbox 3088 3848 3222 3906; x_wconf 86' lang='lat' dir='ltr'><strong>facit</strong></span> <span class='ocrx_word' id='word_1_646' title='bbox 3265 3850 3408 3906; x_wconf 90' lang='lat' dir='ltr'><strong>inter</strong></span> <span class='ocrx_word' id='word_1_647' title='bbox 3436 3865 3498 3906; x_wconf 89' lang='lat' dir='ltr'><strong>se</strong></span> <span class='ocrx_word' id='word_1_648' title='bbox 3525 3850 3806 3911; x_wconf 84' lang='lat' dir='ltr'><strong>ordinabi-</strong></span> 
     </span>
    </p>
   </div>
   <div class='ocr_carea' id='block_1_83' title="bbox 2192 3934 3805 4010">
    <p class='ocr_par' dir='ltr' id='par_1_83' title="bbox 2192 3934 3805 4010">
     <span class='ocr_line' id='line_1_83' title="bbox 2192 3934 3805 4010; baseline 0.007 -22"><span class='ocrx_word' id='word_1_649' title='bbox 2192 3934 2317 3991; x_wconf 90' lang='lat' dir='ltr'><strong>liter</strong></span> <span class='ocrx_word' id='word_1_650' title='bbox 2346 3935 2713 3992; x_wconf 75' lang='lat' dir='ltr'><strong>diﬁ‘erentiam</strong></span> <span class='ocrx_word' id='word_1_651' title='bbox 2753 3938 2958 3996; x_wconf 87' lang='lat' dir='ltr'><strong>habere</strong></span> <span class='ocrx_word' id='word_1_652' title='bbox 2991 3957 3006 3994; x_wconf 92' lang='lat'><strong>:</strong></span> <span class='ocrx_word' id='word_1_653' title='bbox 3040 3941 3170 4010; x_wconf 93' lang='lat' dir='ltr'><strong>quia</strong></span> <span class='ocrx_word' id='word_1_654' title='bbox 3213 3941 3283 3998; x_wconf 88' lang='lat' dir='ltr'><strong>a&#39;d</strong></span> <span class='ocrx_word' id='word_1_655' title='bbox 3311 3942 3415 3999; x_wconf 91' lang='lat' dir='ltr'><strong>hoc</strong></span> <span class='ocrx_word' id='word_1_656' title='bbox 3459 3952 3684 3998; x_wconf 88' lang='lat' dir='ltr'><strong>creatus</strong></span> <span class='ocrx_word' id='word_1_657' title='bbox 3727 3951 3805 3999; x_wconf 86' lang='lat' dir='ltr'><strong>est</strong></span> 
     </span>
    </p>
   </div>
   <div class='ocr_carea' id='block_1_84' title="bbox 2191 4029 3780 4105">
    <p class='ocr_par' dir='ltr' id='par_1_84' title="bbox 2191 4029 3780 4105">
     <span class='ocr_line' id='line_1_84' title="bbox 2191 4029 3780 4105; baseline 0.005 -23"><span class='ocrx_word' id='word_1_658' title='bbox 2191 4042 2317 4083; x_wconf 93' lang='lat' dir='ltr'><strong>cum</strong></span> <span class='ocrx_word' id='word_1_659' title='bbox 2349 4029 2562 4084; x_wconf 72' lang='lat' dir='ltr'><strong>cznteris</strong></span> <span class='ocrx_word' id='word_1_660' title='bbox 2607 4029 2897 4098; x_wconf 89' lang='lat' dir='ltr'><strong>sideribus,</strong></span> <span class='ocrx_word' id='word_1_661' title='bbox 2929 4040 2991 4088; x_wconf 93' lang='lat' dir='ltr'><strong>ut</strong></span> <span class='ocrx_word' id='word_1_662' title='bbox 3032 4041 3216 4088; x_wconf 87' lang='lat' dir='ltr'><strong>essent</strong></span> <span class='ocrx_word' id='word_1_663' title='bbox 3243 4033 3301 4088; x_wconf 89' lang='lat' dir='ltr'><strong>in</strong></span> <span class='ocrx_word' id='word_1_664' title='bbox 3345 4033 3536 4105; x_wconf 80' lang='lat' dir='ltr'><strong>signa,</strong></span> <span class='ocrx_word' id='word_1_665' title='bbox 3585 4043 3643 4089; x_wconf 88' lang='lat' dir='ltr'><strong>et</strong></span> <span class='ocrx_word' id='word_1_666' title='bbox 3673 4044 3780 4089; x_wconf 79' lang='lat' dir='ltr'><strong>tem</strong></span> 
     </span>
    </p>
   </div>
   <div class='ocr_carea' id='block_1_85' title="bbox 2189 4120 3804 4197">
    <p class='ocr_par' dir='ltr' id='par_1_85' title="bbox 2189 4120 3804 4197">
     <span class='ocr_line' id='line_1_85' title="bbox 2189 4120 3804 4197; baseline 0.007 -25"><span class='ocrx_word' id='word_1_667' title='bbox 2189 4133 2342 4188; x_wconf 90' lang='lat' dir='ltr'><strong>pora,</strong></span> <span class='ocrx_word' id='word_1_668' title='bbox 2371 4127 2426 4174; x_wconf 91' lang='lat' dir='ltr'><strong>et</strong></span> <span class='ocrx_word' id='word_1_669' title='bbox 2463 4120 2597 4186; x_wconf 90' lang='lat' dir='ltr'><strong>dies,</strong></span> <span class='ocrx_word' id='word_1_670' title='bbox 2634 4129 2690 4177; x_wconf 91' lang='lat' dir='ltr'><strong>et</strong></span> <span class='ocrx_word' id='word_1_671' title='bbox 2719 4137 2909 4190; x_wconf 90' lang='lat' dir='ltr'><strong>annos,</strong></span> <span class='ocrx_word' id='word_1_672' title='bbox 2938 4133 2994 4181; x_wconf 91' lang='lat' dir='ltr'><strong>et</strong></span> <span class='ocrx_word' id='word_1_673' title='bbox 3023 4125 3337 4182; x_wconf 88' lang='lat' dir='ltr'><strong>hominibus</strong></span> <span class='ocrx_word' id='word_1_674' title='bbox 3364 4126 3459 4197; x_wconf 92' lang='lat' dir='ltr'><strong>qui</strong></span> <span class='ocrx_word' id='word_1_675' title='bbox 3487 4126 3669 4195; x_wconf 73' lang='lat' dir='ltr'><strong>legem</strong></span> <span class='ocrx_word' id='word_1_676' title='bbox 3709 4125 3804 4183; x_wconf 85' lang='lat' dir='ltr'><strong>Dei</strong></span> 
     </span>
    </p>
   </div>
   <div class='ocr_carea' id='block_1_86' title="bbox 2190 4215 3804 4290">
    <p class='ocr_par' dir='ltr' id='par_1_86' title="bbox 2190 4215 3804 4290">
     <span class='ocr_line' id='line_1_86' title="bbox 2190 4215 3804 4290; baseline 0.006 -24"><span class='ocrx_word' id='word_1_677' title='bbox 2190 4216 2464 4284; x_wconf 90' lang='lat' dir='ltr'><strong>accepturi</strong></span> <span class='ocrx_word' id='word_1_678' title='bbox 2493 4215 2708 4284; x_wconf 87' lang='lat' dir='ltr'><strong>forent,</strong></span> <span class='ocrx_word' id='word_1_679' title='bbox 2755 4227 2908 4274; x_wconf 87' lang='lat' dir='ltr'><strong>certa</strong></span> <span class='ocrx_word' id='word_1_680' title='bbox 2956 4218 3312 4276; x_wconf 86' lang='lat' dir='ltr'><strong>festivitatum</strong></span> <span class='ocrx_word' id='word_1_681' title='bbox 3358 4219 3804 4290; x_wconf 73' lang='lat' dir='ltr'><strong>demonstrarent</strong></span> 
     </span>
    </p>
   </div>
   <div class='ocr_carea' id='block_1_87' title="bbox 2189 4309 2960 4384">
    <p class='ocr_par' dir='ltr' id='par_1_87' title="bbox 2189 4309 2960 4384">
     <span class='ocr_line' id='line_1_87' title="bbox 2189 4309 2960 4384; baseline 0.01 -24"><span class='ocrx_word' id='word_1_682' title='bbox 2189 4315 2453 4378; x_wconf 89' lang='lat' dir='ltr'><strong>tempora.</strong></span> <span class='ocrx_word' id='word_1_683' title='bbox 2485 4309 2641 4367; x_wconf 89' lang='lat' dir='ltr'><strong>Unde</strong></span> <span class='ocrx_word' id='word_1_684' title='bbox 2667 4315 2913 4384; x_wconf 89' lang='lat' dir='ltr'><strong>sequitur</strong></span> <span class='ocrx_word' id='word_1_685' title='bbox 2947 4333 2960 4368; x_wconf 91' lang='lat'><strong>:</strong></span> 
     </span>
    </p>
   </div>
   <div class='ocr_carea' id='block_1_88' title="bbox 2265 4399 3796 4479">
    <p class='ocr_par' dir='ltr' id='par_1_88' title="bbox 2265 4399 3796 4479">
     <span class='ocr_line' id='line_1_88' title="bbox 2265 4399 3796 4479; baseline 0.011 -28"><span class='ocrx_word' id='word_1_686' title='bbox 2265 4417 2284 4448; x_wconf 74' lang='grc' dir='ltr'><strong>ι</strong></span> <span class='ocrx_word' id='word_1_687' title='bbox 2317 4399 2384 4454; x_wconf 85' lang='grc' dir='ltr'><strong>Ει</strong></span> <span class='ocrx_word' id='word_1_688' title='bbox 2421 4401 2732 4458; x_wconf 86' lang='lat' dir='ltr'><strong>immutavit</strong></span> <span class='ocrx_word' id='word_1_689' title='bbox 2778 4413 3045 4476; x_wconf 90' lang='lat' dir='ltr'><strong>tempora,</strong></span> <span class='ocrx_word' id='word_1_690' title='bbox 3084 4413 3141 4461; x_wconf 90' lang='lat' dir='ltr'><strong>et</strong></span> <span class='ocrx_word' id='word_1_691' title='bbox 3176 4407 3294 4463; x_wconf 90' lang='lat' dir='ltr'><strong>dies</strong></span> <span class='ocrx_word' id='word_1_692' title='bbox 3325 4407 3496 4464; x_wconf 87' lang='lat' dir='ltr'><strong>festos</strong></span> <span class='ocrx_word' id='word_1_693' title='bbox 3524 4407 3796 4479; x_wconf 88' lang='lat' dir='ltr'><strong>ipsorum,</strong></span> 
     </span>
    </p>
   </div>
   <div class='ocr_carea' id='block_1_89' title="bbox 2195 4491 3796 4561">
    <p class='ocr_par' dir='ltr' id='par_1_89' title="bbox 2195 4491 3796 4561">
     <span class='ocr_line' id='line_1_89' title="bbox 2195 4491 3796 4561; baseline 0.012 -19"><span class='ocrx_word' id='word_1_694' title='bbox 2195 4507 2213 4541; x_wconf 74' lang='grc' dir='ltr'><strong>ι</strong></span> <span class='ocrx_word' id='word_1_695' title='bbox 2258 4498 2314 4545; x_wconf 89' lang='lat' dir='ltr'><strong>et</strong></span> <span class='ocrx_word' id='word_1_696' title='bbox 2348 4491 2403 4545; x_wconf 92' lang='lat' dir='ltr'><strong>in</strong></span> <span class='ocrx_word' id='word_1_697' title='bbox 2434 4491 2539 4547; x_wconf 90' lang='lat' dir='ltr'><strong>illis</strong></span> <span class='ocrx_word' id='word_1_698' title='bbox 2570 4494 2688 4549; x_wconf 86' lang='lat' dir='ltr'><strong>dies</strong></span> <span class='ocrx_word' id='word_1_699' title='bbox 2723 4495 2893 4553; x_wconf 87' lang='lat' dir='ltr'><strong>festos</strong></span> <span class='ocrx_word' id='word_1_700' title='bbox 2931 4498 3346 4555; x_wconf 88' lang='lat' dir='ltr'><strong>celebraverunt</strong></span> <span class='ocrx_word' id='word_1_701' title='bbox 3375 4501 3442 4556; x_wconf 86' lang='lat' dir='ltr'><strong>ad</strong></span> <span class='ocrx_word' id='word_1_702' title='bbox 3470 4502 3689 4559; x_wconf 88' lang='lat' dir='ltr'><strong>horam.</strong></span> <span class='ocrx_word' id='word_1_703' title='bbox 3718 4503 3796 4561; x_wconf 74' lang='lat' dir='ltr'><strong>Ex</strong></span> 
     </span>
    </p>
   </div>
   <div class='ocr_carea' id='block_1_90' title="bbox 483 4553 2094 4665">
    <p class='ocr_par' dir='ltr' id='par_1_90' title="bbox 483 4567 2084 4642">
     <span class='ocr_line' id='line_1_90' title="bbox 483 4567 2084 4642; baseline 0.005 -24"><span class='ocrx_word' id='word_1_704' title='bbox 483 4585 503 4618; x_wconf 75' lang='grc' dir='ltr'><strong>ι</strong></span> <span class='ocrx_word' id='word_1_705' title='bbox 549 4567 915 4639; x_wconf 86' lang='lat' dir='ltr'><strong>disciplinam,</strong></span> <span class='ocrx_word' id='word_1_706' title='bbox 952 4576 1008 4624; x_wconf 92' lang='lat' dir='ltr'><strong>et</strong></span> <span class='ocrx_word' id='word_1_707' title='bbox 1037 4577 1166 4624; x_wconf 90' lang='lat' dir='ltr'><strong>tunc</strong></span> <span class='ocrx_word' id='word_1_708' title='bbox 1195 4570 1560 4640; x_wconf 87' lang='lat' dir='ltr'><strong>respondebit.</strong></span> <span class='ocrx_word' id='word_1_709' title='bbox 1585 4590 1603 4622; x_wconf 79' lang='grc' dir='ltr'><strong>ι</strong></span> <span class='ocrx_word' id='word_1_710' title='bbox 1630 4571 1722 4642; x_wconf 60' lang='grc' dir='ltr'><strong>⁸ΒΘ</strong></span> <span class='ocrx_word' id='word_1_711' title='bbox 1755 4572 1959 4627; x_wconf 88' lang='lat' dir='ltr'><strong>sanctis</strong></span> <span class='ocrx_word' id='word_1_712' title='bbox 1988 4571 2084 4626; x_wconf 93' lang='lat' dir='ltr'><strong>do-</strong></span> 
     </span>
    </p>
   </div>
   <div class='ocr_carea' id='block_1_91' title="bbox 2206 4553 3797 4665">
    <p class='ocr_par' dir='ltr' id='par_1_91' title="bbox 2206 4582 3797 4665">
     <span class='ocr_line' id='line_1_91' title="bbox 2206 4582 3797 4665; baseline 0.011 -32"><span class='ocrx_word' id='word_1_713' title='bbox 2206 4599 2213 4633; x_wconf 79' lang='grc' dir='ltr'><strong>ι</strong></span> <span class='ocrx_word' id='word_1_714' title='bbox 2259 4582 2392 4653; x_wconf 89' lang='lat' dir='ltr'><strong>ipsis</strong></span> <span class='ocrx_word' id='word_1_715' title='bbox 2437 4585 2700 4641; x_wconf 85' lang='lat' dir='ltr'><strong>exaltavit</strong></span> <span class='ocrx_word' id='word_1_716' title='bbox 2727 4596 2784 4643; x_wconf 91' lang='lat' dir='ltr'><strong>et</strong></span> <span class='ocrx_word' id='word_1_717' title='bbox 2826 4589 3195 4660; x_wconf 76' lang='lat' dir='ltr'><strong>magniﬁcavit</strong></span> <span class='ocrx_word' id='word_1_718' title='bbox 3223 4590 3389 4658; x_wconf 90' lang='lat' dir='ltr'><strong>Deus,</strong></span> <span class='ocrx_word' id='word_1_719' title='bbox 3435 4601 3494 4648; x_wconf 88' lang='lat' dir='ltr'><strong>et</strong></span> <span class='ocrx_word' id='word_1_720' title='bbox 3539 4596 3797 4665; x_wconf 77' lang='lat' dir='ltr'><strong>exposuit</strong></span> 
     </span>
    </p>
   </div>
   <div class='ocr_carea' id='block_1_92' title="bbox 476 4658 2082 4734">
    <p class='ocr_par' dir='ltr' id='par_1_92' title="bbox 476 4658 2082 4734">
     <span class='ocr_line' id='line_1_92' title="bbox 476 4658 2082 4734; baseline 0.004 -23"><span class='ocrx_word' id='word_1_721' title='bbox 476 4658 722 4713; x_wconf 88' lang='lat' dir='ltr'><strong>ctoribus</strong></span> <span class='ocrx_word' id='word_1_722' title='bbox 766 4659 930 4727; x_wconf 90' lang='lat' dir='ltr'><strong>dicit,</strong></span> <span class='ocrx_word' id='word_1_723' title='bbox 969 4659 1063 4729; x_wconf 87' lang='lat' dir='ltr'><strong>qui</strong></span> <span class='ocrx_word' id='word_1_724' title='bbox 1109 4668 1170 4714; x_wconf 93' lang='lat' dir='ltr'><strong>ut</strong></span> <span class='ocrx_word' id='word_1_725' title='bbox 1212 4661 1280 4716; x_wconf 90' lang='lat' dir='ltr'><strong>ad</strong></span> <span class='ocrx_word' id='word_1_726' title='bbox 1314 4661 1651 4734; x_wconf 81' lang='lat' dir='ltr'><strong>interrogata</strong></span> <span class='ocrx_word' id='word_1_727' title='bbox 1685 4664 1950 4734; x_wconf 78' lang='lat' dir='ltr'><strong>condigne</strong></span> <span class='ocrx_word' id='word_1_728' title='bbox 1995 4679 2082 4718; x_wconf 84' lang='lat' dir='ltr'><strong>re-</strong></span> 
     </span>
    </p>
   </div>
   <div class='ocr_carea' id='block_1_93' title="bbox 475 4749 2076 4824">
    <p class='ocr_par' dir='ltr' id='par_1_93' title="bbox 475 4749 2076 4824">
     <span class='ocr_line' id='line_1_93' title="bbox 475 4749 2076 4824; baseline 0.006 -20"><span class='ocrx_word' id='word_1_729' title='bbox 475 4749 746 4820; x_wconf 90' lang='lat' dir='ltr'><strong>spondere</strong></span> <span class='ocrx_word' id='word_1_730' title='bbox 771 4750 1000 4822; x_wconf 88' lang='lat' dir='ltr'><strong>possint,</strong></span> <span class='ocrx_word' id='word_1_731' title='bbox 1032 4762 1342 4823; x_wconf 83' lang='lat' dir='ltr'><strong>praeparant</strong></span> <span class='ocrx_word' id='word_1_732' title='bbox 1387 4755 1614 4810; x_wconf 89' lang='lat' dir='ltr'><strong>verbum</strong></span> <span class='ocrx_word' id='word_1_733' title='bbox 1657 4755 1714 4810; x_wconf 89' lang='lat' dir='ltr'><strong>in</strong></span> <span class='ocrx_word' id='word_1_734' title='bbox 1755 4755 1920 4811; x_wconf 90' lang='lat' dir='ltr'><strong>corde</strong></span> <span class='ocrx_word' id='word_1_735' title='bbox 1955 4771 2076 4824; x_wconf 88' lang='lat' dir='ltr'><strong>suo,</strong></span> 
     </span>
    </p>
   </div>
   <div class='ocr_carea' id='block_1_94' title="bbox 473 4844 2075 4918">
    <p class='ocr_par' dir='ltr' id='par_1_94' title="bbox 473 4844 2075 4918">
     <span class='ocr_line' id='line_1_94' title="bbox 473 4844 2075 4918; baseline 0.004 -20"><span class='ocrx_word' id='word_1_736' title='bbox 473 4850 531 4898; x_wconf 89' lang='lat' dir='ltr'><strong>et</strong></span> <span class='ocrx_word' id='word_1_737' title='bbox 562 4844 924 4914; x_wconf 89' lang='lat' dir='ltr'><strong>deprecantur</strong></span> <span class='ocrx_word' id='word_1_738' title='bbox 962 4844 1270 4912; x_wconf 90' lang='lat' dir='ltr'><strong>Dominum,</strong></span> <span class='ocrx_word' id='word_1_739' title='bbox 1299 4855 1359 4901; x_wconf 93' lang='lat' dir='ltr'><strong>ut</strong></span> <span class='ocrx_word' id='word_1_740' title='bbox 1388 4847 1503 4918; x_wconf 91' lang='lat' dir='ltr'><strong>ipse</strong></span> <span class='ocrx_word' id='word_1_741' title='bbox 1531 4848 1610 4904; x_wconf 90' lang='lat' dir='ltr'><strong>eis</strong></span> <span class='ocrx_word' id='word_1_742' title='bbox 1648 4847 1960 4905; x_wconf 88' lang='lat' dir='ltr'><strong>manifestet</strong></span> <span class='ocrx_word' id='word_1_743' title='bbox 1996 4849 2075 4904; x_wconf 89' lang='lat' dir='ltr'><strong>rei</strong></span> 
     </span>
    </p>
   </div>
   <div class='ocr_carea' id='block_1_95' title="bbox 472 4934 2073 5011">
    <p class='ocr_par' dir='ltr' id='par_1_95' title="bbox 472 4934 2073 5011">
     <span class='ocr_line' id='line_1_95' title="bbox 472 4934 2073 5011; baseline 0.006 -24"><span class='ocrx_word' id='word_1_744' title='bbox 472 4934 779 5002; x_wconf 85' lang='lat' dir='ltr'><strong>veritatem,</strong></span> <span class='ocrx_word' id='word_1_745' title='bbox 808 4944 864 4990; x_wconf 92' lang='lat' dir='ltr'><strong>et</strong></span> <span class='ocrx_word' id='word_1_746' title='bbox 892 4945 1221 4992; x_wconf 86' lang='lat' dir='ltr'><strong>conservant</strong></span> <span class='ocrx_word' id='word_1_747' title='bbox 1246 4938 1404 5009; x_wconf 80' lang='lat' dir='ltr'><strong>digna</strong></span> <span class='ocrx_word' id='word_1_748' title='bbox 1434 4940 1766 5009; x_wconf 86' lang='lat' dir='ltr'><strong>operatione,</strong></span> <span class='ocrx_word' id='word_1_749' title='bbox 1793 4954 1915 5010; x_wconf 69' lang='lat' dir='ltr'><strong>quae</strong></span> <span class='ocrx_word' id='word_1_750' title='bbox 1942 4940 2073 5011; x_wconf 71' lang='lat' dir='ltr'><strong>ipsa:</strong></span> 
     </span>
    </p>
   </div>
   <div class='ocr_carea' id='block_1_96' title="bbox 465 5022 2075 5105">
    <p class='ocr_par' dir='ltr' id='par_1_96' title="bbox 465 5022 2075 5105">
     <span class='ocr_line' id='line_1_96' title="bbox 465 5022 2075 5105; baseline 0.006 -26"><span class='ocrx_word' id='word_1_751' title='bbox 465 5022 631 5096; x_wconf 86' lang='lat' dir='ltr'><strong>jussit</strong></span> <span class='ocrx_word' id='word_1_752' title='bbox 657 5027 737 5083; x_wconf 89' lang='lat' dir='ltr'><strong>eis</strong></span> <span class='ocrx_word' id='word_1_753' title='bbox 767 5028 1071 5095; x_wconf 87' lang='lat' dir='ltr'><strong>custodire;</strong></span> <span class='ocrx_word' id='word_1_754' title='bbox 1103 5037 1160 5084; x_wconf 91' lang='lat' dir='ltr'><strong>et</strong></span> <span class='ocrx_word' id='word_1_755' title='bbox 1197 5030 1277 5084; x_wconf 92' lang='lat' dir='ltr'><strong>sic</strong></span> <span class='ocrx_word' id='word_1_756' title='bbox 1314 5030 1650 5098; x_wconf 88' lang='lat' dir='ltr'><strong>meditando,</strong></span> <span class='ocrx_word' id='word_1_757' title='bbox 1681 5033 1912 5098; x_wconf 88' lang='lat' dir='ltr'><strong>orando,</strong></span> <span class='ocrx_word' id='word_1_758' title='bbox 1948 5048 2075 5105; x_wconf 88' lang='lat' dir='ltr'><strong>ope-</strong></span> 
     </span>
    </p>
   </div>
   <div class='ocr_carea' id='block_1_97' title="bbox 473 5118 2075 5201">
    <p class='ocr_par' dir='ltr' id='par_1_97' title="bbox 473 5118 2075 5201">
     <span class='ocr_line' id='line_1_97' title="bbox 473 5118 2075 5201; baseline 0.006 -29"><span class='ocrx_word' id='word_1_759' title='bbox 473 5118 664 5186; x_wconf 89' lang='lat' dir='ltr'><strong>rando,</strong></span> <span class='ocrx_word' id='word_1_760' title='bbox 703 5120 1029 5192; x_wconf 86' lang='lat' dir='ltr'><strong>condignum</strong></span> <span class='ocrx_word' id='word_1_761' title='bbox 1083 5121 1546 5201; x_wconf 76' lang='lat' dir='ltr'><strong>interrogantibus</strong></span> <span class='ocrx_word' id='word_1_762' title='bbox 1589 5139 1648 5179; x_wconf 89' lang='lat' dir='ltr'><strong>se</strong></span> <span class='ocrx_word' id='word_1_763' title='bbox 1694 5125 1939 5195; x_wconf 84' lang='lat' dir='ltr'><strong>praebent</strong></span> <span class='ocrx_word' id='word_1_764' title='bbox 1991 5141 2075 5181; x_wconf 92' lang='lat' dir='ltr'><strong>re-</strong></span> 
     </span>
    </p>
   </div>
   <div class='ocr_carea' id='block_1_98' title="bbox 472 5208 2072 5283">
    <p class='ocr_par' dir='ltr' id='par_1_98' title="bbox 472 5208 2072 5283">
     <span class='ocr_line' id='line_1_98' title="bbox 472 5208 2072 5283; baseline 0.004 -18"><span class='ocrx_word' id='word_1_765' title='bbox 472 5225 748 5279; x_wconf 88' lang='lat' dir='ltr'><strong>sponsum.</strong></span> <span class='ocrx_word' id='word_1_766' title='bbox 783 5209 876 5266; x_wconf 89' lang='lat' dir='ltr'><strong>Sic</strong></span> <span class='ocrx_word' id='word_1_767' title='bbox 918 5211 1066 5267; x_wconf 90' lang='lat' dir='ltr'><strong>enim</strong></span> <span class='ocrx_word' id='word_1_768' title='bbox 1110 5210 1310 5267; x_wconf 89' lang='lat' dir='ltr'><strong>Paulus</strong></span> <span class='ocrx_word' id='word_1_769' title='bbox 1356 5212 1680 5282; x_wconf 90' lang='lat' dir='ltr'><strong>discipulum</strong></span> <span class='ocrx_word' id='word_1_770' title='bbox 1729 5208 1943 5283; x_wconf 80' lang='lat' dir='ltr'><strong>dueuit,</strong></span> <span class='ocrx_word' id='word_1_771' title='bbox 1988 5217 2072 5273; x_wconf 90' lang='lat' dir='ltr'><strong>di-</strong></span> 
     </span>
    </p>
   </div>
   <div class='ocr_carea' id='block_1_99' title="bbox 471 5300 2071 5377">
    <p class='ocr_par' dir='ltr' id='par_1_99' title="bbox 471 5300 2071 5377">
     <span class='ocr_line' id='line_1_99' title="bbox 471 5300 2071 5377; baseline 0.008 -23"><span class='ocrx_word' id='word_1_772' title='bbox 471 5315 640 5354; x_wconf 88' lang='lat' dir='ltr'><strong>cens:</strong></span> <span class='ocrx_word' id='word_1_773' title='bbox 676 5320 693 5352; x_wconf 73' lang='grc' dir='ltr'><strong>ι</strong></span> <span class='ocrx_word' id='word_1_774' title='bbox 723 5300 967 5357; x_wconf 90' lang='lat' dir='ltr'><strong>Sollicite</strong></span> <span class='ocrx_word' id='word_1_775' title='bbox 1001 5319 1131 5359; x_wconf 90' lang='lat' dir='ltr'><strong>cura</strong></span> <span class='ocrx_word' id='word_1_776' title='bbox 1160 5304 1393 5374; x_wconf 88' lang='lat' dir='ltr'><strong>teipsum</strong></span> <span class='ocrx_word' id='word_1_777' title='bbox 1431 5307 1771 5377; x_wconf 89' lang='lat' dir='ltr'><strong>probabilem</strong></span> <span class='ocrx_word' id='word_1_778' title='bbox 1809 5311 2071 5368; x_wconf 85' lang='lat' dir='ltr'><strong>exhibere</strong></span> 
     </span>
    </p>
   </div>
   <div class='ocr_carea' id='block_1_100' title="bbox 473 5388 2066 5463">
    <p class='ocr_par' dir='ltr' id='par_1_100' title="bbox 473 5388 2066 5463">
     <span class='ocr_line' id='line_1_100' title="bbox 473 5388 2066 5463; baseline 0.011 -21"><span class='ocrx_word' id='word_1_779' title='bbox 473 5388 616 5454; x_wconf 91' lang='lat' dir='ltr'><strong>Deo,</strong></span> <span class='ocrx_word' id='word_1_780' title='bbox 661 5392 968 5458; x_wconf 87' lang='lat' dir='ltr'><strong>operarium</strong></span> <span class='ocrx_word' id='word_1_781' title='bbox 1018 5395 1485 5463; x_wconf 88' lang='lat' dir='ltr'><strong>inconfusibilcm,</strong></span> <span class='ocrx_word' id='word_1_782' title='bbox 1537 5408 1684 5455; x_wconf 88' lang='lat' dir='ltr'><strong>recte</strong></span> <span class='ocrx_word' id='word_1_783' title='bbox 1743 5409 2066 5460; x_wconf 89' lang='lat' dir='ltr'><strong>tractantem</strong></span> 
     </span>
    </p>
   </div>
   <div class='ocr_carea' id='block_1_101' title="bbox 474 5479 2062 5559">
    <p class='ocr_par' dir='ltr' id='par_1_101' title="bbox 474 5479 2062 5559">
     <span class='ocr_line' id='line_1_101' title="bbox 474 5479 2062 5559; baseline 0.012 -25"><span class='ocrx_word' id='word_1_784' title='bbox 474 5479 700 5535; x_wconf 90' lang='lat' dir='ltr'><strong>verbum</strong></span> <span class='ocrx_word' id='word_1_785' title='bbox 744 5483 988 5538; x_wconf 89' lang='lat' dir='ltr'><strong>veritatis</strong></span> <span class='ocrx_word' id='word_1_786' title='bbox 1017 5485 1102 5554; x_wconf 89' lang='lat' dir='ltr'><strong>(II</strong></span> <span class='ocrx_word' id='word_1_787' title='bbox 1134 5487 1267 5542; x_wconf 90' lang='lat' dir='ltr'><strong>Tim.</strong></span> <span class='ocrx_word' id='word_1_788' title='bbox 1297 5490 1381 5559; x_wconf 89' lang='grc' dir='ltr'><strong>ιι).</strong></span> <span class='ocrx_word' id='word_1_789' title='bbox 1405 5510 1422 5541; x_wconf 76' lang='grc' dir='ltr'><strong>ι</strong></span> <span class='ocrx_word' id='word_1_790' title='bbox 1456 5489 1594 5548; x_wconf 88' lang='lat' dir='ltr'><strong>Hinc</strong></span> <span class='ocrx_word' id='word_1_791' title='bbox 1630 5502 1685 5549; x_wconf 86' lang='lat' dir='ltr'><strong>et</strong></span> <span class='ocrx_word' id='word_1_792' title='bbox 1715 5493 1910 5552; x_wconf 90' lang='lat' dir='ltr'><strong>Petrus</strong></span> <span class='ocrx_word' id='word_1_793' title='bbox 1947 5497 2062 5553; x_wconf 87' lang='lat' dir='ltr'><strong>ait:</strong></span> 
     </span>
    </p>
   </div>
   <div class='ocr_carea' id='block_1_102' title="bbox 478 5574 2066 5641">
    <p class='ocr_par' dir='ltr' id='par_1_102' title="bbox 478 5574 2066 5641">
     <span class='ocr_line' id='line_1_102' title="bbox 478 5574 2066 5641; baseline 0.008 -13"><span class='ocrx_word' id='word_1_794' title='bbox 478 5594 497 5626; x_wconf 73' lang='grc' dir='ltr'><strong>ε</strong></span> <span class='ocrx_word' id='word_1_795' title='bbox 529 5574 816 5630; x_wconf 92' lang='lat' dir='ltr'><strong>Dominum</strong></span> <span class='ocrx_word' id='word_1_796' title='bbox 844 5583 1023 5631; x_wconf 90' lang='lat' dir='ltr'><strong>autem</strong></span> <span class='ocrx_word' id='word_1_797' title='bbox 1051 5575 1325 5634; x_wconf 89' lang='lat' dir='ltr'><strong>Christum</strong></span> <span class='ocrx_word' id='word_1_798' title='bbox 1367 5580 1705 5636; x_wconf 89' lang='lat' dir='ltr'><strong>sanctiﬁcate</strong></span> <span class='ocrx_word' id='word_1_799' title='bbox 1730 5582 1784 5636; x_wconf 92' lang='lat' dir='ltr'><strong>in</strong></span> <span class='ocrx_word' id='word_1_800' title='bbox 1810 5583 2066 5641; x_wconf 88' lang='lat' dir='ltr'><strong>cordibus</strong></span> 
     </span>
    </p>
   </div>
   <div class='ocr_carea' id='block_1_103' title="bbox 473 5670 2063 5748">
    <p class='ocr_par' dir='ltr' id='par_1_103' title="bbox 473 5670 2063 5748">
     <span class='ocr_line' id='line_1_103' title="bbox 473 5670 2063 5748; baseline 0.009 -28"><span class='ocrx_word' id='word_1_801' title='bbox 473 5670 688 5736; x_wconf 89' lang='lat' dir='ltr'><strong>vestris,</strong></span> <span class='ocrx_word' id='word_1_802' title='bbox 720 5670 892 5740; x_wconf 89' lang='lat' dir='ltr'><strong>parati</strong></span> <span class='ocrx_word' id='word_1_803' title='bbox 936 5685 1149 5741; x_wconf 90' lang='lat' dir='ltr'><strong>semper</strong></span> <span class='ocrx_word' id='word_1_804' title='bbox 1179 5673 1244 5725; x_wconf 88' lang='lat' dir='ltr'><strong>ad</strong></span> <span class='ocrx_word' id='word_1_805' title='bbox 1291 5672 1717 5730; x_wconf 89' lang='lat' dir='ltr'><strong>satisfactionem</strong></span> <span class='ocrx_word' id='word_1_806' title='bbox 1765 5677 1915 5731; x_wconf 92' lang='lat' dir='ltr'><strong>omni</strong></span> <span class='ocrx_word' id='word_1_807' title='bbox 1963 5693 2063 5748; x_wconf 91' lang='lat' dir='ltr'><strong>po-</strong></span> 
     </span>
    </p>
   </div>
   <div class='ocr_carea' id='block_1_104' title="bbox 476 5762 2064 5840">
    <p class='ocr_par' dir='ltr' id='par_1_104' title="bbox 476 5762 2064 5840">
     <span class='ocr_line' id='line_1_104' title="bbox 476 5762 2064 5840; baseline 0.005 -22"><span class='ocrx_word' id='word_1_808' title='bbox 476 5762 646 5818; x_wconf 88' lang='lat' dir='ltr'><strong>scenti</strong></span> <span class='ocrx_word' id='word_1_809' title='bbox 673 5778 767 5818; x_wconf 88' lang='lat' dir='ltr'><strong>vos</strong></span> <span class='ocrx_word' id='word_1_810' title='bbox 809 5763 1073 5819; x_wconf 89' lang='lat' dir='ltr'><strong>rationem</strong></span> <span class='ocrx_word' id='word_1_811' title='bbox 1104 5763 1168 5818; x_wconf 90' lang='lat' dir='ltr'><strong>de</strong></span> <span class='ocrx_word' id='word_1_812' title='bbox 1205 5778 1413 5834; x_wconf 79' lang='lat' dir='ltr'><strong>eaquae</strong></span> <span class='ocrx_word' id='word_1_813' title='bbox 1445 5765 1498 5820; x_wconf 91' lang='lat' dir='ltr'><strong>in</strong></span> <span class='ocrx_word' id='word_1_814' title='bbox 1549 5767 1700 5823; x_wconf 90' lang='lat' dir='ltr'><strong>vobis</strong></span> <span class='ocrx_word' id='word_1_815' title='bbox 1743 5777 1827 5824; x_wconf 86' lang='lat' dir='ltr'><strong>est</strong></span> <span class='ocrx_word' id='word_1_816' title='bbox 1867 5784 1962 5840; x_wconf 91' lang='lat' dir='ltr'><strong>spe</strong></span> <span class='ocrx_word' id='word_1_817' title='bbox 2008 5781 2064 5826; x_wconf 90' lang='lat' dir='ltr'><strong>et</strong></span> 
     </span>
    </p>
   </div>
   <div class='ocr_carea' id='block_1_105' title="bbox 2192 4675 3796 4750">
    <p class='ocr_par' dir='ltr' id='par_1_105' title="bbox 2192 4675 3796 4750">
     <span class='ocr_line' id='line_1_105' title="bbox 2192 4675 3796 4750; baseline 0.011 -24"><span class='ocrx_word' id='word_1_818' title='bbox 2192 4695 2210 4726; x_wconf 87' lang='grc'><strong><em>‹</em></strong></span> <span class='ocrx_word' id='word_1_819' title='bbox 2259 4675 2315 4729; x_wconf 91' lang='lat' dir='ltr'><strong>in</strong></span> <span class='ocrx_word' id='word_1_820' title='bbox 2342 4691 2633 4732; x_wconf 89' lang='lat' dir='ltr'><strong>numerum</strong></span> <span class='ocrx_word' id='word_1_821' title='bbox 2675 4679 2910 4735; x_wconf 90' lang='lat' dir='ltr'><strong>dierum.</strong></span> <span class='ocrx_word' id='word_1_822' title='bbox 2936 4701 2955 4734; x_wconf 72' lang='grc' dir='ltr'><strong>ι</strong></span> <span class='ocrx_word' id='word_1_823' title='bbox 2989 4681 3130 4750; x_wconf 82' lang='lat' dir='ltr'><strong>Quid</strong></span> <span class='ocrx_word' id='word_1_824' title='bbox 3153 4684 3300 4739; x_wconf 91' lang='lat' dir='ltr'><strong>enim</strong></span> <span class='ocrx_word' id='word_1_825' title='bbox 3339 4683 3486 4742; x_wconf 84' lang='lat' dir='ltr'><strong>aliud</strong></span> <span class='ocrx_word' id='word_1_826' title='bbox 3528 4685 3796 4745; x_wconf 84' lang='lat' dir='ltr'><strong>Dominus</strong></span> 
     </span>
    </p>
   </div>
   <div class='ocr_carea' id='block_1_106' title="bbox 2183 4765 3791 4842">
    <p class='ocr_par' dir='ltr' id='par_1_106' title="bbox 2183 4765 3791 4842">
     <span class='ocr_line' id='line_1_106' title="bbox 2183 4765 3791 4842; baseline 0.012 -22"><span class='ocrx_word' id='word_1_827' title='bbox 2183 4765 2238 4820; x_wconf 92' lang='lat' dir='ltr'><strong>in</strong></span> <span class='ocrx_word' id='word_1_828' title='bbox 2265 4765 2383 4837; x_wconf 82' lang='lat' dir='ltr'><strong>lege</strong></span> <span class='ocrx_word' id='word_1_829' title='bbox 2413 4770 2672 4841; x_wconf 81' lang='lat' dir='ltr'><strong>praecepit</strong></span> <span class='ocrx_word' id='word_1_830' title='bbox 2713 4773 2778 4828; x_wconf 92' lang='lat' dir='ltr'><strong>de</strong></span> <span class='ocrx_word' id='word_1_831' title='bbox 2809 4773 3056 4842; x_wconf 88' lang='lat' dir='ltr'><strong>dierum,</strong></span> <span class='ocrx_word' id='word_1_832' title='bbox 3110 4777 3379 4834; x_wconf 88' lang='lat' dir='ltr'><strong>mensium</strong></span> <span class='ocrx_word' id='word_1_833' title='bbox 3415 4787 3474 4835; x_wconf 91' lang='lat' dir='ltr'><strong>et</strong></span> <span class='ocrx_word' id='word_1_834' title='bbox 3519 4795 3791 4838; x_wconf 85' lang='lat' dir='ltr'><strong>annorum</strong></span> 
     </span>
    </p>
   </div>
   <div class='ocr_carea' id='block_1_107' title="bbox 2181 4858 3791 4934">
    <p class='ocr_par' dir='ltr' id='par_1_107' title="bbox 2181 4858 3791 4934">
     <span class='ocr_line' id='line_1_107' title="bbox 2181 4858 3791 4934; baseline 0.012 -21"><span class='ocrx_word' id='word_1_835' title='bbox 2181 4858 2545 4926; x_wconf 89' lang='lat' dir='ltr'><strong>observantia,</strong></span> <span class='ocrx_word' id='word_1_836' title='bbox 2580 4862 2685 4918; x_wconf 90' lang='lat' dir='ltr'><strong>nisi</strong></span> <span class='ocrx_word' id='word_1_837' title='bbox 2716 4866 2860 4934; x_wconf 92' lang='lat' dir='ltr'><strong>quod</strong></span> <span class='ocrx_word' id='word_1_838' title='bbox 2907 4867 2987 4923; x_wconf 89' lang='lat' dir='ltr'><strong>sol</strong></span> <span class='ocrx_word' id='word_1_839' title='bbox 3022 4876 3077 4924; x_wconf 90' lang='lat' dir='ltr'><strong>et</strong></span> <span class='ocrx_word' id='word_1_840' title='bbox 3110 4868 3237 4925; x_wconf 87' lang='lat' dir='ltr'><strong>luna</strong></span> <span class='ocrx_word' id='word_1_841' title='bbox 3281 4886 3446 4927; x_wconf 87' lang='lat' dir='ltr'><strong>cursu</strong></span> <span class='ocrx_word' id='word_1_842' title='bbox 3494 4888 3598 4930; x_wconf 89' lang='lat' dir='ltr'><strong>suo</strong></span> <span class='ocrx_word' id='word_1_843' title='bbox 3625 4873 3791 4932; x_wconf 85' lang='lat' dir='ltr'><strong>deno-</strong></span> 
     </span>
    </p>
   </div>
   <div class='ocr_carea' id='block_1_108' title="bbox 2181 4951 3788 5033">
    <p class='ocr_par' dir='ltr' id='par_1_108' title="bbox 2181 4951 3788 5033">
     <span class='ocr_line' id='line_1_108' title="bbox 2181 4951 3788 5033; baseline 0.012 -30"><span class='ocrx_word' id='word_1_844' title='bbox 2181 4952 2332 5005; x_wconf 89' lang='lat' dir='ltr'><strong>tant?</strong></span> <span class='ocrx_word' id='word_1_845' title='bbox 2359 4951 2490 5007; x_wconf 91' lang='lat' dir='ltr'><strong>lnde</strong></span> <span class='ocrx_word' id='word_1_846' title='bbox 2525 4952 2848 5023; x_wconf 86' lang='lat' dir='ltr'><strong>Sabbatum,</strong></span> <span class='ocrx_word' id='word_1_847' title='bbox 2880 4958 3004 5033; x_wconf 87' lang='lat' dir='ltr'><strong>inde</strong></span> <span class='ocrx_word' id='word_1_848' title='bbox 3052 4958 3381 5028; x_wconf 73' lang='lat' dir='ltr'><strong>Neomenite,</strong></span> <span class='ocrx_word' id='word_1_849' title='bbox 3427 4963 3555 5020; x_wconf 89' lang='lat' dir='ltr'><strong>inde</strong></span> <span class='ocrx_word' id='word_1_850' title='bbox 3590 4965 3788 5033; x_wconf 80' lang='lat' dir='ltr'><strong>Phase,</strong></span> 
     </span>
    </p>
   </div>
   <div class='ocr_carea' id='block_1_109' title="bbox 2176 5031 3787 5122">
    <p class='ocr_par' dir='ltr' id='par_1_109' title="bbox 2176 5031 3787 5122">
     <span class='ocr_line' id='line_1_109' title="bbox 2176 5031 3787 5122; baseline 0.011 -27"><span class='ocrx_word' id='word_1_851' title='bbox 2176 5040 2302 5096; x_wconf 91' lang='lat' dir='ltr'><strong>inde</strong></span> <span class='ocrx_word' id='word_1_852' title='bbox 2329 5041 2698 5110; x_wconf 89' lang='lat' dir='ltr'><strong>Pentecostes,</strong></span> <span class='ocrx_word' id='word_1_853' title='bbox 2729 5045 2856 5102; x_wconf 89' lang='lat' dir='ltr'><strong>inde</strong></span> <span class='ocrx_word' id='word_1_854' title='bbox 2883 5031 3087 5105; x_wconf 78' lang='lat' dir='ltr'><strong>mensis</strong></span> <span class='ocrx_word' id='word_1_855' title='bbox 3134 5053 3421 5122; x_wconf 90' lang='lat' dir='ltr'><strong>septimus,</strong></span> <span class='ocrx_word' id='word_1_856' title='bbox 3452 5053 3579 5110; x_wconf 90' lang='lat' dir='ltr'><strong>inde</strong></span> <span class='ocrx_word' id='word_1_857' title='bbox 3609 5065 3667 5112; x_wconf 93' lang='lat' dir='ltr'><strong>et</strong></span> <span class='ocrx_word' id='word_1_858' title='bbox 3694 5031 3787 5113; x_wconf 53' lang='lat' dir='ltr'><strong>am</strong></span> 
     </span>
    </p>
   </div>
   <div class='ocr_carea' id='block_1_110' title="bbox 2176 5135 3786 5214">
    <p class='ocr_par' dir='ltr' id='par_1_110' title="bbox 2176 5135 3786 5214">
     <span class='ocr_line' id='line_1_110' title="bbox 2176 5135 3786 5214; baseline 0.011 -27"><span class='ocrx_word' id='word_1_859' title='bbox 2176 5148 2279 5189; x_wconf 88' lang='lat' dir='ltr'><strong>nus</strong></span> <span class='ocrx_word' id='word_1_860' title='bbox 2308 5135 2590 5205; x_wconf 90' lang='lat' dir='ltr'><strong>septimus,</strong></span> <span class='ocrx_word' id='word_1_861' title='bbox 2636 5136 2761 5194; x_wconf 91' lang='lat' dir='ltr'><strong>inde</strong></span> <span class='ocrx_word' id='word_1_862' title='bbox 2787 5148 2843 5194; x_wconf 91' lang='lat' dir='ltr'><strong>et</strong></span> <span class='ocrx_word' id='word_1_863' title='bbox 2883 5140 3368 5214; x_wconf 82' lang='lat' dir='ltr'><strong>quinquagesimus</strong></span> <span class='ocrx_word' id='word_1_864' title='bbox 3415 5146 3525 5202; x_wconf 90' lang='lat' dir='ltr'><strong>ritu</strong></span> <span class='ocrx_word' id='word_1_865' title='bbox 3564 5164 3666 5204; x_wconf 91' lang='lat' dir='ltr'><strong>suo</strong></span> <span class='ocrx_word' id='word_1_866' title='bbox 3699 5164 3786 5205; x_wconf 60' lang='lat' dir='ltr'><strong>ce</strong></span> 
     </span>
    </p>
   </div>
   <div class='ocr_carea' id='block_1_111' title="bbox 2178 5223 3784 5301">
    <p class='ocr_par' dir='ltr' id='par_1_111' title="bbox 2178 5223 3784 5301">
     <span class='ocr_line' id='line_1_111' title="bbox 2178 5223 3784 5301; baseline 0.013 -24"><span class='ocrx_word' id='word_1_867' title='bbox 2178 5223 2476 5291; x_wconf 90' lang='lat' dir='ltr'><strong>lebrantur,</strong></span> <span class='ocrx_word' id='word_1_868' title='bbox 2508 5236 2568 5281; x_wconf 92' lang='lat' dir='ltr'><strong>ut</strong></span> <span class='ocrx_word' id='word_1_869' title='bbox 2598 5228 2962 5301; x_wconf 82' lang='lat' dir='ltr'><strong>intelligamus</strong></span> <span class='ocrx_word' id='word_1_870' title='bbox 2990 5234 3174 5289; x_wconf 89' lang='lat' dir='ltr'><strong>omnia</strong></span> <span class='ocrx_word' id='word_1_871' title='bbox 3204 5250 3236 5289; x_wconf 89' lang='lat' dir='ltr'><strong>a</strong></span> <span class='ocrx_word' id='word_1_872' title='bbox 3265 5235 3379 5292; x_wconf 93' lang='lat' dir='ltr'><strong>Deo</strong></span> <span class='ocrx_word' id='word_1_873' title='bbox 3407 5238 3784 5297; x_wconf 82' lang='lat' dir='ltr'><strong>ordinabiliter</strong></span> 
     </span>
    </p>
   </div>
   <div class='ocr_carea' id='block_1_112' title="bbox 2176 5318 3781 5399">
    <p class='ocr_par' dir='ltr' id='par_1_112' title="bbox 2176 5318 3781 5399">
     <span class='ocr_line' id='line_1_112' title="bbox 2176 5318 3781 5399; baseline 0.012 -29"><span class='ocrx_word' id='word_1_874' title='bbox 2176 5330 2297 5371; x_wconf 89' lang='lat' dir='ltr'><strong>esse</strong></span> <span class='ocrx_word' id='word_1_875' title='bbox 2321 5318 2644 5381; x_wconf 85' lang='lat' dir='ltr'><strong>constituta,</strong></span> <span class='ocrx_word' id='word_1_876' title='bbox 2669 5329 2723 5376; x_wconf 91' lang='lat' dir='ltr'><strong>et</strong></span> <span class='ocrx_word' id='word_1_877' title='bbox 2755 5322 2992 5379; x_wconf 86' lang='lat' dir='ltr'><strong>maxime</strong></span> <span class='ocrx_word' id='word_1_878' title='bbox 3021 5323 3098 5379; x_wconf 91' lang='lat' dir='ltr'><strong>illi</strong></span> <span class='ocrx_word' id='word_1_879' title='bbox 3127 5326 3232 5381; x_wconf 90' lang='lat' dir='ltr'><strong>hoc</strong></span> <span class='ocrx_word' id='word_1_880' title='bbox 3258 5326 3492 5397; x_wconf 88' lang='lat' dir='ltr'><strong>placere,</strong></span> <span class='ocrx_word' id='word_1_881' title='bbox 3520 5331 3669 5399; x_wconf 90' lang='lat' dir='ltr'><strong>quod</strong></span> <span class='ocrx_word' id='word_1_882' title='bbox 3697 5347 3781 5389; x_wconf 83' lang='lat' dir='ltr'><strong>se-</strong></span> 
     </span>
    </p>
   </div>
   <div class='ocr_carea' id='block_1_113' title="bbox 2176 5408 3165 5469">
    <p class='ocr_par' dir='ltr' id='par_1_113' title="bbox 2176 5408 3165 5469">
     <span class='ocr_line' id='line_1_113' title="bbox 2176 5408 3165 5469; baseline 0.005 -6"><span class='ocrx_word' id='word_1_883' title='bbox 2176 5408 2409 5464; x_wconf 90' lang='lat' dir='ltr'><strong>cundum</strong></span> <span class='ocrx_word' id='word_1_884' title='bbox 2433 5411 2679 5466; x_wconf 89' lang='lat' dir='ltr'><strong>ordinem</strong></span> <span class='ocrx_word' id='word_1_885' title='bbox 2705 5420 2760 5467; x_wconf 92' lang='lat' dir='ltr'><strong>et</strong></span> <span class='ocrx_word' id='word_1_886' title='bbox 2789 5414 3057 5469; x_wconf 89' lang='lat' dir='ltr'><strong>rationem</strong></span> <span class='ocrx_word' id='word_1_887' title='bbox 3085 5416 3165 5468; x_wconf 87' lang='lat' dir='ltr'><strong>ﬁt.</strong></span> 
     </span>
    </p>
   </div>
   <div class='ocr_carea' id='block_1_114' title="bbox 2253 5503 3777 5586">
    <p class='ocr_par' dir='ltr' id='par_1_114' title="bbox 2253 5503 3777 5586">
     <span class='ocr_line' id='line_1_114' title="bbox 2253 5503 3777 5586; baseline 0.02 -37"><span class='ocrx_word' id='word_1_888' title='bbox 2253 5522 2271 5548; x_wconf 74' lang='grc' dir='ltr'><strong>ι</strong></span> <span class='ocrx_word' id='word_1_889' title='bbox 2309 5504 2376 5552; x_wconf 81' lang='lat' dir='ltr'><strong>Et</strong></span> <span class='ocrx_word' id='word_1_890' title='bbox 2408 5517 2598 5556; x_wconf 89' lang='lat' dir='ltr'><strong>omnes</strong></span> <span class='ocrx_word' id='word_1_891' title='bbox 2633 5503 2880 5562; x_wconf 90' lang='lat' dir='ltr'><strong>homines</strong></span> <span class='ocrx_word' id='word_1_892' title='bbox 2927 5509 2994 5563; x_wconf 90' lang='lat' dir='ltr'><strong>de</strong></span> <span class='ocrx_word' id='word_1_893' title='bbox 3028 5511 3144 5565; x_wconf 91' lang='lat' dir='ltr'><strong>solo</strong></span> <span class='ocrx_word' id='word_1_894' title='bbox 3192 5522 3248 5568; x_wconf 91' lang='lat' dir='ltr'><strong>et</strong></span> <span class='ocrx_word' id='word_1_895' title='bbox 3291 5530 3357 5571; x_wconf 86' lang='lat' dir='ltr'><strong>ex</strong></span> <span class='ocrx_word' id='word_1_896' title='bbox 3407 5527 3586 5586; x_wconf 89' lang='lat' dir='ltr'><strong>terra,</strong></span> <span class='ocrx_word' id='word_1_897' title='bbox 3637 5524 3777 5580; x_wconf 89' lang='lat' dir='ltr'><strong>unde</strong></span> 
     </span>
    </p>
   </div>
   <div class='ocr_carea' id='block_1_115' title="bbox 2177 5593 3775 5679">
    <p class='ocr_par' dir='ltr' id='par_1_115' title="bbox 2177 5593 3775 5679">
     <span class='ocr_line' id='line_1_115' title="bbox 2177 5593 3775 5679; baseline 0.018 -40"><span class='ocrx_word' id='word_1_898' title='bbox 2177 5607 2197 5639; x_wconf 77' lang='grc' dir='ltr'><strong>ι</strong></span> <span class='ocrx_word' id='word_1_899' title='bbox 2243 5598 2462 5646; x_wconf 87' lang='lat' dir='ltr'><strong>creatus</strong></span> <span class='ocrx_word' id='word_1_900' title='bbox 2487 5600 2572 5648; x_wconf 87' lang='lat' dir='ltr'><strong>est</strong></span> <span class='ocrx_word' id='word_1_901' title='bbox 2617 5593 2811 5650; x_wconf 85' lang='lat' dir='ltr'><strong>Adam.</strong></span> <span class='ocrx_word' id='word_1_902' title='bbox 2854 5597 2910 5653; x_wconf 91' lang='lat' dir='ltr'><strong>In</strong></span> <span class='ocrx_word' id='word_1_903' title='bbox 2943 5600 3286 5660; x_wconf 89' lang='lat' dir='ltr'><strong>multitudine</strong></span> <span class='ocrx_word' id='word_1_904' title='bbox 3323 5607 3625 5679; x_wconf 71' lang='lat' dir='ltr'><strong>disciplinae</strong></span> <span class='ocrx_word' id='word_1_905' title='bbox 3671 5613 3775 5668; x_wconf 89' lang='lat' dir='ltr'><strong>Do-</strong></span> 
     </span>
    </p>
   </div>
   <div class='ocr_carea' id='block_1_116' title="bbox 2118 5682 3768 5758">
    <p class='ocr_par' dir='ltr' id='par_1_116' title="bbox 2118 5682 3768 5758">
     <span class='ocr_line' id='line_1_116' title="bbox 2118 5682 3768 5758; baseline 0.014 -23"><span class='ocrx_word' id='word_1_906' title='bbox 2118 5727 2126 5735; x_wconf 93' lang='lat'><strong>.</strong></span> <span class='ocrx_word' id='word_1_907' title='bbox 2176 5699 2196 5731; x_wconf 85' lang='grc'><em>‹</em></span> <span class='ocrx_word' id='word_1_908' title='bbox 2243 5682 2421 5737; x_wconf 90' lang='lat' dir='ltr'><strong>minus</strong></span> <span class='ocrx_word' id='word_1_909' title='bbox 2447 5688 2720 5754; x_wconf 84' lang='lat' dir='ltr'><strong>separavit</strong></span> <span class='ocrx_word' id='word_1_910' title='bbox 2746 5704 2861 5753; x_wconf 86' lang='lat' dir='ltr'><strong>eos,</strong></span> <span class='ocrx_word' id='word_1_911' title='bbox 2889 5701 2944 5746; x_wconf 91' lang='lat' dir='ltr'><strong>et</strong></span> <span class='ocrx_word' id='word_1_912' title='bbox 2975 5693 3282 5752; x_wconf 88' lang='lat' dir='ltr'><strong>immutavit</strong></span> <span class='ocrx_word' id='word_1_913' title='bbox 3305 5699 3421 5754; x_wconf 88' lang='lat' dir='ltr'><strong>vias</strong></span> <span class='ocrx_word' id='word_1_914' title='bbox 3447 5716 3658 5756; x_wconf 90' lang='lat' dir='ltr'><strong>eorum.</strong></span> <span class='ocrx_word' id='word_1_915' title='bbox 3689 5703 3768 5758; x_wconf 82' lang='lat' dir='ltr'><strong>Ex</strong></span> 
     </span>
    </p>
   </div>
   <div class='ocr_carea' id='block_1_117' title="bbox 2175 5775 3763 5858">
    <p class='ocr_par' dir='ltr' id='par_1_117' title="bbox 2175 5775 3763 5858">
     <span class='ocr_line' id='line_1_117' title="bbox 2175 5775 3763 5858; baseline 0.018 -34"><span class='ocrx_word' id='word_1_916' title='bbox 2175 5793 2191 5824; x_wconf 75' lang='grc' dir='ltr'><strong>ι</strong></span> <span class='ocrx_word' id='word_1_917' title='bbox 2241 5775 2370 5843; x_wconf 81' lang='lat' dir='ltr'><strong>ipsis</strong></span> <span class='ocrx_word' id='word_1_918' title='bbox 2401 5778 2677 5834; x_wconf 68' lang='lat' dir='ltr'><strong>benedixit</strong></span> <span class='ocrx_word' id='word_1_919' title='bbox 2722 5790 2776 5836; x_wconf 88' lang='lat' dir='ltr'><strong>et</strong></span> <span class='ocrx_word' id='word_1_920' title='bbox 2819 5784 3106 5852; x_wconf 77' lang='lat' dir='ltr'><strong>exultavit;</strong></span> <span class='ocrx_word' id='word_1_921' title='bbox 3140 5802 3207 5843; x_wconf 77' lang='lat' dir='ltr'><strong>cx</strong></span> <span class='ocrx_word' id='word_1_922' title='bbox 3240 5790 3323 5845; x_wconf 88' lang='lat' dir='ltr'><strong>his</strong></span> <span class='ocrx_word' id='word_1_923' title='bbox 3368 5792 3763 5858; x_wconf 78' lang='lat' dir='ltr'><strong>sanctiﬁcavit.</strong></span> 
     </span>
    </p>
   </div>
  </div>
