4030 6464
296 401 432 458 1001

1151 410 1505 471 COMMENT.
1545 413 1616 472 IN
1653 415 2273 476 ECCLESIASTICUM.
2315 447 2385 460 —
2421 418 2553 474 LIB.
2594 418 2711 476 ΥΠ.

3441 431 3574 487 1002

301 533 319 563 ε
364 523 420 568 et
460 514 528 570 ad
556 529 616 570 se
641 516 962 588 applicavit;
1004 529 1060 579 et
1083 538 1150 580 ex
1174 526 1306 597 ipsis
1329 530 1586 587 exaltavit
1618 540 1675 589 et
1705 533 1884 589 humi-
1910 536 1964 598 Α
1989 531 2236 601 despicit,
2267 535 2364 588 sed
2399 548 2506 590 non
2545 542 2726 591 tamen
2752 535 2870 592 sine
2886 533 3128 604 justitia;
3159 535 3212 591 in
3238 537 3400 610 ﬁgulo
3427 543 3575 599 enim

300 619 318 651 ι
365 601 537 671 liavit,
565 613 622 660 et
647 609 916 664 convertit
948 609 1066 669 illos
1105 629 1138 668 a
1173 620 1515 686 separatione
1561 621 1818 691 ipsorum.
1852 644 1871 678 ›

291 691 586 766 Postquam
611 698 680 754 de
708 699 949 758 siderum
993 705 1345 777 dispositione
1371 721 1427 767 et
1453 713 1645 770 ordine
1672 723 1880 786 tempo-

1983 625 2203 681 homine
2246 632 2458 680 tantum
2504 636 2588 684 est
2631 628 2881 685 voluntas
2923 629 3082 700 juxta
3128 629 3359 686 liberum
3421 635 3574 690 arbi-

1982 717 2166 781 trium,
2195 718 2250 773 in
2277 717 2388 774 Deo
2417 729 2597 776 autem
2631 721 3008 778 univerSorum
3041 724 3320 781 conditore
3355 741 3574 798 semper

291 801 411 891 rum
472 788 802 891 disputavit,
849 794 914 849 de
957 795 1238 856 hominum
1295 817 1510 875 quoque
1568 808 1878 863 conditione
1973 813 2120 884 justa
2144 821 2228 870 est
2257 813 2505 869 voluntas
2534 830 2657 869 cum
2681 817 3093 888 omnipOtentia.
3127 817 3282 875 Unde
3308 788 3573 891 scriptum

288 876 586 948 subjunxit,
617 892 677 937 ut
703 883 1126 958 intelligeremus
1154 893 1339 949 omnia
1365 897 1707 955 ordinatione
1751 901 1877 956 sub-

287 969 481 1028 sistere
514 975 645 1043 Dei,
683 993 782 1034 nec
807 980 1008 1052 aliquid
1044 985 1100 1041 in
1131 1002 1317 1044 rerum
1346 991 1700 1052 universitate
1741 1010 1873 1052 con-

284 1057 466 1118 fusum
509 1072 565 1120 et
612 1067 977 1128 inordinatum
1021 1089 1160 1132 esse.
1201 1097 1220 1131 ‹
1248 1078 1316 1134 Εῑ
1356 1081 1625 1152 homines,
1665 1085 1872 1156 inquit,

281 1165 472 1210 omnes
499 1157 565 1212 de
604 1159 719 1216 solo
756 1171 814 1218 et
859 1180 926 1220 ex
955 1175 1123 1236 terra,
1145 1190 1166 1223 ι
1197 1173 1536 1245 subauditur,
1559 1176 1706 1234 fecit.
1735 1178 1872 1247 Quia

279 1250 672 1321 protoplastum
697 1268 981 1327 parentem
1027 1273 1274 1321 nostrum
1297 1283 1365 1324 ex
1402 1269 1531 1328 limo
1572 1280 1732 1329 terrae
1761 1273 1872 1330 for-

224 1376 230 1386 .
276 1341 466 1434 mavit,
491 1343 634 1400 unde
670 1363 830 1405 omne
869 1367 1040 1422 genus
1068 1356 1349 1415 hominum
1383 1363 1653 1434 originem
1690 1365 1866 1421 duxit.

276 1428 383 1526 Sed
412 1444 701 1506 postquam
726 1440 830 1511 ipsi
856 1444 1202 1516 multiplicari
1230 1428 1534 1523 coeperunt,
1566 1463 1623 1510 et
1648 1456 1868 1526 quidam

271 1520 488 1580 illorum
516 1529 684 1586 variis
713 1534 994 1592 erroribus
1018 1546 1073 1593 et
1101 1520 1337 1609 peccatis
1379 1559 1440 1599 se
1468 1520 1866 1617 obligaverunt,

270 1611 530 1672 discrevit
578 1617 723 1676 inter
759 1637 878 1691 eos,
905 1635 962 1681 et
987 1631 1258 1699 separavit
1301 1632 1421 1690 illos
1460 1635 1526 1690 ab
1552 1611 1652 1704 eis,
1683 1639 1775 1708 qui
1811 1611 1867 1694 in

268 1718 366 1802 sua
407 1706 512 1763 ﬁde
553 1718 608 1764 et
645 1709 858 1780 justitia
901 1718 1298 1790 perstiterunt;
1343 1733 1400 1780 et
1439 1741 1533 1782 eos
1579 1728 1672 1797 qui
1699 1706 1865 1802 digni

269 1793 518 1867 fuerunt,
562 1801 842 1860 benedixit
871 1821 886 1860 :
921 1807 1043 1865 illos
1075 1825 1205 1868 vero
1231 1813 1327 1883 qui
1354 1815 1519 1886 impie
1553 1793 1860 1889 gesserunt,

1978 914 2097 961 est:
2131 923 2151 957 ‹
2178 904 2371 963 Omnia
2395 922 2729 977 quaecunque
2752 909 2920 964 voluit
2941 908 3084 966 fecit.
3112 931 3130 962 ι
3162 909 3277 967 Scit
3304 913 3452 968 enim
3478 929 3575 970 cu-

1971 998 2063 1069 jus
2090 999 2286 1056 debeat
2321 1000 2569 1056 misereri
2598 1001 2897 1057 secundum
2922 1003 3320 1074 praescientiam
3350 1013 3406 1061 ct
3437 1022 3574 1077 prae—

1977 1095 2390 1152 destinationem
2414 1113 2588 1164 suam,
2612 1106 2668 1153 et
2689 1114 2852 1169 quem
2875 1099 3152 1170 deSpicere
3171 1101 3468 1157 secundum
3489 1102 3573 1173 ju-

1975 1187 2180 1242 stitiam
2214 1197 2271 1244 et
2290 1189 2557 1259 judicium
2582 1205 2775 1257 suum;
2810 1205 2914 1247 nec
2941 1191 3088 1247 enim
3121 1207 3334 1248 summa
3359 1193 3571 1263 justitia

1974 1281 2176 1352 aliquid
2202 1283 2342 1340 velle
2374 1293 2468 1340 aut
2501 1285 2684 1342 facere
2707 1293 2908 1358 potest,
2936 1287 3043 1344 nisi
3069 1287 3214 1359 quod
3237 1289 3459 1346 omnino
3483 1288 3572 1360 ju-

1973 1381 2120 1429 stum
2150 1381 2254 1431 est.
2281 1374 2439 1434 Unde
2465 1377 2665 1434 dicitur
2691 1396 2704 1433 :

2048 1484 2067 1517 ‹
2100 1465 2300 1523 Omnes
2335 1469 2437 1524 viae
2485 1470 2781 1526 secundum
2830 1469 3244 1542 dispositionem
3289 1474 3408 1547 ejus
3445 1494 3458 1530 :
3491 1491 3572 1533 sic

1976 1574 1996 1608 ‹
2043 1557 2204 1613 homo
2252 1559 2310 1614 in
2359 1575 2525 1616 manu
2571 1561 2715 1616 illius
2760 1563 2853 1634 qui
2884 1579 2943 1618 se
2983 1563 3142 1630 fecit,
3171 1574 3227 1621 et
3265 1568 3458 1622 reddet
3491 1567 3573 1622 illi

1975 1667 1996 1700 ι
2040 1650 2336 1706 secundum
2358 1651 2626 1720 judicium
2661 1669 2840 1709 suum.
2868 1675 2886 1706 ι
2919 1656 3062 1712 Deus
3103 1657 3270 1726 enim,
3295 1661 3422 1730 quia
3453 1675 3570 1716 om-

1967 1739 2118 1795 nium
2164 1749 2248 1798 est
2290 1757 2508 1814 parens,
2555 1744 2677 1800 ideo
2723 1745 2857 1802 nulli
2899 1747 3040 1802 male
3069 1748 3202 1804 vult.
3247 1749 3385 1818 Quia
3437 1768 3567 1826 ergo
3611 1737 3618 1740 ’

1966 1829 2129 1898 fecit,
2158 1832 2448 1890 incolumia
2478 1837 2594 1891 vult
2623 1853 2866 1905 manere,
2897 1856 2998 1896 nec
3023 1843 3284 1912 competit
3313 1844 3365 1899 ei
3394 1853 3452 1900 ut
3486 1844 3569 1899 in-

265 1896 472 2005 ftern‘a
529 1894 909 1954 maledictione
969 1916 1118 2005 reos-
1149 1903 1309 2005 juste
1353 1907 1650 1965 damnavit.
1711 1911 1864 1970 Unde
1890 1911 1941 1972 B
1961 1923 2143 1994 justus
2169 1927 2270 1994 sit;
2299 1927 2452 1997 cujus
2496 1931 2870 1988 benevolentia
2897 1940 3046 1988 tanta
3092 1894 3340 2005 apparet,
3368 1942 3565 1991 utnon

265 1980 547 2056 Scriptura
577 2005 732 2047 sacra
760 2004 1012 2051 numerat
1058 1997 1226 2068 Abel,
1267 2002 1434 2070 Enos,
1482 2004 1694 2074 Enoch,
1724 2007 1858 2077 Noe,

261 2076 559 2148 Abraham,
602 2081 774 2151 Isaac,
803 2095 857 2142 et
894 2086 1081 2157 Jacob,
1125 2099 1180 2146 et
1222 2101 1450 2150 caeteros
1497 2106 1738 2165 sanctos,
1767 2101 1860 2170 qui

259 2169 446 2230 divino
469 2175 637 2231 cultui
669 2177 774 2234 rite
821 2180 1173 2252 insistebant,
1203 2194 1259 2242 et
1300 2203 1429 2244 vera
1473 2190 1735 2262 religione
1764 2169 1859 2248 uni

260 2261 372 2317 Deo
419 2266 610 2322 devote
655 2271 986 2327 serviebant.
1014 2274 1138 2331 Illos
1185 2285 1367 2334 autem
1405 2281 1499 2350 qui
1545 2261 1859 2340 deserentes

257 2368 448 2445 verum
485 2359 656 2414 Deum
675 2401 691 2428 ,
721 2361 876 2419 falsis
904 2365 1284 2424 deserviebant
1307 2370 1486 2437 idolis,
1519 2380 1576 2426 et
1603 2373 1860 2445 multipli-

256 2443 411 2501 cibus
440 2448 734 2507 sceleribus
770 2456 1093 2526 semetipsos
1118 2459 1385 2516 obnoxios
1424 2460 1696 2532 fecerunt,
1724 2443 1855 2535 par-

255 2537 352 2592 tim
400 2539 620 2609 diluvio,
672 2547 873 2616 partim
915 2550 1240 2619 pestilentiae
1283 2554 1458 2623 clade,
1488 2564 1544 2612 et
1576 2559 1856 2616 veracium

253 2629 522 2688 cultorum
565 2635 664 2691 Dei
711 2638 889 2709 gladio
935 2650 992 2697 et
1037 2643 1406 2702 devastatione
1451 2648 1651 2706 delevit
1693 2660 1856 2723 atque

252 2727 607 2799 consumpsit.
640 2729 765 2788 Ideo
809 2734 969 2801 dicit,
1011 2754 1031 2789 ι
1059 2737 1129 2793 Et
1175 2742 1444 2796 convertit
1483 2742 1607 2800 illos
1634 2760 1666 2800 a
1695 2761 1853 2816 sepa-

253 2817 464 2874 ratione
509 2821 768 2893 ipsorum,
793 2845 812 2878 ›
847 2829 975 2898 quia
1013 2844 1109 2885 sua
1148 2832 1475 2892 discretione
1503 2835 1626 2894 illos
1654 2838 1851 2894 distin-

251 2909 353 2976 xit,
381 2913 576 2982 quibus
612 2932 712 2988 pro
759 2918 1059 2978 benefactis
1087 2927 1313 2993 praemia
1344 2929 1614 3003 condigna
1658 2932 1848 3002 daret,

250 3010 308 3095 et
330 3006 525 3074 quibus
549 3025 648 3080 pro
682 3011 986 3072 malefactis
1008 3015 1157 3088 justa
1201 3027 1476 3078 tormenta
1503 3026 1845 3095 rependeret.

248 3091 310 3148 In
357 3113 522 3154 manu
566 3116 696 3175 ergo
742 3108 953 3176 potenti
995 3125 1240 3168 summus
1288 3115 1483 3172 artifex
1529 3119 1712 3188 operis
1763 3119 1850 3176 sui

244 3185 401 3282 juxta
446 3194 781 3254 voluntatem
822 3217 978 3258 suam
1007 3204 1411 3266 distinctionem
1437 3185 1736 3282 congruam
1769 3212 1848 3271 ef-

240 3278 398 3372 fecit.
429 3285 583 3345 Unde
609 3291 992 3366 subjungitur:

327 3400 346 3434 ι
376 3382 540 3450 Quasi
565 3388 739 3447 lutum
762 3393 910 3467 ﬁguli
934 3395 989 3452 in
1012 3413 1177 3457 manu
1202 3403 1392 3473 ipsius,
1419 3407 1691 3478 plasmare
1715 3409 1848 3468 illud

253 3489 273 3523 ‹
321 3483 376 3575 et
419 3477 727 3551 disponere.
755 3485 958 3545 Omnes
985 3492 1088 3548 vite
1116 3494 1234 3565 ejus
1276 3477 1577 3557 secundum
1615 3502 1850 3575 disposi-

253 3580 274 3614 ‹
321 3565 526 3624 tionem
553 3572 703 3643 ejus;
731 3577 810 3633 sic
833 3579 995 3638 homo
1021 3583 1077 3638 in
1103 3601 1270 3642 manu
1298 3589 1462 3658 illius,
1486 3593 1580 3661 qui
1605 3609 1665 3650 se
1694 3565 1842 3662 fecit,

251 3673 271 3704 ‹
319 3665 375 3711 et
422 3661 612 3718 reddet
651 3665 729 3722 illi
759 3673 1056 3728 secundum
1094 3676 1358 3747 judicium
1402 3697 1579 3737 suum.
1603 3703 1622 3737 ι
1655 3684 1716 3740 In
1753 3702 1846 3757 po-

246 3754 444 3807 testate
488 3767 617 3827 ergo
662 3773 758 3815 sua
793 3767 1136 3836 omnipotens
1185 3771 1436 3828 conditor
1463 3775 1671 3832 habens
1700 3754 1845 3834 mas-

245 3856 363 3936 sam
407 3846 658 3908 humanae
687 3863 917 3924 naturze,
949 3865 1375 3936 unumquodque
1403 3881 1501 3923 vas
1544 3871 1844 3927 secundum

242 3933 577 4032 voluntatem
603 3957 759 3998 suam
789 3945 948 4017 ﬁngit
971 3965 1034 4005 ac
1063 3933 1337 4022 forinat,_«
1367 3973 1469 4012 nec
1493 3950 1578 4013 est
1599 3961 1692 4030 qui
1719 3979 1844 4032 pos-

244 4023 314 4078 sit
339 4026 593 4086 resistere
624 4034 891 4092 voluntati
933 4038 1090 4108 ejus:
1122 4063 1142 4096 »
1179 4061 1281 4102 nec
1319 4055 1502 4106 tamen
1540 4023 1664 4108 eum
1693 4023 1843 4125 quis-

243 4130 405 4184 quam
431 4119 704 4216 _injustum
749 4127 932 4185 dicere
976 4133 1175 4203 debet,
1213 4139 1342 4208 quia
1388 4143 1572 4198 omnia
1612 4119 1760 4216 juste
1788 4157 1844 4204 et

244 4210 540 4306 secundum
584 4215 831 4306 ordinem
875 4220 1026 4278 facit.
1071 4226 1227 4283 Unde
1259 4231 1552 4300 Apostolus
1590 4210 1656 4289 de
1699 4252 1841 4306 prae-

243 4299 468 4356 scientia
511 4303 610 4359 Dei
655 4315 709 4362 et
757 4318 1028 4379 potestate
1075 4316 1133 4372 in
1171 4318 1412 4390 Epistola
1451 4324 1521 4380 ad
1566 4299 1840 4386 Rom-auos

242 4391 544 4488 disputans,
572 4396 630 4452 in
667 4403 975 4473 exemplum
1007 4403 1174 4465 Jacob
1205 4420 1265 4480 et
1294 4412 1440 4470 Esau
1489 4420 1836 4488 assumendo,

242 4485 512 4551 quomodo
540 4503 706 4544 unum
748 4495 1050 4551 secundum
1097 4501 1497 4570 praescientiam
1541 4522 1696 4563 suam
1724 4485 1835 4564 ele;

240 4575 399 4666 gerit,
424 4578 654 4638 alterum
683 4586 976 4643 secundum
1000 4589 1265 4660 judicium
1293 4596 1617 4666 deseruerit,
1648 4616 1717 4656 ne
1745 4602 1840 4658 ali-

242 4665 366 4734 quis
391 4667 589 4741 injuste
633 4672 838 4732 factum
867 4693 989 4736 esse
1032 4685 1303 4754 crederet,
1342 4687 1487 4746 inter
1515 4665 1713 4749 caetera
1757 4695 1837 4750 sic

243 4759 360 4859 ait:
399 4761 577 4832 «Quid
617 4783 748 4840 ergo
794 4771 1067 4832 dicemus?
1113 4781 1356 4850 nunquid
1390 4783 1648 4855 iniquitas
1695 4790 1838 4859 apud

242 4851 448 4908 Deum?
476 4856 651 4914 Absit.
673 4880 693 4913 ι
741 4862 811 4918 Et
855 4881 962 4921 non
997 4871 1167 4926 multo
1213 4881 1338 4943 post
1372 4893 1384 4928 :
1423 4893 1442 4926 ‹
1471 4851 1590 4944 An,
1623 4851 1836 4949 inquit,

241 4961 352 5002 non
396 4949 560 5006 habet
595 4962 923 5024 potestatem
949 4960 1145 5032 ﬁgulus
1173 4964 1294 5032 luti,
1334 4981 1404 5022 ex
1433 4968 1622 5025 eadem
1656 4987 1837 5028 massa

242 5038 422 5098 facere
457 5045 602 5103 aliud
647 5050 864 5118 quidem
888 5069 984 5109 vas
1028 5056 1085 5110 in
1120 5058 1401 5127 honorem,
1433 5061 1582 5118 aliud
1623 5079 1754 5119 vero
1782 5066 1838 5119 in

240 5134 662 5192 contumeliam?
685 5138 864 5211 (Rom.
891 5143 994 5215 ix.)
1021 5143 1210 5218 Magna
1231 5157 1316 5205 est
1339 5150 1602 5221 iniquitas
1622 5161 1680 5208 et
1705 5169 1840 5225 prae-

242 5225 482 5293 sumptio
515 5230 846 5298 respondere
887 5234 944 5288 in
973 5236 1216 5294 adversis
1245 5239 1522 5298 hominem
1565 5243 1693 5310 Deo,
1734 5245 1839 5300 ini-

242 5330 413 5386 quum
438 5315 604 5386 justo,
634 5322 837 5377 malum
862 5325 1024 5392 bono,
1059 5327 1367 5400 imperitum
1393 5334 1656 5404 perfecto,
1683 5334 1838 5391 inﬁr-

241 5424 392 5465 mum
427 5407 748 5479 fortissimo,
788 5417 1194 5485 corruptibilem
1241 5421 1579 5495 incorrupto,
1612 5427 1838 5483 immor-

243 5501 338 5557 tali
373 5501 706 5587 ‘inortalem,
756 5519 976 5563 servum
1023 5524 1258 5580 nequam
1319 5511 1549 5568 Domino
1607 5520 1834 5585 optimo,

244 5601 550 5652 creaturam
581 5597 867 5655 conditori.
897 5599 955 5655 In
992 5610 1261 5672 potestate
1286 5603 1432 5659 enim
1462 5607 1701 5662 auctoris
1729 5613 1835 5674 est,

245 5684 461 5756 qualem
487 5688 620 5743 velit
653 5691 887 5748 condere
915 5702 1242 5750 creaturam.
1277 5693 1434 5752 Unde
1461 5705 1515 5753 et
1540 5696 1685 5754 Deus
1711 5712 1837 5754 cum

245 5791 437 5836 omnes
464 5795 532 5837 ex
559 5795 688 5850 uno,
715 5793 878 5856 atque
905 5802 971 5841 ex
1003 5789 1193 5843 eadem
1220 5805 1400 5845 massa
1427 5790 1596 5847 simus
1624 5792 1678 5846 in
1707 5795 1835 5849 sub-

1966 2015 2140 2071 solum
2169 2016 2379 2074 faceret
2420 2033 2540 2076 esse
2579 2037 2701 2091 quae
2742 2039 2851 2078 non
2895 2031 3080 2091 erant,
3109 2039 3299 2079 verum
3347 2039 3410 2080 ea
3448 2025 3564 2095 ipsa

1963 2106 2074 2162 vita
2102 2115 2304 2165 aeterna
2348 2111 2573 2166 donaret
2613 2119 2669 2166 et
2701 2113 2900 2184 gloria;
2929 2122 2990 2168 ut
3034 2129 3171 2184 opus
3214 2114 3332 2184 ejus
3358 2114 3566 2184 aliquid

1962 2197 2264 2267 majestatis
2304 2200 2422 2272 ejus
2466 2203 2642 2258 simile
2685 2202 2931 2260 haberet.
2975 2204 3078 2272 Qui
3107 2220 3237 2276 ergo
3273 2214 3385 2260 tam
3427 2221 3559 2276 pro-

1960 2291 2119 2349 vidus
2155 2301 2211 2351 et
2244 2294 2419 2351 bonus
2455 2305 2578 2364 est,
2619 2297 2822 2370 ambigi
2867 2314 2977 2355 non
3023 2297 3184 2356 debet
3220 2300 3350 2370 quia
3379 2297 3564 2368 justus

1959 2393 2065 2440 est.

2036 2498 2054 2530 ‹
2099 2477 2301 2535 Contra
2345 2482 2548 2537 malum
2579 2483 2782 2540 bonum
2824 2492 2940 2552 est,
2987 2494 3042 2540 et
3090 2493 3281 2540 contra
3326 2493 3560 2541 mortem

1961 2589 1983 2621 ‹
2027 2570 2177 2626 vita:
2211 2573 2291 2628 sic
2324 2582 2381 2630 et
2407 2583 2596 2629 contra
2636 2575 2816 2630 virum
2836 2573 3046 2644 justum
3076 2584 3352 2648 peccator.
3384 2575 3452 2630 Et
3480 2575 3561 2630 sic

1964 2680 1984 2714 ι
2023 2663 2237 2720 intuere
2265 2665 2322 2720 in
2349 2667 2532 2721 omnia
2561 2682 2731 2736 opera
2769 2667 3054 2724 Altissimi.
3088 2669 3203 2724 Duo
3248 2677 3306 2724 et
3348 2671 3476 2733 duo,
3504 2674 3560 2723 ct

1961 2774 1983 2808 ι
2026 2773 2195 2812 unum
2242 2767 2434 2814 contra
2477 2776 2706 2815 unum.»
2755 2761 2993 2832 Diligens
3028 2761 3384 2832 investigator
3429 2775 3557 2829 ope-

1955 2863 2076 2904 rum
2104 2850 2201 2906 Dei
2229 2858 2284 2906 et
2311 2851 2434 2922 pius
2471 2860 2743 2908 scrutator
2765 2853 2979 2908 viarum
3006 2851 3121 2922 ejus
3151 2853 3358 2908 invenit
3383 2853 3439 2906 in
3471 2867 3558 2906 re-

1951 2956 2075 2996 rum
2104 2943 2296 2998 ordine
2341 2943 2680 3012 distantiam,
2715 2953 2772 3001 et
2815 2946 3108 3016 quamdam
3148 2946 3293 3001 inter
3321 2960 3380 3000 se
3422 2960 3553 3000 con-

1953 3033 2309 3100 trarietatem,
2351 3035 2447 3091 sed
2474 3044 2657 3091 tamen
2690 3036 2953 3106 sapientia
2980 3037 3078 3092 Dei
3108 3035 3434 3092 mirabiliter
3467 3051 3556 3092 or-

1951 3124 2211 3180 dinatam.
2241 3125 2398 3182 Unde
2440 3127 2572 3184 dicit
2612 3147 2623 3182 :
2675 3147 2694 3180 ‹
2724 3127 2925 3185 Contra
2959 3129 3163 3184 malum
3195 3129 3398 3185 bonum
3436 3137 3551 3194 est,

1951 3229 2008 3275 et
2050 3229 2243 3276 contra
2272 3232 2506 3279 mortem
2533 3225 2682 3280 vita:
2717 3226 2800 3281 sic
2829 3234 2883 3281 et
2914 3234 3104 3281 contra
3133 3225 3310 3280 virum
3343 3223 3556 3294 justum

1951 3323 2224 3384 peccator.
2249 3334 2267 3366 ›
2303 3315 2419 3370 Νοη
2450 3324 2535 3372 est
2573 3333 2704 3389 ergo
2729 3318 2858 3373 mali
2886 3319 3026 3374 Deus
3052 3319 3320 3384 conditor,
3347 3317 3414 3373 de
3444 3333 3554 3387 quo

1950 3404 2213 3475 scriptum
2233 3413 2345 3461 est:
2367 3425 2386 3457 ι
2415 3406 2558 3462 Vidit
2577 3407 2720 3463 Deus
2735 3417 2929 3464 cuncta
2943 3426 3064 3480 qua:
3083 3409 3308 3475 fecerat,
3323 3417 3378 3463 et
3395 3416 3555 3463 erant

1949 3498 2107 3554 valde
2150 3499 2293 3554 bona
2344 3497 2497 3572 (Gen.
2526 3499 2566 3573 ι)
2596 3519 2607 3554 :
2641 3520 2661 3555 ι
2699 3501 2808 3557 Nec
2855 3504 3047 3559 mortis
3085 3513 3170 3559 est
3209 3510 3402 3560 auctor
3437 3521 3449 3555 :
3485 3502 3553 3558 de

1949 3605 2062 3660 quo
2090 3590 2217 3648 alibi
2245 3591 2480 3664 legitur:
2521 3612 2539 3643 ι
2568 3594 2712 3650 Deus
2743 3603 2974 3650 mortem
3017 3611 3128 3652 non
3156 3595 3305 3662 fecit,
3335 3610 3437 3650 nec
3464 3593 3554 3650 lm-

1948 3691 2094 3739 tatur
2132 3685 2187 3739 in
2235 3684 2537 3756 perditione
2566 3688 2916 3742 morientium
2951 3687 3106 3760 (Sap.
3131 3688 3212 3759 1):
3247 3707 3266 3739 ι
3299 3686 3395 3742 sed
3431 3685 3552 3740 uni-
3584 3716 3596 3720 ι

1945 3779 2218 3834 versitatis
2251 3779 2521 3836 mirabilis
2563 3789 2619 3835 et
2646 3781 3028 3837 inenarrabilis
3069 3783 3186 3852 ipse
3220 3789 3304 3836 est
3330 3781 3550 3835 ordina-

1947 3876 2051 3923 tor.
2076 3869 2238 3925 Aliud
2261 3879 2346 3926 est
2366 3871 2510 3925 enim
2534 3887 2655 3928 esse
2676 3881 2949 3939 naturam,
2975 3873 3125 3927 aliud
3151 3873 3374 3938 vitium;
3404 3870 3552 3926 aliud

1945 3960 2260 4027 essentiam,
2289 3962 2437 4016 aliud
2464 3961 2766 4028 defectum;
2798 3964 2944 4019 aliud
2976 3963 3235 4034 speciem,
3265 3963 3411 4018 aliud
3434 3962 3549 4032 pri-

1943 4055 2238 4110 vationem.
2281 4055 2413 4112 Dico
2456 4072 2578 4114 esse
2622 4058 2806 4113 omnia
2852 4059 3017 4125 bona,
3063 4067 3117 4113 et
3158 4056 3320 4124 addo,
3364 4065 3426 4112 ut
3454 4056 3552 4112 ﬁat

1942 4143 2174 4214 planius,
2209 4147 2531 4216 inquantum
2568 4157 2713 4204 sunt.
2745 4149 2939 4204 Omnia
2962 4165 3092 4221 ergo
3119 4165 3242 4220 qua:
3275 4157 3432 4216 sunt,
3464 4150 3549 4203 in-

1943 4246 2206 4308 quantum
2249 4248 2404 4305 sunt,
2445 4241 2624 4311 idest
2673 4244 2990 4310 inquantum
3036 4249 3266 4306 naturae,
3313 4243 3547 4312 inquan-

1944 4337 2058 4384 tum
2083 4331 2350 4398 essentim,
2381 4332 2701 4401 inquantum
2727 4334 3044 4389 substantia:
3073 4345 3219 4401 sunt,
3253 4333 3339 4389 vel
3364 4334 3410 4389 si
3439 4348 3546 4403 quo

1942 4420 2048 4475 alio
2083 4422 2251 4477 verbo
2301 4423 2491 4478 eadem
2540 4439 2628 4478 res
2678 4424 2891 4494 planius
2933 4425 3269 4491 enuntiatur,
3313 4439 3383 4480 ex
3433 4426 3546 4481 Deo

1941 4527 2062 4584 esse
2094 4513 2340 4569 dicimus.
2374 4513 2519 4569 Vitia
2544 4530 2674 4571 vero
2695 4517 3078 4584 essentiarum,
3109 4531 3231 4587 qua:
3260 4518 3546 4586 privantur

1942 4603 2124 4674 specie
2147 4620 2213 4659 ac
2239 4603 2657 4675 pulchritudine,
2688 4623 2793 4662 non
2823 4615 2906 4664 est
2934 4622 3054 4664 esse
3084 4609 3216 4664 Deo.
3249 4607 3306 4664 Si
3346 4609 3546 4678 qumris

1943 4695 2086 4750 unde
2133 4695 2263 4762 sint,
2294 4695 2583 4768 diligenter
2612 4700 2829 4754 attende
2869 4699 3000 4768 quid
3041 4695 3263 4754 faciant.
3299 4698 3370 4754 Ut
3396 4699 3545 4754 enim

1943 4797 2136 4844 natura
2172 4804 2401 4860 quaeque
2433 4805 2521 4846 res
2548 4805 2656 4845 non
2687 4790 2831 4846 aliud
2854 4806 3018 4861 quam
3048 4806 3169 4847 esse
3195 4792 3428 4864 cogitur,
3463 4791 3537 4846 ita

1941 4883 2135 4938 vitium
2165 4883 2314 4955 (nam
2363 4883 2416 4938 id
2447 4892 2531 4940 est
2564 4892 2752 4939 contra
2794 4882 3069 4954 naturam)
3101 4883 3158 4937 in
3207 4883 3546 4938 contrarium

1944 4973 2240 5044 repellitur,
2273 4973 2330 5028 id
2366 4982 2471 5041 cst,
2500 4982 2560 5028 ut
2587 4990 2695 5031 non
2730 4975 2819 5040 sit,
2847 4983 2902 5030 et
2930 4974 3168 5044 pessime
3195 4973 3249 5029 id
3274 4974 3418 5042 quod
3460 4981 3544 5030 cst

1941 5074 2148 5136 pereat.
2178 5064 2332 5121 Unde
2359 5066 2770 5122 vitiosissimum
2808 5065 3218 5136 pessumdatum
3262 5072 3318 5118 et
3354 5063 3540 5132 perdi—

1944 5165 2079 5224 tum,
2109 5171 2418 5228 quanquam
2443 5166 2498 5214 et
2531 5159 2634 5214 hoc
2662 5157 2922 5213 usitatum
2950 5156 3408 5227 nequissimorum
3440 5172 3539 5212 no-

1941 5265 2065 5304 men
2092 5259 2196 5316 cst,
2227 5251 2353 5320 quia
2384 5250 2496 5321 jam
2524 5249 2723 5320 perditi
2755 5257 3038 5316 vocantur,
3071 5257 3126 5305 et
3149 5250 3265 5319 ipsa
3297 5250 3536 5320 nequitia

1941 5341 2010 5398 de
2029 5341 2201 5397 nihilo
2224 5342 2486 5398 asseritur
2504 5342 2738 5400 traxisse
2758 5341 3100 5410 vocabulum,
3126 5351 3181 5400 et
3206 5356 3395 5398 revera
3423 5352 3538 5398 ten-

1942 5433 2022 5488 dit
2046 5434 2116 5489 ad
2143 5433 2394 5489 nihilum.

2019 5542 2037 5569 ι
2070 5525 2182 5588 Ego
2223 5525 2552 5578 novissimus
2595 5526 2875 5594 evigilavi,
2918 5537 2975 5582 et
3006 5528 3162 5598 quasi
3203 5530 3297 5600 qui
3329 5529 3536 5601 colligit

1949 5627 1967 5662 ι
2014 5624 2258 5668 racemos
2288 5620 2411 5683 post
2452 5602 2894 5675 vindemiatores.
2927 5618 2987 5675 In
3015 5621 3394 5678 benedictione
3435 5620 3537 5676 Dei

1946 5716 1967 5755 ι
2010 5710 2066 5758 et
2092 5701 2208 5774 ipse
2253 5705 2508 5776 speravi:
2540 5714 2596 5762 et
2637 5711 2793 5780 quasi
2837 5709 2930 5781 qui
2961 5711 3297 5770 vindemiant
3337 5710 3521 5781 replev

1945 5814 1964 5847 ‹
2007 5795 2262 5852 torcular.
2293 5816 2312 5849 ι
2348 5795 2543 5856 Custos
2587 5800 2908 5860 humilitatis
2954 5821 3062 5862 non
3110 5819 3169 5859 se
3217 5809 3536 5872 arroganter

246 5875 465 5947 stantia,
491 5885 546 5935 et
567 5878 747 5934 cuncti
777 5890 1113 5952 peccatores,
1139 5883 1258 5943 aliis
1284 5885 1595 5956 miseretur,
1620 5894 1674 5944 et
1699 5887 1832 5954 alios
1938 5890 2107 5948 voluit
2149 5899 2444 5964 ostentare,
2473 5893 2570 5951 sed
2598 5904 2780 5957 tamen
2807 5898 2978 5956 voluit
3005 5899 3072 5955 de
3101 5913 3160 5955 se
3194 5896 3415 5956 omnino
3443 5912 3535 5952 ve-

608 5969 898 6065 ωψο.
929 5975 1098 6068 9.129

2976 5994 3056 6057 32
