4030 6474
437 468 580 534 1003
1082 462 1143 519 Β.
1181 457 1439 518 RABANI
1476 448 1699 513 MAURI
1738 448 2060 508 ARCHIEP.
2093 446 2095 501 ἶ

2199 436 2408 502 GUNT.
2446 436 2734 499 OPERUM
2765 432 2949 494 PARS
2984 435 3027 493 Ι.
3595 427 3743 487 1004

436 593 656 653 ritatem
690 599 801 643 non
831 580 1101 644 reticere;
1150 574 1325 630 noluit
1351 572 1498 628 enim
1524 584 1583 625 se
1619 566 1856 637 antiquis
1900 563 2036 620 scri-
2065 570 2120 634 Α
2142 563 2413 630 potestate
2446 552 2707 610 fulcitur:
2735 558 2941 622 quanto
2959 545 3135 621 magis
3159 546 3218 601 in
3245 543 3417 600 altum
3455 558 3521 600 se
3556 545 3749 617 erigit,

436 684 687 759 ptoribus
713 688 994 738 sacrorum
1014 670 1299 735 librorum,
1331 679 1468 738 quos
1493 661 1606 719 vini
1631 656 1891 731 spiritalis
1918 655 2038 711 vin-
2138 668 2264 710 cum
2295 665 2356 707 se
2390 648 2443 706 ei
2484 646 2651 704 etiam
2690 652 2937 718 potestas
2981 638 3303 713 subiungit?
3343 652 3514 711 quam
3563 645 3756 697 tamen

441 733 770 837 flemiatores
798 774 981 834 vocat,
1011 764 1191 836 aliquo
1217 761 1377 818 modo
1404 755 1688 831 praeferre,
1727 752 1823 809 sed
1855 760 2038 807 tamen
2137 756 2465 822 potestatem
2510 753 2659 802 recte
2686 743 2995 814 dispensat,
3034 738 3129 812 qui
3169 736 3401 795 sollicite
3434 733 3657 791 noverit
3700 741 3762 789 et

441 888 552 927 non
582 865 797 940 negavit
839 877 898 919 se
941 872 1131 917 eorum
1178 828 1589 925 cooperatorem
1628 862 1767 904 esse.
1809 844 1954 901 Dicit
1982 856 2042 897 se
2142 855 2363 900 sumere
2386 856 2455 897 ex
2487 835 2579 895 illa
2603 834 2749 909 quod
2773 833 3013 905 adjuvat,
3040 840 3097 890 et
3120 844 3434 903 expugnare
3458 828 3613 901 quod
3643 835 3765 883 ten—

443 928 801 1021 novissiinum
828 953 1074 1027 vigilare,
1101 957 1156 1005 et
1188 948 1243 1003 in
1269 944 1648 1003 benedictione
1674 939 1769 996 Dei
1799 951 2040 1011 sperare,
2145 950 2260 1013 tat,
2298 947 2355 997 et
2398 936 2663 1015 aequalem
2693 951 2753 992 se
2782 950 2907 990 eum
2948 930 3040 988 illa
3067 928 3281 987 caeteris
3307 942 3558 992 eernere,
3592 930 3652 981 et
3681 931 3767 977 ta-

444 1060 501 1109 et
528 1051 598 1108 ob
628 1047 733 1105 hoc
772 1043 928 1118 quasi
959 1039 1410 1096 vindemiatorem
1462 1032 1700 1091 torcular
1726 1030 1958 1103 replere,
1986 1035 2047 1083 ut
2145 1050 2273 1092 men
2319 1048 2378 1091 se
2423 1014 2778 1105 peccantibus
2827 1025 2945 1081 zelo
2986 1021 3211 1080 ultionis
3253 1017 3553 1077 anteferre.
3598 1014 3766 1071 Sum—

446 1142 757 1202 ostenderet
788 1110 1031 1209 gratiam
1059 1132 1163 1190 sibi
1192 1130 1431 1188 divinam
1461 1127 1601 1184 sicut
1626 1134 1681 1182 et
1710 1123 1924 1181 caeteris
1944 1135 2044 1192 pa-
2150 1142 2274 1183 mus
2315 1125 2503 1196 itaque
2528 1121 2681 1180 locus
2711 1122 2851 1177 bene
2891 1116 3119 1189 regitur,
3151 1129 3276 1171 eum
3304 1113 3352 1168 is
3399 1110 3498 1184 qui
3534 1117 3767 1182 pmest,

447 1237 625 1295 tribus
656 1232 868 1297 adesse,
896 1236 957 1284 ut
980 1226 1221 1282 fructum
1261 1220 1503 1279 scientia:
1542 1217 1885 1274 abundanter
1917 1227 2047 1286 pro-
2148 1221 2296 1278 vitiis
2322 1218 2503 1291 potius
2528 1230 2694 1289 quam
2719 1210 2982 1268 fratribus
3011 1208 3353 1273 dominatur;
3382 1203 3482 1260 sed
3510 1218 3646 1258 cum
3676 1200 3771 1256 de-

448 1321 636 1386 ferret.
667 1322 931 1382 Similiter
949 1328 1005 1375 et
1040 1316 1244 1374 Paulus
1284 1310 1558 1386 apostolus
1601 1307 1827 1366 humilia
1856 1305 1923 1361 de
1964 1318 2050 1361 se—
2150 1320 2460 1391 linquentes
2497 1315 2742 1373 subditos
2780 1308 3056 1386 ρηροείιί
3093 1306 3406 1379 corrigunt,
3453 1306 3635 1377 restat
3674 1310 3776 1351 ne.

451 1420 685 1491 ωθιίρδο
716 1413 975 1481 sentiens:
1008 1418 1191 1466 tamen
1233 1406 1469 1499 ﬁrmam
1517 1400 1615 1499 Dfii
1662 1400 1766 1457 Sibi
1798 1398 2053 1499 οοηθιθξη
2153 1372 2308 1469 cesse
2349 1418 2436 1467 est
2464 1372 2523 1464 ut
2562 1372 2799 1464 sollicite
2838 1372 3123 1461 attendant
3165 1372 3434 1472 quatenus
3460 1409 3567 1467 per
3592 1372 3773 1448 disci-

452 1485 627 1571 noluit
652 1507 866 1566 celare:
896 1505 991 1577 qui
1026 1496 1269 1560 narrans
1287 1500 1345 1556 in
1376 1497 1617 1571 Epistola
1642 1510 1739 1551 sua
1784 1491 2055 1565 quomodo
2155 1507 2395 1580 pﬁnalus
2446 1504 2690 1562 debitum
2736 1499 2936 1557 delicta
3000 1495 3235 1569 quodam
3293 1490 3421 1565 jure
3475 1485 3781 1562 potestatis

452 1605 702 1663 Christus
727 1608 851 1672 Ροεῐ
889 1596 1350 1654 ι’θευΐνθοῐίοηθω
1376 1588 1656 1706 ἀίδείρὲιτιίε
1682 1584 1964 1658 apparuit.
1990 1583 2058 1638 de
2157 1579 2389 1668 feriant,
2422 1600 2517 1656 sed
2557 1612 2656 1670 per
2696 1592 3021 1653 humilitatis
3060 1586 3398 1652 custodiam,
3431 1579 3684 1653 aequales
3722 1593 3783 1630 se

617 1696 646 1706 _.
780 1693 815 1706 .-
950 1686 1156 1706 ..Λ-ε.
1243 1686 1421 1706 .12----
1449 1700 1462 1706 -
1500 1702 1513 1706 -
1592 1678 1846 1706 Mantum
1877 1682 2056 1706 αιιηπη
2164 1696 2176 1706 .
2251 1696 2261 1706 .
2333 1694 2354 1706 .
2421 1701 2430 1706 .
2473 1693 2504 1706 ..
2720 1689 2731 1700 -
2774 1687 3112 1706 -__-_s_-_...--_
3161 1685 3457 1706 -..........,.....o
3523 1672 3783 1706 Εηιοι-ιρρ

455 1696 750 1767 semetipso
778 1693 853 1748 ita
886 1686 1197 1760 subiunxit,
1236 1686 1463 1741 dicens:
1495 1702 1513 1735 ι
1540 1678 1847 1736 Novissime
1877 1682 2059 1729 autem

586 1787 600 1802 ⁶
719 1795 733 1802 -
855 1801 876 1802 η
894 1798 968 1802 μυ
998 1780 1234 1802 Διι-ιε--η
1255 1777 1404 1802 ..εκ-υ-
1430 1783 1509 1802 Mt
1535 1783 1585 1802 ι..
1609 1771 1741 1802 mm:
1780 1770 1893 1802 tam,
1915 1766 2058 1802 οηςηη

2199 1696 2296 1767 isis
2330 1693 2611 1757 fratribus,
2642 1689 2736 1761 qui
2765 1687 3134 1759 corriguntur,
3161 1685 3479 1754 agnoscant.
3523 1672 3783 1728 Solerter

2242 1789 2253 1801 '
2397 1786 2408 1798 '
2456 1794 2466 1802 -
2499 1782 2710 1802 κ-Α-λρ-μ-
2765 1795 2830 1802 -Α
2869 1779 2987 1802 λη...
3024 1771 3434 1802 εωηιηλιηυιιςηο
3462 1763 3783 1802 ηηαίΛΑἶΙΙιίι

455 1787 698 1890 omnium
713 1795 976 1891 tanquam
994 1780 1239 1891 abprtivo
1255 1777 1407 1891 visus
1428 1783 1512 1831 est
1534 1783 1589 1829 et
1609 1771 1763 1891 milii.
1780 1770 1893 1841 Ego
1915 1766 2061 1870 enim
2165 1763 2363 1865 (ίυίρρθ
2395 1782 2735 1851 intuendum,
2764 1795 2834 1836 ne
2864 1779 2990 1835 dum
3024 1771 3437 1832 immoderatius
3462 1763 3784 1823 custoditur

1730 1872 2058 1891 mmmvnnnm
2205 1885 2216 1891 -
2371 1882 2385 1891 .
2505 1878 2577 1891 ....
2628 1876 2660 1891 ,.
2783 1875 2818 1891 ,u
2850 1888 2880 1891 ν,
2914 1880 3020 1891 λη,
3046 1852 3163 1891 ε.---έ
3206 1863 3487 1891 ..νέηαι-,ιιι-
3508 1878 3521 1891 .
3555 1868 3607 1891 Α.
3654 1858 3784 1891 dum

459 1896 581 1939 sum
602 1877 857 1934 minimus
874 1866 1375 1946 “Pos‘olomm’qui
1397 1882 1505 1923 “0"
1526 1880 1645 1923 sum
1670 1857 2061 1934 dignusvocari
2166 1852 2340 1940 virtus
2371 1876 2717 1943 humilitatis,
2743 1875 3022 1934 solvantur
3041 1852 3167 1941 jura
3206 1863 3523 1941 regiminis;
3554 1868 3613 1916 et
3653 1858 3789 1914 dum

458 1969 754 2044 apostolus,
797 1967 1057 2040 quoniam
1097 1968 1415 2037 persecutus
1446 1973 1568 2015 sum
1602 1954 1903 2015 Ecclesiam
1941 1950 2060 2046 Dei.
2089 1957 2138 2019 Β
2166 1973 2420 2046 pmlams
2448 1970 2679 2042 quisque
2706 1965 2827 2038 plus
2866 1978 2926 2020 se
2955 1976 3119 2033 quam
3148 1957 3305 2014 decet
3352 1951 3560 2023 deﬁcit,
3590 1947 3792 2007 subdi.

460 2062 651 2167 Flam
690 2067 873 2116 autem
901 2058 1030 2167 Pe“
1046 2054 1253 2167 5:1ij
1298 2051 1616 2167 (ξυοάλδυξξλν
1648 2045 1919 2167 θξηβτθίίδ
1947 2042 2065 2167 fa“
2166 2041 2351 2123 torum
2383 2041 2551 2117 vitam
2597 2057 2867 2130 stringere
2912 2053 3013 2109 sub
3056 2046 3356 2121 disciplinae
3399 2041 3629 2100 vinculo
3681 2054 3795 2096 non

1586 2155 1648 2167 ..η
1680 2155 1695 2167 .
1743 2152 1785 2167 ,α
1816 2151 1960 2167 ,ιν-πη
2005 2148 2065 2167 ηε
2300 2157 2333 2167 .,
2386 2154 2428 2167 .-
2612 2162 2622 2167 -
2764 2166 2771 2167 ,
2811 2156 3048 2167 ,---.__--
3080 2140 3315 2167 -..ιη-ι..-
3348 2135 3488 2167 ,ηυυι
3517 2149 3624 2167 nm
3657 2132 3795 2167 δικη-

459 2154 519 2210 in
544 2168 634 2210 me
658 2166 831 2208 Vacua
858 2164 967 2206 ¹³⁰¹¹
1001 2146 1128 2216 fuit,
1154 2144 1253 2204 sed
1287 2140 1652 2232 abundanti“?
1680 2134 2069 2232 illiSPmnibus
2169 2157 2361 2232 possit.
2386 2154 2631 2212 Teneant
2655 2166 2784 2222 ergo
2809 2156 3052 2205 rectores
3076 2140 3319 2199 exterius
3347 2135 3492 2209 quod
3516 2149 3624 2208 pro
3657 2132 3796 2189 alio-

460 2243 706 2301 laboravi
742 2261 757 2298 :
798 2256 910 2299 non
951 2247 1135 2298 autem
1181 2250 1305 2310 ego,
1352 2235 1449 2293 sed
1495 2231 1671 2306 gratia
1715 2228 1815 2287 Dei
1856 2240 2071 2284 mecum

462 2333 525 2409 (ι
550 2332 677 2391 Cor.
708 2333 816 2407 1).»

547 2446 568 2479 ι
598 2426 873 2498 Respicite
917 2424 1049 2498 quia
1090 2437 1202 2480 non
1250 2420 1429 2480 solum
1475 2417 1613 2475 mihi
1650 2413 1896 2472 laboravi
1912 2452 1929 2482 ,
1977 2409 2075 2468 sed

474 2539 494 2572 ι
540 2519 792 2576 omnibus
836 2517 1248 2589 exquirentibus
1290 2512 1658 2584 disciplinam.
1684 2529 1703 2564 ι
1737 2506 1940 2565 Doctor
1985 2520 2077 2561 ca-

469 2611 705 2670 tholicus
731 2627 841 2668 non
874 2610 1051 2668 solum
1078 2610 1134 2665 in
1162 2608 1351 2666 labore
1375 2621 1474 2663 suo
1502 2604 1608 2661 sibi
1636 2601 1788 2659 utilis
1814 2608 1918 2669 est,
1949 2599 2079 2654 dum

470 2705 765 2777 quierendo
782 2712 839 2761 et
863 2703 1177 2760 meditando
1196 2701 1375 2758 lucem
1402 2696 1639 2769 acquirit
1662 2692 1959 2767 sapientiae,
1984 2688 2081 2746 sed

470 2797 637 2854 etiam
684 2795 806 2851 aliis
844 2792 1247 2867 profectuosus,
1279 2806 1404 2848 cum
1448 2790 1506 2845 in
1535 2787 1803 2845 doctrinis
1851 2785 1964 2841 suis
2002 2783 2082 2838 eis

469 2888 694 2945 exhibet
720 2887 1117 2943 correctionem
1139 2886 1266 2942 vitae
1290 2891 1346 2940 et
1372 2881 1678 2939 molestiam
1706 2877 2023 2949 disciplinae.

549 2997 568 3032 ι
597 2978 798 3037 Audite
819 2995 928 3049 me,
964 2986 1270 3053 magnetes,
1296 2986 1351 3034 et
1387 2990 1578 3033 omnes
1611 2972 1795 3046 populi
1823 2979 1878 3027 et
1906 2976 2085 3025 recto—

481 3092 502 3125 ι
549 3088 638 3130 res
665 3072 943 3140 Ecclesiae,
994 3072 1219 3129 auribus
1259 3071 1543 3144 percipite.
1572 3068 1711 3124 Filio
1750 3072 1806 3123 et
1832 3062 2084 3130 mulieri,

483 3181 503 3217 ι
546 3163 706 3220 fratri
729 3172 785 3222 et
811 3166 990 3221 amico
1010 3179 1121 3221 non
1145 3165 1239 3221 des
1260 3170 1589 3235 potestatem
1618 3173 1782 3230 super
1812 3165 1867 3213 te
1892 3156 1947 3211 in
1973 3154 2087 3211 vita

484 3277 504 3311 ι
550 3266 674 3326 tua;
703 3264 762 3314 et
804 3273 915 3315 non
963 3257 1179 3315 dederis
1214 3255 1308 3311 alii
1355 3254 1758 3326 possessionem
1809 3259 1977 3316 tuam,
2018 3260 2087 3302 ne

2175 2221 2297 2308 rum
2344 2245 2584 2302 utilitate
2634 2221 2966 2311 suscipiunt,
3006 2240 3228 2291 servent
3268 2226 3494 2285 interius
3540 2222 3702 2297 quod
3732 2221 3801 2278 de

2177 2359 2277 2409 sua
2321 2339 2682 2398 aestimatione
2720 2333 3146 2406 pertimescunt;
3195 2326 3293 2381 sed
3337 2330 3523 2378 tamen
3566 2316 3803 2390 quibus-

2177 2436 2303 2493 dam
2345 2432 2515 2507 signis
2559 2430 2815 2486 decenter
2842 2420 3254 2497 erumpentibus
3282 2431 3379 2473 eos
3408 2412 3558 2484 apud
3592 2427 3658 2467 se
3691 2410 3797 2466 hu-

2179 2528 2337 2587 miles
2365 2503 2532 2583 etiam
2575 2520 2803 2595 subjecti
2852 2514 3290 2588 deprehendant,
3331 2515 3606 2583 quatenus
3645 2512 3708 2558 et
3749 2503 3806 2556 in

2182 2622 2506 2683 auctoritate
2553 2632 2777 2682 eorum,
2817 2611 2962 2687 quod
2992 2607 3290 2681 formidant
3334 2603 3595 2667 videant,
3640 2607 3705 2653 et
3740 2596 3806 2651 de

2180 2717 2490 2777 humilitate
2515 2711 2661 2787 quod
2694 2708 2981 2767 imitentur
3020 2705 3340 2776 agnoscant.
3374 2694 3651 2752 Studeant
3704 2689 3807 2760 igi-

2182 2820 2273 2867 tur
2308 2808 2428 2865 sine
2468 2800 2874 2863 intermissione
2901 2797 2996 2869 qui
3034 2800 3311 2867 prmsunt,
3354 2798 3416 2845 ut
3456 2801 3657 2844 eorum
3704 2798 3804 2854 po—

2184 2900 2355 2959 tentia
2387 2905 2593 2969 quanto
2634 2908 2829 2967 magna
2864 2887 3107 2947 exterius
3147 2883 3409 2949 cernitur,
3460 2885 3619 2936 tanto
3649 2874 3803 2947 apud

2184 3010 2279 3053 eos
2305 2992 2534 3049 interius
2562 2988 2899 3061 deprimatur
2924 3001 2938 3039 :
2969 2998 3040 3039 ne
3066 2978 3451 3053 cogitationem
3476 2972 3700 3037 vincat,
3734 2983 3807 3025 ne

2189 3090 2244 3146 in
2281 3084 2697 3144 delectationem
2732 3080 2817 3139 sui
2846 3078 3089 3136 animum
3118 3073 3315 3146 rapiat,
3346 3084 3415 3127 ne
3437 3064 3559 3138 jam
3595 3066 3704 3122 sub
3751 3078 3811 3119 se

2189 3193 2342 3235 meus
2387 3191 2508 3233 eam
2555 3186 2743 3246 regere
2772 3185 2880 3227 non
2914 3166 3119 3239 possit,
3156 3162 3246 3222 cui
3275 3175 3334 3217 se
3363 3157 3593 3213 libidine
3635 3154 3811 3210 domi-

2188 3268 2355 3324 nandi
2401 3263 2670 3336 supponit.
2703 3261 2849 3316 Inter
2879 3255 3192 3329 hypocritas
3229 3249 3376 3306 enim
3397 3248 3526 3320 jure
3573 3248 3809 3316 deputa-

484 3368 503 3401 ι
550 3349 693 3406 forte
720 3351 985 3422 poeniteat
1011 3358 1087 3417 te,
1126 3356 1184 3405 et
1211 3347 1521 3419 depreceris
1549 3359 1652 3417 pro
1684 3343 1809 3399 illis.
1833 3361 1852 3395 ι
1887 3339 2091 3397 Omnes

2199 3369 2306 3425 tur,
2339 3357 2433 3429 qui
2480 3372 2547 3411 ex
2583 3350 2937 3409 similitudine
2980 3344 3281 3417 disciplina:
3313 3337 3691 3397 ministerium
3730 3350 3814 3391 re-

477 3441 678 3513 quippe
706 3442 1089 3509 communiter,
1134 3440 1189 3496 id
1221 3446 1338 3507 est,
1386 3452 1614 3510 magnos
1641 3443 1699 3491 et
1744 3447 1963 3507 parvos,
1997 3446 2089 3486 re-

477 3540 662 3591 ctores
686 3543 743 3590 et
787 3535 1057 3602 subditos,
1096 3531 1306 3590 nobiles
1332 3541 1389 3588 et
1421 3529 1688 3605 ignobiles
1718 3528 1997 3591 admonet,
2031 3531 2094 3579 ut

475 3623 617 3694 juris
642 3625 725 3680 sui
752 3626 1022 3683 rationem
1050 3641 1159 3681 non
1187 3624 1463 3691 emittant,
1493 3623 1620 3694 quia
1646 3636 1756 3676 non
1780 3619 1941 3674 aliter
1970 3617 2094 3671 vitae

485 3731 597 3771 suae
648 3717 852 3773 habere
891 3727 1121 3789 possunt
1170 3733 1364 3789 pacem
1422 3726 1478 3773 et
1527 3715 1789 3787 quietem.
1836 3707 2094 3778 Quisquis

484 3809 631 3866 enim
668 3810 1052 3865 auctoritatem
1078 3811 1348 3881 primatus
1373 3809 1457 3864 sui
1489 3805 1942 3864 irrationabiliter
1970 3817 2095 3873 per-

488 3900 587 3968 dit,
617 3903 969 3974 semetipsum
1007 3902 1064 3959 ιη
1096 3903 1504 3975 despectionem
1532 3910 1588 3958 et
1636 3899 1943 3973 angustiam
1977 3896 2096 3951 mit-

489 3993 586 4061 tit;
629 3996 723 4066 qui
774 3990 959 4050 autem
1014 3996 1195 4052 locum
1240 4010 1401 4051 suum
1445 4001 1599 4051 recta
1640 3993 1767 4059 ﬁde,
1815 4006 1947 4047 sana
1997 3991 2094 4046 do-

491 4086 690 4154 ctrina,
719 4096 774 4143 et
809 4088 970 4144 bonis
1001 4090 1261 4160 operibus
1289 4099 1501 4156 servat,
1540 4089 1890 4159 semetipsum
1916 4093 2099 4141 custo-

491 4178 601 4245 dit,
630 4187 686 4235 et
719 4179 859 4237 ﬁlios
888 4189 1049 4252 atque
1077 4181 1373 4253 discipulos
1408 4197 1538 4237 suos
1576 4182 1632 4236 in
1657 4180 1903 4237 ordinem
1935 4177 2098 4233 disci-

489 4269 655 4340 plinae
687 4280 745 4329 et
785 4273 1091 4346 profectum
1128 4274 1393 4331 virtutum
1431 4274 1640 4348 dirigit.
1675 4271 1831 4331 Unde
1868 4271 2096 4344 subjun-

495 4361 643 4435 gitur
668 4380 683 4417 :

574 4475 593 4508 ι
632 4457 773 4512 Dum
800 4457 978 4515 adhuc
1018 4475 1244 4530 superes
1281 4469 1338 4518 et
1366 4461 1597 4534 aspiras,
1639 4475 1759 4521 non
1788 4457 2102 4514 immutabit

431 4616 437 4623 ,
500 4567 519 4601 ι
568 4555 621 4606 te
650 4552 831 4608 omnis
868 4567 1018 4609 caro.
1061 4553 1253 4610 Melius
1282 4563 1366 4611 est
1390 4556 1536 4611 enim
1570 4565 1632 4611 ut
1668 4554 1766 4610 ﬁlii
1803 4553 1881 4608 tui
1915 4561 1971 4608 te
2005 4567 2102 4608 ro-

500 4659 521 4694 ι
568 4651 718 4714 gent,
760 4658 926 4713 quam
966 4652 1021 4701 te
1066 4647 1339 4716 respicere
1381 4648 1437 4703 in
1470 4661 1665 4702 manus
1698 4644 1934 4700 ﬁliorum
1981 4651 2102 4698 tuo-

2195 3449 2417 3523 giminis
2449 3446 2614 3502 vertit
2643 3444 2698 3498 in
2728 3457 2888 3499 usum
2914 3435 3332 3501 dominationis;
3366 3442 3422 3489 et
3456 3440 3648 3486 tamen
3676 3444 3815 3484 non-

2194 3555 2470 3612 nunquam
2497 3536 2717 3611 gravius
2746 3529 3101 3602 delinquitur,
3128 3527 3175 3583 si
3203 3526 3348 3581 inter
3371 3535 3669 3596 perversos
3695 3517 3814 3591 plus

2193 3632 2475 3707 aequalitas
2505 3643 2668 3700 quam
2697 3623 2979 3697 disciplina
3009 3618 3317 3676 custoditur
3344 3613 3432 3691 (II
3455 3612 3592 3684 Reg.
3623 3628 3688 3677 ιι,
3718 3611 3810 3681 tv).

2196 3704 2333 3796 Quia
2358 3725 2502 3780 enim
2534 3720 2668 3777 falsa
2702 3719 2904 3791 pietate
2939 3720 3230 3785 superatus
3262 3707 3382 3763 Heli
3429 3706 3603 3762 ferire
3643 3704 3815 3759 delin-

2198 3827 2431 3892 quentes
2460 3815 2604 3870 ﬁlios
2628 3811 2821 3877 noluit,
2849 3807 2991 3879 apud
3018 3804 3327 3862 districtum
3348 3796 3595 3869 iudicem
3623 3802 3817 3850 semet-

2197 3913 2374 3985 ipsum
2446 3924 2570 3965 cum
2642 3904 2768 3959 ﬁliis
2838 3898 3043 3957 crudeli
3109 3891 3456 3953 damnatione
3517 3880 3812 3961 percussit.

2197 4003 2432 4062 Proinde
2468 4014 2711 4056 reetores
2737 4005 2793 4052 et
2821 3991 3068 4066 magistri
3114 3987 3371 4045 Ecclesiae
3411 3984 3516 4039 rite
3562 3981 3816 4037 ordinem

2201 4113 2359 4155 suum
2396 4099 2633 4155 teneant,
2662 4097 2718 4145 ct
2745 4101 2870 4144 cum
2896 4081 3184 4154 disciplina
3212 4078 3455 4134 subditos
3485 4073 3594 4130 sibi
3624 4078 3816 4142 regant

2200 4197 2363 4259 atque
2391 4183 2726 4248 custodiant,
2758 4186 2818 4234 ut
2848 4177 2979 4232 dum
3018 4170 3159 4229 bene
3197 4164 3657 4227 ministraveriut,
3691 4177 3814 4233 gra-

2202 4281 2330 4338 dum
2361 4277 2465 4334 sibi
2500 4276 2701 4333 bonum
2725 4268 3031 4343 acquirunt,
3059 4271 3115 4319 et
3150 4275 3376 4334 regnum
3408 4250 3678 4312 teternum
3717 4268 3815 4323 pro

2199 4371 2360 4430 bonis
2387 4368 2619 4435 meritis,
2649 4362 2869 4425 Christo
2900 4358 3200 4424 tribuente,
3240 4353 3297 4409 in
3330 4351 3439 4406 ﬁne
3476 4348 3605 4404 vita:
3642 4346 3816 4403 susci-

2204 4464 2379 4538 piant.

2824 4541 3056 4604 CAPUT
3090 4538 3205 4598 XII.

2650 4642 2722 4699 De
2749 4640 3032 4713 disciplina
3058 4650 3348 4692 servorum.

501 4752 519 4783 ‘
573 4748 714 4788 “1m;
763 4734 825 4788 Ῑ¹¹
853 4735 1107 4792 omnibus
1143 4738 1401 4808 operibus
1449 4738 1556 4793 ῐυῖδ
1600 4734 1918 4808 Ρνῖθοθηθηε
1956 4742 2096 4802 θεῖον
2124 4737 2180 4795 ι)
2285 4762 2304 4797 ι
2338 4740 2556 4800 Cibaria
2595 4746 2652 4795 et
2684 4737 2838 4808 virga
2880 4740 2937 4790 et
2981 4745 3120 4785 onus
3158 4727 3348 4783 asino:
3376 4720 3536 4795 panis
3562 4728 3619 4776 et
3652 4718 3806 4773 disci-

502 4846 520 4877 ι
570 4841 637 4881 ne
664 4825 881 4883 dederis
910 4828 1181 4884 maculam
1212 4828 1267 4883 in
1295 4829 1466 4901 gloria
1500 4837 1611 4883 tua.
1639 4829 1696 4884 In
1727 4828 1813 4883 die
1847 4842 2102 4882 consum-

503 4936 521 4967 ‹
570 4917 827 4974 mationis
867 4919 1078 4976 dierum
1113 4922 1239 4977 vita:
1286 4930 1410 4987 tuae,
1439 4928 1494 4977 et
1537 4922 1590 4975 in
1634 4928 1877 4992 tempore
1924 4920 2104 4976 exitus

506 5027 525 5059 ι
568 5010 646 5064 tui
676 5010 940 5067 distribue
964 5013 1340 5069 hzoreditatem
1364 5021 1534 5068 tuam.
1557 5034 1577 5067 ι
1608 5012 1736 5070 llaec
1756 5012 1937 5070 omnis
1966 5012 2105 5068 ratio

500 5109 557 5156 et
582 5110 765 5173 patres
794 5104 1150 5161 historialiter
1175 5106 1353 5174 docet,
1381 5105 1654 5178 quomodo
1685 5106 1812 5163 ﬁliis
1843 5105 1957 5161 suis
2001 5106 2106 5161 rite

501 5193 745 5264 praesint,
793 5201 848 5250 et
886 5210 1012 5251 cum
1047 5198 1333 5271 disciplina
1360 5198 1481 5256 illos
1518 5199 1786 5267 nutriant,
1824 5212 2108 5269 quousque

505 5283 575 5338 ad
623 5284 921 5356 perfectam
973 5298 1190 5347 aetatem
1239 5292 1518 5358 venerint,
1556 5298 1617 5345 ut
1665 5290 1814 5364 digni
1866 5290 2111 5347 haeredes

503 5386 794 5444 parentum
835 5392 1055 5434 suorum
1103 5388 1227 5450 post
1278 5381 1579 5437 discessum
1631 5378 1847 5436 illorum
1902 5380 2113 5451 possint

505 5465 768 5534 existere;
814 5478 870 5524 et
919 5481 1160 5528 rectores
1189 5473 1446 5529 Ecclesiae
1496 5471 1820 5545 spiritaliter
1860 5471 2105 5535 instruit,

505 5564 569 5611 ut
594 5556 911 5629 dignitatem
942 5560 1150 5614 ordinis
1179 5552 1263 5613 Sui
1290 5573 1413 5613 cum
1448 5564 1774 5614 auctoritate
1806 5556 2114 5610 rationabili

508 5646 732 5720 etjusto
758 5651 1129 5707 moderamine
1158 5664 1330 5721 usque
1362 5649 1429 5706 ad
1467 5649 1631 5706 ﬁnem
1660 5657 1918 5715 teneant;
1951 5657 2008 5704 et
2035 5649 2115 5704 sic

508 5741 649 5799 bene
689 5744 959 5799 enutritos
992 5742 1284 5811 discipulos
1316 5742 1475 5800 utiles
1511 5743 1754 5800 baercdcs
1790 5742 1874 5800 sui
1910 5741 2114 5798 laboris

512 5834 845 5906 relinquant.
886 5835 1032 5891 Inter
1068 5837 1185 5892 haec
1234 5846 1413 5893 tamen
1462 5837 1777 5905 sciendum,
1824 5837 1969 5909 quod
2015 5836 2115 5893 bu-

498 5924 505 5997 ’λ
520 5943 681 5986 mana
709 5946 863 5988 mens
906 5932 1227 6006 plerumque
1269 5932 1567 6005 extollitur,
1598 5933 1763 5992 etiam
1801 5950 1927 5997 cum
1963 5930 2118 6009 milia

2215 4854 2235 4887 ι
2280 4832 2427 4908 plina
2472 4839 2528 4887 et
2566 4844 2701 4903 opus
2751 4841 2929 4884 servo.
2971 4822 3239 4894 Operatur
3291 4816 3349 4872 in
3395 4812 3718 4884 disciplina,
3762 4820 3807 4866 el

2217 4944 2237 4978 ι
2282 4924 2477 4998 quaerit
2508 4902 2892 4995 requiescere:
2926 4916 3047 4970 laxa
3083 4924 3276 4967 manus
3316 4905 3411 4973 illi,
3440 4914 3494 4961 et
3528 4903 3725 4975 quaerit
3756 4902 3812 4955 li-

2219 5038 2239 5072 ι
2283 5020 2572 5076 bertatem.
2603 5015 2799 5087 Jugum
2826 5022 2880 5067 ct
2908 5010 3082 5065 lorum
3106 5009 3336 5061 currant
3365 5000 3567 5056 collum
3590 4997 3806 5059 durum,

2221 5133 2239 5165 ι
2285 5120 2341 5167 et
2374 5125 2593 5167 servum
2637 5106 2901 5163 inclinant
2943 5101 3289 5175 operationes
3337 5097 3589 5155 assiduae.
3645 5092 3811 5148 Servo

2219 5226 2239 5261 ι
2285 5204 2550 5261 malevolo
2576 5210 2786 5259 tortura
2811 5208 2868 5256 et
2905 5195 3215 5269 compedes,
3246 5194 3399 5250 mitte
3431 5191 3582 5247 illum
3612 5190 3669 5245 in
3696 5202 3808 5258 ope

2221 5316 2241 5349 ι
2286 5295 2558 5352 rationem
2581 5308 2650 5351 ne
2680 5299 2836 5349 vacet
2861 5309 2873 5346 :
2903 5288 3129 5349 multam
3161 5287 3306 5343 enim
3333 5283 3599 5340 malitiam
3630 5280 3810 5337 docuit

2221 5408 2240 5440 ι
2287 5388 2554 5444 otiositas.
2579 5385 2637 5440 In
2664 5399 2828 5461 opere
2857 5382 3127 5441 constitue
3158 5394 3303 5443 eum,
3332 5376 3411 5433 sic
3438 5375 3586 5433 enim
3616 5372 3812 5431 conde.

2224 5500 2243 5533 ι
2288 5489 2375 5536 cet
2401 5478 2570 5534 illum.
2597 5476 2749 5540 Quod
2778 5476 2824 5531 si
2852 5487 2960 5529 non
2984 5470 3273 5537 obedierit,
3299 5484 3466 5525 curva
3496 5468 3649 5527 illum
3674 5481 3812 5524 com-

2225 5588 2243 5623 ι
2288 5567 2537 5639 pedibus,
2566 5574 2620 5621 et
2647 5581 2751 5621 non
2786 5565 3081 5641 ampliﬁces
3109 5580 3272 5635 super
3296 5578 3513 5622 omnem
3549 5558 3809 5617 caruit-tl:

2228 5679 2244 5711 ι
2293 5672 2479 5713 verum
2518 5658 2636 5715 sine
2675 5654 2882 5727 judicio
2930 5656 3066 5715 nihil
3113 5655 3283 5717 facias
3322 5669 3507 5728 grave.
3537 5673 3556 5711 ι
3607 5652 3709 5709 llic
3749 5649 3811 5706 de

2222 5748 2503 5820 disciplina
2551 5764 2831 5805 servorum
2875 5748 3146 5821 disputat,
3189 5748 3281 5818 qui
3327 5744 3618 5818 aliquando
3650 5743 3810 5815 dege-

2222 5856 2383 5898 neres
2412 5840 2622 5896 animos
2650 5840 2917 5912 perversis
2940 5839 3182 5897 moribus
3208 5838 3529 5905 ostendunt;
3559 5836 3652 5893 sed
3684 5833 3810 5890 talea

2152 5991 2202 6014 ν,
2223 5945 2450 5999 necesse
2495 5945 2580 5995 est
2617 5945 2675 5993 ut
2717 5932 3061 6015 dominorum
3106 5948 3331 5999 suorum
3375 5932 3809 6003 ωιιδιιὲυεαιιιυι
