4030 6506
484 464 623 524 1007

1115 462 1174 516 Β.
1214 457 1466 518 ΒΑΒΑΝΙ
1504 458 1726 514 MAURI
1762 453 2081 512 ARCIIIEP.
2123 451 2433 511 MOGUNT.
2475 447 2763 508 OPERUM
2799 447 2980 506 PARS
3001 446 3058 503 ’l.

3611 447 3752 505 l008

475 579 566 634 illa
621 591 836 647 magna,
887 584 943 630 et
969 579 1178 630 statura
1236 571 1481 628 sublimis
1528 572 1706 625 stabat
1756 577 1944 626 contra
1982 577 2052 629 te,
2083 570 2136 628 Α
2160 579 2417 634 pressura
2454 570 2582 618 sunt
2605 577 2704 632 per
2730 559 3186 624 exhortationem,
3239 573 3348 628 qua
3395 567 3754 615 exhortamur

472 677 581 725 etc.
629 666 839 739 (Ibid.).
877 685 895 717 ι
951 665 1138 719 Daniel
1173 665 1356 735 itaque
1400 665 1528 719 dum
1570 662 1839 718 somnium
1876 667 1931 714 et
1959 661 2059 713 im-

473 759 729 830 plendum
751 764 1082 820 reverenter,
1117 763 1172 809 et
1200 769 1265 809 ex
1293 769 1399 825 qua
1421 762 1603 808 ortum
1632 754 1704 808 sit
1733 753 2059 824 cogitatione

474 848 808 916 manifestat,
829 855 1079 919 patenter
1096 847 1422 912 ostenditur,
1460 846 1587 916 quia
1612 846 1714 900 hoc
1737 844 2058 915 plerumque

473 957 542 994 ex
590 939 917 1010 cogitatione
968 935 1127 992 simul
1161 945 1216 992 et
1256 935 1587 991 revelatione
1613 943 1921 1004 generetur.
1953 932 2060 988 Sed

472 1031 732 1086 nimirum
772 1044 896 1085 cum
945 1029 1151 1084 somnia
1189 1036 1270 1083 tot
1300 1043 1482 1083 rerum
1504 1027 1856 1097 qualitatibus
1898 1026 2060 1080 alter-

474 1133 672 1179 nentur
702 1129 854 1177 tanto
882 1121 963 1176 eis
986 1121 1137 1176 credi
1161 1119 1431 1194 diﬂicilius
1451 1119 1629 1185 debet,
1665 1127 1867 1190 quanto
1894 1127 1950 1174 et
1992 1134 2060 1173 ex

474 1231 583 1286 quo
621 1213 858 1284 impulsu
889 1213 1112 1268 veniant
1140 1211 1352 1268 facilius
1381 1228 1489 1268 non
1516 1211 1711 1267 elucet.
1748 1210 1934 1267 Sancti
1965 1225 2061 1264 au-

477 1320 586 1364 tem
626 1307 732 1362 viri
755 1307 896 1363 inter
952 1306 1227 1361 illusiones
1276 1315 1439 1377 atque
1495 1306 1856 1361 revelationes
1919 1305 2060 1374 ipsas

412 1395 418 1483 ζ
474 1401 744 1455 visionum
765 1414 928 1455 voces
965 1405 1058 1452 aut
1098 1398 1362 1470 imagines
1387 1399 1623 1468 quodam
1646 1398 1838 1452 intimo
1869 1410 2062 1465 sapore

398 1505 416 1512 "
474 1493 811 1558 discernunt,
840 1498 901 1546 ut
926 1491 1102 1547 sciant
1129 1489 1215 1546 vel
1238 1489 1367 1561 quid
1413 1505 1444 1544 a
1477 1489 1622 1546 bono
1646 1489 1838 1559 spiritu
1879 1488 2058 1560 perci-

471 1584 644 1652 piant,
675 1583 758 1638 vel
793 1583 923 1653 quid
949 1584 1018 1637 ab
1040 1583 1289 1638 illusione
1314 1582 1612 1653 patiantur.
1647 1581 1786 1637 Nam
1823 1581 1871 1637 si
1929 1596 2061 1652 erga

473 1673 590 1728 haec
617 1687 772 1728 mens
797 1681 956 1728 cauta
977 1687 1086 1727 non
1102 1671 1282 1737 fuerit,
1315 1686 1415 1742 per
1438 1672 1783 1742 deceptorem
1809 1670 2061 1742 spiritum

472 1767 658 1822 multis
705 1782 764 1824 se
806 1767 1141 1823 vanitatibus
1194 1767 1488 1838 immergit,
1531 1768 1623 1836 qui
1673 1780 2062 1835 nonnunquam

472 1859 610 1914 solet
633 1860 807 1915 multa
830 1874 960 1914 vera
1001 1859 1318 1929 praedicere,
1352 1866 1414 1913 ut
1442 1859 1510 1914 ad
1545 1867 1850 1915 extremum
1880 1857 2060 1911 valeat

2159 666 2216 712 et
2242 656 2344 727 ipsi
2391 672 2421 709 a
2450 655 2564 710 Deo
2584 652 2672 726 (II
2696 651 2820 708 Cor.
2848 652 2891 724 1)
2931 671 2944 706 :
2983 649 3243 721 quoniam
3289 649 3432 706 sicut
3473 651 3756 706 abundant

2159 749 2439 821 passiones
2460 747 2666 803 Christi
2694 747 2749 801 in
2771 745 2947 809 nobis,
2981 743 3058 798 ita
3082 751 3138 798 et
3160 757 3259 815 per
3277 742 3557 799 Christum
3578 744 3755 798 abun—-

2162 843 2255 898 dat
2283 840 2582 898 consolatio
2605 846 2812 895 nostra.
2861 837 3008 893 Idem
3041 836 3170 892 alibi
3199 836 3269 891 ad
3299 837 3522 894 eosdem
3555 835 3754 892 Corin-

2162 935 2305 989 thios
2335 933 2415 988 ait
2447 951 2460 986 :
2499 951 2519 984 ‹
2555 929 2753 986 Notam
2806 936 2987 984 autem
3043 926 3274 984 facimus
3308 929 3483 996 vobis,
3527 928 3754 994 fratres,

2162 1031 2392 1101 gratiam
2427 1028 2546 1096 Dei,
2605 1043 2726 1100 quae
2757 1027 2883 1082 data
2917 1037 3003 1085 est
3031 1028 3086 1084 in
3125 1026 3368 1084 ecclesiis
3402 1024 3753 1085 Macedoniae,

2162 1121 2307 1190 quod
2334 1121 2389 1176 in
2418 1119 2591 1176 multo
2618 1119 2994 1189 experimento
3023 1117 3392 1174 tribulationis
3418 1113 3754 1171 abundantia

2161 1214 2343 1285 gaudii
2375 1214 2616 1284 ipsorum
2653 1211 2775 1277 fuit,
2829 1221 2886 1266 et
2918 1210 3179 1266 altissima
3220 1217 3514 1280 paupertas
3566 1221 3756 1261 eorum

2163 1306 2459 1362 abundavit
2495 1307 2550 1360 in
2572 1304 2790 1360 divitias
2820 1302 3182 1374 simplicitatis
3210 1316 3422 1358 eorum.
3451 1298 3758 1354 Tribulatio

2161 1397 2307 1452 enim
2335 1396 2658 1468 patientiam
2687 1401 2979 1464 operatur;
3031 1391 3293 1464 patientia
3321 1404 3451 1446 vero
3474 1387 3755 1461 probatio—

2161 1504 2324 1556 nem;
2377 1489 2625 1560 probatio
2669 1501 2800 1542 vero
2849 1500 3034 1556 spem;
3069 1499 3195 1554 spes
3243 1491 3427 1538 autem
3469 1495 3579 1535 non
3623 1493 3757 1533 con-

2162 1580 2368 1648 fundit;
2423 1580 2553 1652 quia
2605 1578 2849 1635 Charitas
2884 1577 2978 1632 Dei
3025 1573 3219 1632 diffusa
3249 1582 3334 1630 est
3391 1573 3446 1626 in
3498 1568 3759 1625 cordibus

2161 1674 2363 1731 nostris
2408 1689 2508 1744 per
2560 1673 2815 1743 spiritum
2855 1678 3123 1736 sanctum,
3156 1668 3252 1740 qui
3281 1668 3441 1724 datus
3484 1673 3570 1720 est
3599 1662 3762 1719 nobis

2163 1767 2250 1840 (II
2290 1765 2410 1824 Cor.
2466 1766 2586 1840 vm)
2638 1786 2650 1820 :
2691 1787 2709 1820 ί
2752 1767 2854 1833 Qui
2899 1781 3028 1836 ergo
3085 1779 3194 1820 non
3243 1761 3409 1817 habet
3452 1757 3765 1814 tribulatio-

2163 1862 2250 1918 nis
2297 1860 2688 1931 experientiam
2718 1901 2733 1926 ,
2789 1873 2891 1916 nec
2935 1859 3198 1913 virtutum
3254 1855 3372 1927 ipse
3430 1861 3610 1924 potest
3664 1852 3765 1906 ha-

472 1953 710 2007 animam
739 1967 808 2006 ex
835 1967 972 2006 vana
997 1951 1176 2021 aliqua
1197 1951 1433 2006 falsitate
1461 1949 1752 2020 laqueare:
1781 1949 1922 2006 sicut
1947 1949 2062 2004 cui-
2089 1935 2138 1995 Β
2164 1953 2293 2011 bere
2313 1953 2545 2024 copiam.
2565 1953 2693 2009 Ideo
2707 1934 2836 2008 dicit
2860 1970 2872 2006 ε
2894 1971 2912 2004 ε
2943 1950 3046 2020 Qui
3061 1965 3170 2005 non
3190 1956 3274 2005 est
3288 1955 3564 2018 expertus,
3586 1958 3764 2016 pauca

473 2043 597 2097 dam
623 2052 810 2099 nostro
837 2058 1011 2113 nuper
1039 2048 1248 2098 certum
1287 2049 1372 2097 est
1427 2041 1740 2112 contigisse,
1785 2041 1876 2111 qui
1934 2042 2062 2096 dum

470 2137 683 2191 somnia
702 2136 1053 2192 vehementer
1088 2134 1416 2199 attenderet,
1441 2134 1490 2189 ei
1506 2149 1602 2203 per
1620 2133 1891 2188 somnium
1904 2132 2063 2204 longa

470 2230 644 2300 spatia
679 2229 842 2300 hujus
883 2229 1008 2284 vitae
1063 2227 1333 2298 promissa
1389 2234 1547 2292 sunt;
1593 2241 1826 2297 cumque
1865 2226 2064 2281 multas

466 2322 726 2390 pecunias
778 2337 879 2392 pro
909 2321 1172 2391 longioris
1222 2321 1348 2375 vitae
1404 2319 1688 2389 stipendiis
1733 2317 2060 2388 collegisset,

470 2413 547 2468 ita
588 2421 811 2484 repente
856 2412 1141 2468 defunctus
1187 2421 1291 2478 εει,
1322 2419 1384 2466 ιιι
1407 2411 1641 2465 intactas
1684 2423 1874 2465 omnes
1903 2409 2066 2464 relin-

476 2516 692 2576 queret,
751 2519 806 2561 et
834 2506 948 2575 ipse
974 2521 1158 2561 secum
1185 2504 1322 2558 nihil
1346 2519 1414 2558 ex
1442 2504 1586 2558 bono
1608 2517 1772 2572 opere
1795 2507 2059 2572 portaret.

547 2617 567 2650 ‹
613 2596 746 2652 Sine
769 2596 1052 2652 mendacio
1078 2594 1542 2650 consummabitur
1567 2595 1794 2650 verbum
1842 2593 1979 2664 legis
2011 2600 2065 2648 et

477 2712 496 2743 ς
543 2689 809 2761 sapientia
856 2689 913 2745 in
963 2704 1058 2744 ore
1103 2688 1278 2744 fidelis
1307 2687 1759 2759 complanabitur.
1798 2704 1817 2737 ι
1855 2684 2066 2756 Spretis

471 2781 810 2837 somniorum
862 2779 1172 2836 fictionibus
1226 2780 1312 2834 vir
1355 2779 1570 2850 sapiens
1608 2779 1860 2834 hortatur
1891 2775 2064 2846 magis

469 2873 800 2929 credendum
827 2887 950 2929 esse
972 2871 1232 2929 doctrina:
1254 2871 1552 2942 sapientiae,
1584 2887 1708 2941 quae
1735 2871 1789 2924 in
1813 2883 1908 2925 ore
1934 2868 2066 2924 fide-

467 2965 538 3020 lis
563 2964 670 3020 viri
706 2964 1078 3036 complantata
1103 2964 1220 3019 sine
1262 2964 1547 3020 mendacio
1575 2971 1916 3020 consummat
1938 2976 2063 3017 ver-

468 3060 620 3126 bum,
649 3075 812 3129 quam
842 3058 993 3114 inani
1017 3059 1245 3115 fallaciae
1289 3073 1691 3130 perversorum.
1733 3057 1868 3112 Illud
1918 3057 2066 3112 enim

469 3149 694 3207 omnino
717 3152 1008 3208 tenendum
1028 3160 1083 3208 et
1117 3153 1444 3209 servandum
1466 3162 1574 3220 est,
1604 3152 1749 3223 quod
1777 3151 1865 3206 lex
1885 3151 2066 3207 divina

469 3254 525 3302 et
550 3245 904 3318 Evangelium
939 3249 1124 3316 docet;
1163 3255 1218 3304 et
1239 3264 1418 3319 neque
1448 3248 1514 3304 ad
1555 3247 1858 3312 dexteram,
1889 3259 2065 3316 neque

469 3340 540 3395 ad
583 3341 862 3396 sinistram
901 3344 970 3398 ab
999 3358 1064 3398 eo
1095 3342 1478 3398 declinandum
1507 3349 1610 3409 est,
1646 3342 1770 3412 quia
1831 3340 2065 3411 Spiritus

469 3434 646 3488 sancti
688 3433 1091 3503 distributione,
1150 3451 1271 3504 quae
1318 3435 1392 3491 ibi
1448 3434 1653 3504 scripta
1695 3431 2064 3497 continentur,

469 3526 537 3580 ad
569 3525 802 3582 salutem
831 3527 1055 3582 humani
1077 3528 1292 3599 generis
1314 3527 1370 3581 in
1390 3529 1654 3582 mundum
1683 3525 1891 3580 directa
1919 3531 2065 3578 sunt.

470 3615 580 3670 Sed
610 3617 737 3684 quia
763 3616 856 3671 alii
885 3626 1012 3673 sunt
1033 3617 1128 3688 qui
1149 3617 1430 3688 spiritibus
1459 3619 1664 3675 erroris
1687 3621 1900 3691 decepti
1929 3636 2069 3676 vana

471 3718 774 3778 sequuntur
805 3711 1040 3776 somnia,
1091 3710 1184 3765 alii
1228 3725 1357 3766 vero
1395 3709 1587 3766 falsam
1631 3713 1935 3768 doctrinam
1979 3730 2069 3769 se-

469 3811 711 3871 quuntur
764 3803 1184 3866 haereticorum,
1242 3803 1363 3858 ideo
1427 3803 1483 3857 in
1554 3805 1910 3874 sequentibus
1968 3805 2067 3860 ad-

471 3904 678 3961 monet,
728 3905 788 3950 ut
843 3896 935 3965 qui
976 3912 1042 3951 ex
1088 3895 1282 3951 divinis
1334 3895 1486 3952 libris
1527 3896 1714 3951 didicit
1761 3899 2067 3964 veritatem,

470 3996 526 4042 ct
582 3996 840 4056 expertus
892 3987 1061 4041 estin
1096 3987 1364 4042 haereticis
1418 3997 1472 4042 et
1509 4003 1699 4042 eorum
1746 3989 2070 4058 sequacibus

471 4078 674 4134 diaboli
725 4078 1021 4149 praevalere
1065 4078 1397 4144 falsitatem,
1445 4079 1572 4134 inde
1631 4095 1692 4135 se
1749 4089 1963 4150 separet
2017 4090 2072 4137 et

472 4170 784 4226 divinorum
834 4171 1099 4227 librorum
1150 4172 1523 4244 magisterium
1587 4187 1687 4243 per
1746 4175 1929 4230 omnia
1981 4191 2070 4232 se-

471 4271 692 4332 quatur.

549 4376 567 4408 ι
614 4356 719 4425 Qui
743 4373 852 4414 non
879 4366 1118 4415 tentatus
1159 4367 1263 4425 εει,
1314 4359 1447 4430 quid
1471 4359 1593 4416 sit?
1627 4359 1726 4416 Vir
1780 4362 1835 4416 in
1885 4362 2073 4417 multis

474 4457 750 4520 expertus,
804 4451 1064 4522 cogitavit
1121 4450 1320 4516 multa;
1385 4460 1440 4507 ει
1493 4452 1587 4523 qui
1636 4452 1807 4508 multa
1863 4454 2072 4521 didicit,

474 4540 755 4595 enarrabit
779 4541 1134 4597 intellectum.
1177 4541 1280 4609 Qui
1309 4558 1419 4600 non
1449 4553 1534 4598 est
1567 4553 1846 4616 expertus,
1900 4562 2073 4616 pauca

475 4632 834 4702 recognoscit.
896 4653 914 4684 ›
951 4632 1202 4688 Tentatio
1242 4633 1334 4688 hic
1365 4635 1761 4704 experientiam
1800 4637 2073 4705 signiﬁcat

475 4722 866 4789 tribulationis,
895 4739 1014 4792 quae
1035 4724 1224 4780 electis
1249 4725 1538 4781 exhibetur
1563 4729 1630 4783 ad
1655 4727 2066 4797 probationem;

477 4814 618 4871 sicut
643 4815 903 4886 scriptum
947 4825 1031 4872 est
1065 4834 1076 4870 :
1112 4837 1129 4868 ι
1161 4816 1302 4872 Vasa
1355 4817 1504 4887 ﬁguli
1537 4818 1730 4888 probat
1770 4819 1985 4886 fornax,
2017 4828 2072 4876 et

475 4908 724 4964 homines
748 4909 927 4981 justos
955 4909 1185 4966 tentatio
1216 4909 1578 4967 tribulationis
1602 4910 1794 4983 (Eccli.
1819 4913 2012 4986 xxvii).
2045 4931 2062 4964 ι

471 5000 688 5067 Quanto
711 5000 857 5055 enim
879 5001 1002 5071 quis
1045 5001 1414 5057 tribulationis
1445 5002 1729 5074 experitur
1758 5004 1996 5070 labores,
2022 5005 2068 5061 si

472 5089 529 5144 iri
577 5089 682 5146 fide
721 5091 1023 5161 perstiterit
1065 5100 1124 5146 et
1165 5091 1489 5160 patientiam
1531 5095 1853 5161 servaverit,
1914 5103 2068 5151 tanto

472 5188 662 5235 contra
687 5179 820 5238 alios
843 5179 1057 5237 labores
1086 5181 1144 5236 in
1175 5182 1474 5238 tolerantiae
1497 5183 1696 5238 virtute
1723 5184 1917 5242 fortior
1941 5186 2061 5252 erit,

472 5282 531 5328 et
566 5274 658 5343 qui
688 5274 858 5329 multa
901 5274 1109 5342 didicit,
1145 5275 1201 5331 id
1244 5285 1348 5344 est,
1371 5277 1541 5332 multa
1574 5285 1889 5334 sanctarum
1915 5278 2066 5335 Scri-

472 5373 757 5436 pturarum
782 5370 1041 5439 mysteria
1085 5371 1141 5425 in
1163 5371 1286 5427 sinu
1315 5373 1515 5428 mentis
1543 5390 1654 5429 sua:
1683 5374 1904 5446 colligit,
1954 5377 2070 5445 ipse

474 5456 598 5511 aliis
621 5459 845 5513 verbum
875 5463 997 5516 sani
1045 5463 1350 5520 intellectus
1375 5473 1431 5520 et
1453 5467 1712 5537 spiritalis
1744 5469 2071 5526 consolatio-

472 5550 562 5606 nis
619 5551 724 5607 rite
773 5567 1034 5608 enarrare
1106 5557 1326 5610 valebit.
1393 5556 1550 5609 Unde
1602 5569 1657 5610 et
1698 5561 1896 5611 Paulus
1943 5563 2063 5611 ait:

481 5665 499 5695 ‹
541 5644 868 5703 Benedictus
893 5646 1037 5703 Deus
1059 5655 1114 5702 et
1134 5647 1299 5702 Pater
1320 5647 1532 5702 Domini
1559 5649 1732 5705 nostri
1755 5647 1883 5705 Jesu
1908 5650 2072 5706 Chri-

475 5737 570 5801 sti,
603 5745 760 5806 pater
796 5739 1316 5804 misericordiarum,
1365 5748 1420 5793 et
1451 5739 1596 5796 Deus
1627 5740 1794 5796 totius
1823 5740 2072 5796 consola-

478 5828 663 5892 tionis,
697 5830 791 5900 qui
821 5829 1134 5885 consolatur
1169 5847 1266 5888 nos
1297 5831 1352 5886 in
1377 5834 1524 5888 omni
1579 5835 1934 5892 tribulatione
1971 5852 2068 5891 no-

483 5924 618 5983 stra,
646 5928 707 5977 ut
729 5921 1002 5991 possimus
1022 5930 1076 5978 et
1104 5923 1207 5994 ipsi
1249 5925 1660 6011 consolarieos,
1689 5926 1782 5998 qui
1816 5928 1873 5985 in
1925 5926 2074 5986 omni

2165 2047 2522 2119 recognoscit.
2563 2068 2583 2100 ι

2174 2176 2180 2184 -
2242 2159 2260 2192 ι
2306 2137 2408 2206 Qui
2455 2145 2636 2193 autem
2670 2138 2726 2192 in
2764 2136 2948 2193 multis
2994 2135 3190 2192 factus-
3219 2142 3326 2200 est,
3375 2129 3764 2203 multiplicavit

2174 2250 2192 2282 ι
2227 2231 2494 2286 malitiam
2529 2246 2704 2285 suam.
2746 2249 2764 2281 ι
2803 2227 2941 2296 Quid
2971 2227 3118 2283 enim
3143 2225 3260 2280 vult
3295 2223 3574 2280 insinuare
3611 2221 3673 2276 in
3703 2233 3770 2275 eo

2167 2325 2310 2396 quod
2336 2325 2487 2392 dicit,
2532 2343 2550 2374 ς
2589 2323 2693 2392 Qui
2721 2324 2776 2378 in
2823 2321 3008 2377 multis
3032 2320 3208 2376 factus
3237 2326 3344 2385 est,
3376 2313 3767 2385 multiplicavit

2173 2414 2439 2470 malitiam
2487 2431 2666 2482 suam,
2703 2434 2720 2466 ι
2756 2413 2859 2470 nisi
2891 2415 3035 2484 quod
3075 2413 3164 2468 ille
3215 2411 3308 2483 qui
3348 2407 3633 2465 mutabilis
3687 2415 3770 2462 est

2168 2516 2366 2573 mente,
2417 2515 2473 2564 et
2496 2523 2595 2577 per
2622 2506 2819 2562 multas
2865 2521 3027 2562 curas
3057 2520 3121 2561 ac
3149 2502 3542 2560 sollicitudines
3582 2497 3769 2556 saeculi

2177 2601 2415 2667 divisus,
2474 2600 2746 2656 instabilis
2795 2607 2909 2665 est,
2964 2598 3179 2653 actione
3225 2594 3520 2650 multorum
3595 2591 3764 2646 vitio-

2169 2711 2290 2750 rum
2353 2693 2675 2750 criminibus
2727 2707 2869 2765 saape
2946 2691 3006 2746 ﬁt
3059 2689 3377 2747 obnoxius?
3435 2685 3522 2742 vel
3583 2685 3766 2746 aliter,

2170 2786 2264 2857 qui
2313 2779 2576 2842 unitatem
2631 2783 2756 2840 ﬁdei
2825 2781 3100 2854 perdendo
3171 2778 3496 2848 multiplices
3552 2774 3769 2832 haereti-

2170 2891 2360 2933 corum
2412 2882 2590 2931 sectas
2640 2873 2861 2930 delusus
2928 2871 3212 2942 sequitur,
3271 2869 3570 2926 multorum
3645 2880 3764 2921 see-

2170 2972 2344 3028 lerum
2411 2971 2782 3043 impietatibus
2859 2970 3167 3040 implicatus
3226 2967 3535 3040 perniciose
3606 2965 3768 3020 dese-

2170 3063 2320 3130 ruit,
2385 3071 2442 3120 et
2488 3061 2775 3119 malitiosa:
2832 3061 3031 3117 mentis
3077 3058 3305 3115 multam
3374 3056 3622 3128 nequitia
3675 3071 3767 3112 os-

2172 3157 2362 3213 tendit.
3123 3192 3129 3196 .
3315 3137 3326 3140 ﬁ

2247 3269 2266 3301 ι
2311 3248 2478 3304 Multa
2505 3247 2616 3304 vidi
2645 3248 2898 3314 errando,
2947 3255 3002 3303 et
3028 3245 3292 3318 plurimas
3320 3245 3614 3300 verborum
3639 3256 3765 3297 eon—

2177 3361 2195 3395 ι
2232 3343 2566 3399 suetudines.
2597 3362 2616 3394 ι
2669 3341 2784 3398 Ηοε
2829 3341 3187 3406 demonstrat,
3237 3339 3382 3411 quod
3426 3337 3764 3408 qui_intenta

2171 3442 2354 3491 mente
2407 3434 2701 3490 meditatur
2755 3432 3096 3504 Scripturam
3167 3448 3402 3501 sacram,
3466 3441 3522 3487 et
3571 3429 3766 3486 humili

2172 3530 2336 3587 corde
2358 3530 2676 3600 deprecatur
2702 3528 2893 3593 Deum,
2925 3537 2986 3582 ut
3015 3543 3111 3598 per
3139 3528 3372 3600 gratiam
3405 3524 3648 3596 Spiritus
3681 3523 3769 3579 sui

2173 3638 2359 3679 earum
2377 3623 2481 3678 sibi
2498 3621 2701 3677 tribuat
2715 3621 3146 3692 intelligentiam,
3172 3621 3263 3676 hic
3283 3634 3465 3675 rerum
3482 3617 3768 3674 scientiam

2175 3732 2239 3772 ac
2275 3714 2564 3771 verborum
2595 3714 2714 3784 ipso
2743 3712 2979 3768 donante
3005 3711 3268 3782 percipiet
3298 3710 3608 3780 c0piam,et
3629 3706 3770 3777 quod

2175 3810 2409 3882 gratiam
2430 3823 2574 3880 saepe
2592 3807 2886 3864 comitatur
2905 3803 3306 3877 persecutionis
3332 3800 3609 3875 angustia.
3643 3799 3770 3855 lude

2173 3901 2452 3974 subiungit
2483 3918 2499 3956 :

2252 4015 2270 4048 ι
2313 3994 2618 4066 Aliquoties
2652 4009 2826 4066 usque
2881 3993 2950 4050 ad
2979 4000 3214 4049 mortem
3258 3988 3601 4060 periclitatus
3653 4001 3772 4042 sum

2181 4107 2201 4142 ι
2247 4089 2443 4144 borum
2489 4103 2675 4155 causa,
2715 4095 2770 4142 et
2804 4087 3069 4142 liberatus
3117 4099 3236 4140 sum
3287 4099 3317 4136 a
3344 4082 3522 4152 gratia
3571 4079 3690 4135 Dei.
3751 4098 3767 4128 ι

2174 4182 2362 4238 Virtus
2388 4183 2535 4238 enim
2561 4182 2617 4236 in
2655 4179 2973 4236 infirmitate
2999 4178 3299 4250 perficitur.
3344 4175 3496 4232 Unde
3520 4182 3579 4227 et
3606 4171 3776 4226 Paulo

2176 4273 2426 4346 apostolo
2456 4275 2616 4331 datus
2645 4281 2729 4330 est
2754 4271 3005 4329 stimulus
3040 4272 3223 4327 carnis
3245 4283 3379 4334 suae,
3410 4265 3638 4338 angelus
3675 4265 3776 4322 Sa-

2177 4376 2340 4435 tanze,
2391 4375 2454 4421 ut
2499 4381 2624 4421 eum
2663 4363 3029 4433 colaphizaret
3087 4359 3175 4433 (ΙΙ
3204 4359 3332 4416 Cor.
3371 4356 3497 4429 xu),
3549 4366 3607 4412 et
3665 4371 3776 4411 non

2177 4470 2289 4516 tam
2361 4459 2465 4515 sibi
2513 4473 2679 4528 quam
2731 4457 2943 4513 caeteris
2991 4452 3269 4524 Evangelii
3321 4450 3777 4522 praedicatoribus

2177 4551 2362 4608 multae
2424 4549 2588 4605 illatae
2657 4557 2784 4605 sunt
2847 4564 2878 4602 a
2945 4542 3385 4617 persecutoribus
3448 4541 3776 4612 injuriarum

2177 4643 2454 4706 molestiae,
2505 4651 2566 4697 ut
2631 4656 2818 4698 earum
2865 4639 3193 4695 contritione
3242 4635 3506 4692 admoniti
3552 4633 3778 4688 humili-

2177 4735 2306 4792 tatis
2358 4736 2560 4789 bonum
2607 4747 2715 4789 non
2771 4731 3081 4802 perderent,
3137 4736 3192 4783 et
3234 4727 3466 4800 gratiam
3511 4726 3776 4779 virtutum

2179 4835 2585 4885 conservarent.
2615 4824 2878 4881 Dominus
2897 4832 3079 4878 autem
3104 4821 3305 4877 electos
3331 4833 3459 4875 suos
3487 4817 3688 4872 liberat
3710 4813 3777 4865 ab

2179 4923 2328 4979 omni
2362 4921 2634 4995 angustia,
2667 4930 2724 4977 et
2773 4935 2883 4977 non
2919 4917 3261 4990 derelinquet
3311 4929 3504 4972 omnes
3529 4911 3626 4985 qui
3648 4923 3774 4980 spe

2177 5023 2304 5071 rant
2344 5015 2404 5071 in
2429 5029 2510 5071 se.
2553 5012 2707 5070 Unde
2731 5010 3095 5084 subiungitur.

2827 5103 3054 5161 CAPUT
3089 5104 3134 5160 ll

2629 5199 2707 5254 De
2739 5197 3040 5252 timentibus
3063 5195 3371 5250 Dominum.

2256 5313 2276 5348 ‹
2317 5293 2554 5364 Spiritus
2583 5291 2891 5346 timentium
2921 5288 3092 5345 Deum
3139 5287 3422 5357 quaeritur,
3458 5291 3516 5338 et
3554 5281 3612 5337 in
3645 5295 3770 5337 eon-

2182 5407 2200 5441 (
2255 5395 2443 5458 specta
2487 5385 2632 5441 illius
2680 5383 3036 5442 benedicitur.
3092 5379 3229 5450 Spes
3267 5378 3412 5433 enim
3456 5375 3676 5432 illorum
3713 5373 3770 5428 in

2182 5501 2201 5533 ‹
2247 5480 2549 5538 salvantem
2603 5476 2745 5538 illos,
2783 5483 2840 5528 et
2897 5473 3040 5527 oculi
3082 5470 3178 5526 Dei
3211 5471 3264 5526 in
3307 5468 3598 5541 diligentes
3637 5481 3715 5522 se.
3747 5482 3763 5514 ι

2178 5567 2353 5637 Prope
2381 5575 2465 5621 est
2489 5565 2632 5619 enim
2657 5562 2920 5619 Dominus
2946 5562 3197 5619 omnibus
3233 5558 3613 5616 invocantibus
3634 5570 3693 5612 se
3715 5552 3771 5608 in

2179 5657 2410 5712 veritate
2435 5673 2448 5721 ;
2485 5665 2540 5710 et
2566 5656 2812 5726 spiritus,
2866 5653 2972 5711 hoc
2999 5663 3104 5719 est,
3133 5653 3440 5710 voluntates
3464 5647 3771 5706 timentium

2181 5764 2239 5803 se
2267 5747 2548 5817 conspicit,
2578 5756 2634 5801 et
2677 5762 2867 5802 eorum
2891 5745 3168 5801 orationes
3212 5740 3491 5807 exaudiet,
3524 5739 3774 5794 tribuens

2181 5838 2261 5892 eis
2291 5836 2725 5892 benedictionem
2763 5850 3081 5906 supernam;
3133 5841 3189 5888 et
3217 5832 3396 5888 salvos
3427 5830 3589 5886 faciet
3650 5841 3769 5888 eos,

2184 5929 2513 5988 conferendo
2562 5929 2669 5987 illis
2712 5929 2890 6007 vitam
2943 5935 3221 6005 aeternam.
3275 5922 3523 5986 Custodit
3579 5927 3774 5982 omne!
