4030 6478
391 359 534 420 1009

1254 358 1609 419 COMMENT.
1645 360 1720 419 IN
1758 360 2376 423 ECCLESIASTICUM.
2412 397 2483 411 —-
2519 369 2649 425 LIB.
2686 368 2815 427 VIII.

3539 379 3680 436 1010

389 475 679 548 diligentes
695 485 787 545 .se,
844 478 903 527 et
952 483 1143 528 omnes
1185 470 1437 529 inimicos
1461 486 1653 529 eorum
1683 472 1981 546 disperdet.
2008 483 2065 544 Α
2091 492 2114 527 ‹
2161 476 2424 535 Dominus
2451 479 2602 537 solus
2626 482 3024 540 sustinentibus
3056 497 3117 541 se
3146 485 3203 541 in
3227 485 3315 542 via
3340 487 3591 546 veritatis
3623 499 3680 547 et

392 566 551 626 Unde
596 574 653 622 et
684 565 1004 636 semetipsos
1045 563 1418 632 consolantur,
1457 573 1514 621 et
1550 565 1618 621 de
1672 562 1855 620 futura
1902 578 1988 619 re-

389 659 771 719 muneratione
813 671 908 728 spe
955 667 1104 713 certa
1147 657 1508 729 gratulantur,
1559 657 1804 713 dicentes
1859 672 1984 713 cum

386 752 652 826 praedicto
680 751 904 808 doctore
926 749 1172 823 gentium
1204 768 1218 805 :
1256 769 1276 803 ι
1311 750 1482 814 Licet}
1529 751 1577 805 is
1612 751 1706 822 qui
1734 750 1867 807 foris
1899 759 1985 808 est

388 852 578 901 noster
613 844 778 900 homo
814 849 1220 913 corrumpatur,
1250 850 1436 900 tamen
1482 842 1533 898 is
1578 842 1672 913 qui
1707 842 1856 899 intus
1900 849 1987 900 est

388 945 687 995 renovatur
736 938 804 994 de
852 939 942 995 die
984 938 1042 994 in
1091 939 1253 996 diem.
1304 938 1365 995 Id
1394 939 1538 995 enim
1567 939 1712 1011 quod
1740 939 1799 995 in
1845 954 1985 1011 prae-

391 1029 536 1086 senti
578 1036 666 1085 est
723 1038 1166 1086 momentancum
1221 1036 1276 1085 et
1319 1028 1438 1086 leve
1474 1028 1845 1086 tribulationis
1886 1045 1986 1086 no-

387 1129 536 1190 straa,
573 1134 741 1193 supra
789 1120 1012 1178 modum
1033 1121 1090 1177 in
1129 1121 1462 1179 sublimitate
1483 1129 1746 1178 aeternum
1792 1121 1984 1194 gloriae

384 1215 598 1286 pondus
652 1222 910 1287 operatur
964 1216 1020 1271 in
1071 1216 1274 1273 nobis:
1314 1231 1425 1273 non
1488 1216 1983 1289 contemplantibus

388 1309 546 1364 nobis
581 1323 705 1379 qua:
751 1307 1027 1377 videntur,
1068 1310 1165 1367 sed
1214 1325 1335 1382 quae
1379 1326 1488 1367 non
1517 1310 1793 1368 videntur.
1851 1311 1982 1380 Quae

385 1400 532 1455 enim
575 1399 852 1470 videntur,
904 1403 1224 1476 temporalia
1260 1412 1387 1462 sunt
1420 1424 1436 1462 :
1466 1421 1588 1477 quae
1631 1414 1815 1463 autem
1870 1420 1982 1462 non

383 1497 676 1567 videntur,
750 1507 952 1558 aeterna
1025 1512 1154 1560 sunt
1207 1503 1314 1579 (ΙΙ
1379 1503 1502 1561 Cor.
1575 1519 1631 1560 tv
1652 1502 1696 1576 ).
1765 1504 1981 1562 Scimus

383 1592 529 1646 enim
588 1592 846 1664 quoniam
898 1596 946 1670 si
993 1596 1273 1654 terrestris
1328 1597 1521 1654 domus
1574 1603 1766 1654 nostra
1814 1596 1979 1668 hujus

382 1679 736 1758 habitationis
764 1683 1117 1753 dissolvatur,
1140 1687 1286 1758 quod
1324 1685 1741 1744 aediﬁcationem
1768 1702 1836 1744 ex
1865 1686 1979 1744 Deo

382 1757 671 1844 habemus,
698 1776 918 1834 domum
946 1794 1057 1836 non
1079 1757 1471 1848 manufactam,
1498 1786 1761 1837 aeternam
1786 1778 1843 1835 in
1869 1794 1981 1838 cte-

381 1865 448 1922 lis
489 1866 578 1940 (II
602 1867 726 1926 Cor.
752 1869 830 1944 v).
867 1891 885 1925 ι

457 1982 476 2014 ‹
522 1961 625 2030 Qui
665 1964 822 2021 timet
877 1965 1168 2023 Dominum
1212 1967 1348 2025 nihil
1397 1968 1711 2040 trepidabit,
1771 1976 1829 2024 et
1869 1983 1980 2025 non

383 2069 404 2103 ι
450 2053 708 2124 pavebit;
742 2055 998 2128 quoniam
1030 2057 1147 2131 ipse
1192 2065 1281 2117 est
1318 2073 1445 2133 spes
1486 2056 1620 2130 ejus.
1645 2078 1671 2115 ›
1702 2058 1807 2131 Qui
1833 2059 1981 2119 enim

379 2144 535 2200 timet
582 2155 638 2203 et
705 2163 858 2220 spem
907 2150 965 2205 in
1009 2149 1101 2207 illo
1161 2151 1343 2219 habet,
1402 2153 1676 2224 quomodo
1739 2153 1979 2210 hostium

378 2239 557 2296 minas
609 2249 669 2297 et
714 2245 1124 2314 persecutiones
1190 2245 1418 2302 horret?
1478 2245 1633 2307 Unde
1677 2255 1734 2303 et
1784 2246 1980 2304 Petrus

378 2332 658 2403 apostolus
726 2336 998 2406 hortatur,
1056 2337 1245 2395 dicens
1304 2355 1319 2393 :
1380 2356 1402 2392 ι
1456 2336 1734 2395 Timorem
1794 2347 1979 2399 autem

377 2437 683 2482 eorumne
732 2427 1027 2485 timueritis
1054 2468 1072 2497 ,
1121 2437 1180 2485 et
1230 2443 1343 2485 non
1395 2429 1815 2487 conturbemini.
1872 2430 1979 2487 Do-

378 2515 586 2572 minum
609 2527 792 2576 autem
817 2519 1098 2579 Christum
1135 2520 1490 2579 sanctiﬁcate
1513 2522 1574 2579 in
1599 2522 1858 2580 cordibus
1877 2538 1977 2580 ve-

376 2607 507 2665 stris
542 2608 598 2682 (Ι
622 2608 768 2666 Petr.
795 2612 902 2687 ιιι).
945 2633 966 2665 ι

454 2716 473 2750 ι
520 2697 786 2757 Timentis
814 2702 985 2759 Deum
1011 2704 1174 2761 beata
1220 2714 1306 2763 est
1331 2706 1534 2763 anima.
1567 2707 1652 2764 Ad
1692 2722 1859 2779 quem
1886 2722 1977 2764 re-

379 2802 402 2839 c
447 2787 630 2860 spicit,
669 2800 726 2848 et
751 2792 874 2864 quis
918 2802 1007 2851 est
1052 2794 1316 2853 fortitudo
1337 2796 1504 2868 ejus?
1557 2796 1712 2856 Oculi
1759 2798 1975 2855 Domini

380 2898 399 2931 ι
458 2883 905 2951 supertimentes
949 2901 1097 2954 eum,
1145 2896 1425 2959 protector
1466 2891 1741 2962 potentiae,
1784 2890 1974 2947 ﬁrma-

379 2989 399 3025 ι
443 2981 689 3030 mentum
733 2976 972 3048 virtutis,
1033 2980 1273 3052 tegimen
1313 2983 1526 3041 ardoris
1572 2993 1629 3041 et
1682 2984 1975 3041 umbracu-

378 3080 399 3115 ι
462 3062 575 3119 lum
624 3067 930 3136 meridiani,
985 3069 1297 3142 deprecatio
1342 3073 1660 3133 offensionis
1708 3082 1767 3132 et
1818 3073 1974 3145 adju-

378 3174 398 3208 ι
444 3156 644 3213 torium
699 3174 879 3230 casus,
937 3164 1188 3223 cxaltans
1245 3167 1506 3238 animam,
1560 3178 1618 3227 et
1674 3169 1971 3227 humilians

2094 585 2114 619 ι
2151 564 2395 635 ῇυειὶιῑω.
2434 588 2453 620 ι
2488 569 2874 643 Disputaturus
2924 574 2990 630 de
3035 574 3371 632 oblationutn
3415 579 3679 649 qualitate

2085 658 2263 729 primo
2319 660 2673 732 demonstrat,
2730 673 2791 720 ut
2836 667 3137 723 immolatio
3180 685 3249 725 ex
3286 670 3474 743 iniquo
3526 673 3678 730 lucro

2087 749 2265 806 oblata
2291 752 2545 823 despecta
2571 763 2628 810 et
2672 754 3009 815 detestabilis
3036 760 3108 814 sit
3131 774 3318 817 coram
3356 763 3531 820 oculis
3555 764 3674 832 Dei,

2085 858 2249 913 quam
2304 844 2469 899 etiam
2519 857 2796 920 nuncupat
2855 850 3336 909 subsannationem
3382 853 3678 925 justorum,

2084 938 2212 1008 quia
2260 938 2418 1009 quasi
2462 938 2646 996 irrisio
2680 941 2741 995 ﬁt
2794 952 2921 999 ante
2957 943 3153 1009 Deum,
3203 947 3419 1016 quando
3448 948 3503 1004 id
3532 949 3681 1020 quod

2085 1027 2287 1084 malum
2339 1038 2425 1086 est
2465 1029 2579 1086 Deo
2614 1039 2829 1103 gratum
2881 1048 3000 1090 esse
3049 1035 3366 1092 arbitratur.
3422 1037 3558 1095 Cum
3598 1040 3683 1095 di-

2082 1120 2211 1175 vina
2264 1120 2521 1192 majestas
2573 1138 2682 1180 non
2722 1123 2870 1180 aliud
2894 1125 3098 1182 donum
3151 1137 3376 1200 accepto
3401 1128 3525 1198 fert,
3572 1132 3681 1191 nisi

2082 1212 2227 1282 quod
2282 1227 2353 1268 ex
2414 1211 2566 1283 justa
2628 1206 2990 1285 acquisitione
3060 1218 3360 1274 secundum
3436 1220 3683 1292 regulam

2080 1306 2329 1363 veritatis
2380 1321 2481 1378 per
2529 1306 2692 1364 ﬁdem
2742 1323 2930 1365 veram
2982 1317 3039 1368 et
3086 1310 3436 1370 dilectionem
3480 1314 3557 1371 illi
3594 1314 3680 1373 of-

2081 1395 2274 1454 fertur.
3381 1451 3392 1461 .

2156 1511 2175 1544 ι
2221 1492 2373 1548 Dona
2430 1492 2741 1565 iniquorum
2782 1510 2892 1554 non
2942 1497 3140 1571 probat
3179 1498 3526 1567 :Altissimus,
3581 1516 3685 1557 nec

2086 1604 2107 1639 ς
2153 1586 2377 1657 respicit
2414 1586 2470 1642 in
2504 1588 2812 1646 oblationes
2864 1590 3196 1662 iniquorum,
3240 1609 3342 1650 nec
3391 1594 3449 1650 in
3496 1594 3682 1650 multi-

2087 1696 2106 1730 ι
2152 1678 2340 1734 tudine
2381 1679 2774 1737 sacriﬁciorum
2804 1697 2996 1739 eorum
3037 1685 3429 1757 propitiabitur
3475 1701 3674 1758 pecca-

2080 1770 2170 1826 tis.
2203 1789 2221 1822 ›
2269 1770 2489 1827 Certum
2537 1780 2623 1828 est
2670 1774 2816 1844 quod
2862 1774 2954 1831 ille
2985 1776 3079 1847 qui
3138 1777 3480 1848 iniquitatem
3521 1776 3678 1842 facit,

2007 1871 2057 1932 Β
2083 1870 2139 1918 et
2174 1871 2458 1934 peccatum
2497 1864 2672 1921 vitare
2721 1881 2832 1922 non
2868 1874 3040 1933 curat,
3086 1876 3300 1941 gratam
3345 1867 3678 1926 oblationem

2084 1957 2195 2011 Deo
2233 1955 2429 2011 offerre
2458 1971 2567 2012 non
2597 1964 2799 2027 potest,
2838 1973 2941 2013 nec
2998 1959 3214 2014 veniam
3250 1960 3552 2030 promereri
3585 1960 3679 2015 de-

2081 2049 2232 2117 licti;
2277 2052 2373 2107 sed
2415 2050 2508 2121 qui
2553 2050 2690 2123 fugit
2729 2051 2883 2117 vitia,
2925 2060 2983 2108 et
3032 2053 3196 2123 digna
3244 2054 3564 2125 poenitentia
3612 2069 3680 2110 ac

2081 2143 2443 2219 lacrymarum
2506 2142 2767 2203 effusione
2814 2144 2997 2204 delere
3051 2161 3151 2204 sua
3200 2146 3381 2206 studet
3426 2154 3675 2220 peccata,
3730 2202 3737 2209 .

2080 2238 2173 2295 hic
2200 2239 2312 2295 Deo
2357 2237 2713 2311 acccptabilia
2751 2239 2913 2297 offert
2957 2255 3209 2308 munera,
3254 2240 3382 2312 quia
3431 2260 3451 2294 ‹
3505 2241 3681 2298 δειρνί-

2081 2333 2264 2390 ﬁcium
2289 2341 2376 2389 est
2403 2332 2516 2390 Deo
2559 2333 2784 2404 spiritus
2809 2334 3229 2401 contribulatus,
3259 2349 3356 2391 cor
3374 2334 3678 2391 contritum

2079 2434 2136 2481 et
2172 2424 2515 2481 humiliatum
2542 2425 2687 2482 Deus
2712 2441 2819 2481 non
2851 2425 3061 2497 spernit
3095 2424 3270 2498 (Psal.
3302 2426 3381 2499 ι).
3412 2444 3432 2479 ι
3456 2425 3632 2482 Aliter
3660 2445 3675 2482 :

2079 2520 2196 2585 Hoc
2223 2522 2341 2576 loco
2369 2519 2733 2591 reprobantur
2757 2519 3060 2576 oblationes
3073 2519 3322 2576 carnales
3333 2518 3671 2586 Iudaeorum,

2080 2620 2199 2675 qum
2225 2617 2350 2678 post
2388 2610 2590 2666 Christi
2617 2611 2913 2667 adventum
2947 2625 3054 2667 non
3094 2611 3230 2679 Deo,
3260 2610 3358 2669 sed
3390 2612 3676 2669 daemoniis

2078 2695 2464 2758 offerebantur.
2500 2701 2604 2771 Qui
2633 2719 2742 2760 non
2790 2704 3045 2761 timentes
3096 2704 3418 2776 sanguinem
3443 2704 3679 2776 prophe-

2080 2797 2257 2848 tarum
2285 2801 2342 2849 et
2370 2796 2739 2867 apostolorum
2769 2796 3016 2865 fundere,
3061 2797 3409 2853 victimarum
3453 2811 3678 2853 suarum

2079 2883 2191 2941 Deo
2221 2886 2514 2956 sperabant
2534 2887 2936 2945 multitudinem
2954 2887 3193 2959 placere,
3224 2903 3348 2945 cum
3358 2888 3680 2959 jamdudum

2078 2989 2271 3032 eorum
2297 2977 2699 3035 immolationes
2726 2994 2827 3051 per
2872 2979 3074 3037 Isaiam
3115 2980 3382 3038 Dominus
3418 2981 3679 3052 reproba-

2078 3073 2181 3134 ret,
2228 3066 2460 3125 dicens:
2502 3088 2522 3121 ι
2566 3069 2684 3137 Quo
2710 3071 2845 3127 mihi
2892 3072 3301 3130 multitudinem
3322 3072 3676 3131 victimarum

2078 3160 2428 3216 vestrarum?
2481 3161 2615 3217 dicit
2683 3162 2963 3219 Dominus.
3032 3163 3233 3221 Plenus
3287 3179 3447 3232 sum;
3518 3162 3678 3219 holo-

378 3266 397 3300 «
442 3248 648 3318 oculos,
693 3252 829 3309 dans
880 3257 1192 3325 sanitatem,
1242 3269 1300 3316 et
1350 3260 1522 3317 vitam
1551 3270 1606 3318 et
1634 3261 1969 3319 benedictio—
1996 3251 2043 3316 C
2074 3259 2265 3308 causa!
2309 3252 2567 3321 arietum:
2621 3255 2836 3325 adipem
2886 3256 3193 3328 Ρίηὲυίυιην
3244 3264 3303 3312 ει
3348 3255 3674 3328 sanguinem

377 3358 398 3393 ι
441 3355 589 3397 nem.
630 3362 649 3397 ι
683 3341 820 3400 Cum
848 3348 925 3403 ait
963 3349 1205 3407 timentis
1234 3351 1406 3409 Deum
1451 3354 1670 3410 beatam
1699 3368 1823 3411 esse
1853 3354 1973 3410 ani-

370 3443 540 3497 mam,
567 3439 800 3491 testatur
839 3439 996 3509 quasi
1043 3442 1260 3499 nescius
1294 3444 1365 3500 ad
1405 3459 1571 3516 quem
1617 3445 1735 3516 ipsa
1785 3444 1970 3502 anima

373 3525 655 3595 respiciat,
696 3536 753 3584 et
783 3530 907 3602 quis
946 3533 1020 3591 sit
1051 3534 1314 3594 fortitudo
1344 3536 1463 3608 ejus
1507 3539 1828 3611 interrogat,
1880 3538 1969 3595 cui

373 3621 558 3671 tamen
607 3617 1020 3693 interrogationi
1069 3626 1185 3698 ipsc
1242 3630 1427 3686 statim
1489 3632 1786 3703 respondit.
1839 3630 1970 3700 Quae

370 3706 545 3779 ﬁgura
582 3709 770 3770 Graece
819 3725 1058 3775 erotema
1096 3721 1294 3779 dicitur
1322 3724 1578 3796 :quando
1609 3723 1969 3796 interroganti

369 3799 569 3873 ﬁtapta
598 3810 899 3879 responsio.
929 3812 1074 3870 Dicit
1101 3815 1248 3871 enim
1279 3835 1293 3872 :
1326 3836 1346 3871 ι
1389 3816 1545 3875 Oculi
1568 3819 1783 3874 Domini
1802 3833 1969 3890 super

370 3896 626 3957 timentes
652 3918 799 3971 eum,
839 3924 857 3957 ι
890 3907 995 3964 hoc
1036 3917 1145 3976 est,
1174 3910 1404 3967 intuitus
1432 3912 1824 3968 misericordia:
1852 3912 1970 3983 ejus

369 4001 536 4060 Super
564 3994 848 4051 credentes
880 3998 937 4052 in
965 4014 1092 4055 eum
1130 4019 1142 4055 :
1174 4002 1292 4074 ipse
1343 4012 1733 4075 estprotector
1776 4012 1969 4076 poten-

368 4078 459 4134 tia:
488 4082 557 4137 ab
595 4084 745 4139 omni
776 4086 1101 4146 adversitate
1149 4101 1440 4166 protegens
1466 4111 1580 4152 eos.
1627 4095 1971 4152 Firmamen-

371 4177 486 4226 tum
515 4172 733 4229 virtutis
756 4177 1071 4237 confortans
1091 4183 1231 4239 illos.
1260 4185 1380 4255 Ipse
1402 4194 1488 4241 est
1517 4187 1752 4258 tegimen
1777 4201 1967 4243 eorum

365 4272 558 4320 contra
606 4268 854 4326 ardorem
903 4276 1240 4345 tentationis,
1287 4287 1343 4335 et
1366 4279 1747 4335 umbraculum
1774 4266 1966 4337 contra

367 4354 604 4413 validum
629 4368 818 4416 aestum
864 4368 1258 4433 persecutionis
1292 4388 1304 4423 :
1334 4370 1441 4427 hoc
1475 4370 1623 4426 enim
1673 4371 1963 4429 meridiem

366 4448 655 4521 signiﬁcat.
683 4454 803 4524 Ipse
830 4465 913 4513 est
936 4461 1250 4532 propitiatio
1279 4463 1465 4520 delens
1489 4463 1687 4520 delicta
1716 4464 1967 4522 offensio-

366 4541 453 4597 nis
487 4562 499 4597 :
527 4544 615 4600 hic
643 4549 849 4618 praebet
889 4552 1221 4624 adjutorium
1252 4554 1367 4612 suis
1395 4572 1466 4612 ne
1493 4556 1694 4613 cadant
1720 4557 1777 4612 in
1830 4572 1962 4628 pec-

364 4636 504 4691 catis
534 4640 811 4710 maximis,
843 4644 1087 4704 exaltans
1116 4650 1328 4707 animas
1372 4650 1613 4707 ﬁdelium
1648 4668 1872 4708 suorum
1902 4653 1960 4709 in

364 4727 601 4787 culmine
647 4734 1017 4807 perfectionis,
1063 4748 1120 4796 et
1165 4740 1480 4799 illuminans
1530 4743 1718 4801 oculos
1763 4744 1963 4801 mentis

363 4833 573 4889 eorum,
610 4826 859 4894 praebens
914 4828 994 4884 eis
1042 4831 1278 4902 gratiam
1342 4831 1572 4889 internae
1621 4833 1960 4905 contempla-

366 4913 549 4971 tionis.
605 4915 710 4973 Dat
760 4919 892 4990 ipsis
940 4924 1235 4980 sanitatem
1276 4926 1729 4998 incorruptionis,
1791 4928 1963 4985 vitam

367 5006 813 5079 immortalitatis,
876 5021 934 5069 et
993 5014 1427 5073 benedictionem
1473 5028 1750 5090 perpetua:
1794 5021 1963 5076 haere-

362 5096 567 5154 ditatis.
599 5118 618 5151 ‹
648 5101 863 5170 Venite,
892 5103 1090 5176 inquit,
1115 5106 1389 5163 benedicti
1420 5107 1604 5165 Patris
1639 5110 1769 5177 mei,
1821 5127 1953 5182 per-

364 5191 524 5259 cipite
570 5206 794 5265 regnum
849 5199 996 5268 quod
1038 5200 1194 5258 vobis
1228 5210 1483 5275 paratum
1517 5211 1603 5260 est
1649 5205 1717 5260 ab
1744 5205 1958 5277 origine

362 5281 551 5338 mundi
577 5280 792 5353 (Matth.
824 5287 976 5363 xxv).
1019 5310 1040 5345 ι

1013 5405 1242 5467 CAPUT
1272 5409 1360 5467 III.

361 5490 641 5570 Sapientia
691 5496 929 5570 pfgcipit
959 5496 1024 5553 de
1054 5498 1266 5570 injttstis
1309 5500 1462 5556 rebus
1500 5519 1606 5556 non
1644 5521 1754 5560 esse
1776 5507 1958 5562 immo-

433 5564 773 5644 Ιίιηάιιηιμῇά
806 5564 903 5644 est,
937 5564 1288 5644 oﬂ‘ereitdnm,
1336 5570 1415 5644 uel
1455 5572 1838 5644 eleemosynam
1874 5574 1957 5644 fa-

433 5636 672 5692 ciendam
693 5637 758 5693 de
792 5636 1020 5696 aliorum
1049 5636 1393 5698 detrimentis.

438 5765 459 5801 ι
500 5750 836 5809 ιηιιιιοίειηιίει
870 5767 938 5811 ex
968 5755 1156 5826 iniquo
1185 5754 1389 5813 oblatio
1414 5764 1500 5813 est
1536 5757 1810 5814 maculata
1840 5774 1857 5825 ;
1897 5767 1954 5815 ct

369 5854 390 5895 ι
430 5855 542 5899 ιιοιι
564 5853 695 5901 sunt
718 5846 1072 5919 beneplacitcc
1103 5848 1555 5906 subsannationes
1596 5848 1946 5921 injustorum.

2076 3346 2394 3413 vitulorum,
2440 3356 2496 3403 et
2519 3362 2781 3420 agnorum
2811 3357 2869 3405 et
2909 3350 3191 3405 hircorum
3239 3348 3385 3407 nolo.
3418 3346 3677 3418 Cumjve-

2072 3437 2268 3494 niretis
2295 3447 2423 3495 ante
2464 3448 2818 3510 conspectum
2851 3456 3054 3509 meum,
3103 3442 3228 3513 quis
3273 3439 3523 3513 quaesivit
3558 3441 3677 3496 haec

2075 3530 2143 3586 de
2169 3530 2423 3586 manibus
2461 3532 2682 3598 vestris,
2736 3540 2797 3587 ut
2839 3532 3199 3590 ambularetis
3224 3532 3282 3589 in
3317 3530 3476 3588 atriis
3493 3529 3676 3587 meis?

2072 3621 2153 3679 Ne
2176 3621 2417 3680 offeratis
2442 3623 2586 3680 ultra
2611 3622 2941 3681 sacriﬁcium
2966 3624 3170 3682 frustra
3198 3643 3212 3681 :
3238 3624 3522 3681 incensum
3541 3622 3677 3679 abo-

2071 3713 2299 3771 minatio
2322 3722 2409 3771 est
2450 3714 2607 3770 mihi.
2649 3713 3003 3772 Neomeniam
3027 3723 3084 3773 ct
3110 3716 3396 3773 sabbatum
3435 3722 3492 3770 et
3519 3712 3677 3770 festio

2070 3804 2270 3862 vitates
2302 3806 2438 3863 alias
2464 3819 2575 3863 non
2599 3804 2773 3863 feram
2809 3825 2823 3861 :
2856 3806 3030 3879 iniqui
3069 3815 3198 3863 sunt
3245 3814 3424 3863 ctetus
3472 3806 3669 3862 vestri.

2071 3894 2339 3953 Calendas
2368 3904 2583 3954 vestras
2602 3905 2660 3953 et
2683 3896 3058 3955 solemnitates
3097 3905 3311 3956 vestras
3349 3896 3524 3954 odivit
3551 3896 3673 3954 ani-

2070 4010 2162 4051 ma
2198 4010 2342 4051 mea.
2397 3994 2564 4051 Facta
2604 4003 2732 4051 sunt
2759 3996 2896 4052 mihi
2945 3996 3198 4062 molesta,
3234 3993 3479 4051 laboravi
3503 3993 3673 4049 susti-

2069 4106 2237 4159 nens;
2290 4098 2492 4147 etcum
2522 4090 2882 4149 extenderitis
2929 4107 3126 4148 manus
3155 4098 3388 4157 vestras,
3426 4095 3672 4146 avertam

2067 4182 2255 4239 oculos
2280 4198 2431 4239 meos
2451 4199 2483 4238 a
2503 4184 2699 4251 vobis;
2754 4192 2809 4239 et
2842 4199 2969 4241 cum
3000 4182 3493 4254 multiplicaveritis
3548 4194 3675 4237 ora-

2066 4272 2293 4340 tionem,
2333 4286 2441 4328 non
2462 4272 2682 4328 audiam
2717 4292 2730 4327 :
2764 4289 2960 4330 manus
2995 4275 3140 4329 enim
3164 4281 3362 4329 vestrae
3408 4270 3674 4343 sanguine

2065 4362 2239 4433 plena:
2267 4371 2413 4418 sunt.
2443 4361 2748 4430 Lavamini,
2780 4363 2969 4419 mundi
2997 4372 3194 4430 estote,
3224 4361 3435 4418 auferte
3462 4360 3669 4417 malum

2066 4456 2457 4530 cogitationum
2503 4464 2809 4513 vestrarum
2861 4457 2931 4513 ab
2974 4457 3147 4515 oculis
3201 4457 3360 4524 meis,
3404 4456 3677 4527 quiescite

2067 4562 2229 4620 agere
2254 4563 2531 4620 perverse,
2558 4548 2751 4605 discite
2769 4548 3112 4617 benefacere,
3138 4546 3670 4620 quaeritejudicium,

2066 4638 2354 4696 subvenite
2409 4656 2691 4712 oppresso,
2735 4640 2976 4713 judicate
3022 4640 3253 4713 pupillo,
3282 4639 3555 4697 defendite
3585 4638 3674 4695 vi-

2066 4735 2250 4792 duam.
2282 4735 2352 4792 Et
2371 4736 2575 4803 venite,
2608 4745 2664 4791 et
2712 4737 2925 4808 arguite
2948 4750 3061 4804 me,
3114 4735 3248 4792 dicit
3273 4734 3554 4791 Dominus.
3610 4730 3699 4814 Si.

2064 4827 2270 4885 fuerint
2306 4838 2531 4900 peccata
2556 4836 2741 4885 vestra
2771 4836 2833 4884 ut
2859 4829 3170 4896 coccinum,
3203 4828 3362 4900 quasi
3392 4827 3488 4882 nix
3518 4823 3670 4882 deal-
3694 4824 3710 4879 λ.

2064 4922 2370 4990 babuntur;
2404 4931 2460 4980 et
2484 4922 2530 4979 si
2554 4918 2757 4979 fuerint
2782 4924 2950 4978 rubra
2972 4922 3129 4993 quasi
3160 4918 3517 4986 vermiculus,
3548 4917 3665 4974 vel-

2065 5021 2126 5070 ut
2156 5014 2279 5069 lana
2322 5015 2443 5070 alba
2472 5022 2651 5071 erunt.
2685 5013 2744 5069 Si
2785 5013 3066 5070 volueritis
3118 5019 3190 5069 et.
3220 5010 3504 5067 audieritis
3554 5024 3667 5079 me,

2059 5105 2375 5162 bonaterrae
2385 5107 2702 5164 comedetis.
2720 5105 2874 5175 Quod
2888 5106 2935 5162 si
2957 5104 3261 5169 nolueritis,
3283 5113 3339 5160 et
3362 5117 3454 5159 me
3474 5103 3543 5160 ad
3566 5103 3673 5159 ira-

2059 5199 2312 5256 cundiam
2337 5199 2782 5272 provocaveritis,
2806 5198 3017 5271 gladius
3030 5196 3315 5253 devorabit
3327 5209 3444 5264 vos,
3460 5196 3589 5268 quia
3604 5210 3670 5256 os

2061 5293 2277 5349 Domini
2291 5293 2532 5350 locutum
2545 5301 2629 5351 est
2642 5292 2695 5367 (Ι
2697 5311 2778 5350 sa.
2797 5292 2860 5366 ι).
2907 5311 2927 5345 ι
2949 5292 3121 5361 Quale
3133 5298 3318 5348 autem
3331 5289 3668 5348 sacriﬁcium

2061 5385 2176 5442 Deo
2205 5385 2437 5457 placeat,
2459 5402 2558 5458 per
2593 5385 2942 5442 Psalmistam
2980 5386 3098 5457 ipse
3122 5384 3388 5441 Dominus
3423 5383 3672 5441 declarat

2066 5478 2284 5534 dicens:
2307 5498 2325 5531 ι
2348 5478 2689 5535 Sacriﬁcium
2708 5477 2886 5533 laudis
2927 5476 3432 5545 honoriﬁcabitme,
3464 5484 3523 5532 et
3549 5475 3669 5532 illic

2066 5567 2266 5622 iterest
2290 5569 2347 5621 in
2369 5584 2478 5637 quo
2496 5568 2783 5624 ostendam
2804 5568 2883 5623 illi
2900 5567 3141 5624 salutare
3166 5568 3264 5625 Dei
3286 5567 3461 5642 (Psal.
3488 5565 3662 5639 111).:

2139 5684 2159 5717 ι
2205 5665 2307 5735 Qui
2332 5665 2493 5724 offert
2522 5668 2856 5726 sacriﬁcium
2888 5684 2957 5726 ex
2981 5670 3292 5727 substantia
3330 5682 3666 5741 pauperum,

2067 5778 2085 5810 ι
2132 5759 2286 5830 quasi
2312 5760 2407 5831 qui
2433 5760 2679 5817 victimat
2706 5762 2951 5818 filiumin
2976 5768 3270 5833 conspectu
3292 5759 3464 5831 patris
3489 5759 3597 5815 sui.
3628 5775 3653 5812 ι

2059 5850 2201 5919 Quid
2229 5866 2463 5926 namque
2489 5869 2610 5912 esse
2640 5855 3038 5914 intolerabilius
3056 5861 3259 5926 potest,
3305 5867 3469 5925 quam
3504 5864 3658 5908 mors
