4030 6476
518 354 654 415 4011

1153 356 1213 410 Β.
1250 350 1507 411 RABANI
1541 346 1763 413 MAUBI
1794 350 2115 413 ARCHIEP.
2161 350 2475 413 MOGUNT.
2515 348 2808 413 OPERUI
2842 350 3029 415 PARS
3066 357 3112 414 l.

518 470 615 527 filii
671 478 798 526 ante
839 467 1025 526 oculos
1074 454 1292 543 patris?
1354 468 1468 525 Hoc
1520 469 1705 541 itaque
1766 467 2102 527 sacrificium
2130 470 2184 532 Α
2208 466 2512 525 dilectionis
2551 481 2677 525 eam
2723 469 2793 524 ad
2842 484 3006 526 aures
3047 470 3245 527 divinae
3270 471 3482 543 pietatis
3508 492 3601 536 non
3641 498 3738 555 pm.

515 571 719 637 quanta
760 563 842 618 ira
892 562 1189 635 aspiciatur
1220 565 1549 632 ostenditur,
1598 565 1748 635 quod
1781 565 1960 621 orbati
2008 580 2104 636 pa-

515 658 616 712 tris
639 654 810 712 dolori
840 663 1207 725 comparatur,
1249 665 1304 711 et
1329 666 1510 713 tamen
1544 657 1866 728 plerumque
1894 666 2102 729 quanta

511 751 779 817 tribuunt,
801 755 1054 821 pensant,
1069 759 1268 822 quanta
1297 760 1477 807 autem
1498 752 2103 823 rapiunt,’considerare

512 841 854 897 dissimulant
888 857 903 897 :
935 841 1089 912 quasi
1120 840 1425 898 mercedem
1450 853 1757 910 numerant,
1788 853 1843 900 ct
1867 861 2100 918 perpen-

508 932 637 989 dere
659 936 849 1006 culpas
879 942 1154 990 recusant.
1186 935 1422 991 Audiant
1445 937 1628 1006 itaque
1660 938 1801 1007 quod
1832 940 2095 1010 scriptum

506 1033 593 1081 est
642 1044 655 1080 :
697 1045 716 1078 ‹
776 1026 878 1095 Qui
935 1027 1216 1083 mercedes
1255 1029 1638 1099 congregavit,
1693 1028 1842 1084 misit
1890 1045 1985 1085 eas
2040 1031 2094 1086 in

503 1128 789 1189 pertusum
821 1121 1095 1177 sacculum
1143 1118 1344 1194 (Aggw.
1373 1120 1434 1193 1).
1480 1140 1498 1172 ι
1541 1118 1599 1175 ln
1627 1121 1846 1177 sacculo
1891 1124 2093 1195 quippe

501 1222 728 1283 pertuso
804 1213 1022 1269 videtur
1089 1213 1306 1284 quando
1379 1214 1608 1283 pecunia
1676 1213 1944 1281 mittitur,
1998 1215 2094 1271 sed

502 1305 720 1375 quando
765 1306 1035 1361 amittitur
1086 1322 1195 1362 non
1248 1306 1479 1362 videtur.
1538 1306 1641 1375 Qui
1705 1322 1836 1379 ergo
1884 1314 2091 1377 quanta

498 1397 806 1470 largiuntur
826 1398 1116 1469 aspiciunt,
1142 1399 1237 1453 sed
1257 1408 1460 1469 quanta
1492 1400 1711 1468 rapiunt
1732 1415 1836 1453 non
1855 1414 2093 1469 perpen-

499 1492 657 1557 dunt,
708 1490 764 1546 in
805 1500 1028 1562 pertuso
1066 1493 1286 1548 sacculo
1327 1493 1610 1548 mercedes
1665 1492 1928 1548 mittunt:
1963 1494 2091 1563 quia

494 1583 740 1653 profecto
770 1582 871 1640 has
897 1584 953 1639 in
984 1598 1136 1657 Spem
1165 1601 1275 1641 sua:
1317 1585 1526 1641 fiducizc
1562 1586 1841 1643 intuentes
1889 1600 2088 1656 conge-

494 1685 639 1742 runt,
666 1677 763 1733 sed
790 1693 896 1733 non
926 1679 1204 1734 intuentes
1230 1679 1485 1749 perdunt.

568 1807 585 1838 ‹
631 1787 795 1844 Panis
818 1790 1119 1861 egentium,
1157 1792 1269 1846 vita
1296 1791 1548 1862 pauperis
1578 1802 1694 1858 est;
1725 1793 1816 1864 qui
1858 1793 2079 1849 defrau-

494 1902 512 1931 ι
561 1882 653 1936 dat
692 1870 862 1950 illum,
894 1885 1058 1940 homo
1081 1887 1361 1957 sanguinis
1388 1895 1490 1943 est.
1532 1907 1549 1938 ι
1585 1887 1722 1955 Quia
1751 1904 1956 1960 pauper
1977 1906 2085 1947 non

488 1972 707 2030 divitias
752 1985 1069 2049 congregat,
1122 1979 1219 2033 sed
1267 1978 1444 2034 victus
1490 1984 1807 2037 necessaria
1858 1994 2014 2056 parat
2069 2004 2083 2040 :

484 2065 578 2132 qui
640 2066 744 2122 hoc
812 2068 865 2124 ei
935 2069 1107 2136 tollit,
1169 2073 1309 2127 unde
1383 2074 1570 2129 vivere
1644 2076 1871 2145 debuit,
1924 2083 2085 2151 quasi

432 2150 443 2159 ’
484 2159 807 2229 sanguinem
851 2159 969 2231 ejus
1017 2162 1634 2221 fundando'interimit.
1698 2169 1852 2225 Unde
1902 2180 1959 2228 et
1993 2189 2084 2230 se-

481 2252 670 2322 quitur
690 2270 704 2307 :

554 2385 576 2418 r
601 2366 705 2435 Qui
734 2367 914 2425 aufert
963 2370 1019 2425 in
1069 2371 1268 2429 sudore
1311 2389 1527 2444 panem,
1554 2377 1709 2446 quasi
1736 2380 1830 2450 qui
1867 2383 2087 2441 occidat

483 2478 501 2509 ε
529 2460 837 2528 proximum
875 2478 1054 2519 suum.
1080 2483 1099 2517 ι
1126 2463 1182 2518 1η
1226 2465 1421 2521 sudore
1448 2467 1595 2522 enim
1625 2469 1803 2526 vultus
1827 2473 1909 2527 sui
1947 2489 2082 2543 pau-

454 2563 574 2620 ‘per
595 2552 700 2607 sibi
724 2554 961 2623 acquirit
988 2571 1223 2625 panem;
1272 2559 1366 2614 sed
1410 2560 1501 2630 qui
1533 2562 1675 2617 hunc
1715 2563 1815 2619 sibi
1843 2580 1939 2636 per
1970 2570 2085 2625 vio-

473 2638 699 2698 lentiam
755 2643 916 2711 tollit,
980 2647 1289 2716 proximum
1341 2654 1863 2729 suum-rapacitatis
1905 2657 2083 2728 gladio

472 2730 748 2791 interficit.
775 2734 928 2794 Unde
948 2738 1255 2809 hujusmodi
1278 2741 1479 2798 oblatio
1501 2744 1610 2803 Dco
1629 2747 1804 2818 gratia
1828 2765 1933 2805 non
1953 2752 2080 2819 erit,

470 2826 599 2896 quia
636 2844 744 2886 non
786 2846 886 2889 suo
926 2833 1133 2900 labore,
1177 2837 1273 2892 sed
1303 2836 1483 2894 alieno
1511 2840 1711 2897 damno
1736 2845 2077 2913 acquiritur;

468 2918 737 2977 violenter
756 2922 902 2979 enim
925 2927 1184 2996 exquirit,
1204 2944 1325 2998 qua:
1345 2932 1777 2991 misericorditer
1795 2935 2077 3008 largiatur.

470 3006 579 3067 Sed
634 3010 781 3067 aliud
824 3022 911 3070 est
957 3030 1058 3085 pro
1105 3020 1347 3087 peccatis
1399 3023 1828 3081 misericordiam
1875 3006 2077 3097 facere,

467 3100 615 3158 aliud
637 3118 738 3174 pro
780 3106 1156 3165 misericordia
1211 3110 1459 3169 facienda
1513 3131 1780 3185 peccare:
1814 3134 1936 3189 qua:
1961 3121 2078 3191 jam

465 3205 567 3247 nec
590 3194 969 3253 misericordia
999 3204 1302 3272 nuncupari
1345 3199 1547 3276 potest,
1593 3208 1722 3278 quia
1767 3210 1839 3266 ad
1864 3210 2077 3270 dulcem
2103 3229 2151 3294 ρ

465 3284 707 3347 fructum
734 3305 843 3347 non
868 3293 1106 3363 proficit,
1138 3313 1259 3367 quae
1282 3313 1380 3368 per
1414 3301 1561 3357 viros
1581 3302 1854 3373 pestifera:
1878 3307 2079 3365 radicis

463 3384 773 3441 amarescit.
802 3383 943 3445 Hinc
981 3396 1067 3444 est
1094 3392 1259 3457 enim,
1289 3395 1433 3463 quod
1460 3396 1573 3464 ipsa
1616 3398 1783 3454 etiam
1811 3401 2079 3459 sacriﬁcia

460 3487 559 3544 per
578 3479 901 3547 prophetam
930 3481 1192 3540 Dominus
1213 3488 1491 3554 reprobat,
1513 3489 1699 3545 dicens
1728 3510 1741 3546 :
1775 3511 1793 3544 ‹
1830 3493 1946 3565 Ego
1973 3494 2078 3552 Do-

461 3567 643 3625 minus
676 3569 906 3641 diligens
938 3572 1231 3642 judicium,
1258 3587 1314 3633 et
1338 3579 1467 3635 odio
1511 3580 1718 3639 habens
1749 3586 1996 3655 rapinam
2019 3586 2077 3643 in

411 3687 414 3690 ~
461 3656 842 3717 holocaustum
872 3662 1007 3734 (Ira.
1031 3666 1165 3734 ut).
1191 3687 1209 3720 ι
1239 3668 1377 3725 Hinc
1401 3670 1599 3728 iterum
1620 3674 1789 3731 dicit:
1820 3696 1838 3728 ‹
1874 3677 2077 3735 Hostiae

460 3746 753 3817 ilupiorum
790 3752 1200 3823 abominabiles,
1247 3759 1375 3828 quia
1420 3761 1723 3820 offeruntur
1763 3781 1827 3822 ex
1870 3768 2076 3825 scelere

460 3837 648 3912 (Prov.
680 3842 820 3916 tm).
843 3863 862 3898 ι
908 3845 1013 3913 Qui
1053 3864 1195 3919 saepe
1222 3864 1439 3922 quoque
1462 3862 1519 3910 et
1547 3855 1913 3928 indigentibus
1939 3862 2073 3917 sub-

457 3935 706 4005 trahunt,
745 3953 867 4008 quaa
891 3940 1002 3997 Deo
1029 3941 1355 4014 largiuntur.

538 4066 560 4100 ε
590 4048 694 4116 Qui
740 4050 971 4108 effundit
1019 4057 1359 4127 sanguinem,
1407 4073 1463 4117 et
1498 4063 1591 4133 qui
1648 4062 1893 4123 fraudem
1941 4068 2072 4129 facit

465 4158 486 4194 ι
511 4147 872 4210 mercenario,
916 4144 1117 4205 fratres
1152 4162 1298 4209 sunt.
1326 4174 1346 4207 ι
1387 4154 1609 4213 Fratres
1652 4173 1747 4215 eos
1782 4161 1913 4217 dicit
1961 4178 2070 4220 non

461 4238 837 4309 generatione,
865 4243 960 4297 sed
988 4244 1253 4302 scelerum
1277 4248 1603 4317 imitatione,
1628 4260 1684 4307 et
1719 4266 2067 4324 peccatorum

456 4328 829 4388 similitudine.
882 4334 1007 4391 ldeo
1047 4351 1264 4409 quoque
1306 4341 1504 4412 smpius
1562 4347 1758 4415 repetit
1788 4351 2068 4421 sanguinis

455 4418 779 4507 eifusionem
802 4426 857 4482 in
886 4432 1293 4500 comparatione
1341 4437 1546 4506 rapina:
1571 4447 1627 4492 et
1657 4440 1882 4507 fraudis,
1898 4418 1974 4498 ‘ut
1996 4459 2064 4500 ex

454 4504 609 4572 reatu
663 4519 944 4578 homicidii
981 4526 1128 4594 quod
1175 4504 1429 4586 omnibus
1474 4540 1623 4601 patet
1680 4504 2060 4604 gravissimum

456 4609 635 4665 scelus
660 4624 801 4678 esse,
834 4614 940 4668 alia
986 4630 1108 4685 qua:
1138 4618 1319 4675 minus
1350 4623 1511 4678 noxia
1550 4640 1671 4681 esse
1714 4629 2059 4697 videbantur,

455 4703 717 4761 immania
741 4714 792 4761 et
826 4710 989 4765 morti
1018 4720 1294 4782 perpetua
1324 4716 1483 4788 digna
1511 4730 1894 4791 agnoscantur.

535 4837 553 4867 ‹
584 4817 737 4877 Unus
761 4820 1039 4880 aedificans
1067 4835 1123 4880 et
1155 4841 1297 4884 unus
1326 4828 1635 4900 destrucns,
1674 4836 1801 4906 quid
1844 4839 2061 4909 prodest

459 4928 479 4963 ε
510 4910 615 4968 illis
642 4913 743 4969 nisi
776 4914 969 4973 labor?
1022 4917 1177 4975 Unus
1218 4937 1382 4978 orans
1416 4933 1471 4980 et
1518 4940 1659 4984 unus
1705 4930 2057 5000 malediccns,

458 5019 481 5056 ι
508 5006 662 5076 cujus
690 5022 877 5063 vocem
926 5010 1184 5067 exaudiet
1232 5013 1573 5073 Dominus?»
1609 5017 1721 5077 lloc
1762 5034 1865 5087 est,
1916 5026 2060 5095 quod

453 5097 703 5167 superius
732 5097 886 5166 dixit,
915 5099 1025 5156 Deo
1049 5103 1380 5160 sacrificium
1410 5113 1739 5181 acccptabile
1769 5134 1871 5170 im
1915 5132 2055 5185 esse,

455 5189 601 5259 quod
643 5204 711 5245 ex
738 5192 929 5262 rapina
971 5196 1091 5267 quis
1139 5196 1213 5254 illi
1248 5202 1432 5258 studet
1457 5205 1674 5261 offerre.
1726 5208 1774 5264 ls
1807 5228 1935 5283 ergo
1965 5214 2056 5283 qui

455 5279 613 5335 offert
643 5297 836 5337 munus
858 5300 924 5339 cx
954 5289 1180 5357 scelere,
1210 5293 1428 5350 videtur
1474 5298 1576 5352 sibi
1619 5299 1886 5357 .virtntum
1930 5305 2057 5359 mdi-

454 5369 994 5443 flciumprzeparare,
1024 5390 1078 5434 et
1105 5396 1213 5438 non
1264 5390 1547 5457 perpendit
1592 5391 1696 5445 hoc
1742 5395 2059 5468 opnslargi-

452 5463 585 5516 tatis
612 5478 722 5518 non
744 5479 885 5530 esse,
912 5469 1005 5521 sed
1027 5471 1232 5529 crimen
1256 5479 1517 5535 avaritim.
1553 5480 1705 5538 Unus
1733 5463 1874 5551 orat,
1901 5485 2057 5557 quasi

452 5560 555 5621 pro
598 5569 699 5609 suo
737 5553 882 5610 facto
920 5556 1087 5615 Deum
1142 5563 1549 5622 benedicendo:
1597 5570 1734 5625 alter
1783 5553 2056 5643 querimo-

454 5644 606 5701 niam
653 5652 991 5719 paupertatis
1034 5668 1143 5709 suae
1192 5657 1400 5727 profert
1445 5661 1513 5716 ad
1556 5661 1844 5718 Dominum
1894 5680 2055 5723 voces

456 5736 767 5797 exaltando.
820 5742 889 5799 Et
933 5744 1053 5802 ideo
1076 5745 1269 5803 horum
1311 5752 1487 5807 oratio
1517 5770 1638 5810 cum
1668 5757 1834 5812 odore
1876 5761 2051 5815 suavi-

459 5829 591 5887 tatis
642 5835 712 5891 ad
762 5833 1049 5895 Dominum
1096 5854 1205 5898 non
1260 5843 1520 5913 ascendit,
1578 5847 1705 5919 quia
1752 5851 2047 5909 concordia

2206 563 2374 619 ducit.

2282 677 2301 709 ε
2329 658 2433 726 Qui
2457 657 2765 730 baptizatur
2790 673 2821 714 a
2843 665 3079 723 mortuo,
3109 665 3165 713 et
3198 658 3397 715 iterum
3424 665 3583 735 tangit
3605 667 3736 738 illum,

2209 768 2228 805 ι
2256 751 2386 822 quid
2413 751 2630 820 proiicit
2652 750 2850 806 lavatio
2875 751 3060 806 illius?
3082 749 3164 808 sic
3203 752 3371 808 homo
3390 754 3479 823 qui
3502 755 3739 826 jejunatin

2209 860 2228 894 ι
2265 844 2496 913 peccatis
2524 844 2657 909 suis,
2703 851 2761 898 ct
2793 844 2990 897 iterum
3031 843 3224 898 eadem
3256 841 3479 910 faciens,
3508 850 3622 917 quid
3644 866 3739 921 pro-

2207 952 2225 987 r
2253 936 2366 991 ficit
2414 935 2752 991 humiliando
2782 930 2887 991 se?
2933 936 3241 991 orationem
3280 935 3436 992 illius.
3461 940 3575 1008 quis
3612 956 3740 1000 cna.

2206 1044 2225 1079 r
2255 1027 2406 1082 dict?
2433 1046 2453 1080 ι
2494 1026 2803 1098 Baptizatur
2834 1042 3035 1099 quippe
3059 1043 3090 1082 a
3122 1035 3346 1083 mortuo
3371 1029 3462 1099 qui
3503 1034 3740 1091 mandatur

2197 1117 2410 1175 ﬂetibus
2457 1134 2489 1173 a
2520 1127 2766 1191 peccato,
2815 1119 2912 1174 sed
2960 1127 3085 1189 post
3133 1120 3466 1190 baptismum
3517 1132 3739 1183 mortuum

2197 1213 2387 1285 tangit,
2419 1213 2513 1283 qui
2560 1213 2773 1284 culpam
2820 1220 2943 1285 post
2986 1212 3259 1285 lacrymas
3287 1215 3499 1285 repetit.
3529 1214 3622 1272 Sed
3642 1221 3740 1288 quid

2193 1306 2408 1377 proficit
2430 1307 2629 1361 lavatio
2667 1307 2829 1372 illius,
2863 1322 2985 1362 cum
3024 1322 3132 1361 non
3176 1316 3462 1377 permanet
3482 1312 3739 1367 emendatio

2193 1399 2353 1470 ejus?
2377 1399 2593 1469 chunat
2613 1407 2668 1455 et
2703 1400 2882 1469 plorat
2910 1414 3010 1469 pro
3036 1400 3280 1470 peccatis
3324 1400 3457 1466 suis,
3480 1401 3567 1455 sed
3592 1410 3737 1459 tamen

2190 1494 2448 1550 recedere
2479 1510 2587 1549 non
2622 1494 2736 1548 vult
2764 1492 2832 1547 ab
2874 1493 3039 1562 ipsis;
3088 1493 3234 1548 unde
3267 1490 3385 1560 ejus
3428 1493 3590 1547 oratio
3619 1510 3644 1548 a
3670 1496 3741 1549 Do-

2190 1586 2338 1641 mino
2360 1584 2609 1640 exaudiri
2657 1600 2765 1639 non
2796 1592 3058 1639 meretur.
3107 1582 3252 1650 Quid
3294 1592 3378 1639 est
3403 1584 3540 1640 enim
3569 1585 3736 1654 culpam

2186 1676 2340 1743 flere,
2362 1678 2469 1732 nisi
2494 1676 2855 1732 humilitatem
2879 1675 2992 1731 Deo
3015 1675 3326 1732 devotionis
3347 1692 3457 1731 sua:
3475 1679 3738 1733 ostendere?

2185 1770 2255 1825 Et
2284 1770 2413 1840 quid
2443 1777 2529 1825 est
2554 1778 2699 1840 post'
2726 1768 2915 1825 ﬂetum
2962 1783 3132 1838 prava
3162 1783 3351 1837 agere,
3404 1768 3506 1823 nisi
3532 1760 3737 1840 superbas

2191 1867 2247 1922 in
2270 1881 2394 1921 eum
2426 1880 2584 1934 quem
2614 1870 2901 1935 rogaverat
2928 1862 3244 1917 inimicitias
3268 1863 3559 1918 exercere?
3582 1862 3738 1918 Jacobo

2191 1966 2507 2022 attestante,
2529 1955 2622 2027 qui
2648 1957 2726 2011 ait
2751 1974 2765 2011 :
2799 1975 2817 2007 ‹
2844 1955 3166 2025 Quicunque
3190 1953 3430 2010 voluerit
3445 1954 3632 2010 amicus
3648 1970 3737 2010 esse

2191 2049 2351 2119 hujus
2377 2050 2584 2117 sazculi,
2616 2048 2870 2104 inimicus
2900 2047 2998 2103 Dei
3028 2045 3390 2103 constituitur
3417 2045 3606 2118 (Iacob.
3625 2048 3733 2117 tv).i

2189 2144 2454 2201 Dominus
2480 2158 2610 2216 ergo
2631 2142 2764 2214 quid
2810 2141 2965 2197 nobis
3002 2140 3324 2197 faciendum
3350 2140 3443 2209 sit,
3477 2155 3567 2210 per
3587 2139 3735 2195 lsaiam

2190 2252 2289 2295 nos
2318 2238 2557 2305 instruit,
2581 2238 2770 2297 dicens
2794 2253 2807 2290 :
2838 2254 2858 2289 ‹
2904 2235 3214 2302 Lavamini,
3255 2235 3444 2291 mundi
3469 2244 3640 2299 estote,
3663 2250 3735 2289 au-

2189 2331 2329 2387 ferte
2349 2329 2553 2385 malum
2576 2326 2968 2400 cogitationum
2994 2334 3308 2383 vestrarum
3333 2326 3403 2381 ab
3426 2326 3586 2382 oculis
3606 2324 3733 2381 meis:

2187 2422 2451 2496 quiescite
2492 2436 2654 2494 agere
2694 2436 2976 2493 perverse,
3022 2421 3219 2477 discite
3265 2420 3615 2481 benefacere,
3653 2428 3731 2472 etc.

2188 2516 2324 2588 (Isa.
2350 2517 2414 2588 ι).
2438 2536 2457 2569 ι
2488 2515 2619 2571 Post
2645 2514 2924 2570 lavacrum
2964 2515 3111 2571 enim
3133 2514 3373 2570 mundus
3397 2528 3514 2569 esse
3540 2511 3732 2583 negligit,

2184 2609 2432 2681 quisquis
2454 2617 2576 2679 post
2600 2608 2871 2680 lacrymas
2910 2608 3034 2663 vita:
3062 2608 3432 2663 innocentiam
3465 2622 3562 2662 non
3597 2612 3734 2660 custo-

2185 2700 2300 2765 dit;
2332 2705 2389 2754 et
2419 2700 2673 2755 lavantur
2717 2715 2864 2771 ergo,
2913 2708 2969 2755 et
3015 2712 3362 2770 nequaquam
3406 2697 3579 2754 mundi
3622 2702 3730 2757 sunt,

2182 2794 2276 2865 qui
2306 2794 2596 2850 commissa
2632 2793 2764 2850 flere
2806 2811 2915 2850 non
2963 2794 3241 2859 desinunt,
3285 2796 3380 2850 sed
3405 2808 3581 2849 rursus
3600 2790 3731 2845 flenda

2181 2886 2546 2941 committunt.
2598 2886 2642 2941 E
2678 2895 2869 2942 contra
2914 2901 3046 2943 vero
3088 2887 3238 2943 lavat
3288 2902 3349 2943 se
3379 2900 3411 2941 a
3442 2885 3663 2942 sordibus
3692 2891 3733 2936 et

2182 2978 2418 3034 mundus
2442 2986 2749 3049 permanet,
2786 2980 2877 3050 qui
2927 2988 3152 3050 peccata
3193 2978 3473 3050 praeterita
3515 2972 3724 3044 lacrymis

2180 3070 2350 3138 lavat,
2378 3081 2433 3127 et
2468 3088 2531 3127 ea
2562 3088 2781 3129 rursum
2807 3087 2917 3128 non
2939 3081 3262 3145 perpetrare
3286 3079 3483 3137 certat,
3511 3069 3594 3125 sed
3612 3066 3731 3122 bonis

2181 3165 2437 3236 operibus
2465 3175 2728 3237 quantum
2756 3168 3075 3240 praevaleret
3099 3166 3357 3223 insistere
3379 3165 3599 3229 festinat,
3621 3158 3730 3215 unde

2182 3259 2397 3315 Domini
2426 3261 2659 3333 gratiam
2697 3278 2796 3333 pro
2824 3262 2966 3319 bona
3010 3262 3428 3319 conversatione
3454 3274 3543 3317 sua
3576 3254 3729 3313 merito

2180 3353 2440 3411 inveniet.
2467 3356 2544 3411 De
2567 3370 2675 3427 quo
2703 3366 2759 3413 et
2788 3356 3058 3413 subditur.

2800 3466 3031 3527 CAPUT
3066 3468 3157 3528 IV.

2179 3546 2857 3633 Discivlina‘custodiendm
2903 3560 3053 3632 legis,
3087 3571 3135 3615 et
3175 3560 3320 3633 quod
3367 3549 3723 3629 sacriﬁcaturi:

2553 3632 2788 3687 salutare
2827 3634 3095 3688 attendere
3121 3632 3411 3687 mandatis.

2248 3722 2402 3797 (Cap.
2428 3724 2620 3797 xxxv.)
2658 3734 2680 3777 ι
2735 3724 2838 3792 Qui
2887 3733 3177 3781 conservat
3215 3723 3415 3798 legem,
3459 3715 3723 3789 multiplicat

2182 3814 2581 3870 «oblationem.
2637 3814 2981 3871 Sacrificium
3036 3816 3277 3874 salutare
3323 3824 3445 3882 est,
3496 3810 3722 3867 attendere

2180 3925 2200 3959 ι
2225 3907 2517 3974 mandatis,
2555 3914 2611 3963 et
2638 3907 2920 3964 discedere
2966 3910 3035 3965 ab
3076 3910 3226 3964 omni
3270 3909 3561 3981 iniquitate,
3586 3912 3630 3959 et
3653 3901 3723 3955 de.

2177 4014 2198 4049 ι
2226 4000 2473 4068 precatio
2492 3998 2609 4068 ejus
2637 4014 2822 4057 coram
2854 4000 3027 4057 oculis
3052 4000 3149 4056 Dei
3189 4001 3430 4057 inveniet
3469 3996 3716 4089 gratiam}

2172 4087 2320 4144 Bene
2345 4104 2476 4160 ergo
2497 4098 2641 4156 orat,
2674 4090 2767 4161 qui
2815 4091 3069 4146 mandata
3120 4090 3217 4146 Dei
3268 4087 3717 4155 servat;etsacri-

2173 4180 2354 4249 ficium
2386 4182 2625 4237 salutare
2676 4181 2854 4249 oﬂ‘ert,
2903 4183 2997 4253 qui
3039 4198 3239 4239 munus
3288 4189 3447 4238 rectae
3486 4175 3594 4233 ﬁdei
3626 4184 3717 4241 qua!

2170 4288 2269 4344 per
2290 4274 2636 4332 dilectionem
2661 4285 2941 4347 operatur,
2977 4278 3090 4333 Deo
3117 4276 3379 4332 exhibet:
3427 4273 3628 4341 talisque
3650 4266 3717 4320 de-

2169 4366 2411 4436 precatio
2457 4382 2642 4423 coram
2692 4368 2864 4425 oculis
2916 4368 3012 4424 Dei
3064 4370 3309 4426 inveniet
3341 4368 3573 4441 gratiam,
3618 4357 3714 4430 quia

2168 4459 2306 4516 bene
2332 4462 2609 4531 operando
2655 4462 2894 4517 servavit
2928 4462 3218 4534 justitiam.
3256 4462 3410 4518 Unde
3452 4472 3541 4529 per
3560 4452 3712 4509 Isaiam

2168 4552 2402 4607 dicitur:
2454 4572 2475 4606 ‹
2526 4553 2773 4611 Dissolve
2818 4554 3191 4625 colligationes
3239 4551 3558 4625 impietatis,
3594 4543 3712 4643 soi“?

2167 4641 2457 4698 fasciculos
2502 4643 2890 4714 deprimentes,
2946 4646 3158 4701 dimitte
3212 4660 3309 4701 eos
3355 4644 3446 4715 qui
3496 4637 3709 4698 confracti

2169 4743 2297 4790 sunt
2324 4735 2543 4802 liberos,
2595 4745 2650 4793 et
2677 4751 2841 4794 omne
2885 4753 3027 4794 onus
3054 4739 3350 4811 disrumpc.
3400 4737 3591 4806 Frange
3612 4743 3709 4830 est?

2168 4827 2327 4883 rienti
2369 4843 2563 4898 panem
2616 4836 2791 4898 tuum,
2838 4839 2895 4887 et
2927 4846 3126 4903 egenos
3172 4845 3444 4904 vagosque
3491 4828 3629 4884 induc
3668 4827 3707 4874 in

2168 4920 2387 4975 domum
2418 4929 2606 4991 tuam;
2657 4934 2781 4979 cum
2835 4924 3038 4980 videris
3085 4925 3311 4990 nudum,
3357 4920 3498 4994 Operi
3524 4917 3708 5013 enimcf

2167 5025 2389 5067 carnem
2433 5021 2578 5069 tuam
2622 5030 2690 5071 ne
2731 5015 3064 5087 despexeris.
3115 5014 3267 5072 Tunc
3307 5021 3539 5085 erumpet
3586 5017 3705 5077 (1⁸³³⁵³

2166 5119 2323 5160 mane
2353 5106 2533 5163 lumen
2575 5113 2745 5173 tuum,
2790 5117 2846 5164 et
2879 5110 3084 5165 sanitas
3126 5117 3215 5165 tua
3255 5110 3410 5165 citius
3449 5100 3705 5197 orieturrt‘i

2165 5199 2395 5254 anteibit
2432 5200 2628 5256 faciem
2658 5208 2807 5256 tuam
2838 5201 3048 5271 justitia
3080 5213 3193 5269 tua,
3235 5211 3289 5258 et
3330 5201 3488 5273 gloria
3530 5192 3702 5249 Domini

2165 5293 2381 5365 colliget
2436 5302 2506 5349 te.
2559 5295 2711 5350 Tunc
2757 5296 3056 5362 invocabis,
3100 5303 3156 5350 et
3181 5295 3434 5351 Dominus
3458 5285 3697 5346 exaudiet;

2164 5385 2447 5452 clamabis,
2472 5394 2529 5441 et
2556 5385 2718 5453 dicet,
2754 5387 2892 5443 Ecce
2918 5389 3109 5443 adsum
3136 5386 3267 5457 (Ira.
3296 5385 3491 5456 LVIII).)

2240 5498 2259 5530 ι
2291 5479 2561 5535 Retribuit
2611 5480 2866 5547 gratiam,
2917 5479 3009 5548 qui
3059 5478 3221 5534 offert
3271 5468 3699 5545 similaginemii‘i

2167 5585 2186 5618 c
2214 5570 2305 5638 qui
2356 5570 2487 5625 facit
2531 5569 2984 5638 misericordiam,
3033 5571 3193 5628 otl‘ert
3248 5570 3609 5626 sacriﬁcium.»
3644 5552 3698 5611 U-

2155 5671 2407 5735 trumque
2449 5666 2592 5720 enim
2632 5680 2828 5721 munus
2865 5665 2975 5721 Deo
3019 5674 3102 5721 est
3124 5661 3461 5736 aceeptabile,
3496 5658 3582 5712 hoc
3613 5656 3693 5712 est,

2154 5754 2283 5813 illud
2313 5758 2453 5828 quod
2490 5758 2543 5812 in
2583 5759 2740 5828 panis
2765 5767 2819 5813 et
2849 5758 2959 5812 vini
3002 5756 3277 5814 oblatione
3302 5757 3369 5812 ob
3413 5754 3691 5809 commemo‘

2154 5852 2419 5911 rationem
2448 5854 2660 5912 Domini
2710 5854 2885 5913 nostri
2930 5852 3057 5912 Jesu
3086 5853 3288 5913 Christi
3336 5853 3434 5910 rite
3475 5850 3522 5906 in
3561 5841 3687 5898 ιΙιεη
