4030 6468
329 392 473 473 tots

1183 384 1542 454 Gonnum.
1580 338 2306 447 maestususrtcun.
2352 416 2425 429 -
2459 362 2589 447 Ll'B.
2631 382 2766 444 vui.

3485 378 3626 441 i0“

320 530 549 588 oilertur
585 523 706 579 Deo
748 526 805 576 et
848 519 954 573 hoc
985 512 1132 586 quod
1160 524 1279 596 per
1318 506 1606 565 charitatis
1661 500 1919 559 affectum
1951 506 2001 567 Α
2026 500 2290 565 datorem,
2319 496 2486 556 Paulo
2510 506 2825 566 attestante,
2876 496 3050 570 diligit
3078 498 3220 555 Deus
3249 486 3337 573 (11
3364 496 3486 553 Cor.
3521 496 3625 572 ιι),

325 616 752 680 misericorditer
794 612 853 666 in
895 602 1311 665 necessitatibus
1360 602 1476 657 suis
1500 597 1779 655 confertur
1799 611 1925 669 pro-

324 712 512 777 ximo;
544 707 641 764 sed
666 704 796 776 quia
833 701 952 756 hac
993 706 1124 754 tunc
1163 696 1323 768 digne
1370 693 1439 748 ab
1463 690 1725 747 oﬂ'erente
1766 689 1925 746 exhi-

327 803 529 860 bentur
549 799 679 861 Deo,
707 795 753 850 si
773 806 835 849 se
876 788 1145 847 studuerit
1165 787 1466 844 immunem
1491 795 1711 840 servare
1737 795 1771 836 a
1792 788 1925 853 pec-

328 904 474 961 cato,
502 890 783 963 sequitur:

410 1005 431 1040 ι
457 982 863 1055 Beneplacitum
886 984 972 1035 est
995 974 1223 1032 Domino
1246 970 1502 1028 recedere
1526 969 1594 1025 ab
1621 965 1927 1040 iniquitate,

338 1098 358 1131 ι
386 1086 443 1134 et
466 1073 775 1147 deprecatio
808 1084 911 1141 pro
935 1066 1176 1141 peccatis
1204 1063 1463 1120 recedere
1488 1060 1558 1147 ab
1587 1059 1873 1131 injustitia.
1902 1078 1922 1112 ι

330 1172 481 1233 Bene
502 1140 680 1241 placet
706 1140 934 1221 Domino
962 1162 1059 1233 qui
1102 1158 1306 1216 recedit
1333 1157 1402 1211 ab
1430 1140 1731 1211 errantium
1758 1154 1931 1209 hatre-

333 1266 569 1321 tioorum
592 1258 868 1316 consortio
895 1274 910 1324 ;
940 1254 1163 1325 ejusque
1190 1248 1498 1321 deprecatio
1526 1245 1760 1301 multum
1788 1243 1933 1300 valet

333 1357 478 1429 apud
519 1355 711 1418 Deum,
762 1351 858 1421 qui
905 1348 1047 1404 male
1094 1341 1437 1416 operantium
1482 1337 1735 1394 societati
1784 1335 1932 1391 nullo

334 1450 681 1522 coniungitur
706 1454 886 1518 pacto.
921 1442 1077 1498 Unde
1096 1438 1360 1509 scriptum
1380 1444 1465 1491 est
1489 1451 1503 1488 :
1536 1450 1555 1485 ι
1604 1431 1810 1488 Facere
1831 1430 1933 1485 mi-

341 1563 363 1596 ι
390 1541 737 1599 sericordiain
774 1546 831 1593 et
851 1535 1135 1609 judicium,
1180 1531 1354 1602 magis
1399 1527 1579 1600 placet
1620 1526 1732 1583 Deo
1771 1538 1935 1597 quam

343 1656 363 1690 ι
392 1636 632 1693 victima:
663 1632 848 1706 (Prov.
871 1630 1010 1703 ut).
1035 1645 1055 1683 ι

417 1747 438 1781 ι
466 1727 583 1782 Νοιι
612 1723 902 1796 apparebit;
930 1729 1056 1776 ante
1075 1724 1423 1790 conspectum
1446 1714 1544 1771 Dei
1566 1726 1788 1769 vacuus.
1810 1709 1939 1766 Hac

341 1841 361 1873 ι
390 1822 534 1875 enim
561 1818 743 1875 omnia
786 1826 1011 1887 propter
1043 1813 1363 1869 mandatum
1394 1807 1608 1864 Domini
1639 1806 1796 1860 fiunt.
1826 1823 1845 1856 ι
1879 1804 1938 1858 in

2030 605 2086 652 et
2111 597 2307 651 bonam
2328 594 2659 650 voluntatem
2684 591 3024 650 oil‘crentium
3045 594 3413 667 gratissimam
3440 592 3624 648 habet.

2030 688 2186 748 Unde
2234 686 2341 744 duo
2392 703 2503 743 tera
2538 687 2744 741 minuta
2780 685 2954 741 viduae
2987 683 3330 757 pauperculae
3376 682 3630 739 Salvator

2026 782 2087 839 in
2120 778 2410 855 Evangelia
2436 779 2649 837 cunctis
2693 776 2953 847 donariis,
2991 794 3110 850 qua:
3150 792 3249 851 per
3293 775 3536 833 diversos
3561 775 3631 831 ad

2029 874 2292 946 templum
2346 871 2754 940 deferebantur,
2818 871 3113 944 praeposuit
3165 868 3318 943 (Luc.
3370 865 3485 941 xxx)
3514 907 3530 935 ,
3577 872 3635 924 et

2032 969 2259 1025 calicem
2310 982 2462 1039 aquae
2517 963 2727 1039 frigidae
2780 962 2837 1021 in
2888 964 3086 1037 populo
3140 964 3329 1020 datum
3379 978 3488 1019 non
3516 960 3633 1019 sine

2031 1062 2284 1119 mercede
2306 1073 2424 1116 esse
2444 1056 2817 1130 pronuntiavit
2842 1054 3057 1130 (Matth.
3085 1052 3163 1130 χ).
3202 1053 3485 1110 Primitias
3504 1067 3634 1127 ergo

2032 1163 2091 1210 et
2123 1153 2362 1211 decimas
2390 1149 2651 1207 Dominus
2679 1150 2735 1205 in
2759 1146 2947 1205 Exodo
2974 1148 3174 1221 populo
3201 1145 3499 1204 lsraelitico
3520 1143 3636 1217 jus-

2035 1249 2108 1306 sit
2134 1248 2282 1314 dare,
2334 1246 2429 1303 sed
2479 1253 2609 1301 tunc
2662 1243 2998 1301 solummodo
3048 1241 3409 1312 acceptabiles
3454 1246 3636 1306 erunt,

2036 1343 2252 1415 quando
2299 1344 2442 1399 bono
2490 1341 2672 1396 animo
2714 1337 3014 1395 offeruntur
3063 1334 3259 1409 (Exod.
3301 1347 3437 1401 χχιι,
3474 1346 3637 1400 mn,

2036 1434 2246 1509 xxxxv).
2280 1435 2502 1508 Mystice
2532 1444 2714 1491 autem
2764 1431 3015 1506 primitiae
3050 1429 3267 1503 frugum
3312 1428 3399 1485 vel
3425 1428 3636 1509 primo-

2040 1507 2367 1601 genitorum,
2416 1528 2684 1600 principia
2723 1540 2950 1598 operum
3002 1524 3271 1580 bonorum
3318 1507 3638 1586 ostendunt,

2042 1622 2126 1677 vel
2156 1621 2331 1692 ipsum
2369 1618 2569 1675 bonam
2608 1618 2963 1683 voluntatem,
2997 1629 3117 1687 qua:
3144 1613 3295 1685 prior
3344 1620 3430 1668 est
3454 1623 3641 1683 opere,

2044 1731 2205 1785 quam
2256 1713 2535 1785 Pelagiani
2589 1712 2694 1769 sibi
2752 1710 3040 1767 tribuendo
3094 1707 3375 1765 oiiendunt
3422 1724 3436 1761 :
3498 1705 3645 1761 Deus

2045 1815 2226 1863 autem
2264 1807 2392 1862 dum
2418 1804 2509 1862 illa
2540 1804 2642 1861 sibi
2668 1821 2698 1860 a
2729 1804 2885 1859 nobis
2910 1802 3066 1876 jubet
3093 1800 3297 1866 oil‘erri,
3344 1797 3548 1854 indicat
3576 1795 3646 1852 ad

334 1921 630 1981 conspectu
674 1884 907 1964 Domini
927 1921 1130 1964 vacuus
1170 1912 1415 1975 apparet,
1463 1901 1557 1972 qui
1587 1899 1719 1954 nihil
1745 1912 1933 1953 secum
1958 1896 2009 1958 B
2037 1899 2208 1971 ipsius
2249 1897 2481 1969 gratiam
2514 1896 2809 1968 pertinere.
2853 1893 2914 1949 In
2944 1890 3169 1949 decimis
3196 1890 3380 1961 itaque
3421 1887 3535 1943 Deo
3559 1884 3643 1943 of;

270 1996 280 2006 ’
335 2009 404 2063 de
428 1976 608 2061 fructu
644 2005 848 2060 laboris
875 2010 1077 2074 portat.
1111 2000 1263 2054 Alius
1309 2010 1547 2066 namque
1572 1993 1937 2065 adipiscendis
2044 1990 2282 2047 ferendis
2326 1989 2579 2045 denarius
2607 2002 2867 2042 numerus
2910 1983 3302 2055 perfectionem
3350 1976 3644 2051 signiﬁcat,

337 2100 641 2158 honoribus
667 2069 919 2163 exsudat,
964 2095 1105 2151 alius
1145 2090 1567 2162 multiplicandis
1594 2087 1940 2143 facultatibus
2045 2081 2172 2152 quia
2198 2094 2369 2151 usque
2396 2080 2466 2136 ad
2498 2079 2677 2149 ipsum
2708 2093 2968 2134 numerus
2993 2074 3213 2132 crescit.
3249 2071 3484 2144 ideoque
3506 2069 3648 2126 sicut

334 2200 552 2257 mantat,
577 2190 715 2245 alius
740 2186 1120 2260 promerendis
1144 2184 1391 2239 laudibus
1418 2180 1674 2246 anhelat;
1699 2179 1794 2236 scd
1813 2178 1941 2249 quia
2045 2174 2102 2229 in
2131 2173 2387 2245 primitiis
2409 2172 2676 2244 principia
2699 2171 3061 2237 voluntatum,
3086 2166 3165 2223 ita
3189 2167 3247 2221 in
3267 2164 3495 2223 decimis
3521 2177 3651 2218 con-

335 2290 529 2338 cuncta
557 2283 673 2337 haec
701 2257 789 2337 hic
809 2278 1053 2351 quisquis
1082 2276 1324 2331 moriens
1360 2271 1585 2339 deserit,
1615 2278 1741 2325 ante
1767 2270 1941 2326 Deum
2046 2265 2438 2321 summationes
2485 2272 2801 2320 nostrorum
2850 2276 3079 2336 operum
3125 2258 3194 2315 ad
3233 2257 3527 2314 Dominum
3561 2270 3648 2310 re-

334 2390 543 2432 vacuus
564 2381 804 2446 apparet,
833 2372 959 2443 quia
991 2383 1176 2426 secum
1212 2375 1341 2423 ante
1364 2366 1607 2439 judicem
1630 2363 1768 2420 nihil
1793 2364 1939 2420 tulit.

339 2471 479 2527 Hinc
517 2483 646 2539 ergo
674 2480 775 2539 per
800 2468 974 2537 legem
1019 2464 1312 2521 salubriter
1349 2461 1730 2528 admonemur,
1759 2459 1945 2515 dicen-

334 2570 446 2617 tem
474 2580 486 2615 :
526 2579 546 2613 ι
577 2560 693 2615 Νοιι
724 2559 1011 2629 apparebis
1045 2564 1173 2613 ante
1195 2560 1550 2626 conspectum
1599 2550 1816 2607 Domini
1843 2565 1942 2607 va-

334 2668 472 2709 cuus
486 2653 686 2726 (Exod.
700 2649 1085 2722 xxm,xxx1v).
1107 2668 1125 2703 ι
1145 2648 1247 2718 Qui
1263 2648 1405 2704 enim
1419 2646 1797 2718 promerendae
1817 2645 1946 2702 vitae

336 2746 647 2802 mercedem
677 2744 819 2801 bene
848 2743 1057 2816 agendo
1108 2756 1217 2798 non
1255 2739 1516 2812 providit,
1558 2732 1620 2794 in
1651 2746 1948 2810 conspectu

336 2836 553 2893 Domini
571 2851 776 2892 vacuus
796 2843 1042 2905 apparet.
1069 2833 1208 2888 Hinc
1221 2832 1288 2887 dc
1300 2830 1463 2901 justis
1482 2844 1582 2902 per
1599 2829 1949 2885 Psalmistam

339 2931 581 2988 dicitur:
610 2947 630 2981 ι
676 2926 971 2984 Venientes
998 2935 1183 2983 autem
1224 2925 1444 2981 venient
1477 2924 1536 2978 in
1562 2922 1945 2990 exsultatione,

340 3031 624 3096 portantes
649 3021 953 3093 manipulos
980 3034 1111 3076 suos
1133 3017 1306 3092 (Psat.
1332 3016 1520 3090 cxxv).
1547 3034 1568 3070 ι
1601 3016 1686 3073 Ad
1712 3029 1946 3073 examen

339 3116 540 3187 quippe
555 3114 746 3185 judicii
794 3120 1074 3186 portantes
1123 3110 1427 3182 manipulos
1474 3110 1722 3177 veniunt,
1765 3108 1861 3180 qui
1893 3108 1950 3165 in

339 3210 664 3279 semetipsos
713 3217 865 3265 recta
917 3219 1106 3278 opera,
1164 3205 1360 3278 quibus
1393 3203 1566 3260 vitam
1614 3212 1950 3271 mereantur,

340 3301 659 3359 ostendunt.

422 3413 441 3446 ι
466 3393 680 3450 Ohiatio
706 3392 840 3464 justi
872 3391 1173 3463 impingunt
1196 3388 1390 3454 altare,
1419 3396 1476 3443 et
1508 3386 1645 3443 odor
1668 3385 1953 3444 suavitatis

351 3504 369 3538 ι
399 3494 484 3541 est
513 3486 569 3541 in
591 3493 880 3556 conspectu
923 3482 1209 3539 Altissimi.
1246 3479 1590 3537 Sacriﬁcium
1629 3478 1763 3548 justi
1792 3490 1950 3535 acce-

352 3595 373 3629 ι
400 3561 551 3648 ptum
580 3584 687 3643 est,
729 3584 785 3631 et
812 3574 1132 3631 memoriam
1159 3571 1278 3645 ejus
1327 3586 1434 3628 non
1462 3571 1817 3627 obliviscetur
1846 3571 1954 3626 Do-

352 3690 372 3723 ‹
406 3673 611 3728 minus.
640 3691 659 3725 ι
694 3671 822 3727 ideo
848 3685 979 3743 ergo
1002 3670 1205 3726 oblatio
1245 3666 1381 3739 justi
1429 3664 1729 3739 impingunt
1758 3666 1951 3733 altare,

345 3764 473 3833 quia
505 3779 572 3818 ex
615 3778 756 3819 verte
802 3762 1089 3818 charitatis
1132 3759 1358 3817 otiertur
1396 3758 1721 3826 devotione;
1755 3766 1809 3813 et
1832 3757 1955 3813 ideo

345 3854 403 3911 in
436 3865 726 3927 conspectu
757 3856 854 3911 Dei
880 3856 1062 3911 suavis
1091 3862 1177 3910 est
1206 3853 1364 3919 odor,
1395 3853 1528 3923 quia
1558 3851 1952 3907 misericordiae

342 3955 403 4003 et
437 3947 682 4002 veritatis
711 3946 768 4002 in
794 3962 861 4001 ea
896 3961 957 4001 re
998 3944 1194 4017 ﬂagrat
1230 3945 1413 4000 ardor.
1458 3942 1797 4000 Sacriﬁcium
1820 3942 1955 4013 justi

345 4045 431 4093 ost
473 4035 585 4092 Deo
628 4044 936 4106 acceptum,
974 4036 1235 4106 quoniam
1277 4036 1542 4091 bonorum
1579 4049 1803 4106 operum
1837 4033 1956 4103 ejus

349 4144 548 4185 munus
596 4129 710 4185 Deo
743 4136 831 4184 est
880 4128 1271 4200 gratissimum.
1328 4126 1483 4183 Unde
1533 4136 1590 4181 et
1634 4127 1955 4183 memoriam

346 4220 468 4289 tajus
509 4237 616 4277 non
657 4220 1009 4276 obliviscetur
1042 4218 1341 4275 Dominus:
1373 4235 1393 4270 ι
1440 4217 1707 4285 Quoniam
1742 4217 1797 4271 in
1842 4231 1958 4272 me-

350 4312 525 4368 moria
562 4320 765 4369 aeterna
807 4310 916 4368 erit
966 4309 1169 4382 justus,
1223 4311 1293 4367 ab
1339 4309 1613 4367 auditione
1656 4308 1800 4364 mala
1846 4325 1957 4365 non

353 4404 585 4459 timebit.
607 4423 627 4457 ι

431 4513 451 4545 ι
483 4494 633 4551 Βοιιο
657 4494 838 4551 animo
875 4494 1107 4567 gloriam
1136 4494 1302 4551 redde
1342 4495 1477 4564 Deo,
1507 4503 1564 4553 et
1594 4512 1704 4555 non
1744 4497 1958 4553 minuas

361 4608 382 4643 ι
408 4588 681 4660 primitias
734 4604 991 4646 manuum
1044 4598 1324 4647 tuaruma
1358 4591 1533 4648 Omne
1576 4607 1774 4648 munus
1813 4591 1956 4663 quod

2046 2356 2190 2416 l‘erre
2214 2357 2581 2429 przecipimur,
2626 2372 2657 2411 a
2698 2371 2806 2427 quo
2838 2362 2894 2411 et
2939 2352 3067 2412 boni
3110 2350 3294 2424 operis
3330 2346 3570 2416 initium,
3597 2355 3655 2405 et

2044 2450 2401 2523 perfectionis
2431 2449 2664 2505 donatur
2692 2447 2935 2504 eil‘ectus.

2123 2563 2145 2597 ι
2173 2545 2252 2600 Da
2278 2544 2559 2599 Altissimo
2601 2541 2898 2598 secundum
2934 2540 3123 2596 datum
3150 2536 3289 2610 ejus,
3322 2543 3378 2594 et
3426 2535 3481 2592 in
3509 2533 3653 2590 bono

2054 2658 2072 2692 ι
2101 2637 2257 2694 oculo
2287 2636 2727 2693 adinventionem
2758 2634 2923 2690 facito
2943 2648 3200 2689 manuum
3227 2638 3442 2687 tuarum
3470 2645 3485 2683 :
3517 2640 3654 2698 quo-

2054 2749 2074 2785 ι
2102 2731 2252 2786 niam
2296 2728 2559 2786 Dominus
2610 2729 2917 2785 retribuens
2962 2734 3068 2793 est,
3116 2733 3171 2782 et
3210 2723 3414 2796 septies
3442 2727 3653 2776 tantum

2055 2843 2075 2877 ι
2105 2825 2296 2882 reddet
2318 2824 2436 2881 tibi.
2464 2844 2483 2877 ι
2516 2825 2623 2880 Dat
2640 2822 2921 2879 Altissimo
2946 2819 3244 2877 secundum
3263 2816 3450 2874 datum
3473 2828 3655 2879 suum,

2051 2925 2143 2995 qui
2181 2923 2572 2980 beneﬁciorum
2615 2938 2836 2979 suorum
2881 2936 3091 2978 memor
3117 2961 3133 2987 ,
3178 2919 3417 2990 primum
3458 2922 3659 2972 semet-

2052 3017 2230 3091 ipsum
2268 3026 2417 3073 rccte
2455 3015 2728 3073 credendo
2757 3024 2813 3071 et
2834 3010 2974 3070 bene
3016 3010 3291 3084 operando
3319 3007 3482 3066 offert
3517 3008 3651 3071 Deo,

2051 3109 2179 3182 quia
2207 3110 2275 3167 ab
2311 3110 2426 3183 ipso
2456 3098 2791 3179 habet'quod
2814 3104 3243 3163 substantialiter
3264 3111 3369 3171 est,
3400 3100 3657 3175 quoniam

2060 3223 2079 3256 ι
2103 3219 2169 3259 ex
2198 3205 2334 3277 ipso,
2363 3212 2421 3260 et
2454 3219 2554 3277 per
2580 3203 2781 3275 ipsum,
2808 3210 2864 3256 et
2897 3199 2952 3256 in
2976 3200 3095 3272 ipso
3115 3206 3242 3256 sunt
3266 3196 3448 3253 omnia
3478 3194 3659 3268 (Rom.

1975 3275 2024 3341 Ο
2055 3275 2440 3373 xxii-Deinde
2461 3275 2575 3353 hoc
2628 3292 2773 3368 quod
2819 3302 2976 3352 extra
3025 3310 3084 3351 se
3136 3293 3220 3349 sui
3267 3289 3509 3347 muneris
3535 3301 3659 3358 pos-

2055 3390 2218 3459 sidet,
2245 3387 2389 3446 bona
2412 3386 2713 3444 intentione
2748 3394 2919 3442 totum
2957 3385 3012 3440 in
3057 3380 3273 3441 laudem
3298 3380 3417 3454 ejus
3461 3392 3663 3449 expen—
3706 3414 3711 3419 -

2055 3482 2185 3541 dat:
2217 3483 2323 3540 hoc
2368 3490 2456 3539 est
2500 3481 2644 3539 enim
2692 3481 2835 3553 quod
2876 3477 3026 3547 dicit,
3060 3496 3079 3530 ι
3125 3475 3196 3533 Et
3243 3475 3298 3531 in
3333 3475 3478 3531 bono
3505 3469 3662 3528 oculo

2055 3574 2492 3634 adinventionem
2545 3572 2712 3629 facito
2761 3584 3020 3628 manuum
3074 3576 3332 3624 tuarum:
3399 3561 3659 3634 quoniam

2055 3668 2337 3736 Dominus,
2375 3664 2570 3740 inquit,
2605 3664 2805 3739 septies
2852 3671 3062 3719 tantum
3112 3658 3339 3717 reddet:
3376 3677 3395 3710 ›
3425 3654 3529 3712 hoc
3555 3660 3660 3720 est,

2054 3762 2353 3837 perlectam
2411 3758 2908 3817 remunerationem
2961 3750 3247 3811 retribuet.
3306 3744 3663 3837 Septenarius

2055 3856 2201 3914 enim
2230 3869 2488 3910 numerus
2516 3859 2740 3924 propter
2780 3844 2923 3905 dona
2968 3844 3205 3919 Spiritus
3234 3841 3432 3907 sancti,
3460 3853 3581 3909 qua:
3605 3833 3664 3891 in

2055 3965 2121 4005 eo
2151 3950 2612 4012 demonstrantur,
2658 3940 2937 4016 perfectus
2967 3947 3071 4007 est,
3124 3946 3180 3993 et
3209 3934 3337 4009 quia
3384 3932 3529 3990 idem
3554 3945 3659 3986 nu-

2056 4060 2239 4100 merus
2276 4041 2589 4098 interiorem
2634 4047 2690 4094 et
2743 4035 3071 4094 exteriorem
3117 4027 3356 4089 hominis
3404 4027 3660 4084 substan-

2058 4136 2188 4192 tiam
2219 4132 2649 4206 comprehendit,
2680 4128 2783 4186 hoc
2813 4137 2917 4196 est,
2966 4127 3022 4182 in
3065 4122 3305 4181 ternario
3337 4118 3533 4177 animae
3562 4131 3661 4173 na-

2060 4235 2255 4291 turam,
2290 4225 2344 4280 in
2373 4224 2725 4295 quaternario
2772 4236 2902 4277 vero
2936 4218 3205 4288 corporis.
3244 4212 3402 4272 Unde
3454 4210 3529 4267 ita
3560 4208 3663 4280 ipsi

2058 4317 2265 4374 homini
2293 4316 2347 4371 in
2376 4316 2493 4388 lege
2519 4311 2864 4385 praecipitur:
2896 4329 2915 4363 ι
2946 4309 3147 4380 Diliges
3170 4303 3462 4361 Dominum
3487 4300 3660 4356 Deum

2058 4419 2211 4466 tuum
2242 4426 2310 4466 ex
2338 4417 2449 4465 toto
2480 4406 2643 4463 corde
2673 4413 2787 4471 tuo,
2823 4413 2877 4463 et
2918 4419 2987 4459 ex
3016 4409 3128 4457 tota
3157 4399 3338 4455 anima
3368 4403 3480 4463 tua,
3511 4400 3567 4449 et
3593 4406 3663 4448 ex

2062 4511 2172 4559 tota
2196 4504 2399 4557 virtute
2425 4508 2512 4555 tua
2537 4497 2714 4573 (Deut.
2740 4493 2879 4569 νὴ.»
2915 4490 3123 4566 Corpus
3155 4497 3338 4546 autem
3358 4483 3665 4545 notissimis

2060 4605 2294 4667 quatuor
2343 4601 2559 4651 constat
2602 4584 2906 4655 elementis,
2968 4586 3073 4643 hoc
3116 4589 3221 4649 est,
3277 4587 3447 4645 terra,
3497 4590 3663 4647 aqua,

354 4701 424 4743 ex
449 4685 593 4742 bono
614 4687 798 4744 animo
825 4703 937 4743 non
963 4686 1141 4755 datur,
1183 4690 1416 4762 gratiam
1441 4705 1628 4747 coram
1656 4689 1832 4746 oculis
1860 4689 1957 4745 Dei
1980 4650 2035 4713 Β
2064 4650 2211 4758 tiere,
2244 4698 2299 4745 et
2328 4689 2469 4762 igne.
2514 4687 2701 4742 Potest
2744 4683 2798 4737 in
2844 4650 3068 4753 septena
3105 4674 3463 4733 retributione
3494 4669 3666 4742 ipsius

356 4780 508 4837 nullo
534 4780 696 4837 modo
722 4790 986 4850 meretur,
1019 4784 1148 4853 quia
1185 4784 1350 4841 homo
1373 4785 1522 4841 videt
1548 4785 1605 4840 in
1633 4783 1787 4848 facie,
1815 4785 1958 4839 Deus

357 4882 540 4929 autem
574 4874 816 4929 intuetur
840 4890 958 4930 cor.
986 4875 1141 4932 Unde
1168 4877 1430 4934 Dominus
1455 4893 1627 4933 vanas
1661 4877 1847 4934 laudes
1866 4876 1959 4932 Ju-

358 4964 600 5023 daeorum
627 4981 724 5036 per
750 4968 1073 5038 prophetam
1102 4968 1375 5040 reprobat,
1407 4970 1594 5025 dicens
1619 4988 1632 5023 :
1666 4988 1685 5019 ι
1721 4968 1959 5039 Populus

359 5058 450 5115 hic
478 5058 638 5115 labiis
662 5075 749 5116 me
783 5061 1039 5126 honorat,
1063 5077 1160 5116 cor
1196 5072 1377 5117 autem
1414 5076 1603 5117 eorum
1641 5060 1798 5133 longe
1820 5069 1905 5117 est
1928 5077 1959 5115 a

358 5170 450 5210 me
477 5155 612 5227 (Ira.
638 5156 815 5231 xxu).
850 5157 908 5212 in
930 5173 1131 5212 vanum
1158 5166 1340 5214 autem
1364 5158 1551 5214 colunt
1568 5171 1677 5224 me,
1705 5157 1962 5213 docentes

360 5250 639 5306 doctrinas
685 5261 742 5306 et
786 5252 1040 5307 mandata
1075 5253 1352 5308 hominum
1383 5250 1575 5324 (Marc.
1618 5249 1785 5322 vn)”
1825 5267 1844 5300 ι
1895 5250 1961 5305 Et

360 5355 470 5395 non
518 5340 750 5405 minuas,
793 5342 1001 5411 inquit.
1050 5343 1320 5412 primitias
1363 5354 1623 5398 manuum
1668 5349 1903 5397 tuarum.
1935 5361 1953 5395 ι

363 5433 558 5491 Minuit
613 5435 887 5507 primitias
933 5450 1159 5506 operum
1212 5449 1460 5502 suorum,
1512 5436 1608 5507 qui
1663 5437 1768 5492 hoc
1814 5435 1960 5505 quod

361 5529 602 5585 exterius
646 5529 943 5586 laborando
989 5534 1206 5585 exercet
1254 5528 1309 5582 in
1360 5540 1545 5597 opere,
1602 5528 1749 5581 intus
1805 5528 1962 5580 bonae

362 5621 662 5677 voluntatis
707 5636 816 5678 non
866 5621 1089 5677 exhibet
1136 5619 1439 5677 affectione.
1496 5619 1790 5691 Propterea
1834 5619 1963 5675 sub-

362 5712 504 5769 didit
520 5730 533 5766 :

443 5824 463 5857 ι
492 5806 549 5861 in
580 5808 726 5862 omni
769 5808 895 5863 dato
943 5807 1169 5863 hilarem
1218 5806 1304 5862 fac
1348 5806 1556 5861 vultum
1607 5814 1784 5873 tuum,
1821 5813 1878 5861 et
1905 5805 1963 5860 in

372 5916 397 5959 4
409 5897 787 5958 exsultatione
804 5899 1084 5963 sanctiﬁca
1104 5898 1346 5957 decimas
1364 5909 1502 5957 tuas.
1526 5916 1546 5953 ι
1565 5895 1803 5955 Hilarem
1818 5896 1964 5954 enim

2066 4781 2302 4841 hominis
2348 4779 2627 4838 renovatio
2681 4773 2996 4851 signiﬁcari,
3046 4768 3263 4842 quando
3297 4779 3530 4836 corpore
3576 4762 3666 4818 in-
3719 4770 3733 4846 λ

2064 4876 2402 4947 corruptibili
2440 4884 2499 4930 et
2523 4874 2702 4929 anima
2739 4868 3031 4927 immortali
3064 4867 3131 4921 ad
3163 4861 3550 4936 possidendum
3582 4869 3667 4911 re-

2065 4984 2229 5041 gnum
2260 4968 2437 5024 Patris
2482 4965 2739 5031 caelestis,
2784 4961 3004 5017 Christo
3025 4958 3282 5021 donante,
3312 4947 3662 5027 perducitur;
3706 4972 3712 4978 -

2066 5069 2197 5119 tunc
2221 5063 2364 5118 cnim
2396 5059 2714 5117 retribuitur
2742 5050 2948 5112 homini
2997 5048 3197 5123 septies
3228 5052 3461 5110 tantum,
3490 5056 3663 5114 quan-

2068 5167 2181 5213 tum
2219 5156 2326 5211 illis
2357 5155 2525 5221 dedit,
2558 5151 2773 5224 quando
2804 5162 2905 5220 pro
2931 5148 3075 5203 bona
3120 5137 3535 5200 conversatione
3563 5146 3662 5193 sua

2064 5250 2182 5322 ipse
2207 5248 2332 5315 sibi,
2360 5257 2420 5302 nt
2448 5246 2596 5301 vivat
2620 5251 2675 5300 et
2718 5240 2952 5315 gaudeat
2976 5240 3032 5294 in
3068 5244 3275 5293 interna
3298 5230 3658 5299 beatitudine,

2065 5342 2209 5397 dono
2251 5339 2384 5411 justi
2427 5336 2625 5407 judicis
2677 5333 3017 5390 restituetur.
3047 5329 3158 5387 Sed
3210 5326 3338 5401 quia
3364 5323 3659 5398 septenarii

2066 5431 2276 5487 numeri
2308 5431 2411 5486 hoc
2456 5428 2513 5483 in
2544 5427 2659 5482 loco
2689 5423 2894 5480 mentio
2934 5420 3078 5478 facta
3132 5426 3238 5488 est,
3270 5417 3402 5475 libet
3451 5416 3517 5473 de
3543 5413 3659 5484 ejus

2064 5523 2399 5591 perfectione
2437 5532 2505 5573 ex
2535 5526 2847 5573 sanctorum
2896 5512 3121 5570 Patrum
3167 5510 3326 5569 dictis
3360 5507 3539 5579 aliqua
3569 5505 3660 5562 hic

2064 5626 2304 5683 ponere;
2337 5594 2540 5679 septem
2586 5620 2820 5679 namque
2861 5606 3052 5664 diebus
3095 5605 3408 5662 universum
3447 5609 3661 5670 tempus

2065 5704 2317 5759 volvitur.
2374 5701 2602 5756 Eterna
2651 5701 2796 5756 enim
2851 5700 2967 5756 dies
3016 5712 3137 5771 quae
3180 5695 3394 5766 expleta
3447 5696 3656 5761 septem

2067 5799 2281 5854 dierum
2310 5794 2682 5853 vicissitudine
2733 5794 3003 5866 sequitur,
3054 5790 3262 5848 scilicet
3305 5793 3498 5842 octava
3547 5788 3651 5838 est.

2071 5890 2222 5952 Unde
2249 5900 2305 5951 et
2325 5890 2614 5951 Psalmista
2653 5887 3073 5950 resurrectionis
3097 5882 3242 5944 diem
3280 5877 3652 5943 considerans.
