4030 6538
479 389 623 450 1015

1119 388 1179 444 Β.
1218 386 1477 446 RABANI
1514 385 1738 448 MAURI
1772 385 2096 444 ARCHIEP.
2139 385 2454 446 MOGUNT.
2494 383 2784 445 OPERUM
2820 384 3004 444 PARS
3035 385 3082 444 ἰ.

3599 386 3607 392 ’
3632 388 3746 448 1016

477 506 608 578 quia
631 505 700 561 de
731 503 962 560 extremi
1004 501 1196 573 judicii
1241 512 1359 559 erat
1406 504 1745 561 districtione
1774 505 2075 569 locuturus,
2103 505 2159 567 Α
2259 523 2278 556 ‹
2312 504 2430 560 Νοιι
2463 504 2695 576 accipiet
2728 505 2990 562 Dominus
3018 517 3323 576 personam
3373 506 3429 561 in
3476 519 3748 579 pauperem,

473 598 740 670 prmmisit
786 597 1021 661 titulum,
1065 614 1084 648 ι
1137 595 1197 651 In
1242 595 1403 652 ﬁnem
1453 596 1700 652 Psalmus
1752 595 1925 651 David
1970 610 2072 666 pro

476 699 689 746 octava.
722 709 741 742 ι
776 688 848 745 Ut
871 687 1018 743 enim
1041 702 1206 758 quam
1230 696 1480 744 octavam
1507 689 1713 744 diceret
1739 688 2076 744 demonstra-

475 790 582 847 ret,
612 781 757 836 diem
800 779 950 836 illam
978 779 1243 836 tremendi
1269 781 1497 838 terroris
1523 781 1580 836 in
1619 779 1814 852 psalmi
1856 780 2076 837 inchoa-

476 874 679 929 tionem
711 880 933 928 secutus
960 881 1066 937 est,
1096 872 1286 929 dicens
1312 889 1324 926 :
1358 891 1377 924 ι
1406 871 1655 939 Domine,
1681 888 1753 928 ne
1782 873 1839 926 in
1868 873 1952 928 ira
1980 881 2074 927 tua

477 980 677 1037 arguas
700 979 807 1028 me,
841 978 1018 1035 neque
1040 963 1099 1019 in
1124 961 1310 1020 furore
1358 971 1452 1018 tuo
1491 962 1755 1033 corripias
1783 977 1871 1017 me
1900 958 2075 1035 (Psal.

476 1061 617 1133 νι).›
676 1059 996 1130 Septenario
1047 1073 1278 1114 numero
1325 1055 1590 1129 perfectio
1640 1055 1962 1111 mternitatis
1998 1055 2080 1110 in-

475 1152 681 1220 nuitur,
716 1167 840 1207 cum
878 1152 995 1207 dies
1041 1151 1305 1221 septimus
1328 1150 1384 1206 in
1429 1149 1675 1221 requiem
1704 1147 1916 1204 Domini
1949 1163 2079 1204 sau-

475 1243 749 1300 ctiﬁcatus
772 1250 1024 1309 vocatur,
1057 1257 1182 1297 cum
1210 1240 1326 1312 jam
1369 1256 1596 1314 vespera
1621 1242 1804 1297 inesse
1841 1255 1950 1296 non
1999 1240 2084 1294 di-

476 1335 640 1400 citur,
672 1334 820 1404 quia
863 1342 1083 1389 aeternae
1129 1333 1478 1389 beatitudinis
1520 1333 1739 1405 requies
1777 1333 1927 1389 nullo
1972 1341 2084 1387 ter-

476 1427 628 1482 mino
660 1434 992 1482 coarctatur.
1023 1426 1162 1481 Hinc
1187 1435 1272 1481 est
1297 1428 1464 1482 etiam
1490 1428 1636 1499 quod
1663 1427 1785 1499 lege
1813 1426 1939 1482 data
1967 1427 2085 1482 dies

478 1518 744 1588 septimus
775 1518 1002 1574 feriatus
1026 1534 1148 1574 esse
1173 1519 1490 1590 prmeipitur
1521 1518 1720 1592 (Exod.
1747 1533 1866 1585 xm,
1889 1518 2081 1589 xxxv),

479 1621 542 1666 ut
569 1622 771 1668 aeterna
819 1630 917 1684 per
964 1613 1114 1668 illum
1164 1613 1381 1683 requies
1427 1613 1761 1684 designetur,
1812 1612 1940 1682 quia
1989 1599 2097 1681 per

477 1706 849 1776 septenarium
903 1720 1191 1760 numerum
1241 1706 1528 1776 praesentis
1584 1705 1709 1760 vitae
1759 1704 2087 1759 universitas

417 1865 429 1876 ,Ι
476 1797 811 1868 designatur.
865 1795 1016 1852 Tunc
1065 1797 1238 1867 magis
1283 1797 1608 1862 ostenditur,
1640 1811 1765 1852 cum
1811 1802 1933 1866 post
1960 1809 2086 1850 eum

2186 615 2207 648 ι
2248 605 2304 652 et
2355 597 2793 668 deprecationem
2845 598 2958 654 laesi
3010 598 3298 654 exaudiet.
3358 596 3479 654 Non
3533 599 3753 672 despiciet

2184 705 2204 738 ‹
2233 702 2424 759 preces
2451 688 2661 760 pupilli,
2707 703 2810 744 nec
2853 689 3098 756 viduam,
3141 689 3195 745 si
3244 687 3491 745 effundat
3527 690 3753 761 loquelam

2184 797 2204 832 ‹
2233 780 2486 851 gemitus.
2526 779 2717 837 Nonne
2760 782 3015 855 lacrymae
3060 783 3248 839 vidua:
3297 782 3372 836 ad
3397 782 3660 838 maxillam
3685 786 3754 841 de.

2185 890 2206 924 ι
2239 873 2525 938 scendunt,
2571 881 2628 929 et
2671 873 2999 930 exclamatio
3041 873 3162 944 ejus
3221 889 3396 945 super
3445 875 3755 932 deducentem

2186 981 2206 1015 ι
2233 963 2362 1020 eas?
2386 963 2435 1018 A
2477 963 2694 1020 maxilla
2735 965 2881 1020 enim
2918 965 3227 1021 ascendunt
3269 979 3451 1035 usque
3479 967 3544 1020 ad
3579 967 3755 1034 coelum,

2188 1073 2208 1107 ε
2236 1063 2291 1110 et
2315 1055 2577 1111 Dominus
2619 1056 2906 1112 exauditor
2946 1072 3055 1112 non
3098 1057 3479 1113 delectabitur
3526 1059 3579 1112 in
3618 1059 3754 1116 illis.»

2182 1151 2301 1208 Non
2329 1152 2559 1223 accipiet
2610 1150 2873 1208 Dominus
2923 1168 3224 1223 personam
3279 1153 3338 1208 in
3393 1168 3686 1224 pauperem,
3720 1166 3759 1211 et

2183 1249 2616 1321 deprecationem
2635 1253 2748 1309 laesi
2774 1254 3049 1320 exaudiet,
3073 1253 3350 1324 quoniam
3377 1269 3487 1308 nou
3513 1256 3759 1309 secundum

2184 1359 2541 1415 personarum
2582 1349 2899 1419 qualitatem
2925 1347 3132 1418 judicat
3177 1362 3546 1418 quemquam,
3569 1348 3652 1403 sed
3691 1364 3757 1403 sc-

2186 1439 2425 1493 cundum
2445 1455 2623 1496 causa:
2657 1442 2948 1496 rationem.
2971 1459 2991 1493 ‹
3026 1439 3225 1498 Justus
3248 1441 3404 1497 enim
3434 1439 3676 1497 Dominus
3699 1451 3761 1495 est

2187 1539 2242 1584 et
2263 1530 2528 1601 justitiam
2574 1532 2770 1604 diligit,
2800 1532 3114 1604 {equitatem
3145 1533 3299 1588 vidit
3330 1531 3516 1587 vultus
3537 1533 3660 1602 ejus,
3688 1548 3760 1586 nec

2188 1624 2396 1695 spernit
2420 1640 2597 1695 neque
2623 1625 2852 1696 despicit
2872 1638 3066 1696 preces
3091 1637 3431 1696 pauperum,
3463 1623 3759 1693 pupillorum.

2189 1724 2245 1772 et
2264 1718 2588 1786 viduarum;
2640 1719 2735 1774 sed
2779 1719 2908 1774 dum
2947 1717 3320 1774 clamaverint
3365 1716 3437 1771 ad
3465 1730 3736 1781 eum,ex:.u

2191 1810 2301 1867 diet
2325 1809 2464 1878 illos,
2496 1819 2552 1867 et
2582 1811 2758 1867 salvos
2809 1810 2971 1866 faciet
3017 1825 3113 1867 eos
3152 1809 3431 1881 quoniam
3461 1817 3750 1879 speraverint

477 1903 692 1959 quoque
720 1888 887 1947 etiam
929 1888 1243 1944 octonarius
1293 1887 1632 1944 subinfertur
1657 1904 1675 1955 ;.
1715 1887 2085 1959 septenarium
2113 1892 2162 1953 B
2191 1906 2246 1960 in
2273 1921 2397 1960 eum
2428 1903 2602 1977 (Ρδαι,
2630 1905 2711 1978 χ),
2735 1925 2754 1956 ,
2781 1903 3007 1977 Mysuce
3034 1913 3222 1962 autem
3250 1904 3376 1960 ista,
3407 1915 3640 1974 persona;
3660 1915 3760 1970 pa...

476 1981 676 2051 quippe
705 1996 830 2036 cum
852 1980 1028 2036 adhuc
1056 1981 1194 2036 alius
1221 1981 1487 2050 sequitur,
1520 1995 1591 2036 ex
1632 1979 1752 2050 ipso
1782 1979 1900 2052 ejus
1925 1995 2085 2051 argu-

475 2080 660 2128 mento
687 2073 1036 2142 exprimitur,
1066 2074 1193 2144 quia
1236 2073 1476 2130 ﬁnienda
1508 2082 1755 2145 tempora
1778 2074 2084 2130 aeternitate

474 2163 888 2219 concludantur.
917 2164 1192 2237 Scriptum
1224 2174 1338 2221 est:
1371 2186 1390 2218 ι
1419 2167 1499 2221 Da
1523 2174 1709 2236 partes
1730 2175 1955 2237 septem,
1981 2180 2086 2226 nec

475 2271 584 2311 non
613 2266 670 2312 et
692 2265 837 2313 octo.
860 2277 879 2310 ι
914 2257 1020 2314 Per
1040 2259 1413 2330 septenarium
1439 2259 1640 2332 quippe
1668 2274 1957 2315 numerum
1981 2259 2086 2316 hoc

479 2348 623 2417 quod
647 2357 856 2420 septem
886 2349 1075 2405 diebus
1121 2350 1321 2422 agitur,
1347 2365 1591 2423 praesens
1619 2359 1835 2423 tempus
1863 2365 2087 2421 expres-

475 2439 586 2506 sit;
617 2451 717 2509 per
764 2441 1109 2496 octonarium
1163 2456 1294 2497 vero
1350 2443 1520 2498 vitam
1573 2450 1896 2513 perpetuam
1941 2443 2086 2498 desi-

475 2531 702 2598 gnavit:
737 2546 902 2602 quam
938 2541 1120 2588 tamen
1168 2549 1266 2590 sua
1317 2533 1475 2590 nobis
1519 2533 1783 2589 Dominus
1833 2547 2084 2589 resurre-

477 2623 657 2679 ctione
679 2623 958 2695 patefecit,
983 2639 1105 2680 cum
1127 2624 1410 2681 Dominico
1432 2624 1641 2682 scilicet
1655 2625 1745 2683 die
1764 2625 2086 2692 resurrexit,

476 2719 570 2787 qui
609 2718 739 2774 dum
781 2719 925 2774 diem
954 2719 1264 2789 septimum,
1291 2720 1346 2774 id
1369 2730 1470 2788 est,
1508 2721 1792 2776 sabbatum
1821 2720 2086 2789 sequitur,

476 2825 510 2864 a
545 2811 856 2867 conditione
896 2820 1121 2868 octavus
1167 2813 1464 2868 invenitur.
1489 2811 1550 2868 In
1591 2827 1864 2869 annorum
1911 2813 2090 2868 curri-

477 2903 599 2959 culo
629 2905 969 2973 septenarius
997 2920 1257 2961 numerus
1298 2905 1500 2978 septies
1547 2905 1944 2976 multiplicatus
1969 2920 2089 2960 mo—

476 2995 614 3050 nade
643 2995 828 3052 addito
878 2997 947 3052 ad
995 2997 1523 3069 quinquagenarium
1569 2998 1806 3064 ducitur,
1855 3006 1915 3052 ut
1965 3012 2092 3068 per-

475 3101 696 3161 petuam
746 3092 1140 3149 beatitudinem
1187 3108 1429 3159 sumens,
1477 3091 1674 3148 Jubilei
1722 3092 2094 3148 sacratissima

475 3187 696 3255 requies
736 3187 1077 3243 observetur.
1113 3187 1467 3259 Septenarius
1516 3175 1778 3242 numerus
1828 3185 1970 3256 apud
1997 3201 2089 3241 sa-

2186 1996 2353 2066 peris,
2387 1996 2576 2067 pupilli
2607 2003 2662 2050 et
2684 1996 2883 2061 vidum,
2911 2005 3141 2067 possunt
3169 1992 3496 2066 signiﬁcare
3516 1991 3761 2048 Ecclesium

2189 2095 2247 2143 et
2293 2087 2555 2160 populum
2609 2086 3030 2154 Christianum;
3081 2087 3149 2142 de
3202 2099 3322 2156 quo
3382 2082 3634 2152 scriptum
3671 2089 3761 2134 est:

2196 2200 2215 2233 ι
2247 2180 2368 2237 Tibi
2397 2182 2546 2237 enim
2593 2180 2888 2238 derelictus
2939 2190 3024 2237 est
3067 2194 3302 2253 pauper,
3358 2175 3561 2248 pupillo
3607 2183 3653 2228 tu
3677 2174 3756 2231 erit

2190 2275 2406 2347 adjutor
2438 2273 2736 2347 (Psal.1x).
2770 2294 2789 2328 ι
2840 2293 2858 2325 ‹
2889 2274 3038 2329 Beati
3082 2273 3234 2329 enim
3277 2282 3549 2342 pauperes
3589 2265 3759 2336 spiritu.

2191 2369 2446 2441 quoniam
2480 2368 2721 2438 ipsorum
2743 2375 2829 2422 est
2856 2381 3088 2436 regnum
3119 2363 3399 2421 caelorum
3431 2359 3632 2434 (Matth.
3653 2357 3751 2427 V);I

2189 2470 2248 2518 et
2283 2461 2412 2518 alibi
2439 2480 2449 2514 :
2490 2479 2508 2512 ‹
2541 2460 2771 2516 Viduam
2801 2458 2917 2529 ejus
2941 2457 3279 2513 benedicens
3308 2453 3637 2515 benedicam,
3658 2464 3756 2518 pau~

2192 2569 2358 2626 peres
2386 2552 2505 2623 ejus
2533 2552 2792 2608 saturabo
2838 2550 3070 2622 panibus
3107 2547 3293 2623 (Psal.
3331 2544 3537 2618 cxxxr).
3569 2563 3587 2596 ›
3631 2539 3756 2607 llujm

2192 2662 2324 2719 ergo
2348 2647 2526 2703 viduae
2568 2646 2825 2718 lacrymae
2867 2661 2900 2699 a
2939 2642 3163 2699 maxilla
3215 2642 3523 2698 ascendunt
3549 2648 3692 2704 usque
3711 2631 3757 2686 δι’

2192 2742 2410 2807 coelum,
2457 2742 2586 2814 quia
2623 2741 2838 2798 dolores
2867 2739 3320 2812 persecutionum
3351 2749 3488 2808 quas
3526 2729 3700 2802 patitur
3718 2727 3757 2780 in

2192 2835 2448 2908 praesenti
2473 2833 2692 2900 saeculo,
2724 2841 3001 2905 aspectum
3031 2830 3346 2887 divinitatis
3375 2825 3586 2883 minime
3609 2821 3757 2875 latent.

2197 2928 2352 2986 Unde
2379 2937 2435 2983 et
2464 2927 2540 2982 illi
2584 2926 2789 2982 laboris
2823 2924 2908 2981 sui
2953 2923 3271 2981 mercedem
3315 2922 3374 2976 in
3424 2917 3596 2972 futuro
3615 2913 3756 2984 justus

2189 3021 2355 3092 judex
2386 3022 2658 3087 restituet,
2687 3026 2746 3076 et
2767 3018 3018 3076 hostibus
3040 3016 3350 3073 vindictam
3392 3004 3580 3068 merita
3603 3001 3755 3062 inferni

2197 3115 2460 3187 rependet
2492 3129 2676 3187 poena.

2276 3224 2296 3258 ι
2329 3205 2433 3273 Qui
2465 3206 2658 3262 adorat
2687 3205 2858 3261 Deum
2884 3205 2940 3260 in
2969 3203 3360 3268 oblectatione,
3385 3197 3694 3268 suscipietur,
3716 3197 3755 3243 et

475 3279 689 3350 pientes
736 3280 898 3351 hujus
947 3281 1131 3338 szeculi
1180 3282 1417 3352 quadam
1469 3296 1568 3337 sua
1617 3273 1852 3338 habetur
1880 3281 2094 3335 ratione
2120 3268 2167 3333 C
2205 3317 2225 3352 ε
2253 3268 2568 3370 δρῶσαιίο
2598 3299 2742 3356 illius
2761 3313 2935 3370 usque
2959 3299 3027 3354 ad
3049 3300 3225 3355 nubes
3247 3290 3631 3370 propinquat)“.
3656 3286 3754 3341 Ora-

475 3373 775 3442 perfectus,
824 3377 951 3446 quia
987 3391 1054 3431 ex
1088 3376 1265 3447 primo
1311 3376 1432 3446 pari
1478 3383 1534 3430 et
1578 3391 1647 3431 ex
1690 3375 1868 3447 primo
1897 3375 2094 3446 impari

403 3471 406 3492 ⁵
479 3473 929 3521 consummatur:
981 3468 1190 3538 primus
1235 3469 1380 3523 enim
1431 3468 1628 3540 impar,
1673 3467 1945 3523 ternarias
1985 3475 2091 3533 est,

479 3557 799 3628 primusque
845 3573 967 3630 par,
1027 3559 1451 3629 quaternarius;
1512 3574 1578 3614 ex
1633 3559 1834 3630 quibus
1884 3559 2094 3613 duobus

482 3650 825 3720 septenarius
855 3658 1090 3717 constat,
1119 3651 1213 3722 qui
1242 3651 1447 3708 eisdem
1485 3650 1736 3722 partibus
1775 3651 1888 3708 suis
1913 3651 2095 3707 multi-

481 3741 717 3810 plicatus
753 3741 809 3795 in
857 3742 1250 3798 duodenarium
1294 3743 1485 3814 surgit.
1536 3742 1670 3798 Nam
1715 3743 1831 3800 sive
1858 3751 1969 3798 tres
1996 3758 2095 3811 per

484 3843 721 3904 quatuor
743 3850 839 3889 seu
866 3843 1099 3904 quatuor
1131 3849 1231 3905 per
1259 3842 1373 3890 tres
1404 3835 1670 3900 ducimus,
1717 3835 1784 3890 ad
1820 3835 2095 3890 duodena-

485 3927 628 3982 rium
657 3928 1026 3997 pervenimus.
1057 3916 1190 3984 ’Νοε
1218 3928 1348 3999 quia
1394 3944 1629 3998 superno
1673 3943 1901 3984 munere
1945 3929 2093 3984 veri-

483 4022 616 4078 tatis
663 4024 1089 4094 praedicamenta
1131 4023 1494 4095 percepimus,
1545 4023 1662 4078 haec
1711 4021 1819 4076 ﬁxa
1853 4021 2096 4078 scientia:

486 4113 774 4169 altitudine
800 4116 1145 4185 despicienda
1187 4115 1501 4170 calcamus:
1557 4114 1661 4169 hoc
1710 4113 1902 4185 procul
1933 4113 2096 4170 dubio

487 4203 812 4260 inconcussa
839 4206 944 4262 ﬁde
969 4206 1283 4272 retinentes,
1312 4207 1438 4276 quia
1465 4221 1600 4275 quos
1644 4203 1879 4274 Spiritus
1907 4207 2097 4277 gratia:

488 4294 822 4365 septiformis
872 4298 1162 4368 repleverit
1214 4298 1448 4370 perﬁcit,
1511 4297 1698 4368 eisque
1759 4313 1866 4353 non
1919 4297 2095 4353 solum

489 4385 776 4443 Trinitatis
803 4391 1077 4457 notitiam,
1105 4390 1201 4446 sed
1245 4390 1411 4446 etiam
1454 4389 1718 4444 virtutum
1753 4397 2006 4458 quatuor,
2042 4387 2097 4443 id

488 4487 591 4544 est,
621 4481 942 4550 prudentiae,
972 4483 1368 4553 temperantiae,
1416 4480 1774 4546 fortitudinis,
1818 4488 1981 4551 atque
2011 4479 2098 4549 ju-

463 4572 652 4660 \-stitiae
679 4576 1050 4646 operationem
1077 4577 1300 4648 praebet.

1124 4664 1354 4723 CAPUT
1394 4665 1459 4720 Ἴ.

491 4755 770 4827 Sapientia
799 4769 971 4813 monet
996 4775 1103 4814 non
1133 4775 1242 4814 esse
1269 4759 1538 4830 oﬂ‘erenda
1575 4773 1796 4812 munera
1824 4772 2008 4828 prava,
2033 4758 2091 4812 id

563 4837 640 4882 est
672 4839 1044 4902 nonilempore
1072 4832 1302 4902 incerto,
1347 4848 1438 4886 nec
1478 4833 1620 4901 ipsas
1666 4846 1850 4902 preces,
1889 4830 2089 4884 oratio-

564 4915 756 4970 nesque
781 4901 1080 4957 inconditas
1127 4911 1175 4956 et
1218 4900 1576 4971 infructuoSas
1609 4915 1626 4953 :
1667 4900 1802 4972 quia
1833 4901 1971 4955 bona
2015 4910 2093 4956 est

564 4973 735 5025 oratio
756 4988 875 5026 cum
892 4972 1102 5043 jejunio
1127 4983 1176 5026 et
1202 4972 1551 5044 eleemosyna.

568 5081 587 5114 ι
618 5061 738 5118 Noli
766 5062 966 5120 offerre
1008 5079 1237 5120 munera
1283 5080 1470 5136 prava,
1512 5081 1620 5121 non
1651 5067 1796 5122 enim
1838 5064 2097 5136 suscipiet

499 5174 516 5206 ι
547 5155 636 5210 illa
665 5173 680 5222 ;
710 5162 767 5210 et
801 5156 910 5211 noli
951 5157 1224 5228 inspicere
1271 5158 1597 5215 sacriﬁcium
1639 5159 1927 5232 injustum,
1961 5173 2099 5230 quo-

501 5267 519 5300 ι
539 5249 689 5303 niam
714 5250 972 5306 Dominus
993 5251 1158 5322 judex
1173 5262 1273 5318 est,
1292 5260 1348 5309 et
1360 5269 1467 5310 non
1483 5263 1566 5310 est
1584 5255 1725 5326 apud
1748 5253 1902 5310 illum
1929 5254 2099 5327 gloria

501 5361 519 5392 ε
551 5355 814 5412 personae.
838 5361 858 5395 ι
892 5341 1050 5413 Apud
1080 5359 1376 5426 supernum
1416 5343 1654 5413 judicent
1693 5361 1801 5401 non
1824 5346 2101 5417 quantitas

495 5433 762 5499 muneris,
791 5447 892 5487 nec
918 5448 1150 5503 persona
1169 5436 1404 5505 potentis
1433 5437 1774 5508 appenditur,
1807 5440 1902 5494 sed
1931 5453 2076 5508 quan
2102 5473 2103 5476 η

499 5529 628 5582 titas
657 5525 978 5590 devotionis,
1009 5535 1065 5581 et
1109 5529 1388 5586 humilitas
1421 5531 1620 5588 cordis.
1671 5531 1797 5588 Ideo
1825 5532 2096 5596 hortatur,

498 5629 560 5674 ut
585 5635 692 5675 non
719 5634 787 5674 ex
816 5618 1002 5688 iniquo
1050 5619 1202 5676 lucro
1230 5620 1524 5678 offeramus
1572 5637 1798 5678 munera
1843 5623 1974 5687 Deo,
2004 5621 2098 5676 sed

501 5727 570 5765 ex
595 5710 780 5766 labore
805 5710 986 5781 justo:
1021 5713 1282 5780 quoniam
1308 5715 1568 5771 Dominus
1591 5715 1775 5787 justus
1798 5713 1963 5784 judex
1991 5722 2096 5780 est,

502 5818 605 5859 nec
641 5805 838 5874 accipit
863 5819 1154 5875 personam
1178 5805 1382 5873 divitis,
1415 5823 1515 5863 nec
1549 5807 1779 5879 despicit
1806 5822 2099 5876 personam

505 5894 783 5962 pauperis.
809 5894 960 5952 Unde
990 5896 1272 5968 sequitur:

2203 3411 2222 3444 ι
2251 3393 2327 3448 tio
2357 3392 2695 3448 humiliantis
2719 3407 2779 3448 se
2818 3392 2990 3448 nubes
3023 3391 3361 3464 penetrabit,
3391 3395 3450 3444 et
3487 3385 3639 3442 donec
3667 3391 3754 3449 pm-

2204 3501 2222 3536 t
2250 3483 2476 3554 pinquet
2518 3500 2627 3540 non
2681 3483 3073 3550 consolabitur,
3103 3491 3160 3539 et
3205 3497 3322 3539 non
3372 3475 3600 3536 discedet
3623 3471 3753 3526 donec

2205 3595 2224 3628 ι
2255 3576 2486 3646 aspiciat
2506 3574 2838 3632 Altissimus.
2880 3575 2951 3631 Et
2974 3575 3239 3633 Dominus
3267 3589 3379 3630 non
3403 3564 3667 3638 elongabit,
3683 3560 3751 3614 sed

2205 3694 2222 3726 ‹
2245 3673 2513 3745 judicabit
2555 3674 2733 3745 justos
2759 3683 2814 3729 et
2839 3673 3006 3729 faciet
3051 3671 3347 3742 judicium,
3393 3675 3449 3724 et
3482 3657 3750 3752 fortissimus

2205 3786 2224 3817 ι
2256 3782 2364 3822 ιιοιι
2408 3767 2632 3822 habebit
2661 3767 2716 3822 in
2757 3766 2864 3822 illis
2906 3765 3246 3837 patientiam,
3297 3769 3566 3834 quousque
3590 3755 3747 3845 contr:-

2206 3877 2224 3910 ι
2253 3859 2403 3916 bulet
2445 3847 2668 3915 dorsum
2715 3836 2998 3929 ipsorum;
3039 3867 3095 3913 et
3122 3857 3379 3930 gentibus
3428 3847 3602 3906 reddet
3622 3836 3748 3894 vindi-

2206 3971 2224 4004 ‹
2255 3959 2419 4019 ctam,
2458 3952 2633 4008 donec
2676 3949 2830 4006 tollat
2875 3949 3273 4022 plenitudinem
3317 3939 3676 4029 superborum;
3707 3932 3747 4029 σξι

2207 4066 2225 4099 ‹
2255 4055 2470 4116 sceptra
2495 4046 2806 4114 iniquorum
2829 4043 3180 4110 contribulet,
3207 4042 3386 4098 donec
3413 4033 3589 4093 reddat
3615 4028 3747 4081 honu-

2207 4159 2226 4192 ‹
2258 4139 2419 4195 nibus
2468 4139 2765 4194 secundum
2818 4144 2973 4193 actus
3019 4151 3166 4201 suos,
3197 4144 3254 4191 et
3305 4128 3585 4190 secundum
3616 4124 3744 4187 ορεη

2207 4251 2227 4284 ι
2256 4232 2407 4298 Adae,
2460 4239 2518 4287 et
2564 4231 2866 4287 secundum
2900 4228 3390 4300 praesumptionem
3434 4219 3585 4280 illius,
3616 4210 3745 4265 donec

2207 4325 2457 4395 «iudicet
2480 4324 2744 4396 judicium
2797 4323 2972 4394 plebis
3009 4337 3143 4389 suae,
3197 4329 3253 4376 et
3301 4309 3575 4376 obiectabit
3610 4304 3741 4375 juslos

2208 4438 2226 4470 ‹
2258 4395 2631 4473 misericordia
2659 4432 2777 4472 sua.
2804 4437 2821 4468 ι
2869 4415 2967 4471 Hic
2997 4415 3150 4471 locus
3178 4420 3328 4468 totus
3369 4408 3435 4465 ad
3472 4395 3740 4492 ειιρςξίίῖῖθω

2203 4509 2423 4578 respicit
2464 4522 2705 4571 sensum,
2755 4507 2882 4576 quia
2917 4505 3179 4561 Dominus
3223 4502 3519 4559 οι-ειιίοηεηι
3557 4481 3738 4542 ﬁdelium

2203 4618 2447 4670 suorum,
2475 4617 2598 4674 quae
2639 4602 2730 4672 pio
2759 4600 2955 4656 affectu
2981 4600 3383 4672 transgreditur
3411 4589 3566 4650 nubes
3586 4589 3632 4637 et
3655 4587 3737 4678 e03-

2198 4696 2280 4751 los
2304 4702 2576 4766 penetrat,
2627 4692 3058 4750 misericorditer
3104 4692 3366 4757 exaudit;
3421 4678 3643 4756 quoniam
3678 4680 3736 4720 ιη’

2201 4797 2410 4848 stanter
2423 4795 2475 4842 ct
2494 4794 2914 4858 perseveranter
2935 4785 3179 4858 quotidie
3202 4785 3350 4840 illum
3369 4791 3474 4837 tam
3494 4785 3582 4845 pro
3593 4767 3738 4858 semet-

2203 4882 2337 4954 ipsis
2387 4856 2550 4952 quam
2580 4881 2748 4936 etiam
2779 4895 2879 4952 pro
2906 4856 3021 4936 suis
3063 4877 3314 4934 omnibus
3342 4869 3676 4959 deprecantur,
3697 4856 3733 4959 (ξε

2205 4949 2312 5034 non
2344 4949 2562 5034 cessant
2616 4949 2795 5032 donec
2835 4972 3263 5029 consolationem
3311 4970 3377 5025 ab
3421 4978 3481 5020 eo
3508 4949 3731 5048 αωίνὶἱιηίξ

2207 5070 2363 5127 Unde
2388 5080 2445 5126 et
2467 5068 2725 5124 Dominus
2750 5067 2865 5136 ipse
2895 5080 3002 5121 non
3045 5061 3320 5134 elongabit
3341 5059 3406 5115 ab
3437 5039 3728 5149 eisal‘txtli‘lf"

2205 5180 2382 5232 suum,
2435 5163 2529 5219 sed
2576 5160 2846 5232 judicabit
2890 5159 3092 5231 justos,
3140 5156 3344 5212 faciens
3393 5149 3466 5204 eis
3502 5138 3728 5232 judicium,

2204 5270 2259 5316 et
2287 5225 2537 5315 districte
2576 5225 3164 5326 judicando'proferet
3203 5247 3456 5304 ultionem
3500 5237 3547 5290 in
3589 5225 3729 5326 θάνθξ

2207 5351 2383 5407 sarios
2411 5363 2559 5413 suos,
2589 5361 2697 5402 non
2730 5345 2883 5417 prius
2924 5356 3165 5408 cessans,
3198 5339 3369 5394 donec
3403 5334 3567 5419 hos“?s

2203 5443 2444 5516 perfecte
2487 5409 2699 5511 puniat,
2732 5409 2981 5492 reddens
3017 5433 3096 5488 eis
3145 5431 3456 5502 condignam
3498 5409 3724 5516 ﬁndi-6E}?

2206 5503 2918 5604 quousque-universitatem
2947 5523 3370 5596 superbientium
3394 5503 3723 5604 persecutori?)-l

2206 5594 2358 5681 tollat
2527 5619 2816 5691 superﬁcie
2862 5594 3041 5683 terrae,
3095 5625 3149 5673 et
3194 5623 3400 5686 sceptra
3441 5594 3721 5691 tyrannm"?-l

2205 5718 2540 5786 iniquorum,
2583 5712 2677 5783 qui
2708 5710 2994 5766 tormentis
3039 5709 3271 5766 diversis
3307 5701 3603 5764 confessores
3626 5686 3716 5786 5'25

2205 5781 2626 5869 intarﬁciebant,
2680 5808 2946 5868 conterat,
3010 5801 3239 5856 reddens
3290 5788 3534 5869 perversis
3575 5781 3717 5869 wall"

2207 5898 2334 5953 dum
2361 5904 2516 5952 actus
2559 5863 2707 5962 suos,
2733 5901 2788 5950 et
2831 5863 3128 5950 secundum
3158 5863 3323 5963 opera
3362 5887 3494 5948 Adae.
3531 5875 3613 5930 Ῑιοο
3633 5863 3708 5918 es"
