4030 6478
500 462 507 470 .
534 416 674 475 1019

1175 402 1235 460 Β.
1271 394 1531 458 RABANI
1567 391 1792 450 MAURI
1829 385 2150 448 ARCHIEP.
2191 376 2505 442 MOGUNT.
2546 370 2834 436 OPERUM
2870 364 3055 431 PARS
3081 371 3125 429 l.

3614 366 3717 429 tos)

535 539 643 597 est,
673 529 727 584 in
778 524 986 581 unitate
1018 515 1307 575 catholica:
1356 510 1485 570 fidei
1531 509 1774 573 solidari,
1798 516 1859 563 ut
1887 503 2118 563 fideliter
2143 504 2198 567 Α
2223 498 2439 597 (Epiros.
2477 492 2582 597 ni).
2622 515 2639 546 ι
2674 491 2848 597 ipsius
2890 489 3038 597 enim
3075 498 3261 597 sumus
3288 478 3502 597 factura,
3526 490 3717 597 creatiia

537 623 710 678 Deum
763 619 1165 687 cognoscentes,
1210 616 1265 662 et
1299 605 1417 677 ejus
1445 603 1717 660 mirabilia
1748 601 1802 655 in
1853 597 2121 669 przediea-

2225 592 2443 650 Christo
2475 586 2625 654 Jesu,
2681 587 2735 643 in
2781 584 3038 659 operibus
3081 580 3261 647 bonis,
3309 594 3423 651 qua:
3467 585 3720 653 praeparavit

541 672 708 771 tione
730 672 904 766 sancti
941 672 1219 775 Evangelii
1257 672 1505 764 narrent,
1556 702 1611 750 et
1660 689 1951 749 litereditas
1982 688 2125 743 illius
2225 688 2389 751 Deus,
2418 692 2477 740 ut
2505 683 2560 738 in
2584 681 2692 737 illis
2729 676 3083 775 ambulemus,
3117 674 3222 775 hoc
3249 672 3389 728 enim
3413 682 3631 775 precatur
3659 692 3722 730 sa.

539 807 680 864 sicut
706 805 775 860 ab
805 802 961 858 initio
989 796 1113 854 iidei
1140 796 1208 851 ab
1235 809 1300 850 eo
1328 791 1570 864 possessi
1599 796 1745 854 sunt,
1777 786 1850 841 ita
1875 794 1930 840 et
1958 797 2127 854 usque

540 897 595 953 in
625 890 883 949 saeculum
911 893 1284 960 permaneant,
1310 883 1375 938 de
1397 897 1504 951 quo
1534 879 1710 934 adhuc
1735 874 2016 931 subditur:

619 1006 639 1041 ι
682 984 941 1043 Miserere
974 978 1117 1054 plebi
1145 986 1273 1043 tum,
1302 989 1466 1046 super
1494 987 1659 1045 quam
1706 969 2013 1024 invocatum
2045 973 2132 1020 est

548 1101 567 1137 ι
609 1094 806 1138 nomen
837 1086 1012 1142 tuum,
1045 1083 1099 1130 et
1126 1069 1310 1137 lsrael,
1346 1083 1508 1141 quem
1538 1063 1829 1136 comquasti
1861 1062 2131 1134 primoge-

549 1196 569 1228 ι
614 1176 729 1231 nito
784 1181 895 1227 tuo.
941 1167 1197 1223 Miserere
1245 1161 1479 1219 civitatis
1524 1153 1972 1213 sanctificationis
2001 1160 2131 1218 tute,

550 1291 569 1325 ι
607 1267 947 1327 Hierusalem
974 1260 1213 1319 civitatis
1246 1255 1453 1328 requiei
1483 1264 1637 1309 tum.»
1677 1250 1836 1305 Plebs
1860 1246 2004 1303 enim
2034 1244 2133 1301 Dei

544 1363 736 1420 eadem
761 1368 846 1416 est
870 1370 990 1429 qum
1021 1355 1212 1411 civitas
1254 1351 1373 1417 Dei,
1400 1347 1644 1404 Ecclesia
1671 1341 1921 1399 videlicet
1948 1340 2137 1396 catho—

545 1454 671 1518 lica,
704 1446 1043 1505 Hierusalem
1084 1443 1365 1515 spiritalis,
1390 1440 1528 1495 visio
1557 1436 1729 1509 pacis,
1763 1444 1816 1491 et
1846 1434 1998 1489 locus
2035 1431 2135 1485 ha-

546 1541 827 1597 bitationis
867 1534 1152 1597 Altissimi,
1202 1547 1367 1603 super
1395 1544 1558 1600 quam
1591 1528 1902 1582 invocatum
1932 1532 2016 1578 est
2041 1537 2139 1578 n0-

546 1649 669 1689 men
696 1632 810 1698 Dei,
843 1631 968 1701 quia
1001 1624 1115 1699 ipsa
1154 1634 1237 1682 est
1257 1622 1484 1695 populus
1514 1619 1651 1689 ejus,
1683 1627 1737 1674 et
1765 1632 1896 1690 grex
1924 1630 2141 1687 pascuae

548 1727 684 1794 ejus,
716 1739 836 1795 quae
882 1731 937 1777 et
988 1717 1155 1776 lsrael
1203 1722 1570 1786 nuncupatur,
1622 1710 1711 1781 qui
1752 1711 2142 1780 interpretatur

546 1828 728 1873 rectus
782 1816 902 1882 Dei,
935 1813 1019 1869 vel
1048 1812 1133 1867 vir
1161 1810 1351 1866 videns
1380 1808 1571 1874 Deum,
1604 1805 1865 1876 quoniam
1893 1813 2045 1859 recto
2074 1800 2139 1855 fi-
2199 1823 2209 1839 -

2227 781 2449 855 pientia,
2478 785 2538 832 ut
2562 772 2972 849 promissiones,
3001 782 3133 840 quas
3160 766 3229 823 de
3252 764 3605 822 convocatione
3630 782 3724 838 gen-

2230 873 2365 929 tium
2393 870 2461 927 ad
2496 870 2656 927 fidem
2684 864 2886 922 Christi
2921 860 3195 934 propheta:
3220 857 3425 931 priores
3458 854 3602 911 locuti
3623 867 3728 925 sunt,

2229 983 2328 1041 per
2358 967 2647 1021 adventum
2677 956 2878 1017 Christi
2908 954 3255 1029 impleantur.
3304 948 3450 1006 Unde
3473 957 3523 1006 et
3563 948 3709 1021 subjun

2232 1064 2375 1136 gitur
2399 1075 2413 1115 :

2310 1174 2329 1207 ι
2364 1155 2443 1208 Da
2470 1150 2797 1213 mercedem,
2813 1146 3060 1210 Domine,
3087 1138 3473 1199 sustinentibus
3490 1142 3558 1205 te,
3581 1143 3629 1191 ut
3645 1151 3734 1208 pm-

2241 1270 2260 1303 ‹
2295 1252 2471 1323 pheta:
2506 1249 2581 1303 tui
2613 1246 2795 1302 fideles
2831 1242 3192 1306 inveniantur,
3224 1246 3279 1293 et
3324 1236 3507 1292 exaudi
3531 1234 3738 1288 orationes

2244 1364 2262 1398 ι
2300 1357 2577 1400 servorum
2606 1351 2842 1396 tuorum.
2874 1348 2894 1388 ι
2917 1332 3189 1392 Abraham
3220 1327 3501 1387 exsultavit
3520 1334 3572 1380 ut
3590 1325 3739 1379 videret

2238 1441 2381 1496 diem
2405 1437 2631 1503 Christi,
2651 1435 2787 1490 vidit
2812 1439 2866 1488 et
2887 1430 3105 1503 gavisus
3123 1435 3208 1483 est
3229 1424 3411 1491 (1m.
3435 1421 3563 1490 vm).
3587 1438 3603 1472 ι
3624 1418 3742 1472 lsaias

2238 1539 2356 1594 ait:
2396 1557 2415 1589 ι
2443 1535 2694 1599 Domine,
2726 1528 3082 1586 sustinuimus
3117 1534 3196 1589 te,
3226 1535 3423 1576 nomen
3452 1524 3586 1570 tuum
3604 1521 3647 1567 et
3663 1526 3741 1565 me-

2239 1631 2469 1689 moriale
2519 1637 2669 1683 tuum
2726 1625 2779 1679 in
2836 1620 3107 1678 desiderio
3155 1617 3351 1671 animm
3402 1611 3527 1682 (ha.
3567 1605 3740 1677 nm.»

2243 1723 2395 1780 Multi
2424 1735 2581 1792 reges
2609 1725 2663 1773 et
2686 1715 2818 1786 justi
2850 1713 3137 1769 voluerunt
3170 1708 3383 1770 videre,
3407 1716 3519 1773 quae
3561 1699 3747 1753 viderunt

2246 1814 2498 1887 apostoli,
2537 1820 2591 1868 et
2626 1825 2733 1866 non
2762 1807 3055 1872 viderunt;
3086 1812 3142 1859 et
3177 1800 3369 1856 audire
3416 1811 3526 1865 qua:
3574 1793 3656 1861 ipsi
3682 1805 3747 1843 an-

548 1910 630 1965 dei
664 1910 910 1982 graditur
938 1908 1094 1973 calle,
1121 1915 1175 1961 et
1204 1904 1375 1961 Deum
1404 1919 1539 1975 pura
1563 1900 1963 1972 contemplatur
1987 1914 2141 1953 men-
2171 1892 2219 1955 B
2247 1913 2488 1975 (ﬁebam,
2514 1918 2569 1964 οι
2594 1924 2701 1963 non
2749 1904 3060 1961 audieram,
3092 1900 3234 1955 mm;
3272 1903 3330 1951 et
3358 1894 3562 1948 Simeon
3588 1901 3751 1957 respon-

549 2010 639 2068 te;
672 2001 815 2057 hanc
845 2001 932 2056 ille
973 1998 1276 2070 coaequavit
1326 1995 1689 2067 primogenito
1736 2009 1857 2059 suo,
1903 1993 2007 2049 hoc
2037 2001 2139 2059 est,

550 2092 885 2147 cohzeredem
917 2088 1046 2146 fecit
1068 2085 1347 2160 unigenito
1377 2085 1515 2141 Filio
1546 2099 1665 2149 suo,
1712 2082 1805 2154 qui
1829 2089 1911 2137 est
1942 2083 2146 2153 primo-

552 2182 767 2256 genitus
817 2191 1158 2237 mortuorum
1189 2186 1245 2234 et
1270 2177 1524 2250 princeps
1553 2192 1742 2248 regum
1773 2183 1955 2232 terra}.
1989 2175 2146 2233 Unde

551 2284 607 2333 et
632 2276 880 2349 sequitur
904 2295 918 2331 :

631 2388 648 2422 ι
674 2370 864 2442 Reple,
891 2368 1044 2437 Sion,
1062 2365 1521 2424 incnarrabilibus
1534 2364 1716 2423 verbis
1744 2363 1871 2429 tuis,
1896 2370 1951 2421 et
1978 2363 2149 2437 gloria

558 2482 578 2516 ι
615 2471 707 2518 tua
742 2463 998 2535 pepuium
1022 2471 1192 2518 tuum.
1216 2481 1236 2515 ι
1273 2460 1405 2516 Sion
1433 2460 1579 2515 enim
1608 2460 1998 2530 interpretatur
2024 2474 2147 2531 spe-

552 2554 776 2621 culatio,
805 2564 859 2610 et
890 2555 1085 2609 merito
1115 2563 1306 2612 sancta
1328 2555 1572 2613 Ecclesia
1602 2554 1899 2626 spcculatio
1930 2555 2147 2621 dicitur,

554 2647 682 2718 quia
721 2646 847 2701 inde
882 2644 1124 2702 fidelium
1164 2646 1330 2702 corda
1362 2647 1799 2719 contemplantur
1845 2645 2039 2718 gaudia
2060 2659 2151 2701 re-

556 2739 647 2811 gni
686 2738 946 2805 cmlestis,
986 2754 1150 2809 quam
1200 2737 1659 2796 inenarrabiiilms
1694 2738 1874 2793 verbis
1904 2737 2017 2792 suis
2042 2736 2152 2794 Do-

557 2831 740 2907 minus
770 2830 962 2902 replet,
994 2846 1119 2887 cum
1151 2846 1270 2888 eam
1298 2832 1492 2887 notitia
1523 2831 1833 2887 divinorum
1865 2828 2152 2897 librorum,

556 2924 648 2980 ubi
677 2922 1060 2981 inenarrabilis
1089 2924 1268 2980 virtus
1314 2925 1433 2992 Dei,
1464 2933 1520 2980 et
1550 2922 1942 2980 inaestimabilis
1984 2922 2158 2996 gloria

558 3015 863 3085 majestatis
890 3014 1007 3084 ejus
1035 3014 1380 3086 prtedicatur,
1432 3015 1674 3081 instruit,
1707 3023 1761 3069 et
1787 3012 1954 3085 signis
1984 3013 2156 3068 mira-

558 3105 807 3161 culorum
845 3107 988 3162 inter
1017 3106 1296 3162 universas
1323 3114 1515 3179 gentes
1544 3107 1789 3163 eminere
1816 3104 1963 3174 facit,
1996 3105 2070 3159 ita
2100 3111 2160 3160 ut

561 3195 689 3253 inde
718 3199 970 3256 omnibus
997 3215 1096 3271 per
1124 3200 1416 3256 circuitum
1463 3200 1777 3257 nationibus
1809 3201 1924 3272 ipsa
1956 3199 2157 3256 terrori

560 3290 632 3345 sit
656 3299 711 3345 et
738 3292 955 3348 honori.
997 3269 1137 3351 Uine
1188 3292 1389 3365 legitur
1415 3293 1469 3349 in
1497 3293 1725 3351 Actibus
1760 3269 2157 3364 apostolorum,
2186 3269 2231 3334 (ἶ

560 3384 705 3455 quod
764 3385 1096 3456 praedicante
1158 3385 1327 3442 Paulo
1399 3394 1454 3442 et
1506 3385 1766 3442 miracula
1817 3385 2071 3451 faciente,
2104 3384 2160 3440 in

563 3474 924 3547 Ephesiorum
954 3477 1173 3533 civitate
1196 3476 1393 3534 cecidit
1422 3477 1587 3532 timor
1613 3492 1775 3548 super
1802 3492 1992 3533 omnes
2016 3475 2158 3543 illos,

564 3567 669 3624 hoc
698 3577 802 3635 est,
831 3568 1047 3625 Judmos
1094 3578 1256 3641 atque
1308 3571 1556 3643 gentiles,
1594 3570 1688 3643 qui
1738 3567 2059 3625 habitabant
2086 3568 2162 3625 ibi

566 3666 621 3713 et
683 3657 1105 3730 rnagnlilcabant
1154 3674 1353 3717 nomen
1403 3659 1621 3716 Domini
1674 3657 1823 3728 Jesu,
1896 3659 2163 3731 multique

568 3751 910 3807 credentium
950 3754 1242 3809 veniebant
1288 3754 1613 3811 confitentes
1669 3762 1725 3810 et
1776 3755 2164 3811 annuntiantes

570 3850 727 3898 actus
759 3858 906 3898 suos.
941 3842 1093 3898 Multi
1120 3852 1303 3900 autem
1331 3862 1399 3901 ex
1428 3845 1532 3912 his,
1582 3846 1674 3915 qui
1704 3843 1921 3901 fuerant
1946 3846 2163 3901 curiosa

570 3936 785 4003 sectati,
819 3937 1164 3993 contulerunt
1209 3937 1397 4004 libros,
1435 3947 1490 3993 et
1527 3939 1948 3994 combusserunt
1977 3953 2165 3995 coram

569 4030 846 4097 omnibus,
901 4037 957 4085 et
984 4032 1313 4102 computatis
1340 4031 1533 4102 pretiis
1584 4032 1801 4087 illorum
1842 4030 2167 4091 invenerunt

570 4122 860 4193 pecuniam
933 4122 1285 4178 denariorum
1341 4123 1737 4195 quinquaginta
1791 4124 2043 4191 millium,
2093 4127 2166 4182 ita

573 4214 783 4271 fortiter
811 4216 1037 4273 verbum
1072 4219 1285 4274 Domini
1336 4221 1621 4275 crescebat
1666 4228 1721 4275 et
1746 4220 2169 4276 confirmabatur

576 4307 714 4379 (Act.
740 4309 879 4381 xix).
912 4310 1012 4366 Cui
1043 4311 1228 4367 sensui
1254 4312 1585 4369 conveniunt
1626 4327 1689 4367 ea
1717 4327 1837 4385 qua:
1883 4311 2167 4369 continua-

574 4399 671 4454 tim
700 4410 998 4471 sequentur
1030 4421 1041 4457 :

656 4509 672 4543 ι
711 4491 790 4547 Da
814 4494 1186 4551 testimonium
1209 4494 1294 4551 his
1322 4494 1415 4567 qui
1462 4496 1531 4554 ab
1561 4495 1718 4553 initio
1745 4506 2012 4554 creatura:
2062 4506 2169 4555 tua:

581 4603 600 4636 ι
635 4591 783 4650 sunt,
812 4593 866 4639 et
892 4587 1091 4641 suscita
1122 4587 1537 4659 prtedicationes
1589 4604 1724 4661 quas
1773 4589 1934 4645 locuti
1963 4599 2090 4646 sunt
2113 4589 2169 4646 in

584 4698 603 4732 ι
640 4680 857 4735 nomine
894 4687 988 4735 tuo
1028 4682 1305 4753 prophetae
1336 4684 1566 4754 priores.
1606 4703 1625 4737 ι
1658 4682 1859 4740 Omnes
1891 4684 2169 4755 propheta:

579 4772 950 4827 testimonium
1002 4772 1398 4843 perhibuerunt
1451 4775 1813 4830 incarnationi
1873 4775 2171 4831 Saivato'ris

578 4865 774 4931 nostri,
803 4865 948 4935 quod
996 4864 1141 4921 Deus
1174 4864 1336 4919 homo
1370 4866 1546 4921 factus
1576 4867 1876 4923 Ecclesiam
1915 4868 2016 4923 sibi
2042 4868 2173 4923 ﬁde-

577 4955 711 5011 lium
741 4965 1105 5024 construeret,
1161 4972 1414 5027 sponsam
1451 4959 1552 5013 sibi
1586 4959 1728 5013 illam
1761 4960 2028 5015 exhibens
2061 4959 2173 5032 glo-
2208 4966 2211 4969 ‘

580 5052 802 5117 riosam,
835 5065 944 5106 non
992 5052 1286 5106 habentem
1336 5053 1605 5107 maculam
1655 5061 1748 5107 aut
1774 5070 1984 5123 rugam.
2019 5053 2173 5109 Unde

582 5142 711 5198 dicit
750 5159 763 5196 :
811 5158 830 5194 ι
863 5141 939 5197 Da
976 5143 1347 5197 testimonium
1379 5143 1465 5200 his
1516 5145 1607 5216 qui
1634 5144 1701 5199 ab
1732 5146 1887 5200 initio
1911 5154 2175 5201 creaturae

586 5241 685 5289 ture
713 5245 859 5290 sunt.
901 5255 919 5287 ι
949 5233 1209 5292 Creatura
1240 5238 1384 5293 enim
1430 5239 1524 5293 Dei
1578 5248 1661 5293 est
1714 5239 1979 5305 Ecclesia,
2012 5256 2175 5311 quam

585 5325 699 5396 ipse
730 5327 831 5382 sibi
857 5344 954 5397 per
982 5330 1212 5400 gratiam
1241 5329 1446 5386 Christi
1476 5348 1541 5386 ac
1562 5332 1765 5386 donum
1798 5334 2034 5405 Spiritus
2058 5349 2178 5388 san-

586 5421 684 5483 cti,
714 5420 1022 5490 acquisivit.
1070 5420 1141 5477 Ut
1164 5421 1321 5491 juxta
1350 5423 1501 5477 Pauli
1535 5425 1861 5480 sententiam
1900 5444 1918 5476 ι
1959 5425 2173 5479 innote-

591 5519 705 5565 scat
744 5511 1082 5583 principibus
1115 5522 1170 5569 et
1214 5516 1574 5588 potestatibus
1630 5517 1682 5571 in
1737 5518 2049 5572 caelestibus
2078 5534 2178 5587 per

588 5603 836 5658 eamdem
873 5602 1170 5658 Ecciesiam
1204 5605 1553 5661 multiformis
1605 5608 1871 5679 sapientia
1920 5607 2035 5671 Dei,
2083 5623 2172 5662 se-

590 5697 825 5751 cundum
857 5697 1269 5765 prteiinitionem
1326 5700 1669 5765 saeculorum,
1727 5716 1890 5771 quam
1942 5699 2075 5755 fecit
2117 5700 2172 5754 in

590 5785 807 5842 Christo
836 5784 962 5844 Jesu
1015 5788 1243 5846 Domino
1280 5800 1483 5855 nostro,
1524 5792 1577 5846 in
1608 5808 1717 5865 quo
1748 5793 2010 5847 habemus
2037 5792 2178 5846 fidu-

593 5878 736 5941 ciam
786 5889 843 5939 et
890 5897 1169 5945 accessum
1220 5885 1275 5945 in
1314 5885 1644 5946 conﬁdentia
1701 5904 1800 5965 per
1849 5887 2013 5949 iidem
2065 5886 2183 5963 ejus

2248 2022 2368 2063 sum
2394 2005 2601 2075 accepit
2626 2018 2658 2059 a
2704 2002 2908 2073 Spiritu
2937 2004 3144 2061 sancto,
3176 2008 3289 2048 non
3320 1991 3549 2044 visurum
3583 1998 3630 2038 se
3648 1996 3751 2035 mor-

2248 2111 2382 2169 tem,
2407 2100 2508 2155 nisi
2534 2099 2685 2170 prius
2722 2096 2933 2152 videret
2955 2093 3233 2149 Christum
3267 2083 3476 2142 Domini
3504 2078 3657 2135 :undc
3670 2090 3755 2131 eum

2250 2210 2375 2249 eum
2440 2199 2764 2263 prmsentem
2820 2188 2876 2242 in
2941 2185 3096 2240 ulnas
3162 2196 3292 2237 suas
3357 2173 3640 2244 accepisset,
3677 2170 3753 2222 ait:

2258 2304 2276 2337 ι
2307 2284 2462 2339 Nunc
2496 2282 2728 2339 dimittis
2774 2294 2985 2335 servum
3016 2283 3193 2341 tuum,
3251 2271 3493 2334 Domine,
3533 2263 3757 2321 secundum

2251 2378 2477 2433 verbum
2535 2384 2684 2429 tuum
2716 2373 2768 2427 in
2807 2385 2961 2441 pace,
2993 2368 3119 2439 quia
3158 2365 3414 2421 viderunt
3443 2359 3573 2415 oculi
3598 2355 3681 2411 mei
3702 2368 3760 2406 sa-

2250 2469 2430 2525 lutare
2456 2468 2647 2534 Deum,
2673 2465 2813 2536 quod
2842 2462 3042 2536 parasti
3070 2468 3198 2516 ante
3227 2458 3425 2514 faciem
3464 2451 3670 2509 omnium
3691 2460 3758 2516 po.

2254 2561 2524 2637 pulcrum.
2554 2559 2761 2615 Lumen
2798 2556 2865 2612 ad
2915 2553 3306 2611 revelationem
3353 2548 3597 2621 gentium,
3621 2551 3663 2596 et
3686 2539 3763 2641 glo-

2257 2658 2395 2713 riam
2426 2655 2600 2728 plebis
2623 2661 2728 2708 tua:
2759 2650 2926 2707 lsrael
2954 2648 3110 2722 (Luc.
3140 2647 3227 2718 ιι).
3282 2643 3485 2700 Merees
3507 2638 3630 2693 enim
3653 2638 3765 2689 susti-

2258 2749 2513 2805 nentibus
2547 2746 2714 2801 Deum
2748 2744 2928 2811 datur,
2983 2738 3202 2812 quando
3247 2734 3492 2792 fidelibus
3522 2732 3766 2797 exspectan-

2260 2842 2403 2897 tibus
2432 2840 2661 2913 gratiam
2687 2836 2911 2902 Cbristi,
2941 2842 2997 2890 et
3026 2830 3375 2903 sperantibus
3410 2826 3460 2880 in
3487 2838 3597 2916 eum

2259 2908 2470 2988 neratio
2525 2930 2724 3003 futura:
2788 2928 2913 2983 vita:
2982 2930 3297 2996 praestatur.
3352 2917 3429 2975 Ita
3479 2914 3606 2971 enim
3652 2908 3768 2969 divini

2260 3027 2539 3101 propheta:
2565 3032 2621 3080 et
2654 3022 2843 3079 iideles
2868 3027 2924 3076 et
2946 3017 3170 3076 veridici
3202 3013 3561 3072 inveniuntur,
3586 3012 3633 3061 et
3651 3014 3768 3101 exae-

2264 3098 2412 3176 ditur
2436 3117 2612 3175 oratio
2637 3117 2832 3172 devota
2868 3126 3153 3169 servorum
3193 3106 3336 3177 ejus,
3364 3101 3455 3175 qui
3483 3103 3623 3196 erant
3647 3098 3772 3196 quell-

2264 3213 2353 3269 die
2394 3230 2413 3264 ι
2466 3210 2807 3272 utadveniat
2843 3221 3075 3277 regnum
3104 3203 3222 3270 Dei,
3257 3209 3316 3258 et
3343 3198 3437 3257 fiat
3459 3193 3674 3250 voluntas
3694 3193 3774 3254 eius

2262 3305 2483 3363 sicut'in
2513 3304 2652 3361 coelo
2676 3308 2732 3357 et
2762 3302 2818 3356 in
2844 3308 3013 3356 terra.

2339 3416 2359 3450 ι
2396 3396 2705 3453 Secundum
2736 3391 3170 3449 benedictionem
3200 3388 3389 3445 Aaron
3415 3384 3477 3441 da
3507 3375 3674 3452 populo
3695 3379 3773 3433 ωος

2270 3510 2290 3545 ι
2325 3498 2382 3547 et
2424 3490 2599 3562 dirige
2647 3503 2748 3544 nos
2777 3488 2832 3542 in
2863 3485 3005 3542 viam
3049 3482 3303 3556 justitize,
3363 3487 3418 3534 et
3466 3475 3623 3532 sciant
3641 3478 3776 3523 omnes

2272 3601 2291 3657 ι
2328 3582 2419 3655 qui
2452 3580 2760 3637 inhabitant
2783 3588 3006 3645 terram,
3033 3577 3161 3647 quia
3186 3582 3246 3630 tu
3272 3589 3333 3630 cs
3357 3571 3494 3628 Deus
3534 3564 3779 3659 conspecti":

2271 3693 2289 3728 ι
2324 3673 2666 3731 εκειιιοιυιιιιι.
2702 3692 2722 3726 ι
2753 3671 2882 3740 Qua:
2911 3678 2995 3726 est
3021 3669 3166 3725 enim
3189 3663 3496 3723 benedictio
3518 3661 3689 3715 Aaron.
3708 3663 3777 3704 msl

2266 3766 2402 3821 ordo
2425 3774 2480 3821 et
2510 3765 2648 3821 ritus
2706 3761 3022 3827 sacerdotii,
3061 3773 3224 3832 quem
3269 3756 3526 3813 Dominus
3576 3746 3779 3840 dediti?-

2266 3855 2397 3933 puio
2450 3870 2571 3921 suo,
2621 3853 2839 3926 quando
2869 3850 3126 3908 adunavit
3170 3863 3297 3905 eum
3334 3844 3543 3902 Christo
3574 3836 3780 3933 unigenito

2268 3928 2366 4011 suo
2392 3945 2577 4003 Filio?
2617 3944 2735 4015 ipse
2764 3943 2913 3999 enim
2965 3939 3223 3998 sacerdos
3272 3951 3456 4002 verus,
3510 3930 3594 4002 qui
3633 3928 3779 4021 semet-

2268 4039 2446 4112 ipsum
2474 4038 2671 4095 obtulit
2727 4036 2966 4093 hostiam
3015 4032 3165 4090 Patri
3194 4045 3298 4105 pro
3324 4028 3501 4092 nobis,
3525 4032 3576 4079 et
3599 4024 3783 4112 corvom

2268 4110 2319 4185 et
2351 4129 2631 4200 sanguinis
2661 4126 2745 4183 sui
2782 4132 3127 4182 sacramenta
3173 4122 3333 4178 nobis
3387 4115 3610 4177 tradidit,
3636 4110 3690 4166 de
3709 4116 3785 4174 quo

2268 4222 2534 4293 scriptum
2561 4230 2646 4274 est
2673 4238 2685 4275 :
2719 4236 2737 4270 ι
2781 4217 2859 4273 Τυ
2893 4232 2952 4272 es
2981 4216 3235 4272 sacerdos
3264 4214 3323 4269 in
3359 4219 3624 4269 internum,
3648 4210 3785 4293 δέρων

2271 4291 2398 4370 dum
2448 4312 2694 4368 ordinem
2748 4308 3141 4365 Melchisedech
3192 4303 3368 4378 (Psal.
3393 4301 3519 4372 cxx).
3552 4317 3569 4351 ι
3605 4291 3687 4361 Qui

2268 4404 2398 4463 fecit
2431 4421 2659 4479 regnum
2691 4412 2747 4463 et
2792 4403 3104 4460 sacerdotes
3283 4405 3341 4454 et
3370 4392 3513 4451 Patri
3556 4399 3657 4444 suo.
3680 4376 3787 4437 l‘ude

2271 4504 2405 4560 dicit
2457 4502 2649 4559 Petrus
2698 4499 3012 4573 apostolus:
3056 4515 3077 4547 ι
3113 4495 3222 4552 Vos
3275 4499 3458 4548 autem
3514 4482 3630 4543 estis
3666 4483 3788 4573 scitus

2273 4596 2527 4661 electum,
2581 4564 2765 4665 regale
2802 4588 3188 4654 sacerdotium,
3215 4601 3350 4661 gens
3399 4586 3590 4643 sancta.
3618 4564 3789 4665 “illum

2276 4663 2673 4760 acquisitionis,
2709 4694 2768 4741 ut
2798 4686 3028 4739 virtutes
3052 4677 3390 4738 annuntietis
3419 4672 3529 4742 ejus
3551 4666 3633 4741 qui
3654 4663 3707 4716 de

2276 4745 2459 4837 nebris
2490 4794 2588 4835 vos
2629 4778 2844 4834 vocavit
2897 4777 2949 4832 in
2979 4772 3301 4831 admirabile
3349 4771 3521 4826 lumen
3572 4770 3717 4818 suum,
3744 4745 3790 4849 ³ηά

2276 4886 2436 4941 quem
2468 4870 2790 4925 accedentes
2820 4866 3051 4937 lapidem
3083 4865 3289 4929 vivum,
3324 4862 3393 4919 ab
3422 4851 3695 4915 hominibus
3709 4856 3790 4939 qu}-

2276 4963 2397 5017 dem
2431 4962 2802 5030 reprobatum,
2832 4975 2862 5013 a
2908 4958 3018 5013 Deo
3055 4963 3239 5011 autem
3292 4954 3520 5010 eiectum
3549 4954 3598 5002 ct
3623 4943 3790 5030 honun-

2277 5028 2520 5121 iicatum,
2562 5065 2617 5109 et
2648 5054 2747 5123 ipsi
2776 5060 3034 5122 tanquam
3066 5048 3271 5120 lapides
3316 5046 3423 5101 vivi
3468 5028 3791 5123 supermdiﬁca:

2281 5147 2437 5213 mini,
2496 5146 2687 5202 domus
2732 5143 3014 5217 spiritalis,
3073 5140 3432 5198 sacerdotium
3480 5112 3791 5217 sanctultwf‘

2281 5212 2429 5297 ferre
2466 5239 2736 5309 spiritales
2760 5212 2992 5304 hostias,
3036 5232 3397 5303 acceptabiles
3425 5227 3528 5282 Deo
3553 5235 3639 5293 per
3659 5212 3789 5270 ³⁸⁵³³³⁸

2280 5333 2557 5389 Christum
2613 5332 2664 5403 (I
2702 5330 2849 5385 Petr.
2899 5331 2984 5401 ιι).
3026 5348 3045 5381 ι
3082 5326 3388 5382 Secundum
3437 5310 3789 5403 benedictione:ll

2279 5427 2426 5480 enim
2454 5392 2633 5479 Aaron
2660 5439 2788 5479 vere
2811 5392 3124 5477 tunc’datur
3151 5416 3347 5489 populo
3384 5412 3495 5476 Dei,
3538 5399 3718 5479 quando
3734 5392 3791 5447 di-

2281 5520 2479 5587 rigitur
2502 5519 2553 5571 in
2582 5517 2723 5570 viam
2744 5514 2989 5584 justitim,
3018 5525 3078 5569 ut
3103 5514 3245 5585 quod
3270 5512 3446 5566 Aaron
3482 5491 3792 5596 prmﬁglltab‘f“

2278 5612 2335 5666 in
2368 5610 2602 5666 victimis
2657 5608 3031 5678 corporalibus
3066 5608 3221 5678 legis,
3260 5605 3360 5660 hoc
3393 5602 3490 5657 iste
3516 5597 3562 5652 in
3591 5578 3792 5678 spiritali-

2282 5705 2385 5757 bus
2438 5699 2631 5757 hostiis
2666 5676 2959 5767 adimpleat
3009 5676 3304 5765 Evangelii.
3359 5711 3379 5744 ι
3415 5689 3608 5749 Sciant,
3642 5676 3790 5743 inquit.

2285 5809 2474 5850 omnes
2503 5792 2593 5865 qui
2628 5791 2936 5848 inhabitant
2966 5800 3188 5853 terram,
3222 5787 3344 5862 quia
3378 5793 3433 5840 tu
3474 5796 3529 5836 es
3555 5777 3675 5833 Deus
3697 5778 3791 5821 €01"

2288 5894 2502 5965 specter
2550 5883 2891 5944 saeculorum.
2933 5903 2954 5940 ι
2989 5879 3105 5943 Hoc
3132 5889 3234 5951 est,
3266 5892 3452 5941 omnes
3474 5877 3642 5951 ςωιεθ
3666 5870 3793 5939 “tam”
