4030 6464
241 415 376 475 1021

1091 408 1447 469 COMMENT.
1486 410 1553 467 IN
1593 408 2203 471 ECCLESIASTICUM.
2244 444 2315 456 —
2348 414 2475 471 LIB.
2516 410 2649 471 VIII.

3364 414 3506 477 4022

234 538 393 590 scant
424 528 480 587 in
529 522 762 585 mirabili
794 524 1089 583 Christiani
1119 529 1300 601 populi
1334 528 1655 597 salvatione,
1688 529 1819 602 quia
1845 528 1899 596 Α
1924 524 2079 588 Unde
2128 532 2396 606 scriptum
2426 541 2511 591 est
2560 535 2617 591 in
2647 534 2959 593 Proverbiis
2985 554 2998 591 :
3043 555 3063 590 ι
3089 537 3325 595 Conﬁdit
3360 539 3415 594 in
3441 555 3507 595 ea

234 633 293 683 tu
317 640 378 681 es
410 623 555 680 Deus
589 630 715 679 ante
739 623 918 677 omnia
948 622 1165 691 saecula,
1196 630 1251 679 et
1277 630 1400 696 post
1420 624 1602 681 omnia
1624 625 1819 682 saecula

234 720 383 778 idem
413 733 656 783 manens,
691 717 783 788 qui
812 715 886 770 ita
917 716 1202 773 ordinabat
1239 718 1515 790 praeterita
1555 726 1817 790 tempora,

230 822 293 869 ut
318 813 399 868 eis
419 819 641 884 propter
677 810 909 881 gratiam
934 806 1136 865 Christi
1163 810 1569 882 supereminere
1609 810 1819 868 faceres

233 917 483 980 tempora
512 905 713 960 futura,

311 1022 329 1054 ‹
368 1002 596 1058 Omnem
626 1014 806 1057 escam
844 997 1190 1055 manducabit
1236 1007 1446 1067 venter,
1478 1008 1534 1056 et
1559 1006 1643 1055 est
1668 999 1821 1056 cibus

239 1112 258 1145 ι
294 1094 415 1150 cibo
472 1090 682 1149 melior.
736 1092 945 1148 Fauces
997 1093 1320 1165 contingunt
1360 1094 1538 1149 cibum
1585 1092 1733 1159 ferae,
1764 1100 1821 1148 et

239 1206 257 1238 ι
293 1203 387 1242 cor
444 1195 716 1242 sensatum
746 1185 909 1241 verba
957 1186 1262 1242 mendacia.
1299 1206 1318 1240 ι
1359 1186 1488 1242 Post
1516 1187 1818 1243 orationem

230 1277 579 1349 completam,
608 1282 660 1333 et
688 1278 1024 1347 vaticinium,
1077 1295 1185 1351 quo
1233 1280 1645 1353 prophetizabat
1673 1279 1821 1335 futu-

232 1389 347 1427 ram
376 1373 819 1428 convocationem
872 1375 1114 1444 gentium
1152 1375 1219 1431 ad
1263 1374 1426 1431 fidem
1453 1372 1678 1441 Christi,
1727 1374 1822 1431 do-

232 1475 319 1520 cet
347 1482 447 1522 nos
499 1464 764 1538 sapientia
814 1478 874 1522 ut
898 1469 1197 1524 habeamus
1224 1469 1533 1524 distantiam
1563 1469 1617 1523 in
1643 1468 1821 1523 diver-

230 1559 392 1613 sitate
428 1558 758 1631 dogmatum,
784 1560 1051 1616 adhibens
1082 1560 1390 1631 exemplum
1418 1560 1482 1617 de
1510 1569 1698 1616 ventre
1724 1560 1822 1614 hu-

231 1664 395 1704 mano
422 1658 478 1704 et
526 1648 798 1718 faucibus,
830 1659 890 1707 ut
919 1652 1190 1723 quomodo
1224 1661 1410 1724 guttur
1435 1668 1590 1707 escas
1621 1649 1821 1721 dijudi-

232 1756 386 1806 cans,
415 1742 651 1798 secernit
702 1759 926 1800 suavem
969 1744 1148 1801 cibum
1175 1747 1242 1802 ab
1270 1761 1478 1812 amaro,
1504 1746 1584 1801 sic
1613 1746 1823 1801 animus

236 1833 520 1903 prudentis
563 1834 877 1907 dogmatum
924 1830 1284 1895 differentiam
1322 1837 1669 1909 dignoscens,
1706 1839 1820 1896 dis—

234 1925 444 1998 tinguat
471 1944 726 1985 veracem
759 1930 1063 1987 doctrinam
1094 1949 1126 1987 a
1154 1931 1356 1989 fallaci.

309 2035 327 2069 ι
361 2017 469 2073 Cor
494 2036 722 2092 pravum
752 2021 904 2078 dabit
941 2024 1245 2092 tristitiam,
1292 2034 1347 2080 et
1400 2024 1565 2082 homo
1616 2025 1823 2098 peritus

237 2131 256 2164 ι
294 2113 502 2169 resistit
536 2115 634 2171 illi.
674 2137 692 2169 ι
724 2116 832 2173 Cor
884 2134 1113 2189 pravum
1160 2118 1542 2175 haereticorum
1597 2127 1708 2175 tota
1738 2119 1825 2176 die

232 2206 526 2261 meditatur
574 2206 917 2276 injustitiam,
967 2219 1024 2266 et
1076 2211 1262 2282 lingua
1306 2228 1495 2269 eorum
1536 2212 1825 2268 concinna-

232 2296 308 2351 vit
336 2296 539 2364 dolum,
568 2308 623 2353 et
647 2300 809 2356 homo
835 2301 1045 2372 peritus
1074 2301 1129 2355 in
1160 2302 1429 2358 catholica
1463 2302 1708 2357 doctrina
1740 2318 1827 2357 re-

230 2388 375 2445 sistit
406 2390 484 2445 illi
514 2400 669 2448 scuto
720 2410 867 2450 verre
899 2392 1048 2462 fidei,
1078 2403 1134 2452 et
1183 2394 1364 2467 gladio
1404 2397 1648 2469 spiritus,
1682 2396 1828 2469 quod

230 2487 313 2537 est
342 2483 565 2538 verbum
595 2483 711 2540 Dei.

308 2592 326 2625 ι
364 2573 593 2630 Omnem
650 2577 950 2634 masculum
987 2568 1227 2650 excipiet
1274 2576 1489 2649 mulier,
1523 2588 1579 2637 et
1604 2590 1687 2637 est
1714 2581 1827 2638 filia

239 2685 258 2718 ι
295 2669 491 2726 melior
513 2669 640 2730 filia.
678 2691 695 2724 ι
724 2670 914 2729 Mulier
932 2690 1148 2729 omnem
1180 2673 1477 2730 masculum
1505 2677 1825 2747 suscipiens,

235 2757 290 2815 in
342 2760 421 2815 eis
475 2761 792 2834 intelligitur
836 2765 928 2834 qui
980 2764 1189 2831 dicunt,
1228 2784 1247 2817 ι
1284 2782 1386 2838 ego
1438 2767 1655 2838 quidem
1707 2785 1827 2826 sum

235 2846 408 2916 Pauli,
454 2868 555 2924 ego
584 2862 764 2909 autem
804 2854 1016 2926 Apollo,
1062 2871 1163 2928 ego
1209 2872 1341 2913 vero
1366 2856 1562 2929 Cepbze
1620 2858 1673 2932 (Ι
1699 2858 1824 2916 Cor.

232 2941 351 3015 xu).
403 2964 423 2996 ι
458 2943 595 3000 Filia
628 2943 819 3002 melior
843 2947 1165 3020 intelligitur
1190 2947 1243 3003 in
1269 2949 1353 3005 his
1381 2951 1473 3020 qui
1497 2950 1703 3019 dicunt,
1728 2968 1829 3024 ego

232 3042 411 3092 autem
425 3034 650 3095 Christi.
684 3039 803 3112 Ipsa
817 3050 903 3097 est
921 3043 976 3098 in
990 3040 1217 3098 Cantico
1232 3044 1567 3100 canticorum
1582 3045 1828 3117 proxima

233 3124 349 3195 ejus
378 3127 433 3182 in
457 3130 636 3186 medio
666 3130 920 3200 filiarum,
958 3152 978 3185 ι
998 3133 1142 3190 sicut
1170 3133 1342 3189 lilium
1376 3134 1431 3189 in
1454 3135 1633 3192 medio
1648 3137 1829 3207 spina-

232 3234 353 3275 rum
386 3220 567 3293 (Cant.
593 3226 679 3296 ιι).
718 3244 737 3279 ι
782 3225 955 3281 Aliter
999 3227 1054 3282 in
1088 3228 1329 3284 masculo
1356 3244 1646 3301 possumus
1685 3230 1830 3287 acci-

1925 640 2019 681 cor
2037 625 2139 682 viri
2174 626 2279 694 sui,
2318 636 2373 683 et
2404 628 2592 699 spoliis
2641 646 2749 686 non
2781 630 3061 705 indigebit.
3096 634 3305 691 Reddet
3330 635 3381 691 ei
3405 634 3504 691 bo-

1921 735 2072 787 num,
2132 726 2187 777 et
2234 737 2343 777 non
2399 721 2599 777 malum
2653 723 2905 779 omnibus
2958 724 3149 783 diebus
3204 726 3331 784 vita:
3399 743 3510 784 suae

1921 807 2102 883 (Prov.
2148 808 2320 885 χχχι).
2367 830 2386 864 ι
2425 812 2491 867 Ει
2517 812 2665 881 item,
2701 833 2720 866 ι
2772 815 3077 884 Fortitudo,
3111 817 3305 890 inquit,
3335 826 3392 875 et
3416 819 3510 875 de—

1921 920 2017 961 cor
2055 905 2429 961 indumentum
2464 904 2601 976 ejus,
2642 914 2697 962 et
2727 907 2926 965 ridebit
2981 910 3037 966 in
3086 910 3172 967 die
3218 912 3512 969 novissima

1922 1000 2133 1074 (Ibid).
2174 1020 2194 1054 ι
2226 998 2381 1056 Nulla
2412 1001 2555 1056 enim
2588 1002 3025 1074 concupiscentia
3069 1003 3305 1061 hominis
3352 1003 3513 1073 hujus

1922 1088 2188 1148 desiderio
2218 1093 2524 1165 comparari
2563 1102 2778 1166 potest;
2808 1095 2935 1165 quia
2974 1095 3061 1151 ‘ita
3098 1096 3359 1167 scriptum
3386 1104 3507 1151 est:

1928 1204 1947 1237 ι
1982 1182 2171 1241 Fallax
2207 1188 2402 1257 gratia,
2446 1193 2501 1242 et
2527 1202 2666 1243 vana
2719 1195 2803 1243 est
2852 1185 3198 1260 pulchritudo
3227 1186 3438 1261 (Ibid).
3478 1206 3499 1241 ι

1923 1277 2112 1335 Mulier
2139 1279 2335 1335 timens
2360 1280 2552 1349 Demu,
2586 1280 2700 1351 ipsa
2730 1279 3059 1335 laudabitur.

2000 1390 2019 1423 ι
2067 1371 2125 1427 Si
2153 1379 2234 1427 est
2267 1372 2449 1443 lingua
2502 1373 2820 1439 curationis,
2858 1379 2943 1428 est
2970 1380 3023 1427 et
3075 1370 3430 1442 mitigationis
3459 1378 3514 1426 et

1928 1481 1948 1516 ι
1989 1463 2400 1519 misericordiae.
2442 1484 2460 1515 ι
2495 1464 2926 1521 Misericordiam
2962 1464 3051 1520 hic
3075 1464 3309 1535 gratiam
3352 1460 3512 1519 Chri-

1924 1552 1992 1611 sti
2024 1555 2277 1625 appellat,
2311 1571 2429 1626 qua:
2458 1571 2558 1626 per
2593 1556 3033 1627 przedicatiouem
3087 1554 3364 1627 Evangelii
3400 1553 3517 1608 ani-

1925 1664 2140 1704 marum
2177 1658 2333 1704 curat
2375 1648 2621 1715 vulnera,
2682 1657 2737 1705 et
2776 1649 2989 1720 mitigat
3052 1656 3241 1704 mstum
3278 1648 3516 1703 carnalis

1926 1742 2394 1813 concupiscentize.
2429 1742 2555 1798 Hmc
2583 1758 2712 1815 ergo
2742 1743 3118 1798 misericordia
3169 1741 3438 1797 redundat
3462 1739 3519 1794 in

1927 1833 2167 1890 Ecclesia
2204 1834 2493 1890 catholica.
2523 1834 2653 1889 Inde
2714 1834 2847 1888 dicit
2884 1834 3001 1905 ejus
3047 1831 3373 1888 desiderium
3400 1845 3519 1886 esse

1850 1915 1900 1975 Β
1928 1944 2092 2001 super
2126 1945 2342 1984 omnem
2367 1929 2863 2000 concupiscentiam
2904 1926 3160 1992 hominis,
3214 1925 3340 1997 quia
3374 1925 3428 1979 in
3455 1940 3518 1979 ea

1927 2022 2092 2079 decor
2122 2023 2383 2079 virtutum
2418 2028 2472 2079 et
2504 2022 2850 2095 pulchritudo
2895 2020 3157 2078 doctrinae
3197 2018 3520 2075 mirabiliter

1928 2115 2117 2188 fulget.

2005 2227 2024 2260 ι
2056 2207 2176 2263 Νοη
2217 2215 2302 2264 est
2353 2207 2438 2263 vir
2465 2206 2607 2263 illius
2654 2206 2951 2262 secundum
2984 2205 3123 2261 filios
3157 2204 3459 2260 hominum.
3492 2222 3512 2255 ι

1927 2292 2025 2355 Vir
2050 2300 2196 2355 enim
2248 2298 2504 2355 Ecclesiae
2532 2307 2615 2355 est
2660 2297 2932 2365 Christus,
2964 2297 3054 2369 qui
3087 2313 3192 2353 non
3219 2304 3303 2351 est
3331 2311 3526 2351 secun-

1928 2391 2056 2447 dum
2086 2391 2224 2447 filios
2250 2390 2552 2459 hominum,
2583 2391 2711 2461 quia
2744 2389 2979 2463 dignitas
3004 2389 3120 2459 ejus
3168 2386 3325 2459 longe
3366 2401 3524 2443 exce-

1929 2482 2009 2539 dit
2037 2476 2331 2539 humanam
2361 2492 2637 2538 naturam.
2671 2482 2821 2539 Unde
2851 2482 2916 2537 de
2966 2497 3032 2537 eo
3058 2479 3324 2551 scriptum
3355 2484 3438 2533 est
3468 2477 3522 2531 in

1927 2575 2243 2647 Propheta:
2282 2596 2299 2629 ι
2357 2576 2645 2647 Speciosus
2702 2574 2873 2631 forma
2927 2590 3037 2645 prae
3068 2572 3194 2628 filiis
3222 2571 3522 2636 hominum,

1932 2664 2126 2722 diffusa
2152 2675 2238 2723 est
2267 2667 2439 2740 gratia
2475 2668 2529 2722 in
2568 2667 2726 2722 labiis
2755 2667 2882 2734 tuis,
2918 2673 3202 2737 propterea
3248 2659 3528 2718 benedixit

1930 2764 1984 2813 te
2024 2754 2163 2813 Deus
2214 2758 2267 2813 in
2304 2765 2569 2813 :eternnm
2623 2755 2797 2830 (Psal.
2850 2755 3018 2829 xuv).
3079 2776 3097 2806 ι
3143 2752 3252 2809 Sed
3314 2766 3436 2808 cum
3469 2751 3523 2805 in

1928 2850 2065 2908 Isaia
2095 2850 2323 2925 legatur,
2355 2871 2374 2904 ι
2406 2851 2653 2908 Vidimus
2682 2867 2829 2917 eum,
2855 2860 2909 2905 et
2940 2865 3048 2904 non
3078 2857 3197 2903 erat
3220 2847 3270 2901 ei
3313 2845 3525 2917 species

1930 2960 2107 3015 neque
2130 2945 2331 3000 decor:
2367 2943 2462 2999 sed
2516 2944 2726 3015 species
2776 2941 2955 2996 vultus
2983 2938 3100 3011 ejus
3152 2939 3268 2995 sine
3295 2936 3524 3002 honore,

1932 3037 2144 3108 abjeeta
2172 3054 2285 3110 prae
2311 3039 2565 3094 omnibus
2588 3037 2901 3093 hominibus
2935 3034 3071 3108 (lsa.
3099 3032 3217 3106 Lili)
3249 3048 3264 3088 :
3302 3051 3319 3084 ι
3351 3028 3523 3104 quzeri

1930 3139 2110 3204 potest
2161 3131 2434 3203 quomodo
2479 3132 2564 3186 vir
2588 3131 2678 3187 hic
2701 3146 2865 3202 super
2893 3144 3062 3199 genus
3092 3127 3370 3183 hominum
3401 3138 3524 3196 spe-

1930 3226 2270 3282 ciosissimus
2299 3225 2662 3294 describatur,
2712 3242 2820 3282 non
2870 3225 2995 3296 quia
3022 3222 3197 3279 forma
3229 3221 3345 3293 ejus
3369 3222 3527 3275 deco-

231 3324 360 3381 pere
388 3328 694 3370 sermonem
725 3315 921 3372 divina:
948 3317 1101 3389 legis,
1148 3318 1239 3389 qui
1270 3318 1525 3376 fecundat
1562 3321 1820 3395 intelligi-
1849 3323 1896 3389 C
1930 3332 2046 3373 rem
2108 3316 2266 3373 lactei
2298 3317 2498 3374 coloris
2528 3317 2705 3382 duxit,
2754 3324 2850 3373 aut
2875 3315 3015 3371 flavo
3044 3315 3195 3371 crine
3230 3309 3524 3384 splenduit,

232 3399 398 3471 bilem
440 3404 678 3458 animam
718 3406 1005 3477 prudentia
1057 3410 1337 3479 sapientia:
1382 3419 1440 3467 et
1462 3411 1603 3468 bona
1633 3428 1825 3486 opera-

233 3491 402 3549 tione.
437 3494 590 3551 Unde
634 3504 691 3552 et
742 3513 841 3568 per
863 3497 1057 3554 Isaiam
1086 3501 1324 3556 dicitur:
1362 3520 1382 3554 ι
1416 3502 1700 3570 Quomodo
1726 3504 1825 3561 de-

233 3582 446 3638 scendit
496 3585 670 3641 imber
716 3595 771 3642 et
816 3589 911 3643 nix
960 3588 1027 3645 de
1057 3590 1217 3657 caelo,
1259 3599 1315 3648 et
1368 3591 1477 3649 illic
1525 3593 1663 3649 ultra
1718 3611 1826 3652 nou

233 3676 543 3744 revertitur,
576 3679 672 3735 sed
698 3679 936 3737 inebriat
981 3691 1204 3751 terram,
1234 3693 1289 3740 et
1338 3673 1572 3742 infundit
1622 3703 1743 3743 eam
1772 3696 1829 3745 et

232 3770 534 3840 germinare
560 3786 682 3827 eam
702 3771 853 3841 facit,
878 3782 934 3830 et
962 3775 1053 3831 dat
1075 3792 1258 3833 semen
1291 3779 1514 3843 serenti,
1546 3786 1602 3836 et
1623 3794 1825 3852 panem

232 3860 559 3929 comedenti,
600 3864 681 3919 sic
722 3864 828 3921 erit
864 3867 1087 3922 verbum
1134 3882 1315 3924 meum
1344 3869 1488 3942 quod
1516 3872 1826 3941 egredietur

235 3950 301 4004 de
358 3967 453 4007 ore
482 3968 647 4010 meo:
680 3972 788 4012 non
832 3967 1135 4015 revertetur
1168 3961 1236 4016 ad
1288 3978 1377 4019 me
1424 3979 1677 4033 vacuum,
1729 3966 1826 4021 sed

234 4038 396 4097 faciet
443 4059 779 4117 quacunque
817 4048 985 4116 volui,
1023 4059 1077 4106 et
1102 4053 1515 4123 prosperabitur
1541 4056 1593 4111 in
1617 4055 1724 4123 his,
1756 4059 1827 4114 ad

233 4145 353 4201 qua:
382 4133 506 4188 misi
548 4134 677 4191 illud
712 4137 851 4209 (fsa.
880 4139 988 4211 Lv).
1026 4160 1045 4195 ι
1076 4142 1230 4209 Quod
1266 4153 1445 4201 autem
1475 4148 1551 4202 ait
1587 4166 1598 4202 :
1658 4167 1676 4201 ι
1730 4149 1827 4206 Est

235 4223 345 4278 filia
373 4224 480 4280 filia
506 4227 715 4294 melior,
755 4246 774 4282 ι
810 4231 1048 4286 ostendit
1075 4233 1388 4289 distantiam
1430 4252 1552 4292 esse
1586 4238 1640 4293 in
1691 4254 1823 4309 pro-

235 4312 380 4369 fectu
438 4317 678 4372 scientia:
718 4327 774 4374 et
800 4319 1065 4375 virtutum
1121 4324 1457 4392 operatione,
1490 4334 1546 4381 et
1573 4329 1824 4397 qutedam

233 4422 399 4478 opera
429 4424 551 4465 esse
576 4410 742 4473 bona,
769 4411 1019 4481 qumdani
1042 4422 1224 4470 autem
1248 4416 1510 4486 perfecta,
1545 4420 1689 4475 sicut
1709 4421 1826 4493 ipse.

234 4497 497 4554 Dominus
526 4499 580 4554 in
611 4500 907 4571 Evangelia
948 4505 1187 4561 ostendit
1235 4506 1419 4564 dicens
1452 4527 1464 4563 :
1505 4526 1524 4561 ι
1560 4509 1617 4565 Si
1648 4511 1730 4566 vis
1757 4511 1827 4566 ad

233 4590 405 4645 vitam
464 4592 695 4663 ingredi,
760 4608 916 4648 serva
974 4597 1229 4653 mandata
1285 4598 1502 4671 (Matth.
1535 4603 1671 4676 nx).
1705 4623 1723 4656 ι
1758 4605 1827 4660 Ει

1928 3416 2023 3463 aut
2056 3407 2253 3480 insigni
2283 3415 2493 3464 statura
2521 3408 2852 3481 praeminuit,
2903 3406 2997 3463 sed
3028 3404 3293 3462 veraciter
3320 3403 3520 3458 huma-

1927 3518 2000 3557 no
2029 3504 2212 3576 generi
2241 3503 2520 3575 pulchrior
2545 3502 2669 3570 fuit,
2721 3502 2849 3574 quia
2898 3511 3121 3574 peccata
3174 3514 3280 3555 non
3312 3494 3521 3552 habuit.

1925 3596 2060 3652 Illud
2110 3597 2253 3652 cnim
2302 3598 2608 3669 speciosum
2666 3605 2814 3652 recte
2866 3595 3097 3652 dicimus
3150 3591 3297 3665 quod
3350 3588 3524 3661 gratia

1927 3686 2293 3743 mundissimre
2317 3688 2569 3759 puritatis
2596 3698 2839 3751 ornatur,
2875 3685 3123 3759 quamvis
3152 3693 3308 3755 pater
3336 3681 3521 3751 Augu-

1927 3780 2105 3835 stinus
2136 3781 2370 3851 speciem
2422 3781 2668 3852 corporis
2715 3777 2832 3851 ejus
2872 3779 3017 3835 dicat
3052 3778 3222 3834 fuisse
3274 3771 3523 3830 laudabi-

1926 3873 2055 3928 lem.
2087 3872 2194 3929 Sed
2225 3874 2531 3946 exemplum
2566 3870 2717 3930 lsaize
2742 3888 2907 3944 supra
2938 3871 3173 3946 positum
3200 3866 3267 3924 ad
3309 3865 3523 3940 passio-

1926 3964 2013 4019 nis
2043 3963 2158 4032 ejus
2193 3964 2377 4021 retulit
2433 3976 2667 4036 tempus,
2698 3966 2915 4035 quando
2946 3974 3001 4020 et
3056 3961 3300 4033 colaphis
3328 3972 3521 4025 cresns,

1927 4066 1983 4112 et
2012 4059 2182 4129 spinis
2234 4068 2549 4126 coronatus,
2588 4069 2646 4115 et
2679 4060 2851 4131 sputis
2883 4059 3082 4130 legitur
3110 4070 3229 4112 esse
3282 4051 3524 4124 comple-

1926 4158 2036 4206 tus.
2086 4150 2323 4207 Ecclesia
2378 4169 2529 4219 vero,
2567 4169 2688 4224 quae
2740 4151 2952 4209 Domini
2996 4149 3300 4207 Salvatoris
3342 4153 3527 4218 portat

1928 4241 2243 4312 imaginem,
2291 4241 2369 4296 sic
2416 4241 2614 4312 legitur
2655 4243 2709 4295 in
2765 4241 3005 4295 Canticis
3054 4240 3389 4294 canticorum
3440 4236 3523 4291 di—

1925 4334 2073 4390 xisse
2104 4353 2116 4388 :
2155 4353 2173 4386 ι
2199 4334 2373 4389 Fusca
2396 4350 2515 4389 sum
2544 4341 2599 4390 et
2627 4333 2821 4389 decora
2856 4331 3033 4403 (Cant.
3068 4332 3129 4402 ι),
3171 4350 3187 4382 ι
3226 4330 3277 4386 id
3305 4337 3407 4393 est,
3443 4326 3523 4381 fu—

1927 4442 2019 4483 sca
2050 4441 2277 4498 corpore
2305 4426 2529 4493 carnali,
2562 4425 2801 4483 formosa
2832 4425 3144 4482 cmlestihns
3194 4421 3425 4478 meritis.
3457 4420 3526 4474 Et

1926 4536 2098 4592 quare
2151 4523 2457 4594 speciosum
2522 4522 2746 4588 dixerit,
2798 4521 3015 4593 probat,
3082 4517 3209 4590 quia
3269 4516 3524 4587 loquente

1927 4610 2144 4669 Christo
2172 4629 2270 4687 per
2322 4614 2554 4686 gratiam
2603 4613 2715 4669 Deo
2745 4610 3128 4669 reconciliatus
3153 4620 3237 4667 est
3262 4610 3518 4665 mundus.

234 4682 432 4780 ίίθνηιξι
461 4698 475 4738 ³
508 4704 525 4735 ⁸
570 4683 629 4739 Si
660 4686 742 4741 Vis
777 4686 1051 4757 Perfecius
1082 4704 1224 4758 esse,
1253 4692 1415 4759 vade,
1445 4696 1617 4751 vende
1637 4695 1819 4752 omnia
1848 4702 1901 4764 D
1927 4707 2065 4776 Quid
2088 4682 2216 4780 ergo
2242 4682 2419 4780 potuit
2448 4709 2502 4763 in
2528 4708 2770 4763 immane
2799 4722 2996 4779 genere
3026 4721 3148 4761 esse
3182 4713 3291 4761 tam
3322 4703 3520 4769 simile,

234 4790 355 4846 qua:
400 4775 592 4844 habes,
641 4780 807 4861 et.da
852 4783 1304 4852 pauperibuszet
1332 4786 1556 4843 habebis
1610 4788 1825 4843 thesau-

236 4884 355 4924 rum
408 4870 463 4924 in
499 4871 657 4937 cmlo,
708 4881 765 4928 et
801 4874 922 4929 veni
969 4889 1197 4945 sequere
1232 4893 1317 4931 me
1356 4877 1566 4951 (lbid.).
1615 4899 1633 4930 ι
1671 4879 1824 4936 Unde

234 4969 291 5017 et
320 4963 518 5018 Paulus
542 4964 900 5020 differentiam
927 4981 1046 5023 esse
1066 4969 1292 5038 intelligi
1318 4970 1505 5025 volens
1525 4971 1579 5025 in
1609 4981 1824 5029 sancto-

236 5070 359 5110 rum
393 5058 848 5123 remuneratione,
884 5058 961 5114 ait
990 5076 1003 5114 :
1043 5074 1062 5111 ι
1095 5059 1260 5115 Stella
1287 5061 1430 5116 enim
1459 5076 1488 5115 a
1512 5062 1667 5118 stella
1721 5064 1824 5120 dif-

235 5146 344 5204 fert
376 5149 431 5204 in
457 5149 728 5217 claritate,
761 5152 835 5205 ita
865 5159 920 5206 et
943 5154 1273 5208 resurrectio
1300 5162 1661 5210 mortuorum.
1701 5175 1719 5210 ι

314 5259 334 5292 ι
367 5240 589 5311 Species
637 5243 885 5299 mulieris
938 5245 1210 5299 exhilarat
1248 5245 1443 5302 faciem
1495 5248 1599 5302 viri
1631 5250 1739 5316 sui,
1770 5259 1826 5305 ct

240 5350 261 5388 ι
297 5348 463 5406 super
498 5348 714 5389 omnem
759 5338 1254 5405 concupiscentiam
1290 5339 1525 5395 hominis
1555 5340 1822 5411 superdu-

162 5483 173 5494 ,
242 5444 265 5479 ι
302 5437 389 5483 cet
416 5428 764 5484 desiderium.
801 5446 821 5480 ι
857 5427 1007 5483 Hane
1056 5429 1341 5485 mulierem
1389 5446 1680 5501 possumus
1730 5444 1826 5491 aut

236 5521 549 5593 specialiter
575 5522 809 5577 animam
839 5523 1074 5589 fidelem,
1109 5531 1203 5579 aut
1254 5527 1582 5593 generaliter
1606 5543 1824 5584 omnem

238 5615 538 5671 Ecclesiam
576 5619 856 5689 accipere;
906 5618 1066 5687 hujus
1109 5620 1254 5675 enim
1306 5621 1550 5677 mulieris
1590 5623 1821 5693 species,

236 5709 343 5768 hoc
372 5721 476 5776 est,
507 5711 671 5767 decor
703 5730 863 5783 quam
909 5715 1073 5769 habet
1113 5714 1165 5768 iu
1202 5722 1350 5770 recta
1405 5715 1509 5771 fide
1557 5726 1612 5770 et
1669 5718 1824 5775 bonis

236 5803 515 5873 operibus,
549 5804 815 5861 exhilarat
867 5806 1061 5863 faciem
1092 5806 1218 5873 viri,
1257 5809 1439 5879 Sponsi
1468 5809 1719 5867 videlicet
1740 5811 1824 5869 sui

238 5894 458 5961 Domini
484 5895 611 5957 Jesu
641 5896 864 5970 Christi,
894 5900 990 5974 qui
1013 5900 1316 5962 delectatur
1344 5901 1398 5958 in
1419 5901 1665 5979 profectu
1684 5902 1821 5978 ejus.

1927 4818 2089 4875 quam
2121 4802 2299 4872 ipsum
2342 4803 2690 4857 inearnatnm
2721 4802 3063 4868 conspicere,
3111 4814 3209 4870 per
3240 4812 3400 4863 quem
3434 4810 3520 4849 rer

1928 4893 2259 4963 demptionis
2306 4893 2505 4947 donum
2537 4900 2685 4947 totus
2734 4892 2883 4946 orbis
2905 4890 3147 4960 accipit?
3178 4887 3314 4942 Nam
3342 4887 3422 4941 sic
3455 4885 3523 4940 de

1927 4984 2045 5055 ipso
2069 4992 2124 5037 et
2152 4983 2444 5054 prmdictus
2473 4983 2611 5039 liber
2638 4981 2947 5038 Salomonis
2969 4981 3217 5035 enuntiat
3249 5000 3261 5033 :
3300 5000 3317 5030 ι
3355 4977 3521 5032 Labia

1928 5082 2022 5129 tua
2068 5082 2123 5129 et
2160 5074 2374 5144 loquela
2411 5082 2501 5130 tua
2534 5076 2779 5146 speciosa
2819 5072 2997 5146 (Cant.
3033 5089 3106 5139 ιν,
3146 5069 3223 5145 v).
3260 5093 3278 5125 ι
3325 5069 3520 5141 Sequi-

1933 5173 2019 5220 tur
2053 5184 2067 5220 :
2115 5184 2132 5217 ι
2169 5165 2469 5237 Propterea
2520 5167 2798 5222 benedixit
2834 5175 2886 5220 te
2921 5166 3060 5219 Deus
3088 5164 3141 5219 in
3181 5175 3465 5219 mteruum.
3496 5184 3515 5217 ι

1930 5255 2224 5328 Propterea
2258 5258 2411 5325 dicit,
2453 5266 2674 5329 propter
2724 5258 3137 5329 prtedicationes
3191 5257 3422 5311 eximias
3468 5264 3524 5310 et

1927 5350 2185 5420 pietatem
2214 5353 2466 5407 omnibus
2493 5351 2668 5406 modis
2705 5348 3055 5421 singularem,
3084 5347 3210 5419 quia
3239 5347 3383 5403 nulla
3408 5348 3524 5402 cui-

1929 5459 2090 5515 quam
2122 5460 2219 5515 pro
2251 5445 2460 5500 meritis
2486 5442 2737 5509 contulit,
2766 5442 2859 5498 sed
2889 5442 3071 5497 munia
3100 5459 3195 5497 sua
3221 5436 3402 5513 potius
3433 5441 3525 5495 bo-

1933 5533 2106 5588 nitate
2156 5535 2445 5590 concessit.
2504 5535 2829 5591 Benedictus
2856 5542 2942 5591 est
2975 5537 3117 5591 enim
3154 5537 3206 5590 iu
3236 5545 3519 5596 teternum,

1934 5623 2088 5693 cujus
2114 5626 2265 5697 regni
2320 5640 2428 5682 non
2456 5625 2562 5681 erit
2588 5625 2729 5682 finis.
2765 5627 2912 5683 Bene
2941 5628 3146 5684 dictum
3175 5635 3258 5683 est
3286 5634 3465 5679 autem
3490 5636 3522 5675 τι

1934 5718 2106 5774 forma
2146 5719 2291 5775 servi
2322 5738 2334 5773 :
2374 5738 2393 5771 ι
2430 5720 2715 5777 Benedixit
2746 5729 2797 5777 te
2826 5720 2991 5791 Deus,
3028 5744 3047 5776 ι
3079 5738 3199 5792 qure
3228 5728 3282 5775 et
3306 5717 3520 5791 passio-

1934 5827 2057 5869 nem
2086 5812 2325 5885 pertulit,
2356 5821 2409 5869 et
2435 5814 2502 5869 ad
2528 5829 2694 5886 regna
2719 5815 2978 5871 cuzlorum
3006 5814 3272 5886 pervenit.

2010 5926 2031 5964 ι
2064 5907 2166 5980 Qui
2188 5909 2429 5985 possidet
2456 5910 2742 5997 mulierem
2778 5909 2997 5980 bonam,
3054 5910 3277 5970 inchoat
3300 5916 3521 5982 posses-
