4030 6474
509 382 668 447 1025'-

1144 362 2131 436 amoenam».
2175 362 2820 435 MOGUNTT‘OPERUM'
2851 373 3034 432 PARS
3068 373 3113 431 ι.

3653 376 3797 433 ωει

506 506 739 561 sionem.
776 515 797 551 ι
830 495 959 554 Haec
987 508 1119 567 ergo
1142 494 1412 551 sententia
1444 493 1786 550 demonstrat
1807 490 2097 548 haeredita-
2122 490 2179 554 Α
2201 497 2474 558 taverunt,
2502 500 2559 548 et
2603 492 2814 563 aliquas
2854 489 3117 546 virtutum
3157 493 3366 562 species
3407 490 3607 547 imitati
3645 501 3797 556 sunt,

506 605 615 652 tem
659 590 883 659 Christi,
932 595 1180 646 sanctam
1229 602 1351 645 esse
1399 586 1722 653 Ecclesiam,
1775 602 1941 658 quam
1978 585 2097 656 ipse

503 697 736 758 sponsus
760 679 1185 754 gloriosissimus
1212 677 1340 735 ﬁdei
1388 693 1499 734 sua:
1527 679 1693 745 dono,
1722 684 1779 733 et
1803 676 2097 749 baptisma-

505 776 579 835 tis
621 780 968 833 sacramento
1009 771 1268 845 primitus
1316 771 1582 840 fundavit,
1636 771 1824 844 sicque
1879 771 1949 827 ad
1974 786 2097 828 eam

502 868 748 933 omnium
773 866 1018 938 gentium
1042 864 1292 921 nationes
1322 878 1615 921 occurrere
1640 863 1790 920 fecit.
1818 862 1974 920 Unde
2000 877 2098 934 pa-

503 966 659 1014 terna
714 969 820 1011 vox
849 955 919 1011 ad
947 968 1074 1011 eum
1125 954 1180 1009 in
1211 952 1422 1025 psalmo
1456 954 1534 1010 ait
1563 972 1576 1009 :
1626 972 1646 1006 ι
1681 953 1904 1011 Postula
1929 969 1962 1009 a
1983 968 2094 1022 me,

501 1061 557 1107 et
578 1049 719 1106 dabo
746 1048 845 1105 tibi
872 1056 1061 1122 gentes
1087 1048 1463 1105 hzereditatem
1496 1056 1668 1115 tuam,
1691 1056 1762 1118 et.
1792 1048 2095 1120 possessio-

501 1159 629 1201 nem
656 1152 806 1200 tuam
836 1141 1104 1199 terminos
1128 1150 1288 1199 terra:
1332 1138 1507 1216 (Psal.
1533 1140 1620 1214 ιι).
1655 1161 1674 1195 ›
1704 1140 1821 1199 Hoc
1857 1156 1957 1213 per
1993 1142 2095 1197 ha-

499 1235 674 1292 bitum
703 1233 902 1289 dicitur
928 1231 1269 1307 formamque
1297 1234 1572 1301 servilem,
1604 1250 1673 1290 ex
1722 1249 1788 1290 eo
1838 1234 1984 1306 quod
2026 1232 2093 1288 ﬁ-

501 1332 609 1389 lius
639 1339 722 1389 est
745 1330 976 1403 virginis
1002 1348 1018 1398 ;
1056 1330 1320 1403 quidquid
1348 1330 1495 1387 enim
1526 1330 1582 1387 in
1613 1339 1858 1404 tempore
1886 1330 2097 1404 accepit

501 1426 776 1495 Christus,
834 1426 1130 1483 secundum
1185 1425 1464 1484 hominem
1530 1441 1651 1498 quae
1703 1443 1813 1483 non
1860 1427 2100 1484 habebat

500 1521 757 1591 acquirit.
790 1518 930 1575 Hinc
954 1520 1101 1577 enim
1135 1520 1377 1593 iubetur,
1408 1528 1470 1576 ut
1497 1528 1650 1592 petat
1672 1522 1971 1578 secundum
1994 1536 2094 1577 na-

500 1623 679 1671 turam
704 1612 1044 1682 inferiorem,
1070 1621 1128 1671 et
1151 1623 1379 1685 accepta
1407 1614 1705 1685 possideat.
1732 1615 1871 1671 Nam
1900 1631 2096 1672 secun-

498 1706 628 1762 dum
655 1706 957 1776 potentiam
980 1705 1156 1771 verbi,
1188 1704 1561 1762 indiﬁ‘erenter
1608 1707 1793 1763 omnia
1844 1722 1965 1777 quas
1991 1707 2095 1763 ba-

497 1798 590 1853 bet
619 1797 806 1864 Pater,
834 1797 1003 1853 habet
1029 1806 1086 1852 et
1129 1794 1321 1865 Filius,
1377 1811 1480 1854 nec
1536 1797 1612 1852 illi
1640 1814 1865 1856 necesse
1892 1806 1977 1856 est
1997 1814 2095 1871 pe-

2178 599 2566 656 .supervacuus
2604 592 2663 640 et
2687 584 2910 641 omnino
2951 582 3055 639 sibi
3095 582 3302 639 inutilis
3328 592 3432 649 est,
3460 582 3591 652 quia
3635 583 3805 658 quid:

2200 678 2330 749 quid
2353 686 2507 735 extra
2544 685 2790 735 sanctam
2836 675 3142 734 Ecclesiam
3181 675 3264 742 ﬁt,
3296 676 3561 749 gemitum
3604 690 3800 747 perpe-
3866 672 3877 683 ’

2199 779 2373 839 tuum,
2411 787 2522 829 non
2548 772 2801 844 gaudium
2830 778 3118 837 aeternum,
3147 768 3309 841 parit.

2277 884 2297 916 ι
2325 864 2458 933 Quis
2486 863 2658 920 credit
2685 863 2758 931 ei,
2806 863 2898 933 qui
2934 877 3046 919 non
3092 860 3258 917 habet
3298 859 3512 926 nidum,
3554 866 3610 914 et
3645 860 3805 915 deus

2204 975 2226 1010 ‹
2271 964 2427 1013 ctens
2470 957 2779 1026 ubicunque
2833 953 3225 1017 obscuraverit,
3282 952 3441 1025 quasi
3483 951 3804 1007 succinctus

2206 1064 2225 1100 ι
2269 1047 2412 1103 latro
2448 1046 2705 1103 exsiliens
2745 1046 2814 1102 de
2866 1045 3088 1100 civitate
3112 1044 3168 1099 in
3197 1042 3496 1098 civitatem.
3531 1060 3550 1094 ι
3602 1040 3802 1096 Nidum

2198 1139 2291 1197 hic
2316 1147 2595 1211 nuncupat
2623 1145 2870 1194 sanctam
2894 1135 3217 1201 Ecclesiam,
3241 1134 3336 1191 ubi
3361 1135 3465 1206 piae
3494 1132 3803 1198 electorum

2200 1234 2396 1290 animae
2422 1233 2561 1290 ﬁlios
2585 1233 2853 1290 bonorum
2895 1230 3214 1296 enutriunt;
3250 1228 3398 1284 unde
3418 1226 3697 1299 scriptum
3720 1234 3805 1281 est

2199 1326 2255 1381 in
2272 1325 2536 1398 cpsalmo:
2566 1342 2586 1377 ι
2612 1323 2813 1381 Passer
2858 1323 3065 1379 invenit
3109 1321 3213 1377 sibi
3240 1321 3489 1387 domum,
3534 1327 3595 1375 et
3626 1327 3807 1373 turtur

2199 1421 2409 1485 nidum,
2450 1418 2543 1475 ubi
2587 1424 2817 1490 reponat
2862 1416 3041 1490 pullos
3080 1429 3209 1471 suos
3260 1411 3435 1487 (Psal.
3482 1411 3746 1481 Lxxxm).
3782 1429 3800 1462 υ

2201 1511 2305 1568 Ubi
2341 1527 2471 1583 ergo
2500 1510 2742 1582 requiem
2779 1516 2835 1564 et
2877 1510 3098 1564 tutelam
3134 1507 3318 1572 habet,
3356 1504 3451 1575 qui
3500 1518 3617 1557 non
3668 1502 3809 1555 intra

2200 1611 2445 1659 sanctam
2477 1601 2779 1658 Ecclesiam
2808 1607 3013 1666 manet,
3040 1598 3353 1668 ubicunque
3386 1594 3539 1649 cuitu
3567 1607 3676 1663 per
3699 1591 3809 1646 hm-

2201 1697 2496 1753 reticorunt
2549 1695 2804 1768 dogmata
2846 1694 2932 1750 vel
2978 1693 3425 1765 phllOSOpllOl'ﬂlll
3485 1687 3673 1743 studia
3715 1686 3808 1739 de-

2203 1790 2437 1857 flexerit,
2488 1804 2704 1861 semper
2734 1789 2790 1844 in
2838 1803 3026 1843 errore
3074 1788 3204 1853 erit,
3255 1794 3312 1841 et
3357 1783 3540 1839 lucem
3582 1782 3812 1836 sincera:

500 1900 616 1948 tere
639 1906 761 1962 qua}
798 1890 962 1947 simul
997 1891 1314 1964 agnoscitur
1341 1890 1645 1962 possidere.
1677 1891 1881 1950 Gentes
1912 1901 2097 1950 autem
2124 1872 2174 1935 Β
2199 1885 2449 1942 veritatis
2475 1897 2743 1954 nusquam
2779 1881 3039 1938 inveniet.
3078 1879 3247 1949 Quasi
3285 1877 3455 1934 etiam
3493 1875 3812 1930 succinctus

502 1985 720 2056 signant
747 1984 999 2040 nationes
1025 1992 1140 2041 toto
1163 1985 1297 2041 orbe
1325 1984 1590 2052 diversas,
1639 2001 1776 2057 quas
1810 1987 2102 2044 distinctos

504 2092 569 2133 ac
598 2084 883 2148 separatos
935 2077 1162 2148 sanguis
1191 2076 1542 2148 amplectitur
1565 2076 1795 2135 Christi.
1826 2078 1967 2136 Nam
1996 2080 2103 2137 hoc

500 2156 847 2241 ipsum'quod
882 2168 982 2235 ait,
1015 2187 1035 2220 ‹
1074 2175 1244 2236 tuam,
1280 2188 1299 2221 ι
1342 2169 1778 2227 incarnationem
1803 2170 1955 2228 verbi
1981 2186 2104 2229 esse

502 2262 865 2331 demonstrat,
898 2270 959 2317 ut
985 2262 1124 2318 nihil
1146 2263 1482 2335 intelligatur
1502 2279 1624 2322 esse
1645 2266 1904 2333 divisum,
1934 2280 2105 2338 quan-

502 2355 572 2409 do
602 2370 709 2411 una
734 2353 1023 2425 majestate
1046 2356 1230 2412 omnia
1266 2356 1636 2426 possidentur,
1663 2358 1806 2417 sicut
1846 2360 1901 2415 in
1924 2359 2104 2417 Evan-

503 2444 645 2513 gelio
691 2445 807 2515 ipse
859 2445 1035 2502 dicit:
1084 2462 1104 2497 ι
1141 2444 1336 2513 Omnia
1383 2461 1504 2516 quae
1532 2447 1698 2504 Pater
1744 2449 1938 2517 habet,
1976 2465 2103 2507 mea

504 2541 653 2601 sunt,
684 2543 740 2590 et
763 2536 948 2592 omnia
975 2535 1178 2605 Patris,
1209 2552 1333 2593 mea
1362 2528 1489 2595 sunt
1512 2538 1697 2610 (Joan.
1727 2540 1891 2614 xvn).
1929 2561 1949 2596 ι
1982 2560 2003 2596 ι
2034 2542 2104 2598 Ει

502 2625 927 2695 possessionem,
980 2626 1178 2698 inquit,
1231 2635 1383 2684 tuam
1420 2629 1682 2686 terminos
1720 2638 1904 2687 terrae.
1949 2650 1970 2685 ι
2003 2630 2105 2688 Ηίε

502 2716 885 2774 manifestatur
932 2719 1221 2776 universas
1266 2728 1457 2791 gentes
1506 2722 1563 2778 in
1621 2722 1827 2780 Christi
1882 2724 2105 2781 nomine

502 2809 833 2877 crcdituras,
862 2825 962 2881 per
1010 2825 1176 2882 quem
1202 2813 1438 2869 mundus
1471 2804 1710 2886 explosi's
1754 2814 2104 2886 superstitio-

500 2902 663 2959 nibus
696 2902 1084 2960 reconciliatus
1108 2911 1195 2960 ost
1222 2904 1356 2960 Deo.
1406 2903 1544 2961 Nam
1572 2921 1699 2962 cum
1726 2915 1783 2963 et
1832 2907 1923 2963 hic
1973 2906 2106 2963 dicit

506 3014 526 3050 ι
559 2996 962 3066 possessionem
988 3004 1161 3064 tuam,
1200 3016 1221 3051 ι
1273 3005 1528 3053 naturam
1565 2998 1925 3056 humanitatis
1951 3013 2105 3056 acce-

500 3088 601 3161 pit,
631 3089 778 3160 quod
832 3104 1049 3163 semper
1097 3092 1283 3147 divina
1332 3092 1599 3163 possedit.
1632 3092 1902 3165 Majcstati
1955 3093 2104 3150 enim

502 3181 673 3253 ipsius
700 3182 819 3239 dari
845 3199 955 3241 non
979 3192 1200 3256 poterat
1225 3185 1373 3255 quod
1409 3184 1666 3242 habebat.
1694 3186 1936 3244 Termini
1956 3189 2103 3244 enim

2204 1978 2344 2035 latro
2367 1977 2434 2032 de
2453 1975 2677 2032 civitate
2703 1974 2758 2029 in
2786 1974 3064 2029 civitatem
3086 1971 3259 2038 exilit,
3289 1970 3415 2041 quia
3447 1966 3733 2022 instabilis
3759 1964 3815 2019 in

2203 2071 2351 2128 omni
2380 2084 2441 2126 re
2473 2083 2644 2142 vagus
2671 2075 2727 2125 et
2746 2066 3010 2140 profugus
3039 2066 3106 2121 de
3132 2078 3321 2121 errore
3348 2063 3404 2117 in
3429 2074 3689 2118 errorem
3720 2071 3811 2113 ca-

2204 2164 2301 2220 dit.
2329 2160 2610 2234 Sequitur.

2793 2253 3023 2312 CAPUT
3074 2252 3206 2310 VIII.

2206 2351 2332 2407 Non
2356 2367 2467 2406 esse
2493 2332 2955 2475 amicum-tantuli?
2985 2348 3214 2432 nomine,
3241 2345 3333 2401 sed
3359 2360 3516 2415 opere
3550 2349 3603 2398 et
3628 2341 3741 2411 ﬁde
3765 2350 3814 2394 et

2868 2437 2895 2474 c
2935 2428 3145 2474 antate.

2868 2428 3145 2474 charitate.

2279 2536 2430 2611 (CAP.
2462 2534 2697 2607 xxxvn.)
2744 2551 2764 2586 ι
2795 2532 2986 2591 Omnis
3009 2530 3216 2587 amicus
3237 2528 3382 2586 dicet
3407 2547 3420 2583 :
3446 2526 3521 2583 Et
3546 2542 3655 2596 ego
3675 2524 3783 2579 ami
3800 2554 3816 2564 ο

2213 2628 2456 2700 «ξεὶιίειη
2484 2626 2767 2700 copulam;
2795 2625 2891 2682 sed
2916 2632 3001 2682 est
3027 2623 3259 2687 amicus,
3292 2627 3408 2677 solo
3437 2620 3667 2675 nomine
3688 2615 3817 2671 anti-

2212 2742 2230 2774 ι
2270 2738 2386 2778 cus.
2423 2742 2443 2775 ι
2476 2720 2740 2793 Superius
2777 2720 2868 2775 ubi
2900 2721 2968 2775 de
3010 2717 3203 2773 amicis
3237 2715 3560 2788 disputavit,
3592 2713 3819 2784 diligen-

2206 2815 2316 2871 tius
2342 2814 2599 2871 disseruit
2627 2814 2802 2884 qualis
2829 2813 2901 2869 sit
2945 2813 3153 2868 amicus
3176 2827 3362 2878 verus,
3392 2809 3651 2881 qualisve
3679 2807 3814 2861 ami-

2207 2924 2304 2965 cus
2333 2906 2523 2975 falsus,
2573 2907 2703 2978 quia
2733 2907 2861 2963 alibi
2911 2907 3117 2963 dictum
3147 2913 3233 2961 est
3259 2922 3272 2959 :
3304 2923 3323 2956 ι
3351 2902 3451 2958 Est
3479 2902 3706 2957 amicus
3734 2915 3818 2955 se-

2207 3003 2445 3059 cundum
2476 3008 2690 3072 tempus
2721 3015 2901 3067 suum,
2930 3007 2985 3054 et
3009 3014 3120 3055 non
3148 2993 3495 3069 permanebit
3519 2994 3575 3049 in
3608 2993 3702 3049 die
3724 2992 3822 3046 tri-

2206 3094 2525 3160 bulationis,
2561 3100 2616 3148 et
2644 3100 2729 3149 est
2760 3092 2989 3159 amicus,
3022 3091 3117 3162 qui
3163 3087 3440 3160 egreditur
3465 3086 3540 3142 ad
3586 3084 3801 3140 inimici

2208 3188 2364 3242 tiam.
2390 3186 2595 3256 Estque
2624 3184 2853 3251 anticus,
2887 3185 3070 3239 socius
3105 3197 3330 3249 mensae,
3357 3190 3416 3237 et
3458 3195 3569 3235 non
3602 3192 3821 3250 perma-

504 3284 662 3332 tcrrae
703 3284 850 3347 sunt,
908 3278 1005 3349 qui
1046 3278 1298 3335 tellurem
1355 3279 1585 3351 cingunt
1640 3289 1805 3352 atque
1876 3281 2100 3338 conclu-
2129 3281 2177 3346 C
2209 3282 2359 3337 nebit
2408 3281 2464 3336 in
2512 3279 2601 3336 die
2654 3280 3001 3336 necessitatis
3029 3277 3220 3351 (Eccli.
3254 3276 3348 3346 vt).
3380 3295 3401 3329 ι
3443 3274 3490 3331 E
3535 3275 3820 3331 contrario

502 3369 657 3437 dunt,
689 3379 781 3426 ant
812 3386 922 3428 non
952 3371 1128 3428 solum
1157 3372 1335 3439 arida,
1366 3386 1557 3428 verum
1587 3375 1754 3429 etiam
1800 3376 1966 3431 totius
2009 3390 2103 3433 ac-

501 3461 581 3517 ris
609 3462 963 3536 circumjecta
991 3463 1300 3521 substantia
1354 3472 1411 3522 et
1447 3466 1694 3522 omnium
1722 3475 2102 3524 creaturarum

502 3555 842 3627 signiﬁcatur
890 3556 1200 3628 integritas,
1236 3556 1382 3613 sicut
1431 3557 1548 3629 ipse
1575 3557 1632 3613 in
1671 3557 1969 3631 Evangelio
2002 3559 2103 3616 sub

504 3647 775 3704 brevitate
801 3649 1093 3717 conclusit,
1144 3648 1333 3706 dicens
1365 3666 1382 3706 :
1424 3668 1444 3703 ι
1481 3649 1618 3705 Data
1655 3658 1740 3707 εει
1767 3651 1904 3707 mihi
1924 3653 2105 3711 omnis

506 3748 748 3811 potestas
792 3742 849 3798 in
894 3742 1036 3799 coelo
1083 3750 1140 3798 et
1168 3743 1224 3799 in
1278 3750 1427 3801 terra
1475 3744 1694 3809 (Matth.
1727 3748 1945 3820 xxviii).
1983 3768 2003 3803 ι
2037 3749 2108 3807 Ει

504 3830 795 3901 Apostolus
825 3850 838 3888 :
876 3850 897 3886 ι
934 3831 1007 3889 Ut
1042 3832 1098 3887 in
1128 3833 1371 3902 nomine,
1400 3834 1599 3907 inquit,
1627 3836 1755 3895 Iesu
1777 3854 1939 3895 omne
1964 3855 2105 3911 genu

505 3922 777 3994 ﬂectatur,
829 3925 1158 3992 cmlestium,
1226 3929 1571 3987 terrestrium
1635 3938 1692 3987 et
1760 3931 2104 3990 infernorum

507 4018 676 4093 (Phil.
707 4020 791 4093 ιι).
833 4040 853 4074 ι

582 4128 602 4162 ι
632 4109 980 4181 Adjutorium
1027 4113 1328 4172 secundum
1362 4114 1521 4173 illum
1560 4126 1647 4175 est
1684 4128 1743 4176 et
1768 4120 2021 4180 columna
2046 4133 2108 4181 ut

511 4202 745 4274 requies.
782 4224 800 4257 ι
837 4202 1180 4275 Adjutorinm
1206 4207 1352 4264 enim
1383 4209 1642 4269 Ecclesiae
1673 4216 1972 4272 secundum
1995 4216 2107 4275 dis-

511 4294 882 4364 pensationem
936 4298 1153 4354 Domini
1218 4306 1277 4354 et
1316 4302 1502 4371 sponsi
1552 4303 1637 4359 sui
1683 4313 1801 4373 est,
1859 4322 1961 4363 nec
2016 4309 2108 4364 illa

510 4385 726 4443 aliunde
759 4387 866 4444 nisi
893 4389 962 4444 ab
990 4390 1110 4461 ipso
1136 4391 1332 4462 quierit
1363 4392 1637 4463 solatium,
1670 4398 1795 4468 quia
1822 4399 1877 4454 in
1901 4399 1993 4456 illo
2026 4409 2109 4457 to-

513 4478 618 4564 tius
635 4493 747 4535 snm
765 4480 1110 4537 necessitatis
1131 4482 1371 4540 inveniet
1382 4496 1743 4557 opportunum
1764 4490 2103 4564 suffragium.

515 4562 664 4626 Unde
695 4569 751 4625 in
777 4572 984 4642 psalmo
1024 4572 1140 4644 ipse
1160 4575 1235 4631 ita
1261 4576 1434 4635 dicit:
1466 4596 1486 4630 ι
1517 4579 1734 4637 Justum
1775 4562 2106 4657 adiutorium

2204 3390 2336 3431 vero
2362 3374 2540 3430 amico
2572 3373 2716 3429 ﬁdeli
2749 3372 2894 3427 nulla
2924 3380 3007 3428 est
3037 3370 3397 3441 comparatio,
3431 3368 3562 3439 quia
3602 3368 3814 3423 amicus

2206 3467 2383 3524 ﬁdelis
2428 3466 2888 3524 medicamentum
2951 3474 3035 3521 est
3076 3465 3203 3521 vitae
3249 3472 3306 3521 et
3355 3462 3811 3520 inmortalitatis.

2206 3559 2397 3619 Omnis
2421 3559 2650 3626 amicus,
2688 3560 2793 3615 hoc
2820 3565 2925 3625 est,
2955 3572 3117 3615 verus
3157 3565 3214 3613 et
3247 3555 3442 3622 falsus,
3466 3570 3530 3611 se
3574 3554 3811 3610 amicum

2207 3668 2327 3710 esse
2355 3649 2673 3725 proﬁtetur;
2715 3651 2811 3707 sed
2840 3649 2933 3721 qui
2961 3654 3248 3721 permanet
3289 3647 3452 3712 ﬁxus,
3490 3645 3586 3701 ille
3616 3645 3810 3701 merito

2207 3746 2371 3818 hujus
2406 3745 2645 3802 nominis
2682 3745 2891 3801 honore
2920 3742 3232 3799 decoratur.
3268 3738 3407 3796 Nam
3446 3738 3713 3810 quoniam
3760 3739 3811 3791 in

2209 3837 2344 3894 falso
2393 3837 2571 3893 amico
2628 3835 2944 3892 ﬁrmissima
3001 3832 3137 3890 ﬁdes
3181 3846 3289 3889 non
3343 3830 3644 3897 invenitur,
3689 3846 3811 3901 pro-

2205 3944 2396 4004 pterea
2420 3928 2713 4003 subjungit,
2740 3930 2927 3985 dicens
2953 3945 2968 3984 :

2285 4044 2305 4078 ε
2340 4024 2533 4082 Nonne
2574 4022 2801 4079 tristitia
2846 4028 2929 4078 est
2958 4035 3133 4092 usque
3181 4020 3251 4077 ad
3299 4018 3572 4075 mortem?
3598 4016 3815 4073 Sodalis

2213 4136 2233 4170 ι
2270 4124 2453 4172 autem
2493 4124 2549 4171 et
2589 4114 2797 4170 amicus
2840 4111 2909 4168 ad
2951 4111 3294 4167 inimicitiam
3337 4120 3759 4165 convertentur.
3786 4127 3806 4161 ι

2211 4209 2510 4266 Maximum
2557 4208 2704 4265 enim
2748 4206 2950 4263 malum
2991 4213 3097 4274 est,
3128 4212 3186 4261 et
3214 4204 3473 4261 continuo
3506 4202 3702 4259 dolore
3728 4218 3815 4275 ge-

2209 4305 2488 4370 mendum,
2513 4303 2661 4374 quod
2705 4301 2796 4357 ubi
2825 4308 3080 4372 speratur
3116 4297 3373 4365 ﬁdelitas,
3426 4296 3499 4352 ibi
3540 4297 3816 4353 invenitur

2209 4397 2541 4469 malignitas,
2576 4404 2631 4451 et
2675 4394 2765 4450 ubi
2798 4392 3054 4448 amicitia:
3081 4390 3383 4448 assimilata
3426 4398 3513 4445 est
3548 4390 3813 4456 charitas,

2210 4491 2290 4549 ibi
2324 4489 2629 4548 inimicitiae
2658 4488 2932 4560 reperitur
2953 4485 3304 4558 perversitas.

2288 4598 2309 4633 ι
2340 4578 2386 4637 Ο
2412 4578 2766 4651 praesumptio
2795 4576 3150 4648 nequissima,
3191 4575 3336 4632 unde
3367 4582 3555 4632 creata
3590 4592 3656 4633 es
3689 4593 3816 4633 coo-

513 4678 690 4719 meum
712 4679 742 4717 a
769 4664 1021 4733 Domino,
1053 4667 1145 4736 qui
1171 4667 1350 4725 salvos
1379 4670 1508 4728 facit
1532 4682 1714 4731 rectos
1738 4677 1902 4734 corde
1922 4676 2097 4752 (Psal.

2215 4692 2232 4729 t
2266 4672 2449 4747 perire
2487 4672 2698 4729 aridam
2728 4669 2936 4726 malitia
2962 4677 3018 4725 et
3044 4668 3332 4725 dolositate
3362 4667 3531 4723 illius.
3587 4688 3608 4721 ι
3650 4668 3815 4723 Mira-

514 4753 630 4825 vu).
663 4774 682 4805 ι
717 4754 800 4809 Ab
828 4771 937 4827 quo
969 4757 1136 4813 etiam
1180 4760 1344 4816 habet
1387 4763 1719 4823 inlirmitatis
1761 4772 2111 4828 sustentatio-

513 4858 636 4899 nem
674 4854 731 4902 et
767 4845 970 4903 laboris
994 4848 1263 4920 requiem.
1295 4851 1449 4909 Unde
1479 4855 1680 4912 dicitur
1716 4860 1968 4919 columna
1990 4862 2111 4920 ﬁeri

512 4947 568 4993 ut
590 4939 824 5009 requies,
848 4938 1105 5011 quoniam
1135 4941 1251 5012 ipse
1271 4943 1366 5015 qui
1384 4945 1437 5000 in
1468 4950 1723 5017 praesenti
1746 4960 1831 5009 est
1859 4954 1979 5025 ejus
1999 4956 2111 5011 fra‘-

512 5031 736 5103 gilitatis
763 5032 1214 5102 sustentaculum,
1245 5034 1361 5106 ipse
1387 5036 1444 5092 in
1469 5036 1656 5099 futuro
1684 5042 1781 5102 ﬁet
1813 5046 2022 5118 requiei
2045 5046 2110 5103 il-

516 5123 620 5179 lius
647 5125 1101 5196 supplementum.

592 5235 610 5269 ι
650 5217 752 5274 Ubi
788 5236 897 5279 non
942 5233 1035 5281 est
1069 5240 1249 5299 sepes,
1271 5227 1562 5303 diripietur
1594 5245 1889 5303 possessno,
1934 5240 1990 5289 et
2017 5233 2111 5290 ubi

522 5325 542 5358 ί
579 5324 685 5365 non
734 5321 818 5368 est
864 5315 1060 5375 mulier
1101 5319 1411 5393 ingemiscit
1460 5337 1647 5395 egens.
1678 5343 1699 5376 ι
1750 5323 1867 5380 Hoc
1906 5325 2112 5381 indicat

516 5403 662 5473 quod
690 5405 777 5461 ubi
808 5422 913 5464 non
941 5419 1026 5468 est
1060 5428 1248 5470 murus
1275 5413 1401 5471 ﬁdei
1428 5416 1730 5484 catholicis,
1751 5418 1845 5489 qui
1864 5433 1962 5489 per
1984 5435 2110 5475 san-

518 5506 726 5555 ctoruut
777 5501 1061 5560 doctorum
1100 5520 1196 5561 ora
1244 5505 1540 5576 fundatur,
1592 5509 1794 5566 frustra
1848 5511 2110 5568 virtutum

518 5597 790 5667 possessio
808 5597 1104 5670 colligitur,
1135 5600 1263 5670 quia
1287 5601 1356 5658 ah
1376 5601 1674 5659 immundis
1695 5603 1976 5674 spiritibus
1998 5611 2112 5661 tota

520 5686 826 5759 diripiettuu
865 5707 884 5742 ι
918 5690 1258 5763 ltnpossibile
1296 5703 1383 5752 est
1413 5695 1561 5752 cnim
1593 5695 1713 5753 sine
1759 5694 1865 5754 ﬁde
1897 5698 2114 5769 placere

521 5777 636 5835 Deo
686 5779 873 5852 (Hebr.
918 5784 1041 5856 in):
1074 5802 1094 5837 ι
1141 5784 1287 5841 unde
1331 5785 1526 5857 conjici
1561 5790 1741 5857 datur,
1764 5787 1922 5860 iquod
1967 5798 2114 5847 totus
2160 5816 2179 5823 ε

520 5869 967 5946 philosophorum
1005 5876 1288 5951 gentilium
1310 5877 1485 5950 labor,
1515 5881 1610 5953 qui
1634 5882 1701 5940 de
1725 5881 1904 5941 ethica
1932 5883 2117 5958 dispu-

2213 4776 2303 4824 tur
2329 4781 2460 4838 ergo
2489 4765 2572 4821 vir
2622 4764 2843 4836 sapiens
2890 4770 3073 4819 ortum
3110 4761 3388 4831 nequitiae,
3421 4774 3591 4830 quam
3635 4770 3814 4815 tamen

2213 4868 2430 4918 constat
2466 4874 2535 4915 ex
2564 4858 2707 4914 mala
2738 4857 3019 4913 voluntate
3058 4863 3327 4911 creaturaa
3355 4854 3630 4925 prolatam
3675 4870 3814 4917 esse,

2212 4962 2268 5011 et
2312 4954 2614 5009 detestatur
2658 4948 2818 5005 valde
2866 4947 3199 5021 hypocrisin,
3239 4946 3365 5017 quia
3406 4947 3711 5019 pessimum
3742 4947 3815 5000 vi~

2210 5047 2347 5103 tium
2386 5051 2471 5100 est
2497 5041 2799 5115 quemlibet
2838 5040 2945 5097 hoc
2974 5054 3034 5096 se
3072 5038 3277 5109 ﬁngere
3300 5036 3461 5107 velle,
3494 5038 3644 5107 quod
3667 5038 3815 5109 peni-

2218 5147 2302 5195 tus
2322 5152 2435 5194 non
2460 5144 2565 5203 est,
2601 5151 2729 5191 cum
2754 5133 2930 5191 malus
2956 5148 3017 5190 se
3058 5133 3220 5190 simul
3246 5140 3302 5190 et
3330 5134 3554 5199 bonum,
3582 5133 3819 5204 iniustus

2208 5230 2440 5301 justum,
2481 5229 2700 5300 iniquus
2728 5241 2967 5299 aequum,
3016 5226 3268 5282 inimicus
3298 5226 3535 5282 amicum
3575 5225 3813 5281 simulet.

2214 5322 2589 5394 Cooperiendo
2623 5320 2970 5378 dolositatem
3000 5328 3057 5376 et
3080 5319 3290 5375 aridam
3328 5317 3704 5387 dolositatem,
3727 5321 3817 5375 ubi

2218 5434 2323 5475 non
2351 5426 2437 5473 est
2482 5416 2751 5488 pinguedo
2781 5413 3090 5470 dilectionis
3126 5421 3183 5468 et
3217 5412 3642 5479 misericordias;
3678 5414 3821 5470 deci-

2217 5513 2300 5585 pit
2337 5512 2484 5566 cnint
2512 5509 2792 5580 ⁵γειθεείιεν
2836 5509 3208 5580 semetipsum,
3253 5523 3376 5565 cunt
3416 5522 3478 5565 se
3523 5507 3816 5564 honestum

2219 5604 2527 5662 delusorem
2560 5609 2715 5674 putat
2740 5615 2865 5658 esse
2893 5601 3146 5658 aliorum.

2297 5716 2316 5750 ι
2353 5695 2569 5753 Sodalis
2603 5695 2781 5752 amico
2806 5693 3239 5765 conjucundatur
3264 5694 3319 5749 in
3343 5694 3740 5761 oblectatione,
3765 5703 3821 5751 et

2225 5810 2244 5844 ι
2282 5789 2337 5846 in
2366 5796 2610 5858 tempore
2639 5787 3009 5844 tribulationis
3057 5787 3403 5844 adversarius
3424 5788 3554 5845 erit.
3600 5788 3822 5845 Sodalis

2225 5902 2244 5936 ι
2283 5882 2459 5939 amico
2502 5878 2753 5939 condole't
2793 5895 2961 5938 causa
3004 5881 3231 5948 ventris,
3258 5889 3316 5937 et
3357 5888 3546 5940 contra
3596 5881 3816 5938 hostem
