4030 6466
251 446 392 503 I025

1105 440 1461 530 CDMMENT.
1504 441 1573 498 IN
1602 436 2226 500 'ECCLESIASTICUM.
2261 439 2340 480 -'
2368 437 2499 494 LIB.
2541 436 2670 496 VIII.

3392 434 3529 491 1026

256 582 279 616 ς
313 559 543 633 accipiet
578 566 812 615 scutum.
846 575 868 611 ι
901 556 1095 614 Adhuc
1146 574 1276 632 ergo
1316 559 1552 630 scriptor
1595 557 1840 614 historia:
1867 557 1922 619 Α
1945 563 1998 611 et
2022 555 2094 627 Iin
2134 552 2284 609 omni
2319 551 2489 608 fratre
2513 537 2516 540 ’
2537 566 2636 609 suo
2685 565 2796 609 non
2844 547 3042 605 habeat
3089 545 3366 614 ﬁduciam,
3403 548 3531 618 quia

248 659 566 726 perseverat
596 651 651 706 in
680 649 1056 722 objurgatione
1079 648 1347 706 falsorum
1377 651 1676 707 amicorum
1717 649 1845 719 quia

253 756 369 803 arte
385 743 717 801 simulatoria
737 741 994 798 deludunt
1009 741 1336 812 simplicium
1355 750 1656 812 aspectum,
1679 737 1845 795 etsub

250 838 433 908 specie
460 829 760 891 venustatis
801 833 1022 889 malitia:
1059 833 1334 890 occultant
1361 849 1629 889 venenum
1659 852 1671 887 :
1714 830 1846 886 Con-

249 929 617 1000 jucundantur
637 927 696 981 in
737 925 1079 980 oblectatione
1104 924 1419 995 voluptatis,
1447 933 1494 979 et
1520 925 1578 978 in
1617 933 1845 994 tempore

253 1022 604 1087 adversitatis,
641 1021 918 1078 recedunt.
968 1019 1137 1074 Arma
1185 1026 1376 1076 contra
1419 1019 1632 1074 hostem
1681 1031 1846 1073 causa

254 1115 461 1171 ventris
487 1112 799 1180 sustollunt,
827 1112 923 1168 sed
961 1111 1054 1166 ﬁdi
1087 1109 1397 1167 defensores
1427 1109 1589 1164 amici
1617 1109 1699 1165 sui
1735 1122 1846 1163 non

253 1214 434 1271 erunt,
475 1206 604 1277 quia
649 1219 758 1260 non
818 1203 1145 1275 proximum,
1189 1197 1285 1258 séd
1329 1201 1548 1257 delicias
1595 1199 1841 1269 diligunt.

253 1296 492 1351 Possunt
515 1311 626 1351 non
671 1295 966 1366 incongrue
993 1293 1049 1347 in
1076 1292 1162 1348 his
1191 1291 1344 1350 falsis
1371 1290 1561 1346 amicis
1585 1298 1641 1345 et
1671 1291 1844 1344 haere-

256 1389 348 1444 tici
373 1387 625 1457 intelligi,
653 1387 783 1457 quia
810 1385 994 1442 omnia
1019 1383 1144 1440 ﬁcte
1171 1381 1397 1451 faciunt,
1428 1383 1520 1453 qui
1545 1396 1605 1437 se
1625 1380 1848 1451 quidem

255 1480 512 1536 simulant
543 1479 732 1535 salutis
768 1479 1048 1535 hominum
1075 1477 1386 1548 provisores
1407 1489 1528 1532 esse
1551 1483 1606 1531 et
1632 1472 1849 1530 consul-

255 1583 426 1639 tores,
452 1572 547 1628 sed
574 1581 634 1627 ut
660 1570 832 1642 magis
865 1577 1088 1641 apparet
1107 1569 1224 1624 veri
1270 1575 1397 1623 sunt
1420 1566 1729 1622 animarum
1756 1563 1849 1619 de-

255 1673 506 1734 ccptores
543 1671 597 1716 et
623 1661 950 1734 perditores,
983 1660 1126 1715 unde
1155 1667 1209 1716 et
1232 1658 1453 1715 omnino
1478 1655 1701 1713 cavendi
1725 1661 1852 1711 sunt

254 1765 309 1810 et
338 1754 614 1826 fugiendi:
640 1753 780 1809 sicut
805 1761 862 1808 et
903 1751 1165 1808 Dominus
1192 1751 1249 1806 in
1286 1749 1581 1822 Evangelia
1615 1747 1853 1818 discipu-

254 1848 336 1902 los
362 1863 489 1903 suos
519 1846 820 1912 admonuit,
851 1845 1041 1901 dicens
1066 1864 1080 1899 :
1112 1863 1132 1897 ι
1161 1844 1441 1900 Attendite
1467 1859 1499 1897 a
1525 1843 1678 1900 falsis
1714 1857 1850 1913 pro-

254 1938 453 2008 phetis,
503 1937 596 2007 qui
625 1937 851 1993 veniunt
896 1936 965 1991 ad
1003 1951 1100 1992 vos
1144 1935 1201 1992 in
1248 1935 1588 1992 vestimentis
1642 1934 1846 1999 ovium,
1876 1919 1925 1981 Β

256 2031 588 2087 intrinsecus
626 2037 809 2085 autem
856 2036 982 2085 sunt
1008 2027 1120 2100 lupi
1163 2041 1408 2098 rapaces.
1439 2026 1608 2098 Igitur
1639 2041 1706 2083 ex
1734 2025 1850 2080 fru—

257 2125 436 2181 ctibus
464 2139 658 2180 eorum
685 2123 1027 2193 cognoscetis
1057 2135 1171 2177 eos.
1205 2141 1224 2174 ι
1273 2121 1342 2177 Et
1376 2120 1539 2175 alibi:
1571 2140 1589 2173 ‹
1627 2118 1846 2185 Cavete,

257 2215 455 2287 inquit,
485 2231 518 2270 a
557 2216 826 2272 fermento
874 2213 1279 2270 Pharisaeorum
1319 2220 1376 2268 et
1423 2210 1849 2268 Sadducaeorum

257 2305 476 2378 (Matth.
507 2305 626 2380 vn).
661 2327 681 2360 ι
1750 2297 1796 2302 ’”

335 2420 353 2452 ι
390 2399 511 2456 Non
534 2399 874 2457 obliviscaris
900 2397 1063 2454 amici
1092 2397 1171 2452 tui
1200 2397 1258 2452 in
1302 2396 1484 2454 animo
1504 2403 1619 2463 tuo,
1645 2403 1702 2451 et
1738 2409 1848 2451 non

264 2513 282 2545 ε
319 2492 608 2549 immemor
648 2491 726 2548 sis
773 2491 919 2546 illius
945 2491 1001 2544 in
1035 2489 1291 2561 operibus
1332 2489 1460 2544 tuis.
1495 2506 1514 2540 ι
1545 2485 1664 2543 Non
1703 2486 1851 2541 enim

257 2600 421 2641 verus
450 2585 659 2641 amicus
685 2583 962 2640 discordat
991 2582 1172 2638 animo
1194 2590 1248 2638 et
1276 2597 1464 2652 opere,
1493 2581 1588 2636 sed
1611 2580 1754 2636 sicut
1776 2577 1852 2632 di-

258 2679 376 2751 ligit
395 2689 598 2747 mente,
624 2678 700 2734 ita
723 2677 881 2733 fratri
902 2675 1279 2747 profectuosus
1301 2675 1406 2730 erit
1426 2680 1482 2730 et
1514 2671 1848 2744 operatione.

257 2770 412 2838 Quod
454 2778 512 2825 et
543 2769 776 2825 Joannes
824 2765 1103 2838 apostolus
1151 2765 1207 2819 in
1250 2762 1492 2835 Epistola
1535 2775 1634 2817 sua
1671 2759 1849 2827 docet,

257 2862 481 2919 dicens:
515 2882 534 2914 ‹
563 2861 744 2917 Filioli
787 2860 916 2926 mei,
948 2874 1059 2914 non
1105 2856 1394 2929 diligamus
1417 2854 1587 2911 verbo
1616 2865 1720 2909 nec
1749 2849 1853 2906 lin-

258 2971 384 3028 gua,
417 2956 513 3012 sed
541 2969 707 3027 opere
730 2961 786 3010 et
814 2952 1046 3009 veritate
1076 2947 1230 3022 (Luc.
1264 2948 1388 3022 xu).
1422 2968 1440 3001 ι

335 3068 354 3101 ι
390 3049 512 3106 Noli
541 3047 818 3105 consiliari
859 3059 984 3102 cum
1008 3059 1096 3112 eo,
1138 3043 1231 3114 qui
1258 3041 1355 3098 tibi
1397 3039 1708 3104 insidiatur,
1739 3043 1795 3092 et
1821 3050 1855 3090 a

265 3164 283 3195 ι
330 3141 632 3197 zelantibus
657 3150 712 3196 te
735 3139 1007 3195 absconde
1037 3134 1341 3192 consilium.
1383 3152 1401 3184 ι
1434 3131 1496 3187 In
1524 3144 1736 3194 socero,
1761 3124 1855 3197 qui

261 3253 292 3292 a
317 3245 474 3308 parte
495 3234 730 3290 feminea
754 3231 1063 3305 cognationi
1093 3229 1380 3300 adjunctus
1399 3235 1500 3292 est,
1532 3224 1854 3280 muliebrem

1944 645 2120 702 omnis
2168 644 2339 700 frater
2393 643 2745 716 supplantans
2793 639 3188 713 supplantabit,
3245 646 3302 696 et
3355 639 3531 696 omnis

1945 738 2155 794 amicus
2204 736 2578 793 fraudulenter
2623 735 2855 802 incedet,
2892 742 2948 790 et
2991 733 3077 788 vir
3113 731 3342 788 fratrem
3376 747 3533 787 suum

1945 828 2233 895 deridebit,
2279 835 2335 883 et
2383 826 2666 882 veritatem
2710 838 2820 880 non
2863 823 3183 894 loquentur;
3236 821 3536 877 docuerunt

1945 922 2090 978 enim
2127 921 2365 992 linguam
2416 935 2571 975 suam
2622 917 2770 988 loqui
2819 914 3193 981 mendacium,
3247 921 3308 968 ut
3353 912 3536 983 inique

1946 1020 2170 1084 agerent
2194 1011 2578 1067 laboraverunt
2610 1009 2745 1083 (Jer.
2777 1006 2876 1081 ιχ).
2911 1027 2932 1060 ι
2961 1007 3031 1062 Et
3050 1005 3184 1061 item
3210 1022 3224 1058 :
3259 1022 3278 1056 ι
3304 1003 3532 1076 Sagitta,

1947 1103 2146 1174 inquit,
2176 1103 2468 1159 vulnerans
2496 1101 2678 1173 lingua
2714 1113 2922 1165 eorum,
2956 1097 3139 1154 dolum
3167 1097 3345 1152 locuta
3368 1102 3452 1151 est
3481 1094 3537 1148 in

1946 1211 2040 1252 ore
2067 1211 2184 1252 suo.
2228 1194 2424 1250 Pacem
2456 1209 2580 1249 cum
2607 1191 2784 1247 amico
2826 1205 2926 1246 suo
2954 1187 3219 1257 loquitur,
3249 1194 3305 1242 et
3327 1182 3541 1242 occulte

1945 1287 2101 1360 ponit
2127 1286 2178 1342 ei
2208 1286 2453 1342 insidias.
2503 1282 2758 1355 Nunquid
2806 1295 2970 1353 super
3009 1279 3095 1334 his
3121 1293 3229 1333 non
3257 1275 3537 1332 visitabo?

1947 1377 2081 1432 dicit
2119 1377 2402 1442 Dominus,
2457 1381 2551 1429 aut
2589 1374 2644 1432 in
2690 1381 2850 1446 gente
2889 1367 3268 1442 hujuscemodi
3315 1381 3426 1424 non
3455 1364 3536 1420 ul—

1947 1469 2183 1526 ciscetur
2208 1468 2390 1523 anima
2415 1481 2558 1523 mea.
2588 1485 2608 1519 ›

2536 1603 2765 1662 CAPUT
2801 1603 2893 1660 IX.
2925 1667 2933 1672 _

1952 1720 2227 1795 Sapientia
2267 1719 2417 1776 docet
2444 1719 2790 1795 cunt‘quibus
2831 1716 3191 1795 tractandum;
3217 1713 3274 1769 id
3316 1720 3392 1770 est
3421 1726 3540 1768 cum

2420 1819 2423 1821 -
2490 1789 2735 1861 religioso
2765 1797 2815 1845 et
2833 1789 3006 1860 justo.

2031 1923 2050 1956 ι
2083 1904 2220 1961 Cum
2251 1903 2372 1960 viro
2401 1901 2654 1975 religioso
2679 1908 2856 1957 tracta
2894 1899 2963 1956 de
2992 1899 3302 1966 sanctitate,
3325 1905 3383 1954 et
3419 1909 3544 1952 cum

1958 2018 1978 2052 ι
2013 1998 2216 2070 injusto
2243 1997 2310 2052 de
2335 1994 2550 2067 justitia
2593 1994 2706 2052 noli
2742 1993 3038 2058 consiliari,
3073 2000 3273 2049 etcum
3316 1987 3547 2046 muliere

1956 2108 1978 2143 ι
2012 2090 2081 2146 de
2113 2105 2178 2146 ea
2222 2104 2344 2161 quae
2371 2087 2679 2144 aemulatur.
2726 2085 2864 2142 Cum
2889 2083 3081 2141 timido
3109 2083 3180 2140 de
3224 2080 3384 2146 bello,
3419 2094 3546 2136 cum

1959 2201 1980 2236 ε
2015 2183 2356 2254 negotiatore
2401 2181 2470 2237 de
2504 2179 2846 2250 trajectione,
2889 2193 3016 2234 cum
3051 2182 3298 2248 emptore
3328 2173 3399 2230 de
3422 2187 3549 2229 ven-

1959 2295 1979 2329 σ
2020 2277 2243 2343 ditione,
2286 2291 2411 2332 cum
2438 2274 2558 2330 viro
2592 2272 2864 2328 lividode
2914 2269 3106 2343 gratiis
3149 2266 3392 2340 agendis,
3421 2279 3549 2321 cum

1960 2387 1978 2420 ι
2013 2368 2181 2438 impio
2201 2368 2269 2424 de
2292 2368 2518 2438 pietate,
2546 2380 2671 2422 cum
2693 2365 2980 2422 inhonesto
3007 2363 3074 2419 de
3093 2363 3402 2428 honestate,
3423 2373 3549 2416 eum

1960 2480 1980 2513 ε
2016 2459 2271 2532 operario
2291 2460 2411 2532 agri
2431 2459 2499 2515 de
2517 2459 2668 2514 omni
2691 2472 2879 2529 opere,
2903 2471 3029 2512 cum
3047 2454 3298 2527 operario
3326 2451 3552 2509 annuali

1961 2573 1981 2606 ‹
2019 2554 2084 2609 de
2110 2551 2581 2608 consummatione
2601 2535 2774 2628 anni,.
2784 2563 2909 2605 cum
2932 2562 3092 2604 servo
3114 2546 3269 2618 pigro
3290 2545 3358 2600 de
3381 2542 3552 2600 multa

1961 2663 1981 2698 ι
2015 2643 2332 2716 operatione
2358 2659 2372 2698 :
2395 2657 2505 2698 non
2537 2640 2790 2697 attendas
2831 2639 2918 2695 his
2964 2638 3023 2694 in
3050 2636 3204 2695 omni
3246 2633 3495 2692 consilio.
3525 2652 3548 2686 ι

1955 2739 2057 2797 Hic
2095 2742 2339 2798 diversas
2386 2739 2595 2811 species
2642 2734 2984 2792 ennmeravit
3031 2728 3458 2794 consiliantium,
3499 2726 3554 2781 in

1957 2835 2152 2906 quibus
2181 2842 2362 2890 tamen
2399 2834 2586 2905 plures
2621 2843 2884 2902 personas
2913 2827 3146 2893 notavit,
3195 2840 3317 2895 quae
3348 2839 3381 2877 a
3409 2820 3555 2876 veri-

1956 2936 2070 2984 tate
2095 2927 2408 2984 discordant
2433 2925 2732 2990 voluntate,
2763 2929 2820 2978 et
2851 2920 2973 2976 ideo
3010 2933 3120 2974 non
3153 2924 3280 2972 sunt
3301 2913 3464 2969 utiles
3491 2911 3549 2967 in

1959 3022 2312 3079 consiliorum
2349 3020 2582 3076 actione.
2633 3016 2789 3074 Unde
2813 3013 3001 3070 etiam
3041 3011 3198 3082 juxta
3225 3005 3557 3079 principium

1957 3115 2120 3187 hujus
2157 3113 2381 3186 capituli
2430 3111 2677 3184 praecipit
2717 3107 3006 3180 sapientia,
3047 3119 3175 3161 cum
3224 3100 3422 3158 talibus
3451 3112 3560 3152 non

1964 3206 2386 3271 eonsiliandum,
2416 3213 2474 3260 et
2499 3205 2553 3258 in
2580 3202 2690 3258 ﬁne
2712 3199 2964 3257 similiter
2984 3200 3189 3260 monet,
3232 3191 3319 3247 his
3345 3205 3455 3245 non
3480 3195 3562 3241 at-

261 3289 668 3384 et‘mutabilem
692 3289 928 3381 ostendit
951 3324 1216 3389 animum,
1250 3337 1280 3375 a
1314 3335 1421 3391 quo
1456 3331 1737 3388 nunquam
1763 3291 1929 3369 tua-C
1963 3298 2292 3354 tendendum
2337 3297 2392 3351 in
2417 3291 2820 3391 0m0i0005_i1i0
3004 3300 3237 3391 (Ιιιοξυιιξι
3283 3297 3393 3338 non
3427 3294 3560 3384 00"“

263 3420 398 3474 ﬁdes
433 3419 698 3490 speranda
720 3426 821 3484 est,
849 3417 928 3473 sic
948 3424 1005 3472 et
1035 3415 1202 3482 zelus,
1236 3414 1327 3484 qui
1349 3412 1622 3484 pmcipue
1649 3409 1706 3464 in
1727 3423 1860 3464 sexu

261 3515 521 3587 praevalet
563 3516 822 3582 femineo,
871 3511 1282 3570 instabilitatem
1326 3510 1526 3565 mentis
1565 3506 1857 3577 signiﬁcat,

263 3608 353 3663 cui
398 3622 674 3678 nunquam
709 3607 845 3664 ﬁdes
886 3604 1192 3662 adhibenda
1239 3611 1322 3659 est
1354 3620 1368 3658 :
1400 3620 1418 3653 ε
1459 3600 1605 3671 quia,
1652 3608 1715 3654 ut
1741 3598 1861 3668 qui-

265 3699 388 3754 dam
417 3699 513 3765 ait,
545 3699 685 3755 sicut
711 3699 863 3755 littus
893 3698 1010 3754 sine
1039 3703 1203 3767 portu
1230 3701 1332 3759 est,
1365 3691 1531 3746 inﬁda
1576 3688 1740 3745 statio
1766 3703 1863 3742 na-

263 3789 433 3857 vium,
459 3789 538 3845 sic
563 3799 617 3846 et
654 3791 868 3846 animus
903 3789 1021 3846 sine
1048 3789 1154 3845 ﬁde
1177 3784 1517 3859 periculosus
1544 3792 1628 3842 est
1657 3783 1715 3838 in
1740 3797 1862 3839 con-

266 3882 436 3937 sortio
460 3881 781 3937 amicorum.
811 3903 830 3935 ι

346 3992 363 4024 ι
401 3971 590 4029 Omnis
647 3973 994 4030 consiliarius
1039 3974 1227 4045 prodit
1263 3973 1572 4040 consilium,
1629 3971 1726 4028 sed
1783 3975 1868 4025 est

273 4082 291 4116 ‹
329 4064 674 4120 consiliarius
719 4065 776 4119 in
824 4065 1140 4136 semetipso.
1174 4085 1193 4118 ›
1223 4065 1344 4122 Νοη
1392 4073 1475 4122 est
1517 4078 1642 4120 cum
1680 4060 1866 4118 multis

267 4156 552 4212 consilium
589 4156 906 4223 ineundum,
949 4159 1209 4227 quoniam
1253 4157 1414 4228 pauci
1451 4164 1580 4213 sunt
1617 4153 1712 4224 qui
1760 4151 1867 4207 ﬁde

267 4249 496 4322 perfecti
524 4258 580 4305 et
601 4249 857 4321 prudenti
883 4250 992 4305 sint
1017 4251 1199 4306 animo
1227 4268 1241 4304 :
1269 4251 1414 4306 unde
1449 4249 1713 4318 scriptum
1739 4253 1862 4301 est:

277 4365 293 4396 ι
327 4343 477 4398 Multi
503 4343 612 4398 sint
647 4343 744 4399 tibi
768 4343 956 4419 amici,
980 4351 1037 4399 et
1058 4342 1404 4399 consiliarius
1448 4353 1592 4396 unus
1608 4339 1675 4395 de
1719 4333 1867 4392 mle

274 4433 466 4507 (Eccli.
494 4434 594 4507 Vl),
618 4455 636 4488 ι
685 4435 781 4490 sed
812 4442 895 4491 est
925 4433 1270 4490 consiliarius
1305 4433 1363 4488 in
1393 4431 1704 4501 semetipso,
1740 4426 1869 4497 quia

270 4528 433 4598 elegit
476 4526 655 4583 facere
702 4542 823 4598 quae
876 4527 1030 4583 novit
1079 4524 1348 4582 conditori
1393 4539 1494 4581 suo
1545 4537 1645 4593 per
1684 4515 1868 4574 omnia

270 4619 504 4688 placere.
562 4617 677 4674 Hoc
725 4618 871 4673 enim
917 4617 1206 4674 consilium
1263 4623 1349 4672 est
1401 4615 1647 4681 unicum,
1710 4625 1766 4671 et
1800 4633 1867 4676 ex

273 4709 509 4781 Spiritus
541 4711 713 4766 sancti
737 4711 912 4782 gratia
935 4711 992 4766 in
1020 4725 1118 4767 cor
1139 4711 1437 4765 humanum
1459 4706 1719 4764 infusum.

351 4825 368 4856 ι
403 4805 451 4860 Α
479 4806 793 4863 consiliario
842 4822 998 4862 serva
1049 4808 1290 4862 animam
1330 4813 1501 4862 tuam.
1530 4805 1692 4862 Prius
1730 4806 1868 4862 scito

279 4919 298 4950 ί
336 4913 456 4969 quae
484 4898 561 4954 sit
595 4896 740 4953 illius
782 4897 1101 4966 necessitas,
1127 4905 1221 4953 aut
1248 4898 1378 4968 quid
1414 4899 1532 4968 ipse
1562 4898 1746 4954 animo
1773 4915 1871 4954 suo

281 5008 300 5041 ι
337 4991 558 5062 cogitet,
589 5004 659 5045 ne
687 4988 830 5045 forte
856 4988 1040 5045 mittat
1078 4989 1267 5044 sudem
1291 4989 1347 5044 in
1384 4997 1608 5054 terram,
1641 4997 1699 5046 et
1726 4989 1872 5045 dicat

282 5101 300 5134 ι
342 5083 440 5138 tibi
478 5101 491 5136 :
521 5081 672 5138 Bena
707 5091 794 5138 est
817 5082 908 5136 via
951 5091 1076 5149 tua;
1103 5090 1162 5137 et
1198 5089 1306 5138 stat
1333 5097 1365 5137 e
1388 5082 1665 5139 contrario
1687 5081 1873 5138 videre

282 5194 300 5225 ι
340 5173 472 5244 quid
514 5173 613 5230 tibi
653 5173 888 5229 eveniat.
920 5192 941 5226 ι
1001 5172 1206 5229 Eadem
1243 5174 1440 5245 repetit
1478 5189 1600 5243 qua:
1627 5173 1879 5245 superius

278 5265 438 5331 dixit,
468 5272 529 5319 ut
550 5280 647 5320 nos
669 5280 780 5321 non
814 5266 986 5322 simus
1014 5266 1222 5322 incauti
1249 5265 1307 5320 in
1337 5266 1641 5323 amicorum
1668 5273 1724 5320 et
1751 5280 1880 5322 con-

280 5354 611 5412 siliariorum
638 5353 926 5420 electione,
973 5371 1077 5412 nec
1116 5356 1260 5412 ultra
1303 5358 1524 5413 modum
1572 5355 1880 5428 petulanter

280 5460 506 5519 agamus
535 5443 591 5498 in
631 5442 988 5515 suscipiendis
1018 5443 1210 5500 amicis
1237 5453 1294 5500 et
1338 5445 1662 5501 adhibendis
1699 5447 1880 5502 consi-

280 5539 476 5605 liariis,
518 5538 644 5608 quia
685 5536 845 5592 multi
890 5546 1019 5593 sunt
1061 5538 1155 5609 qui
1195 5537 1335 5592 facie
1374 5545 1534 5594 tenus
1559 5553 1620 5595 se
1645 5539 1879 5595 assimu-

279 5631 398 5685 lant
432 5630 746 5686 ﬁdelitatem
769 5644 988 5686 servare
1016 5631 1073 5686 in
1101 5630 1364 5698 amicitia,
1398 5631 1494 5687 sed
1507 5630 1690 5687 dolum
1715 5645 1876 5687 exco—

284 5723 460 5794 gitant
501 5723 698 5789 animo,
747 5732 803 5779 et
841 5723 1067 5779 insidias
1117 5723 1447 5778 meditantur
1498 5722 1681 5778 corde.
1722 5721 1877 5778 Unde

285 5815 553 5872 Jeremias
581 5815 648 5871 de
676 5814 1046 5885 hujuscemodi
1071 5818 1213 5872 malo
1242 5815 1483 5872 cavendo
1503 5830 1603 5872 nos
1630 5816 1874 5884 instruit,

277 5908 476 5979 ﬂicens
504 5926 516 5966 :
548 5925 570 5964 α
601 5907 986 5996 unusquisque
1017 5927 1050 5967 a
1078 5910 1326 5998 proximo
1370 5925 1469 5969 suo
1495 5923 1554 5969 se
1582 5910 1872 5981 custodiat,

1963 3391 2192 3448 veniunt
2214 3389 2379 3445 corda
2404 3396 2461 3444 et
2481 3396 2659 3451 actus,
2691 3384 2810 3440 sine
2837 3382 3002 3438 dubio
3022 3376 3363 3450 periclitatur
3385 3373 3563 3430 consi-

1965 3485 2116 3540 lium.
2155 3481 2497 3553 Quapropter
2517 3479 2568 3534 is
2592 3478 2685 3548 qui
2723 3477 2830 3532 rite
2857 3471 3143 3530 consilium
3173 3482 3297 3524 cum
3323 3463 3565 3536 quolibet

1962 3577 2080 3633 vult
2108 3590 2288 3648 agere,
2320 3572 2618 3630 consiliarii
2665 3569 2750 3626 sui
2779 3568 3016 3640 primum
3041 3561 3381 3636 perpendere
3404 3557 3566 3614 debet

1962 3668 2335 3743 prudentiam,
2361 3667 2544 3732 ﬁdem,
2580 3665 2936 3729 voluntatem,
2965 3669 3022 3717 et
3046 3656 3483 3729 religiositatem,
3509 3657 3567 3706 et

1881 3766 1886 3771 ’
1965 3760 2045 3817 sic
2079 3758 2197 3831 ejus
2225 3759 2306 3815 uti
2334 3757 2586 3826 consiﬁo,
2614 3756 2682 3814 de
2707 3771 2816 3826 quo
2839 3763 2896 3812 et
2935 3751 3204 3824 sequitur.

2597 3888 2828 3950 CAPUT
2867 3889 2939 3946 X.

2111 4009 2283 4065 Iustis
2317 4016 2367 4065 et
2390 4008 2539 4063 bona:
2568 4007 2726 4078 fama:
2769 4015 2970 4074 semper
2994 3998 3191 4056 sociari
3223 4002 3418 4051 monet.

2043 4145 2064 4179 ‹
2104 4124 2243 4183 Cum
2269 4125 2388 4181 viro
2422 4130 2613 4180 sancto
2640 4119 2882 4176 maxime
2917 4114 3170 4172 assiduus
3207 4119 3347 4176 esto,
3380 4120 3569 4180 quent-

1973 4235 1992 4269 ι
2028 4229 2245 4285 cunque
2270 4212 2594 4284 cognoveris
2621 4211 3006 4265 observantem
3037 4205 3292 4260 timorem
3320 4200 3442 4265 Dei,
3470 4213 3566 4253 cu-

1975 4323 1994 4357 (
2031 4305 2124 4376 jus
2171 4303 2356 4357 anima
2395 4309 2480 4358 est
2532 4299 2830 4356 secundum
2877 4296 3117 4350 animam
3154 4303 3333 4358 tuam;
3384 4298 3441 4346 et
3476 4287 3569 4357 qui

1973 4415 1993 4448 ς
2029 4411 2154 4452 cum
2195 4391 2512 4448 titubaveris
2554 4391 2611 4446 in
2649 4387 2912 4452 tenebris,
2947 4383 3254 4442 condolebit
3293 4381 3413 4437 tibi.
3464 4377 3571 4432 Cor

1976 4506 1996 4538 ι
2033 4485 2162 4542 boni
2190 4482 2402 4540 consilii
2424 4490 2605 4539 statue
2628 4488 2846 4545 tecum;
2872 4491 2984 4533 non
3015 4483 3102 4531 est
3125 4473 3273 4531 enim
3301 4471 3398 4526 tibi
3427 4468 3572 4523 aliud

1977 4599 1996 4632 ‹
2031 4578 2154 4650 plus
2179 4577 2289 4632 illo.
2322 4595 2340 4628 ›
2377 4575 2551 4644 Quem
2592 4572 2739 4630 enim
2772 4570 3057 4626 timentem
3097 4568 3271 4623 Deum
3297 4576 3570 4635 cognove-

1891 4660 1947 4721 D
1974 4672 2071 4739 ris,
2103 4669 2319 4727 ﬁdelem
2349 4667 2449 4724 tibi
2477 4674 2534 4724 et
2559 4667 2815 4722 devotum
2843 4674 3067 4734 sperare
3087 4658 3332 4731 poteris;
3361 4655 3452 4724 qui
3479 4669 3575 4707 au—

1977 4772 2089 4820 tem
2123 4761 2378 4817 timorem
2425 4757 2524 4815 Dei
2576 4755 2880 4813 deseruerit
2929 4754 2985 4808 in
3031 4749 3271 4808 tenebris
3315 4747 3574 4802 vitiorum

1979 4856 2286 4922 ambulans,
2329 4868 2674 4925 nequaquam
2703 4849 2805 4907 tibi
2830 4848 2996 4905 ﬁdem
3045 4845 3312 4915 integram
3353 4851 3577 4895 servare

1978 4949 2199 5020 poterit,
2249 4961 2351 5002 nec
2390 4943 2680 5001 consilium
2733 4940 2868 4996 utile
2910 4937 3192 5010 praebere:
3223 4939 3351 4988 ante
3389 4927 3573 4985 omnia

1981 5041 2129 5097 enim
2171 5055 2267 5096 cor
2312 5039 2442 5095 boni
2487 5035 2702 5093 consilii
2730 5033 2933 5105 eligere
2968 5030 3153 5096 debes,
3192 5033 3249 5082 et
3294 5022 3428 5080 illud
3461 5034 3575 5092 prae

1983 5131 2198 5190 caeteris
2221 5130 2444 5188 charius
2468 5128 2617 5187 omni
2645 5135 2892 5196 tempore
2916 5121 3138 5179 habere.

2611 5259 2842 5318 CAPUT
2871 5231 2972 5314 xx.

1984 5381 2258 5457 Sapientia
2285 5389 2476 5457 narrat
2495 5380 2729 5435 animam
2755 5373 3072 5457 viri‘sancti,
3107 5384 3226 5457 qu‘ce
3252 5366 3424 5457 sancti

2054 5437 2195 5510 Ritus
2209 5437 2508 5522 septenario
2533 5465 2750 5506 numero
2771 5447 3024 5503 virtutum
3050 5437 3318 5514 impletur,
3346 5437 3570 5509 prophe-

2053 5534 2187 5580 tare.
3581 5548 3583 5552 .

2060 5653 2081 5688 ‹
2113 5633 2311 5689 Anima
2365 5633 2468 5689 viri
2523 5631 2696 5688 sancti
2751 5629 2998 5687 enuntiat
3047 5622 3340 5696 aliquando
3399 5631 3569 5684 vera,

1989 5745 2008 5779 ι
2048 5741 2212 5797 quam
2239 5732 2447 5797 septem
2467 5725 2955 5795 circnmspectores
2979 5721 3229 5779 sedentes
3256 5715 3313 5770 in
3331 5709 3568 5776 excelso,
3613 5713 3618 5718 ’

1989 5835 2009 5871 ι
2045 5819 2114 5873 ad
2148 5816 2552 5889 speculandum.
2593 5837 2611 5870 ι
2646 5817 2781 5873 Cum
2802 5815 3050 5886 superius
3075 5809 3141 5868 de
3166 5804 3571 5863 consiliatorum

1975 5909 2305 5994 diversitate
2351 5908 2634 5994 disseruit,
2671 5913 3067 5992 consequenter
3111 5895 3357 5973 adiunxit
3391 5907 3570 5968 quan-
