4030 6476
590 394 729 455 1027

586 519 701 566 tum
728 503 1009 579 sapientiae
1036 503 1289 559 humana!
1311 500 1542 559 excellat
1577 500 1752 557 sancti
1778 499 1886 557 viri
1919 498 2166 573 scientia,
2195 508 2249 581 Α

1270 380 1333 445 Β.
1373 384 1629 445 sanam
1664 360 1887 443 illum
1920 380 2243 442 ARCHIEP.
2280 378 2595 443 uocum.
2634 379 2922 441 OPERUM
2958 375 3138 441 rans
3173 376 3244 434 l.‘

3667 384 3768 443 1023

2876 459 3104 554 cllinrr
3142 495 3255 555 xu.

582 616 701 674 qum
748 600 890 655 dono
935 595 1172 670 Spiritus
1217 594 1392 657 sancti
1437 594 1493 655 in
1524 594 1762 653 animam
1806 590 1952 650 illius
1990 590 2171 649 infusa
2271 590 2352 650 De
2407 600 2616 649 uersuta
2670 598 2719 647 et
2767 591 3050 674 saphistica
3103 588 3379 674 locutione,
3433 589 3485 644 id
3514 600 3592 661 est
3633 611 3770 667 pompa

578 678 688 750 est:
713 693 933 764 Septem
960 707 1093 762 ergo
1114 690 1608 760 circumspectores
1633 674 1938 760 philosophi
1970 686 2170 742 libera-

576 783 710 839 lium
754 784 955 839 artium
999 781 1142 855 (quae
1193 780 1248 839 in
1297 780 1605 852 septenario
1647 794 1875 841 numero
1923 780 1991 839 ab
2037 778 2171 851 ipsis

578 874 1132 950 comprehenduntur)
1179 883 1307 933 sunt
1342 874 1653 941 traditores,
1699 873 1796 931 sed
1839 873 2015 945 magis
2040 887 2169 928 vera

577 983 699 1024 esse
739 955 797 1023 in
827 966 1078 1024 omnibus
1124 966 1298 1023 claret
1342 963 1599 1021 catholici
1643 964 1748 1023 viri
1797 963 2042 1021 modesta
2073 961 2170 1017 do-

577 1060 774 1127 ctrina,
802 1075 924 1131 qute
959 1059 1019 1116 in
1062 1058 1262 1116 divinis
1287 1057 1443 1115 libris
1488 1056 1754 1125 consistit,
1788 1071 1950 1128 quam
1989 1054 2169 1113 omnis

576 1154 1022 1223 philosophorum
1050 1152 1330 1224 multiplex
1376 1152 1432 1211 in
1469 1150 1796 1222 disputando
1820 1148 1961 1209 etin
1999 1163 2164 1220 argu-

575 1245 872 1303 mentando
906 1244 1146 1311 solertia,
1177 1245 1233 1301 in
1264 1244 1370 1301 hac
1396 1243 1542 1302 enim
1568 1242 1755 1314 paucis
1781 1249 1838 1296 et
1864 1239 2016 1313 puris
2051 1253 2167 1296 ser-

575 1336 828 1393 monibus
856 1335 1350 1408 irreprehensibilis
1382 1351 1482 1407 per
1520 1334 1705 1391 omnia
1733 1332 1913 1390 elucet
1938 1329 2163 1399 veritas,

575 1426 633 1480 in
658 1426 751 1481 illa
779 1441 911 1482 vero
938 1427 996 1481 in
1031 1426 1427 1497 exquisitarum
1468 1440 1654 1485 rerum
1694 1424 1960 1482 oberrans
1982 1422 2165 1496 Opinio

575 1518 795 1589 garrula
828 1519 1176 1589 loquacitate,
1210 1519 1320 1575 imo
1354 1519 1643 1576 manifesta
1675 1526 1902 1590 apparet
1929 1516 2159 1573 falsitas.

574 1606 682 1665 Sed
712 1609 841 1679 quia
872 1611 1051 1666 omnis
1080 1612 1349 1682 sapientia
1372 1627 1403 1667 a
1427 1613 1656 1669 Domino
1685 1614 1797 1668 Deo
1825 1619 1933 1678 est,
1960 1625 2063 1666 nec
2100 1609 2165 1665 il-

570 1698 681 1753 lam
703 1700 994 1770 quisquam
1019 1701 1140 1757 sine
1162 1700 1280 1772 ejus
1321 1717 1547 1763 munere
1578 1702 1784 1760 habere
1815 1707 2016 1773 potest,
2039 1698 2166 1761 ideo

574 1792 874 1864 subiungit,
903 1794 1091 1851 dicens
1117 1812 1133 1849 :

649 1927 667 1959 ι
702 1908 771 1962 Ει
790 1907 847 1962 in
873 1907 959 1964 his
984 1908 1235 1965 omnibus
1260 1907 1554 1980 deprecare
1579 1907 1939 1975 Altissimum,
1980 1913 2042 1962 ut
2075 1905 2158 1962 di-

574 2018 593 2053 t
631 2000 771 2073 rigat
801 2001 856 2056 in
886 2002 1115 2058 veritate
1135 2002 1281 2058 viam
1307 2010 1477 2059 tuam.
1510 2023 1529 2056 ι
1559 2003 1637 2060 De
1669 2003 1775 2059 hoc
1803 2002 1920 2073 ipso
1960 2012 2019 2058 et
2043 2000 2163 2073 ,Το-

565 2090 684 2148 bias
711 2091 878 2147 lilium
906 2107 1064 2148 suum
1094 2094 1392 2162 admonuit,
1423 2094 1649 2151 dicens:
1678 2112 1699 2147 ‹
1727 2093 1888 2150 Omni
1919 2102 2161 2166 tempore

565 2183 793 2240 benedlc
813 2186 1003 2254 Deum,
1034 2196 1089 2243 et
1112 2196 1235 2259 pete
1274 2190 1343 2245 ab
1367 2204 1433 2244 eo
1457 2197 1519 2244 nt
1537 2190 1670 2263 ,vias
1706 2195 1828 2245 tuas
1855 2174 2162 2263 dirigat,'et

566 2278 749 2332 omnia
783 2278 1009 2335 consilia
1049 2288 1141 2334 tua
1169 2281 1224 2336 in
1255 2282 1372 2352 ipso
1414 2291 1776 2355 permaneant
1803 2282 1956 2355 (Tob.
2000 2282 2099 2354 iv).
2130 2303 2150 2338 ι

566 2369 704 2427 Hinc
725 2381 779 2428 et
793 2373 1080 2431 Psalmista
1108 2376 1183 2431 ita
1209 2375 1498 2433 Dominum
1527 2378 1890 2448 deprecatur:
1925 2394 1944 2429 ι
1975 2377 2159 2449 Dirige

564 2475 653 2516 me
679 2462 735 2516 in
754 2464 985 2520 veritate
1021 2471 1135 2532 tua,
1161 2474 1219 2520 et
1246 2466 1379 2521 doce
1403 2482 1511 2535 me,
1535 2468 1667 2538 quia
1696 2475 1753 2522 tu
1780 2482 1860 2533 es,
1889 2467 2157 2535 Deus,sa-

564 2550 759 2609 lutaris
783 2569 961 2621 meus,
990 2563 1049 2610 et
1076 2563 1132 2611 te
1161 2556 1396 2619 sustinui
1422 2566 1538 2613 tota
1565 2558 1653 2614 die
1684 2556 1860 2630 (Psal.
1886 2558 2096 2630 xxxiv).
2127 2577 2151 2612 ι

639 2678 659 2713 σ
694 2660 838 2719 Ante
872 2663 1056 2723 omnia
1097 2680 1264 2736 opera
1313 2667 1541 2724 verbum
1571 2683 1738 2724 verax
1768 2670 2040 2740 praecedet
2078 2678 2151 2741 te,

570 2771 589 2805 ι
622 2761 678 2809 et
697 2763 824 2811 ante
851 2771 1066 2812 omnem
1096 2767 1277 2814 actum
1291 2759 1580 2815 consilium
1604 2760 1816 2817 stabile.
1842 2781 1861 2815 ι
1892 2761 2006 2817 Hoc
2020 2777 2155 2832 quo-

560 2858 665 2914 que
685 2845 912 2901 verbum
934 2862 1044 2903 non
1066 2855 1336 2917 exterum,
1361 2850 1456 2907 sed
1478 2852 1753 2907 internum
1771 2851 2149 2925 vultintelligi,

558 2936 702 3006 quod
730 2941 799 2991 ex
825 2937 1149 3009 cogitatione
1182 2940 1386 2996 mentis
1426 2942 1651 3013 prodiit,
1683 2944 1982 2999 secundum
2007 2942 2153 3015 quod

557 3026 859 3085 locutiones
903 3039 958 3085 et
1005 3039 1162 3087 actus
1207 3033 1510 3090 exteriores
1566 3034 1944 3106 disponuntur.
1997 3034 2152 3091 Unde

556 3122 817 3191 scriptum
860 3129 982 3179 est:
1016 3140 1037 3175 ι
1073 3124 1155 3179 Ex
1199 3125 1534 3181 abundantia
1590 3128 1772 3182 cordis
1812 3141 1877 3182 os
1911 3125 2153 3199 loquitur

555 3213 773 3286 (Matth.
803 3216 924 3290 xu).
960 3237 979 3270 ι
1014 3218 1073 3275 Si
1101 3220 1248 3276 enim
1279 3222 1535 3294 cogitatio
1566 3223 1804 3279 hominis
1833 3224 1889 3278 in
1919 3224 2149 3279 veritate

553 3317 609 3365 et
643 3311 784 3365 bona
812 3311 1094 3370 voluntate
1115 3315 1343 3371 verbum
1366 3323 1422 3371 et
1442 3316 1730 3372 consilium
1760 3332 1916 3372 suum
1952 3331 2147 3372 secun-

552 3401 680 3457 dum
711 3402 959 3461 timorem
991 3405 1087 3461 Dei
1113 3407 1350 3476 ordinat,
1384 3424 1574 3465 omnes
1601 3416 1757 3465 actus
1782 3407 1900 3479 ejus
1927 3408 2066 3464 ﬁunt
2091 3408 2146 3463 in

550 3508 702 3565 pace,
730 3510 761 3550 e
786 3498 1063 3554 contrario
1087 3515 1218 3556 vero
1253 3500 1320 3555 de
1350 3499 1460 3556 alio
1488 3502 1654 3558 verbo
1685 3501 1949 3573 sequitur.

627 3627 645 3659 ι
678 3607 917 3669 Verbum
946 3626 1178 3683 nequam
1206 3613 1516 3671 immutabit
1553 3630 1668 3670 cor.
1698 3633 1720 3668 ›
1747 3614 1863 3671 Hoc
1884 3622 1990 3684 est,
2011 3629 2144 3673 con—

550 3698 733 3754 silium
781 3702 982 3759 malum
1031 3712 1202 3761 totam
1254 3705 1491 3763 hominis
1534 3706 1820 3778 perturbat
1860 3707 2143 3763 conscien-

551 3793 706 3860 tiam,
746 3802 801 3850 et
843 3795 1175 3850 voluntatem
1203 3797 1321 3868 ejus
1350 3797 1652 3867 confundit,
1685 3816 1809 3856 cum
1847 3816 1912 3856 ea
1944 3808 2145 3855 tractat

547 3903 669 3959 quae
693 3904 877 3944 coram
901 3890 1074 3946 oculis
1102 3890 1199 3946 Dei
1223 3891 1531 3962 displicent.

625 4022 643 4055 ι
679 4004 760 4058 Ex
781 4018 889 4074 quo
916 4011 1150 4074 quatuor
1172 4012 1359 4076 partes
1397 4006 1669 4075 oriuntur,
1714 4007 1917 4062 bonum
1941 4012 1998 4064 et
2023 4022 2139 4063 ma-

553 4116 571 4150 ε
608 4097 738 4163 lum,
772 4098 883 4153 vita
908 4106 965 4153 et
1004 4114 1155 4155 mors
1177 4118 1192 4154 :
1215 4108 1273 4156 et
1309 4100 1645 4158 dominatrix
1690 4102 1907 4158 illorum
1936 4112 2021 4161 est
2053 4119 2139 4159 as-

552 4211 574 4247 ι
610 4194 765 4249 sidua
790 4191 992 4265 lingua.
1017 4214 1038 4248 ι
1079 4194 1167 4251 Es
1204 4212 1330 4267 quo,
1362 4197 1561 4265 inquit,
1590 4198 1695 4253 hoc
1718 4205 1828 4264 est,
1875 4212 1945 4255 ex
1968 4199 2137 4255 verbo

538 4288 746 4353 cordis,
787 4298 1016 4359 quatuor
1059 4299 1235 4361 partes
1282 4289 1549 4357 oriuntur,
1593 4291 1788 4346 bonum
1824 4299 1875 4346 et
1911 4290 2132 4358 malum,

544 4379 648 4435 hoc
677 4388 783 4447 est,
812 4380 952 4435 bono
982 4397 1019 4435 ιι
1051 4382 1133 4437 vel
1159 4381 1364 4438 malum
1387 4382 1697 4449 consilium,
1728 4390 1784 4438 et
1809 4397 2135 4438 remunera-

543 4469 621 4524 tio
648 4483 840 4524 eorum
865 4470 976 4525 vita
998 4471 1084 4525 vel
1110 4486 1279 4538 mors,
1311 4472 1440 4543 quia
1463 4473 1792 4543 stipendium
1816 4472 2026 4541 peccati
2047 4480 2134 4527 est

507 4544 520 4565 ³
542 4576 723 4627 mors,
776 4563 950 4631 gratia
1007 4570 1189 4619 autem
1244 4565 1345 4619 Dei
1370 4566 1484 4620 vita
1536 4575 1741 4621 atterna
1793 4565 1974 4637 (Rom.
2026 4570 2127 4639 vi).

541 4652 696 4717 Quod
740 4662 923 4707 autem
965 4654 1118 4721 dicit,
1150 4657 1566 4714 dominatricem
1592 4625 1951 4715 eorum‘esse
1987 4625 2125 4714 assi-
2154 4625 2209 4687 Β

541 4743 702 4797 duam
740 4742 998 4814 linguam,
1033 4745 1273 4800 ostendit
1316 4748 1461 4817 quod
1510 4765 1610 4819 per
1638 4750 1833 4820 lingua:
1874 4750 2124 4805 ministe-

537 4832 681 4888 rium
725 4844 934 4889 secreta
975 4835 1157 4890 cordis
1188 4837 1523 4906 panduntur.
1557 4839 1703 4897 Mors
1729 4841 1875 4896 enim
1917 4847 1975 4896 et
2010 4840 2125 4896 vita

538 4925 593 4979 in
626 4926 873 4982 manibus
895 4935 1022 4982 sunt
1049 4926 1269 4999 linguae,
1295 4930 1439 4985 unde
1466 4931 1587 5000 ipsa
1614 4932 1831 4987 Veritas
1859 4934 1972 4988 ait:
1996 4951 2015 4984 ι
2043 4932 2123 4989 Ex

539 5020 718 5076 verbis
736 5019 884 5075 enim
906 5020 1014 5076 tuis
1031 5018 1446 5090 justiﬁeaberis,
1474 5032 1531 5079 et
1552 5038 1625 5079 ex
1648 5023 1832 5080 verbis
1868 5024 1976 5081 tuis
1996 5038 2123 5083 con-

537 5112 883 5168 demnaberis
913 5112 1128 5185 (Matth.
1156 5113 1283 5187 xu).
1312 5133 1333 5168 ι

613 5239 631 5271 ι
667 5221 764 5277 Vir
788 5225 999 5293 peritus
1022 5226 1224 5286 multos
1249 5226 1505 5298 erudivit,
1527 5237 1585 5284 et
1612 5229 1809 5284 anima:
1843 5243 1957 5284 suae
1999 5242 2126 5285 sua-

534 5312 619 5367 vis
644 5322 748 5368 est.
780 5333 799 5365 ›
827 5316 964 5383 Quia
990 5321 1318 5391 praedixerat
1343 5323 1411 5377 de
1442 5322 1700 5394 operibus
1726 5322 1944 5398 linguae,
1979 5337 2123 5379 nunc

535 5403 890 5462 eontinuatim
914 5401 1166 5470 debonis
1192 5412 1422 5471 malisve
1459 5413 1774 5471 doctoribus
1810 5428 2120 5473 sermonem

532 5495 784 5567 explicat.
817 5496 919 5564 Qui
947 5501 1092 5554 enim
1119 5506 1327 5572 peritus
1372 5513 1460 5560 est
1506 5506 1561 5560 in
1607 5504 1890 5577 Scriptura
1934 5522 2117 5573 saera,

531 5598 583 5649 et
614 5605 781 5647 verax
814 5605 1068 5649 sermone
1087 5596 1397 5667 probusque
1421 5598 1668 5654 moribus
1690 5599 1972 5670 probatur,
2005 5596 2118 5668 ejus

531 5682 767 5749 etuditio
795 5683 1044 5755 plurimis
1071 5694 1155 5743 est
1186 5687 1531 5757 profectuosa
1554 5698 1613 5747 et
1630 5690 1893 5759 salubris,
1920 5690 2122 5764 ipsius-

533 5790 638 5843 que
667 5776 905 5837 studium
945 5779 1140 5837 diuinae
1172 5796 1287 5837 suae
1306 5788 1541 5850 aeterna:
1577 5784 1702 5843 vita
1735 5783 1915 5857 pariet
1942 5783 2121 5843 suavi-

531 5872 719 5927 ω.

2881 661 3259 734 philosophica.

2346 798 2365 831 ε
2402 777 2507 846 Qui
2538 785 2722 834 autem
2766 777 3063 850 sophistice
3109 776 3370 851 loquitur,
3400 775 3597 836 odibilis
3615 790 3709 836 est'
3734 783 3770 838 in

2274 891 2295 925 σ
2329 871 2478 927 omni
2502 886 2561 927 re
2586 870 3015 927 defraudabitur.
3044 869 3161 927 Non
3188 877 3274 926 est
3296 870 3438 926 enim
3464 870 3535 929 illi
3560 888 3586 926 a
3603 872 3771 929 Domino

2273 978 2294 1014 ι
2326 946 2452 1018 data
2487 962 2698 1035 gratia;
2731 963 2881 1019 omni
2924 962 3191 1035 sapientia
3222 960 3559 1019 defraudatus
3590 974 3674 1020 est.
3696 986 3709 1019 ι
3731 966 3769 1023 In

2265 1040 2374 1112 hac
2412 1056 2687 1112 sententia
2726 1064 2782 1112 et
2819 1064 3044 1115 versuta
3096 1055 3297 1112 locutio
3340 1056 3717 1129 reprehenditur,
3735 1056 3777 1113 et'

2270 1148 2529 1207 haaretica
2586 1150 2833 1224 nequitia
2878 1150 3186 1206 damnatur.
3252 1147 3374 1206 Non
3425 1164 3546 1221 ergo
3590 1149 3647 1204 ad
3687 1166 3771 1206 cor-

2263 1242 2415 1312 poris
2467 1257 2687 1312 sensus,
2745 1242 2842 1300 sed
2894 1243 2964 1300 ad
3014 1243 3287 1307 rationem
3344 1241 3505 1297 animi
3548 1242 3771 1315 discipline

2263 1339 2539 1408 pertinent
2564 1336 2949 1413 disputationis
2976 1350 3032 1397 et
3054 1337 3291 1397 numeri.
3313 1335 3374 1392 In
3402 1335 3582 1409 quibus
3606 1353 3633 1395 a
3652 1335 3770 1393 Deum

2264 1428 2584 1489 timentibus
2615 1432 2828 1491 Veritas
2862 1432 2953 1509 pie
2986 1430 3271 1505 quaeritur,
3318 1437 3376 1485 et
3402 1429 3590 1485 utiliter
3620 1428 3770 1486 inveni-

2264 1529 2376 1591 tur,
2419 1523 2517 1581 sed
2564 1523 2945 1596 disputationis
2987 1522 3275 1595 disciplina
3322 1522 3390 1578 ad
3433 1522 3597 1577 omnia
3632 1537 3771 1597 genera

2262 1615 2648 1691 quaestionum,
2680 1632 2802 1689 qua:
2831 1616 2887 1675 in
2907 1614 3104 1677 litteris
3134 1615 3341 1675 sanctis
3373 1624 3495 1672 sunt
3516 1616 3770 1685 pcnetrade

2262 1715 2319 1765 et
2344 1708 2685 1767 dissolvenda
2713 1709 3010 1782 plurimum
3038 1707 3204 1767 valet.
3235 1705 3469 1764 Tantum
3505 1704 3573 1763 ibi
3598 1705 3769 1760 cavenda

2263 1809 2348 1857 est
2361 1800 2541 1867 .libido
2566 1802 2800 1869 rixandi,
2832 1809 2890 1859 et
2911 1800 3136 1872 puerilis
3160 1800 3411 1873 quaedam
3440 1799 3687 1855 ostentatio
3708 1799 3770 1853 de-

2186 1887 2237 1953 Β
2262 1893 2498 1966 cipiendi
2534 1893 2930 1951 adversarium.
2960 1892 3101 1949 Sunt
3134 1892 3285 1951 enim
3315 1888 3482 1945 multa
3509 1904 3614 1960 qua:
3643 1886 3773 1959 appel-

2262 1984 2447 2043 lantur
2473 1985 2832 2059 sophismata,
2863 1983 3015 2043 l'alste
3055 1980 3435 2045 conclusiones
3469 1979 3711 2045 rationum,
3737 1987 3773 2033 et

2260 2079 2579 2151 plerumque
2603 2081 2682 2137 ita
2708 2094 2867 2137 veras
2897 2078 3197 2144 imitantes,
3229 2084 3422 2132 utnon
3448 2073 3602 2130 solum
3627 2071 3770 2138 tardos,

2262 2174 2359 2230 sed
2387 2173 2702 2243 ingeniosos
2744 2172 2909 2233 etiam
2953 2172 3134 2229 minus
3158 2170 3447 2242 diligenter
3483 2175 3682 2231 attentos
3709 2165 3772 2220 de-

2260 2270 2488 2339 cipiant.
2515 2269 2804 2341 Proposuit
2828 2269 2976 2326 enim
3011 2269 3233 2341 quidam
3263 2268 3447 2324 dicens
3473 2266 3540 2335 ei,
3580 2278 3772 2335 cumquo

2258 2361 2623 2434 loquebatur:
2655 2382 2673 2416 ι
2707 2363 2863 2437 Quod
2908 2377 3008 2435 ego
3056 2377 3198 2431 sum,
3232 2369 3295 2419 tu
3326 2376 3437 2421 non
3475 2375 3559 2430 es;
3589 2378 3607 2414 ι
3645 2367 3689 2414 at
3713 2356 3771 2412 ille

2261 2456 2562 2524 consensit,
2609 2471 2800 2512 verum
2843 2455 2991 2512 enim
3028 2461 3147 2513 erat
3173 2469 3245 2510 ex
3287 2462 3480 2529 parte;
3520 2447 3771 2521 veleoipso

2258 2546 2405 2619 quod
2429 2546 2532 2607 iste
2562 2546 2878 2615 insidiosus,
2919 2545 3011 2603 ille
3028 2545 3264 2617 simplex
3290 2555 3431 2617 erat,
3464 2551 3571 2605 tum
3590 2543 3682 2613 ,iste
3704 2540 3769 2595 ad-

2255 2637 2435 2695 didit:
2471 2657 2492 2692 ι
2517 2637 2633 2710 Ego
2677 2646 2859 2695 autem
2900 2637 3064 2694 homo
3106 2652 3255 2695 sum.
3284 2654 3305 2692 ›
3331 2634 3445 2695 Hoc
3476 2647 3660 2707 quoque
3686 2644 3770 2685 cum

2256 2730 2326 2790 ab
2357 2730 2450 2787 illo
2483 2731 2807 2803 accepisset,
2835 2730 3104 2789 conclusit
3129 2729 3363 2791 dicens:
3395 2746 3415 2787 ί
3444 2725 3520 2785 Tu
3546 2724 3679 2799 igitur
3696 2737 3769 2778 non

2254 2842 2317 2891 es
2359 2829 2544 2887 homo.
2575 2849 2594 2883 ι
2631 2828 2786 2896 Quod
2822 2842 2993 2899 genus
3032 2826 3411 2899 captiosarum
3442 2820 3769 2882 conclusionem

2257 2918 2563 2992 Scriptura,
2602 2928 2867 2991 quantum
2900 2919 3178 2987 existimo,
3225 2918 3525 2979 detestatur
3563 2913 3650 2975 hoc
3672 2909 3766 2973 1000.

2254 3012 2347 3075 ubi
2386 3012 2591 3069 dictum
2639 3021 2744 3078 est,
2793 3031 2813 3063 ι
2841 3012 2935 3083 qui
2974 3010 3275 3085 sophistice
3324 3009 3571 3083 loquitur,
3611 3000 3768 3062 odibilis

2253 3112 2359 3172 est,
2394 3124 2416 3158 ι
2446 3120 2757 3176 quanquam
2783 3104 2949 3162 etiam
2979 3119 3161 3161 sermo
3187 3119 3304 3161 non
3334 3100 3611 3173 captiosus,
3629 3094 3769 3155 sedu-

2252 3210 2379 3255 men
2408 3196 2775 3253 abundantius
2798 3210 2961 3267 quam
2993 3195 3321 3268 gravitatem
3367 3193 3515 3251 decet
3548 3186 3767 3245 verborum

2176 3261 2221 3326 δ
2250 3296 2576 3345 ornamenta
2624 3261 2946 3347 consectans
2988 3261 3344 3359 sophisticus.
3397 3283 3456 3349 In
3491 3285 3583 3345 hac
3608 3279 3765 3352 Quidam

2254 3385 2555 3455 sophistica
2580 3384 2852 3440 locutione
2877 3384 3205 3441 denotantur
3228 3381 3491 3446 haeretici,
3525 3376 3608 3453 qui
3636 3371 3766 3430 omnia

2251 3479 2492 3550 captiose
2550 3485 2608 3533 et
2659 3477 2928 3535 malitiose
2984 3476 3053 3533 ad
3119 3474 3484 3533 seducendum
3526 3467 3641 3527 alios
3676 3476 3765 3560 con-

2248 3578 2488 3637 struunt,
2518 3571 2575 3626 hi
2601 3569 2830 3626 odibiles
2857 3577 2985 3629 sunt
3010 3577 3120 3641 tam
3145 3568 3262 3625 Deo
3287 3582 3449 3638 quam
3475 3562 3617 3619 etiam
3641 3568 3765 3611 omm—

2246 3664 2350 3720 bus
2377 3663 2534 3719 bonis
2568 3663 2882 3719 hominibus
2907 3662 3032 3735 :qui
3064 3661 3213 3718 omni
3248 3675 3311 3716 re
3342 3657 3459 3716 utili
3486 3664 3538 3711 et
3572 3665 3679 3708 vera
3699 3644 3762 3700 do-

2246 3758 2422 3815 ctrina
2448 3756 2751 3815 del'raudati
2779 3765 2926 3825 sunt,
2973 3756 3229 3828 quoniam
3262 3769 3370 3813 non
3399 3758 3479 3810 est
3514 3747 3606 3807 illis
3629 3742 3721 3799 data
3741 3751 3761 3790 ι

2244 3849 2474 3906 1)οωίηο
2505 3850 2679 3920 gratia
2730 3848 2968 3920 Spiritus
3007 3848 3202 3902 sancti.
3254 3845 3489 3923 Spiritus
3515 3838 3640 3901 enim
3670 3845 3758 3888 sau-

2243 3950 2366 3999 ctus
2388 3941 2691 4011 disciplinae
2725 3939 2950 4012 etl‘ugiet
2988 3940 3196 4009 ﬁctum,
3234 3948 3294 3995 et
3319 3938 3379 3993 in'
3410 3956 3427 3990 ί
3454 3934 3656 3991 animant
3674 3940 3758 3981 ma-

2242 4032 2476 4091 levolam
2506 4048 2615 4089 non
2664 4032 2910 4091 introibit
2944 4030 3214 4103 sapientia
3242 4029 3400 4101 (Sap.
3442 4025 3502 4098 l)-
3532 4042 3549 4079 θ
3582 4017 3759 4116 unde}?

2241 4126 2516 4197 sapientia
2555 4126 2771 4181 cmlesti
2816 4124 3125 4181 defraudati
3172 4131 3321 4191 sunt,
3349 4120 3442 4193 qui
3481 4133 3540 4173 ea
3577 4128 3670 4187 qua:
3691 4108 3757 4162 Dei

2239 4226 2366 4275 sunt
2390 4234 2497 4274 non
2536 4218 2774 4293 sapiunt,
2801 4217 2895 4273 sed
2926 4232 2993 4271 ea
3020 4230 3141 4288 quae
3170 4214 3467 4277 hominum,
3495 4212 3701 4267 errantes
3719 4202 3756 4250 cl

2237 4311 2558 4381 in;errorem
2581 4310 2875 4384 ,mittcntes
2906 4308 3124 4382 (Matth.
3160 4304 3297 4379 xvu).

2313 4422 2332 4455 ι
2366 4404 2463 4463 Est
2487 4404 2704 4474 sapiens
2734 4403 2930 4463 anima:
2958 4416 3071 4459 suae
3095 4399 3339 4471 sapiens,
3374 4403 3427 4453 et
3466 4393 3755 4484 fructussen-

2243 4510 2263 4545 ι
2298 4509 2393 4550 sus
2434 4492 2578 4551 illius
2616 4492 2923 4551 laudabilis.
2952 4511 2972 4544 ι
3000 4490 3105 4558 Qui
3148 4489 3297 4544 enim
3319 4500 3445 4542 vere
3475 4489 3549 4537 est
3571 4485 3749 4546 sapiens,

2236 4598 2303 4641 ea
2324 4599 2446 4657 quae
2485 4585 2554 4639 ad
2597 4584 2828 4645 salutem
2857 4583 3053 4641 animae
3080 4598 3193 4641 sua:
3238 4581 3422 4643 sentit,
3455 4578 3595 4635 docet
3629 4576 3672 4623 et
3698 4564 3751 4616 la.

2236 4678 2333 4743 cit,
2392 4677 2621 4747 ideoque
2675 4677 2886 4733 fructus
2932 4691 3125 4733 sensus
3179 4675 3327 4733 illius
3377 4678 3460 4731 est
3509 4657 3748 4723 laudabilis:

2235 4769 2492 4843 quoniam
2523 4785 2589 4827 ea
2627 4786 2749 4842 qua:
2796 4770 2907 4826 Deo
2949 4777 3076 4827 sunt
3121 4768 3323 4841 placita
3370 4771 3541 4823 mente
3580 4756 3747 4810 tractat.

2233 4859 2417 4933 lingua
2444 4858 2671 4933 profert,
2704 4868 2761 4919 et
2782 4859 2903 4915 utili
2929 4859 3247 4935 operatione
3270 4863 3505 4913 exercet.

2310 4971 2329 5004 ι
2370 4953 2467 5010 Vir
2490 4952 2707 5023 sapiens
2728 4952 2943 5023 plebem
2971 4967 3125 5009 suam
3151 4951 3347 5021 erudit,
3382 4958 3435 5005 et
3459 4947 3745 5033 fructusseu-

2238 5064 2259 5105 ί
2293 5061 2387 5105 sus
2416 5045 2564 5107 illius
2590 5044 2779 5103 ﬁdeles
2807 5052 2953 5103 sunt.
2983 5064 3001 5098 ι
3038 5044 3239 5105 Doctor
3266 5044 3459 5117 quippe
3482 5030 3744 5127 ecclesiasti-

2228 5151 2327 5195 cus
2376 5136 2722 5197 commissam
2762 5135 2866 5193 sibi
2913 5134 3126 5209 plebem
3172 5134 3350 5193 erudit
3394 5130 3567 5197 verbo,
3603 5130 3648 5177 et
3681 5130 3741 5209 ως

2226 5230 2390 5289 stmit
2434 5229 2704 5301 exemplo,
2756 5234 2810 5284 et
2848 5202 3059 5287 fructus
3106 5241 3298 5287 sensus
3342 5223 3499 5293 illius,
3535 5227 3650 5288 quos
3685 5202 3742 5301 vel

2226 5323 2515 5383 scribendo
2548 5297 2635 5381 vel
2659 5323 2823 5379 etiam
2849 5319 3197 5395 pradicando
3217 5316 3532 5389 protulerat,
3572 5297 3738 5367 suntﬁ-

2227 5414 2410 5475 deles:
2439 5414 2699 5487 quoniam
2738 5414 2793 5469 in
2835 5413 2917 5473 eis
2961 5427 3072 5473 non
3112 5411 3452 5481 reperiuntur
3488 5405 3681 5497 hamos
3702 5394 3741 5449 ei

2225 5509 2580 5569 sollicitatum
2620 5505 3030 5578 perversitates.
3057 5502 3210 5573 Unde
3240 5502 3333 5563 ﬁet
3352 5497 3488 5572 quod

2304 5618 2323 5651 ι
2357 5600 2455 5656 Vir
2497 5598 2715 5671 sapiens
2761 5596 3072 5670 implebitur
3120 5589 3582 5653 benedictionibus,
3605 5587 3650 5637 et
3678 5588 3735 5627 νι-

2231 5713 2251 5746 ι
2282 5692 2473 5749 dentes
2492 5690 2648 5751 illum
2672 5690 2995 5751 laudabunt.
3024 5708 3043 5741 ι
3069 5687 3382 5760 lmplebitur
3401 5680 3598 5755 quidem

2226 5783 2485 5852 dictione,
2526 5783 2746 5857 quando
2789 5759 3228 5843 remunerabitur
3256 5775 3455 5837 ctelesti
3499 5759 3731 5862 ωετοθξίεξ

2224 5883 2281 5933 ει
2302 5853 2566 5941 videntes
2590 5876 2743 5943 illum
2774 5875 3093 5946 laudabunt,
3137 5872 3347 5951 quando
3368 5864 3543 5939 Augei
3565 5853 3667 5919 boni
3690 5853 3733 5911 et
