4030 6466
303 400 447 463 {099

295 618 507 690 praamii
556 618 702 673 illius
747 617 1105 673 retributione
1146 615 1585 688 congaudebunt,
1631 630 1732 670 nec
1778 612 1885 668 mi-

298 726 445 776 rum,
484 725 610 765 cum
638 710 752 780 ipse
786 709 1178 781 paterfamilias
1228 722 1390 765 servo
1416 708 1559 763 bona
1609 706 1805 761 merito
1830 706 1888 761 in

291 799 503 871 judicio
537 800 722 856 futuro
746 801 988 857 dicturus
1014 801 1119 856 sit:
1152 819 1169 852 ι
1198 799 1366 871 Euge,
1397 812 1555 854 serve
1577 798 1719 852 bone
1749 806 1807 851 et
1826 795 1889 850 ﬁs

298 894 453 961 delis,
496 894 625 965 quia
664 909 829 965 super
869 908 1043 965 pauca
1086 891 1237 948 fuisti
1286 889 1479 953 ﬁdelis,
1511 903 1676 959 super
1718 885 1889 942 multa

301 993 357 1041 te
422 985 753 1041 constituam
781 1025 796 1051 ,
882 984 1029 1040 intra
1092 982 1149 1038 in
1204 980 1463 1054 gaudium
1538 978 1754 1036 Domini
1808 976 1889 1033 tui

298 1078 519 1152 (Matth.
550 1080 702 1151 xxv).
738 1097 755 1129 ι

372 1173 551 1229 ινὶιει
576 1171 681 1227 viri
707 1172 765 1226 in
794 1185 1025 1227 numero
1069 1169 1304 1237 dierum,
1352 1168 1470 1225 dies
1513 1173 1696 1224 autem
1723 1164 1891 1222 lsrael

301 1280 324 1314 ι
360 1262 785 1319 innumerabiles
808 1270 957 1319 sunt.
996 1282 1016 1315 ι
1061 1260 1203 1329 Quid
1224 1270 1312 1319 est
1332 1262 1478 1333 quod
1507 1261 1677 1317 vitam
1701 1259 1805 1314 viri
1836 1258 1893 1312 in

295 1368 526 1413 nmnero
548 1355 765 1412 dierum
790 1355 1244 1427 comprehensam
1295 1353 1484 1409 dicens
1514 1351 1746 1417 addidit,
1777 1349 1893 1406 dies

296 1447 465 1505 lsrael
493 1463 618 1506 esse
651 1447 1118 1505 innumerabiles?
1146 1446 1252 1502 nisi
1283 1444 1428 1516 quod
1457 1452 1769 1501 sanctorum
1816 1440 1894 1496 vi—

295 1548 411 1597 tam
454 1542 512 1597 in
536 1542 748 1599 emlesti
777 1539 1378 1601 beatitudineostendit
1406 1554 1530 1595 esse
1553 1545 1813 1593 aeternam
1838 1542 1896 1591 et

294 1633 587 1691 inﬁnitam.
614 1633 771 1702 Quod
812 1641 996 1690 autem
1019 1632 1133 1687 vita
1157 1645 1404 1702 praesens
1431 1627 1714 1685 hominum
1743 1633 1896 1681 certo

296 1739 527 1781 numero
546 1725 601 1779 in
628 1723 972 1796 praeseientia
1005 1722 1103 1781 Dei
1129 1728 1186 1778 et
1215 1721 1574 1794 dispositione
1600 1718 1895 1776 constituta

295 1816 404 1883 sit,
450 1816 689 1875 ostendit
729 1816 853 1885 Job,
908 1817 1141 1873 dicens:
1202 1833 1223 1868 ο
1254 1814 1457 1871 Breves
1498 1814 1616 1870 dies
1660 1813 1896 1870 hominis

1164 396 1520 457 COMMENT.
1557 397 1630 458 IN
1667 392 2281 458 ECCLESIASTICUM.
2320 423 2393 443 -ο
2425 393 2555 453 LIB.
2595 384 2732 453 νω.

297 530 615 582 sanctorum
654 536 852 578 animae
890 520 1301 579 considerantes
1347 518 1466 589 ejus
1494 519 1775 586 meritum,
1826 518 1886 574 in
1911 518 1968 582 Α
1996 533 2016 569 ι
2055 514 2164 571 erit
2186 512 2499 582 inﬁrmitas,
2520 512 2862 580 ‘insatietas,
2895 511 3128 571 aviditas
3154 518 3212 569 et
3237 510 3467 582 aplestia
3494 526 3595 582 ap-

3454 387 3628 533 ωδοῐ

1995 625 2017 663 ι
2056 606 2386 677 propinquat
2410 621 2585 677 usque
2620 606 2689 663 ad
2713 605 3008 665 choleram.
3062 604 3292 676 Propter
3316 604 3596 675 crapulam

1995 718 2016 753 ι
2060 697 2216 757 multi
2243 698 2516 765 obierunt,
2547 699 2640 770 qui
2683 707 2867 758 autem
2909 698 3191 757 abstinens
3219 704 3328 764 est,
3376 697 3598 767 adiiciet

1996 814 2017 848 ι
2059 795 2251 850 vitam.
2289 813 2310 847 ι
2357 792 2417 849 In
2444 793 2532 850 his
2564 794 2781 865 quidem
2813 793 3096 851 sententiis
3122 794 3279 865 juxta
3306 792 3595 850 historiam

1998 887 2185 944 laudat
2212 887 2608 959 parcimoniam
2632 887 2832 955 victus,
2881 894 2939 944 et
2964 888 3240 957 vituperat
3273 886 3596 943 aviditatem

1991 990 2050 1037 et
2082 980 2643 1052 superabundantiam
2695 981 2969 1047 ciborum,
3023 981 3283 1053 quoniam
3310 995 3485 1051 usque
3527 978 3599 1035 ad

1992 1088 2251 1131 nauseam
2299 1080 2356 1129 et
2402 1074 2473 1129 ad
2516 1073 2751 1129 cholerae
2802 1072 3175 1130 inﬁrmitatem
3208 1072 3458 1143 perducit
3507 1071 3595 1133 in~

1995 1172 2412 1234 temperantem.
2449 1163 2674 1236 Mystice
2697 1172 2881 1221 autem
2918 1164 3175 1221 admonet
3201 1172 3263 1220 ut
3286 1163 3343 1223 in
3371 1161 3595 1232 spirita-

1993 1255 2137 1317 libus
2163 1256 2300 1317 cibis
2337 1256 2509 1317 simus
2536 1263 2902 1327 temperantes
2920 1295 2936 1322 ,
2966 1263 3024 1314 et
3065 1254 3268 1327 nequid
3294 1254 3480 1321 nimis.
3530 1266 3601 1309 ne

1995 1345 2139 1407 forte
2163 1349 2211 1407 si
2242 1349 2575 1408 voluerimus
2608 1350 2827 1409 modum
2855 1349 3125 1424 excedere
3166 1347 3430 1412 scientiae,
3459 1345 3599 1403 inci-

1994 1442 2190 1501 damus
2217 1444 2274 1500 in
2298 1459 2562 1511 errorem,
2607 1452 2666 1501 et
2701 1452 2924 1515 propter
2949 1441 3282 1515 superﬂuam
3307 1439 3598 1497 scrutatio-

1995 1551 2123 1593 nem
2147 1551 2331 1592 rerum
2358 1535 2992 1607 ineomprehensibilium
3027 1534 3313 1591 veniamus
3340 1533 3395 1589 in
3422 1531 3601 1588 stulti-

1996 1628 2133 1685 tiam
2172 1628 2487 1693 maximam,
2521 1629 2666 1684 unde
2691 1643 2839 1685 mors
2875 1635 2932 1682 et
2974 1625 3208 1696 perditio
3244 1631 3396 1681 certa
3441 1622 3600 1679 nobis

1998 1728 2191 1779 restat.
2223 1719 2362 1778 Hinc
2385 1735 2604 1792 quoque
2630 1735 2728 1792 per
2760 1718 3112 1776 Salomonem
3146 1715 3386 1774 dicitur:
3436 1733 3455 1766 ι
3490 1711 3595 1771 Mel

1957 1828 1968 1841 ’
2000 1813 2285 1880 invenisti,
2313 1814 2539 1870 comede
2566 1813 2713 1884 quod
2740 1811 2940 1869 suilicit
2966 1811 3088 1876 tibi,
3113 1824 3182 1869 ne
3203 1808 3345 1867 forte
3372 1808 3601 1867 satiatus

295 1917 447 1976 sunt,
477 1924 742 1966 numerus
762 1909 1035 1966 niensium
1060 1909 1179 1980 ejus
1202 1906 1343 1978 apud
1364 1915 1420 1963 te
1445 1914 1550 1963 est.
1595 1905 1894 1962 Constitui-
1924 1903 1973 1968 Β
1999 1920 2222 1963 evomas
2269 1904 2403 1961 illud
2425 1943 2441 1971 ,
2496 1912 2553 1963 et
2597 1901 2845 1973 perjures
2896 1915 3095 1959 nomen
3141 1899 3237 1957 Dei
3284 1898 3362 1957 tui
3414 1896 3601 1968 (Prov.

295 2003 368 2061 sti
409 2004 675 2060 terminos
728 2004 849 2076 ejus
890 2018 1030 2075 quos
1054 2002 1337 2076 praeterire
1376 2016 1487 2059 non
1522 2001 1726 2072 poterit
1748 1999 1891 2074 (Job.

296 2091 436 2164 xiv).
467 2113 489 2147 ι
539 2096 612 2149 At
637 2108 768 2151 vero
790 2094 959 2150 lsrael
990 2095 1125 2161 dies,
1157 2095 1261 2150 hoc
1285 2102 1391 2160 est,
1422 2093 1596 2149 sancti
1641 2092 1767 2157 viri,
1803 2091 1895 2161 qui

297 2193 449 2242 recta
476 2184 582 2242 ﬁde
599 2195 656 2242 et
680 2187 838 2244 bonis
864 2189 1121 2259 operibus
1150 2188 1204 2243 in
1234 2189 1335 2243 hac
1363 2186 1617 2257 praesenti
1646 2185 1758 2241 vita
1792 2184 1897 2242 Do-

297 2276 509 2333 minum
533 2293 753 2351 semper
777 2279 969 2347 colunt,
1004 2287 1127 2351 post
1160 2279 1323 2335 ﬁnem
1364 2278 1652 2350 praesentis
1694 2276 1897 2334 laboris

295 2383 431 2439 pura
459 2378 643 2428 mente
675 2388 931 2429 serenum
971 2373 1069 2429 Dei
1115 2373 1324 2429 vultum
1367 2373 1425 2427 in
1464 2372 1676 2429 omlesti
1727 2386 1896 2444 regno

297 2464 688 2541 perpetualiter
731 2467 1153 2538 contemplatur.
1208 2452 1377 2537 Cujus
1408 2467 1537 2523 boni
1563 2467 1709 2522 sicut
1750 2465 1894 2521 nulla

294 2565 383 2613 est
410 2558 584 2627 labes,
607 2561 685 2616 ita
711 2567 766 2617 et
794 2561 975 2632 gaudii
1002 2561 1186 2617 nullus
1211 2568 1296 2616 est
1324 2559 1471 2627 ﬁnis.

374 2666 396 2702 ι
431 2647 662 2720 Sapiens
682 2650 740 2707 in
774 2651 976 2723 populo
1002 2651 1348 2708 hzereditabit
1372 2651 1660 2716 honorem,
1708 2654 1766 2704 et
1794 2661 1894 2705 uo-

303 2754 326 2791 t
359 2753 485 2799 men
519 2739 668 2799 illius
693 2742 802 2798 erit
831 2742 1022 2799 vivens
1047 2744 1102 2798 in
1146 2750 1434 2799 aeternum.
1474 2761 1495 2797 ι
1544 2742 1624 2797 De
1661 2741 1780 2811 ipso
1811 2755 1898 2797 sa-

297 2830 484 2901 piente
511 2832 599 2891 hic
627 2833 780 2900 dicit,
802 2835 871 2891 de
897 2850 1006 2905 quo
1029 2843 1088 2890 et
1109 2835 1361 2905 superius
1389 2833 1483 2904 qui
1503 2833 1715 2905 plebem
1741 2848 1897 2888 suam

296 2922 596 2981 secundum
622 2924 911 2983 veritatem
938 2926 1224 2983 catholicae
1250 2924 1375 2981 ﬁdei
1402 2924 1604 2992 erudit,
1633 2921 1897 2993 cujusque

298 3031 494 3075 sensus
518 3017 728 3076 fructus
754 3020 944 3077 ﬁdeles
984 3021 1176 3093 gignit,
1218 3021 1311 3091 qui
1352 3018 1663 3092 implebitur
1687 3016 1898 3074 caelesti

297 3106 675 3167 benedictione
695 3151 712 3177 ,
742 3120 799 3168 et
822 3112 1037 3168 laudem
1069 3122 1437 3184 consequetur
1463 3120 1749 3168 attentam.
1779 3110 1898 3180 ipse

300 3198 643 3258 haareditabit
669 3203 724 3259 in
747 3204 965 3275 populo,
1001 3206 1133 3276 quia
1163 3206 1221 3262 in
1242 3219 1476 3276 corpore
1498 3203 1753 3260 Ecclesia:
1784 3202 1900 3274 glo-

1999 1994 2153 2068 ω).
2188 2014 2209 2048 ι
2270 1994 2411 2051 Hinc
2459 2002 2515 2053 et
2549 1993 2750 2051 Paulus
2797 1994 2958 2055 docet
2983 2031 3000 2059 ,
3048 2010 3069 2045 ι
3101 2006 3209 2046 non
3262 1987 3382 2060 plus
3409 1999 3602 2056 sapere

1998 2104 2165 2160 quam
2184 2095 2402 2158 oportet
2437 2100 2647 2158 sapere,
2701 2086 2796 2145 sed
2820 2100 3013 2154 sapere
3034 2084 3103 2140 ad
3122 2080 3477 2143 sobrietatem
3501 2117 3517 2145 ,
3545 2083 3604 2133 et

1998 2181 2293 2252 unicuique
2336 2180 2483 2238 sicut
2517 2177 2704 2237 divisit
2741 2176 2887 2234 Deus
2922 2189 3236 2236 mensuram
3263 2172 3392 2233 ﬁdei
3422 2170 3598 2245 (Rom.

2037 2289 2125 2329 lli.
2160 2291 2183 2329 ι

1998 2273 2125 2347 xu).
2160 2291 2183 2329 ι

2593 2364 2826 2422 CAPUT
2854 2362 2996 2421 X111.

2470 2459 2547 2516 Ds
2567 2460 2769 2515 medico
2801 2455 3134 2513 honorando.

2070 2562 2221 2629 (CAP.
2252 2562 2512 2637 xxxviii.)
2560 2583 2579 2616 ι
2613 2564 2830 2621 Honora
2862 2564 3130 2620 medicum
3163 2567 3389 2634 propter
3416 2573 3603 2616 neces-

2002 2674 2027 2711 ι
2062 2658 2277 2714 sitatem
2299 2698 2315 2725 ,
2367 2657 2569 2714 etenim
2599 2657 2750 2712 illum
2776 2656 2985 2713 creavit
3030 2655 3365 2718 Altissimus.
3419 2651 3466 2707 Α
3489 2651 3600 2708 Do-

2004 2774 2024 2809 «
2058 2755 2208 2812 mino
2237 2755 2381 2811 enim
2426 2762 2509 2811 est
2544 2754 2724 2809 omnis
2753 2752 2960 2809 medela
2984 2793 2999 2819 ,
3041 2759 3101 2807 et
3136 2767 3168 2806 a
3216 2765 3344 2822 rege
3374 2747 3605 2817 accipiet

2006 2866 2027 2901 ι
2058 2848 2429 2904 donationem.
2465 2866 2483 2897 ι
2516 2846 2793 2902 Discretes
2818 2861 2918 2900 nos
2945 2843 3061 2898 vult
3099 2856 3222 2898 esse
3265 2841 3317 2895 in
3345 2839 3493 2895 omni
3520 2853 3603 2902 re,

1999 2960 2104 3000 nec
2127 2942 2327 3014 aliquid
2351 2952 2555 2997 temere
2586 2956 2768 3011 agere,
2815 2938 3072 3010 quoniam
3099 2936 3281 2991 omnia
3310 2947 3478 3003 opera
3507 2929 3607 2986 Dei

1999 3051 2110 3091 non
2150 3036 2325 3092 solum
2373 3034 2535 3100 bona,
2573 3033 2668 3089 sed
2709 3031 2877 3087 etiam
2900 3029 3059 3085 valde
3082 3036 3209 3085 sunt
3255 3027 3415 3081 bona.
3451 3022 3607 3079 Unde

2002 3144 2111 3183 non
2139 3128 2399 3183 debemus
2435 3141 2499 3182 ea
2534 3138 2794 3195 spernere
2812 3164 2828 3188 ,
2881 3137 3003 3193 qua:
3026 3120 3339 3176 noverimus
3362 3115 3428 3171 ad
3456 3115 3607 3173 utili-

2000 3228 2169 3277 tatem
2201 3228 2445 3276 nostram
2488 3227 2544 3275 et
2573 3218 2862 3274 sanitatem
2904 3222 3209 3270 creatorem
3236 3218 3481 3267 nostrum
3512 3223 3609 3264 no-

301 3294 482 3351 riosus
509 3310 735 3353 manens
775 3300 1149 3356 lmreditatem
1179 3314 1431 3372 supernas
1459 3300 1653 3371 patria
1682 3314 1776 3369 ερθ
1807 3299 1898 3355 ιδε-

2009 3313 2086 3370 bis
2116 3326 2436 3384 procreasse
2462 3353 2476 3379 ,
2528 3310 2622 3366 sed
2648 3326 2773 3365 cum
2802 3307 3104 3380 gratiarum
3151 3304 3365 3359 actione
3392 3316 3458 3357 ea
3484 3314 3608 3372 per-

303 3384 575 3443 tabundus
602 3396 897 3459 exspectat.
945 3391 1112 3462 Cujus
1140 3408 1341 3450 nomen
1368 3393 1505 3449 vivit
1527 3393 1583 3451 in
1604 3399 1893 3460 aeternum,

300 3475 563 3543 quoniam
593 3496 618 3532 (
651 3480 708 3534 in
730 3483 988 3538 memoria
1022 3494 1228 3540 aeterna
1254 3485 1362 3541 erit
1389 3484 1594 3555 justus,
1623 3495 1682 3542 et
1700 3501 1899 3543 nomen

302 3561 424 3633 ejus
448 3567 757 3635 requiretur
782 3585 814 3625 a
847 3574 1198 3641 generatione
1225 3576 1279 3631 in
1306 3577 1738 3647 generationem,
1774 3597 1794 3631 ι
1834 3577 1901 3634 de

303 3669 416 3724 quo
438 3655 552 3726 ipsa
582 3660 799 3733 Yeritas
828 3664 883 3719 in
929 3665 1223 3738 Evangelio
1254 3667 1444 3725 ﬁdeles
1472 3685 1602 3726 suos
1642 3669 1902 3741 praecepit

300 3749 563 3819 gaudere,
592 3755 853 3824 quoniam
879 3757 983 3814 hoc
1006 3760 1331 3829 praeseiebat
1357 3760 1464 3817 illis
1490 3777 1747 3833 magnum
1769 3778 1903 3833 prae-

303 3839 475 3895 mium
525 3841 768 3903 futurum
818 3855 966 3906 esse.
1016 3869 1035 3903 ι
1066 3850 1334 3919 Gaudete,
1386 3853 1580 3923 inquit,
1623 3862 1679 3908 et
1713 3853 1901 3909 exsul--

305 3936 440 3998 me.
474 3937 732 4004 Quoniam
779 3941 1001 4001 nomina
1045 3952 1224 4002 vestra
1276 3945 1483 4017 scripta
1510 3953 1640 4003 sunt
1678 3944 1737 4000 in
1762 3944 1903 4001 coelo

305 4021 464 4097 (Luc.
492 4026 573 4100 x).
614 4050 635 4085 .

385 4139 405 4173 ι
448 4120 573 4189 Fili,
602 4124 656 4181 in
685 4127 796 4183 vita
826 4136 920 4185 tua
941 4137 1091 4186 tenta
1112 4130 1354 4187 animam
1382 4138 1557 4196 tuam,
1582 4138 1642 4187 et
1668 4129 1716 4185 si
1742 4127 1906 4184 fuerit

310 4230 335 4266 ι
366 4228 620 4285 nequam,
650 4233 759 4275 non
781 4220 876 4277 des
903 4221 980 4277 illi
1005 4229 1350 4292 potestatem.
1394 4222 1515 4279 Non
1549 4224 1695 4278 enim
1722 4222 1905 4279 omnia

313 4325 335 4361 ‹
368 4309 621 4367 omnibus
641 4315 951 4384 expediunt,
995 4323 1053 4371 et
1081 4331 1193 4371 non
1219 4316 1368 4372 omni
1405 4316 1600 4370 anima:
1628 4331 1787 4370 omne
1817 4329 1907 4385 ge—

316 4420 337 4453 ι
372 4415 476 4457 nus
520 4402 717 4472 placet.
756 4424 777 4460 ι
827 4406 1082 4477 Praecipit
1106 4407 1374 4478 sapientia
1398 4406 1606 4464 homini
1653 4414 1717 4460 ut
1749 4413 1909 4461 caute

314 4504 493 4550 servet
521 4495 683 4551 vitam
707 4514 883 4567 suam,
927 4516 995 4557 ne
1040 4500 1180 4556 forte
1204 4516 1305 4571 per
1344 4501 1611 4557 incuriam
1656 4499 1711 4555 in
1738 4499 1908 4555 variis

313 4584 599 4643 desideriis
638 4586 864 4655 dillluat,
918 4598 975 4646 ct
1023 4590 1079 4646 in
1123 4592 1334 4661 peccati
1384 4599 1617 4649 mortem
1647 4590 1902 4655 decidat;

2002 3405 2212 3477 eipere,
2258 3412 2314 3459 et
2349 3402 2419 3458 ad
2446 3416 2578 3456 usus
2608 3408 2828 3456 nostros
2858 3406 3196 3454 convertere.
3244 3393 3385 3447 Sunt
3411 3404 3605 3460 corpo-

2004 3498 2150 3555 rales
2190 3495 2410 3562 medici,
2464 3500 2671 3550 suntet
2699 3490 2974 3563 spiritales
2999 3505 3015 3556 ;
3066 3487 3161 3544 sed
3191 3486 3335 3541 sicut
3356 3495 3611 3553 corpora-

2003 3589 2085 3646 les
2114 3606 2211 3661 per
2238 3588 2534 3644 herbarum
2561 3584 2889 3641 medicinam
2914 3587 3112 3637 curant
3138 3591 3427 3648 corporum
3451 3571 3608 3644 aegri-

2007 3681 2242 3746 tudines,
2274 3680 2349 3734 ita
2378 3685 2433 3734 et
2460 3677 2738 3749 spiritales
2761 3691 2861 3747 per
2885 3673 3191 3727 divinorum
3218 3674 3609 3737 praeceptorum

2006 3773 2274 3829 medelam
2295 3778 2491 3826 sanant
2508 3770 2813 3823 animarum
2837 3764 3206 3821 inﬁrmitates.
3234 3758 3464 3828 Utrique
3482 3767 3613 3825 ergo

2008 3883 2132 3924 cum
2156 3868 2363 3922 honore
2390 3864 2621 3920 habendi
2660 3869 2806 3927 sunt,
2860 3858 2955 3915 sed
2987 3855 3258 3929 spiritales
3300 3868 3367 3907 eo
3392 3847 3614 3917 majoris

2004 3959 2327 4015 reverentiae
2358 3966 2483 4011 sunt
2527 3952 2850 4026 pmferendi
2877 3991 2892 4016 ,
2929 3964 3036 4020 quo
3068 3959 3260 4003 eorum
3300 3956 3469 4012 opera
3499 3954 3614 3993 ma-

2008 4056 2091 4128 gis
2114 4055 2373 4110 diuturna
2396 4059 2454 4108 ct
2478 4051 2656 4122 magis
2679 4046 2917 4103 salubria
2944 4048 3163 4098 constat
3197 4035 3452 4095 inveniri.

2086 4166 2103 4199 ε
2140 4144 2435 4215 Disciplina
2466 4141 2661 4197 medici
2687 4137 2955 4193 exaltabit
2981 4140 3145 4203 caput
3169 4129 3307 4199 ejus,
3329 4136 3384 4184 et
3412 4127 3468 4182 in
3495 4140 3621 4181 con-

2014 4257 2035 4291 ‹
2072 4243 2261 4307 spectu
2293 4241 2679 4304 magnatorum
2700 4227 3118 4285 collaudabitur.
3142 4244 3161 4275 ο
3184 4219 3479 4289 Disciplina
3505 4229 3621 4271 me-

2006 4330 2116 4386 dici
2160 4326 2420 4401 spiritalis
2460 4324 2636 4396 pariet
2664 4322 2868 4377 animae
2911 4333 3025 4373 suae
3064 4315 3292 4387 gloriam
3333 4308 3621 4377 sempiter-

2009 4438 2168 4489 nam,
2236 4428 2291 4475 et
2349 4418 2404 4472 in
2449 4422 2745 4485 conspectu
2809 4420 3124 4467 sanctorum
3175 4401 3494 4475 angelorum
3554 4410 3620 4452 ac

2010 4519 2323 4570 sanctarum
2373 4508 2682 4564 animarum
2727 4518 2943 4561 merces
2996 4500 3076 4555 illi
3119 4497 3248 4553 vita:
3298 4491 3617 4550 conferetur

2010 4615 2251 4662 teternte.

314 4669 436 4734 ideo
465 4679 596 4734 dicit
622 4688 684 4737 ut
727 4668 900 4739 tentet
935 4683 1171 4740 animam
1203 4701 1379 4751 suam,
1428 4686 1532 4742 hoc
1560 4693 1675 4752 est,
1719 4683 1913 4755 probet
1936 4682 1990 4742 D
2091 4717 2111 4750 .
2144 4695 2456 4752 Altissimus
2483 4692 2691 4749 creavit
2719 4690 2785 4745 de
2819 4697 2965 4744 terra
3017 4684 3345 4741 medicinam
3374 4722 3389 4748 ,
3442 4686 3500 4735 ei
3539 4678 3623 4733 Vir

316 4771 513 4826 anima:
544 4787 657 4829 suae
702 4774 1056 4844 voluntatem,
1111 4785 1166 4833 et
1215 4779 1261 4833 si
1286 4778 1452 4835 fuerit
1484 4791 1764 4848 perversa,
1799 4790 1909 4831 non

317 4862 521 4919 tribuat
549 4863 625 4919 illi
652 4874 976 4935 potestatem
1004 4868 1321 4939 perﬁciendi
1339 4885 1483 4936 eam,
1513 4870 1641 4939 quia
1671 4884 1778 4924 non
1795 4883 1913 4924 om-

315 4956 408 5012 nia
439 4959 691 5015 omnibus
731 4962 1065 5033 expediunt,
1113 4971 1168 5019 et
1211 4978 1319 5018 non
1351 4963 1498 5019 omni
1528 4963 1723 5018 anima:
1752 4976 1914 5018 omne

317 5065 488 5120 genus
519 5052 814 5110 voluntatis
843 5054 931 5110 vel
968 5054 1201 5111 actionis
1229 5055 1361 5111 utile
1390 5062 1492 5110 est.
1523 5053 1759 5111 Proinde
1781 5068 1913 5123 apo-

314 5141 491 5198 stolus
540 5142 739 5201 Paulus
776 5154 840 5200 ut
886 5160 987 5203 nos
1037 5146 1288 5202 redderet
1327 5154 1542 5213 cautos,
1586 5144 1918 5216 scripsitdi-

318 5250 492 5291 cetus:
528 5255 550 5289 ι
585 5234 820 5296 Probata
866 5238 1093 5308 spiritus
1134 5239 1184 5297 si
1210 5254 1278 5299 ex
1320 5238 1435 5295 Deo
1475 5247 1602 5295 sunt
1652 5237 1702 5311 (1
1750 5236 1913 5293 Joan.

321 5327 421 5401 Iv).
458 5348 477 5382 ι
524 5328 594 5385 Et
623 5330 792 5388 item:
851 5351 870 5387 ι
900 5332 1098 5389 Omnia
1142 5340 1325 5391 autem
1354 5334 1605 5406 probate,
1651 5334 1796 5404 quod
1822 5334 1919 5391 bo—

322 5438 456 5478 num
480 5432 566 5478 est
593 5431 807 5492 tenete,
854 5426 1003 5483 etab
1037 5427 1185 5481 omni
1237 5428 1418 5497 specie
1463 5427 1605 5485 mala
1651 5428 1921 5487 abstinete

324 5530 423 5572 vos
448 5514 502 5588 (Ι
528 5515 707 5575 Thus.
761 5518 836 5588 ν).
871 5537 890 5571 ι
944 5519 1011 5574 Et
1253 5538 1271 5571 ι
1296 5518 1495 5577 Omnia
1542 5519 1675 5579 mihi
1724 5520 1914 5587 licent,

325 5610 558 5671 βωμοί)
583 5614 767 5669 omnia
810 5615 1125 5686 expediunt.
1186 5612 1380 5671 Omnia
1431 5615 1565 5672 mihi
1607 5614 1791 5682 licent,
1821 5615 1916 5673 sed

327 5717 431 5775 ego
453 5705 555 5761 sub
577 5706 776 5764 nullius
803 5709 1020 5780 redigar
1039 5717 1366 5781 potestatem
1397 5709 1448 5783 (Ι
1473 5710 1594 5766 Cor.
1628 5727 1707 5779 vr,
1730 5710 1810 5781 ι).
1844 5730 1864 5764 ι

407 5814 428 5848 s
453 5795 576 5853 Noli
620 5801 810 5859 avidus
844 5817 968 5860 esse
1006 5804 1060 5859 in
1096 5805 1246 5863 omni
1274 5803 1602 5876 epulatione,
1652 5813 1711 5861 et
1731 5820 1840 5861 non
1867 5812 1924 5861 te

332 5908 359 5945 ι
394 5891 1973 5977 ὡυὼοωμθωωηθωθθοδω.ωωιιωοθηὶιιθωὶωη

2023 4808 2042 4840 ι
2081 4788 2319 4858 prudens
2343 4800 2453 4840 non
2486 4780 2803 4837 abhorrebit
2834 4778 3002 4833 illam.
3044 4795 3062 4828 ι
3098 4776 3175 4829 De
3202 4770 3435 4829 terrenis
3458 4767 3623 4858 rebus

2016 4856 2254 4950 providit
2287 4875 2444 4939 Deus
2487 4871 2896 4929 inﬁrmitatibus
2923 4865 3175 4924 humanis
3210 4861 3427 4926 solatia,
3479 4856 3624 4950 unde

2019 4947 2151 5027 sane
2178 4969 2301 5040 quis
2323 4968 2539 5037 sapiens
2568 4964 2735 5020 audet
2758 4971 3111 5019 contemnere
3139 4965 3196 5013 et
3246 4953 3528 5024 despicere
3559 4947 3625 5003 il-

2021 5060 2173 5115 lam?
2214 5058 2334 5115 Non
2363 5066 2447 5114 est
2468 5057 2613 5113 enim
2643 5052 3121 5115 contemnendum,
3151 5047 3297 5117 quod
3322 5060 3351 5099 a
3374 5048 3625 5099 creatore
3666 5081 3675 5090 .

2018 5153 2267 5211 omnium
2312 5160 2515 5211 nostra:
2539 5147 2847 5206 inﬁrmitati
2878 5141 3306 5202 misericorditer
3329 5144 3414 5196 est
3447 5135 3624 5210 prola-

2026 5256 2158 5303 tum.

2102 5359 2122 5393 (
2164 5338 2353 5395 Nonne
2406 5354 2435 5392 a
2487 5335 2635 5407 ligno
2672 5331 2948 5391 indulcata
2978 5338 3062 5387 est
3117 5342 3306 5383 amara
3343 5340 3505 5397 aqua,
3556 5322 3627 5379 ad

2026 5454 2053 5493 ηι
2088 5433 2420 5503 agnitionem
2449 5429 2730 5486 hominum
2772 5425 2947 5481 virtus
2981 5422 3234 5488 illorum,
3265 5428 3320 5478 et
3355 5419 3504 5477 dedit
3527 5417 3627 5475 ho-

2024 5545 2042 5577 ‹
2081 5525 2214 5579 mini
2258 5522 2549 5578 scientiam
2596 5519 2926 5583 Altissimus,
2959 5515 3216 5573 honorari
3256 5516 3312 5570 in
3365 5509 3627 5578 mirabili-

2025 5633 2045 5669 ο
2083 5617 2183 5673 bus
2240 5614 2396 5679 suis,
2442 5620 2500 5670 et
2556 5612 2610 5667 in
2658 5612 2743 5667 his
2807 5625 3007 5666 curans
3057 5606 3330 5679 mitigabit
3380 5601 3626 5659 dolorem

2018 5706 2224 5781 (Exod.
2254 5706 2411 5777 xvu).
2443 5724 2464 5758 ι
2508 5703 2722 5760 Veteris
2747 5704 3065 5759 recordatur
3094 5698 3354 5764 historite,
3404 5693 3497 5751 ubi
3526 5692 3624 5748 ﬁlii

2022 5799 2192 5857 Israel
2224 5798 2567 5855 ambulantes
2612 5812 2710 5868 per
2733 5797 3012 5853 desertum
3041 5794 3171 5860 Sur,
3222 5791 3398 5845 tribus
3433 5786 3625 5843 diebus

2026 5914 2138 5956 non
2165 5897 2515 5955 inveniebant
2546 5908 2769 5966 aquam.
2816 5890 3059 5948 Tandem
3105 5902 3236 5958 ergo
3260 5881 3537 5965 venientes
3566 5881 3624 5959 in
