4030 6470
459 401 600 461 10⁸51
1103 395 1165 451 Β.
1205 391 1463 451 RABANI
1499 390 1723 450 MAURI
1757 387 2080 448 ARCHIEP.
2118 387 2432 448 MOGUNT.
2473 384 2762 445 OPERUM
2794 384 2975 444 PARS
3011 387 3054 443 I.
3609 385 3763 443 1039.

455 513 630 580 Mara,
655 525 768 570 non
791 510 984 568 bibere
1025 516 1281 581 poterant
1304 525 1474 581 aquas
1507 510 1576 566 de
1600 509 1770 578 Mara,
1819 524 1888 565 eo
1907 508 2052 580 quod
2077 512 2133 576 Α
2156 509 2506 579 desperemus
2532 508 2913 579 nosmetipsos,
2943 506 3070 577 quia
3096 506 3406 577 desperatio
3426 503 3619 578 aliiigit
3645 505 3768 560 ani-

456 615 639 666 essent
663 619 900 672 amarat;
947 605 1310 662 sed‘ostendit
1332 605 1593 663 Dominus
1617 606 1822 678 lignum
1854 604 2055 679 Moysi:
2163 617 2329 668 mam,
2358 609 2413 657 et
2441 610 2672 656 mortem
2715 599 2791 654 illi
2814 599 2958 670 parit
2983 597 3389 655 certissimam:
3446 595 3541 652 sed
3589 597 3768 668 magis

456 700 603 773 quod
650 713 776 754 cum
821 696 1063 754 misisset
1108 696 1164 752 in
1194 712 1382 768 aquas,
1434 698 1491 753 in
1521 697 1862 754 dulcedinem
1887 711 2060 753 versae
2163 707 2382 750 oremus
2411 691 2605 758 Deum,
2641 699 2698 748 et
2734 690 2840 762 ipsi
2879 705 3068 747 curam
3095 689 3542 746 commendemus
3570 687 3773 744 salutis

457 800 604 848 sunt.
665 790 763 848 Ubi
790 788 946 860 juxta
974 789 1259 845 historiam
1313 791 1684 846 demonstrata
1711 797 1794 845 est
1816 790 2060 861 potentia
2164 793 2381 852 nostrae,
2409 785 2501 856 qui
2528 783 2774 840 Salvator
2798 790 2882 840 est
2911 782 3156 838 omnium
3182 783 3492 849 hominum,
3524 782 3774 838 maxime

459 883 692 951 Domini,
740 881 1050 939 medicabili
1080 889 1196 937 arte
1230 895 1330 952 per
1367 881 1572 953 lignum
1599 881 1656 937 in
1685 896 1855 952 aquas
1877 881 2062 937 dulca-
2165 886 2346 934 autem
2386 877 2626 933 ﬁdelium
2653 875 2708 948 (I
2734 875 2869 930 Tim.
2898 873 2995 948 iv).
3029 875 3106 932 De
3147 891 3255 946 quo
3279 872 3518 931 Iacobus
3541 881 3774 945 aposto-

459 987 562 1034 tas.
595 975 761 1047 Cujus
783 975 914 1032 facti
937 975 1258 1048 mysterium
1280 974 1338 1029 in
1355 984 1610 1046 promptu
1630 983 1734 1032 est.
1759 974 2062 1030 Murmurat
2163 969 2250 1026 lus
2278 985 2378 1026 nos
2418 969 2653 1034 instruit,
2685 968 2870 1025 dicens
2899 988 2913 1024 :
2947 986 2967 1022 ι
3003 967 3315 1024 Inﬁrmatur
3341 968 3541 1040 aliquis
3590 967 3648 1022 in
3681 981 3777 1022 vo-

458 1086 592 1144 ergo
616 1068 850 1142 populus
871 1069 1062 1126 videns
1087 1084 1279 1140 aquas,
1305 1076 1361 1124 et
1392 1077 1584 1140 potare
1610 1084 1717 1126 non
1763 1069 2059 1126 sustinens.
2163 1062 2281 1134 bis;,
2329 1061 2550 1118 inducat
2589 1062 2937 1134 presbyteros
2976 1061 3260 1130 Ecclesiae,
3297 1071 3354 1118 et
3402 1070 3568 1118 orent
3610 1077 3780 1133 super

460 1161 627 1247 hlittit
650 1163 856 1235 lignum
879 1162 1094 1236 Moyses
1114 1163 1170 1218 in
1192 1177 1381 1234 aquas,
1421 1171 1478 1218 et
1504 1161 1665 1218 factae
1691 1168 1818 1218 sunt
1855 1160 2058 1216 dulces.
2166 1172 2311 1221 eum,
2337 1164 2600 1227 ungentes
2636 1170 2761 1211 eum
2791 1155 2914 1212 oleo
2944 1155 3001 1210 in
3037 1155 3258 1212 nomine
3279 1155 3519 1222 Domini,
3555 1163 3619 1211 et
3645 1170 3775 1209 ora-

460 1245 700 1328 lntellige
721 1273 938 1315 amaras
958 1273 1130 1330 aquas
1153 1259 1451 1316 occidentis
1477 1259 1690 1326 litterae,
1721 1266 1776 1314 et
1804 1258 1938 1330 legis
1964 1257 2064 1312 ha-
2166 1245 2243 1302 ῑίο
2270 1245 2396 1302 ﬁdei
2444 1245 2674 1302 salvahit
2709 1246 3004 1312 inﬁrmum.
3055 1255 3112 1304 et
3132 1246 3388 1303 allevabit
3426 1261 3554 1302 eum
3581 1245 3775 1301 Domi-

460 1345 589 1402 bere
618 1347 850 1419 ﬁguram
875 1365 890 1416 ;
927 1350 1125 1421 quibus
1145 1349 1191 1407 si
1220 1351 1535 1407 immittitur
1559 1349 1831 1408 confessio
1861 1349 2060 1417 crucis,
2165 1355 2289 1406 ηαδ,
2321 1346 2376 1394 οι
2404 1339 2451 1396 εί
2479 1339 2535 1394 in
2562 1339 2802 1410 Ρθοαὶιίε
2829 1339 2903 1394 δίε
2931 1338 3276 1395 ﬂmmeum"
3302 1339 3356 1394 εί
3395 1336 3616 1410 (Ῑαεοθο
3641 1338 3722 1407 ν)·
3751 1355 3771 1388 ²

461 1444 516 1492 et
541 1439 814 1508 passionis
849 1440 1144 1498 Dominicae
1185 1451 1588 1500 sacramentum
1614 1443 1881 1515 jungitur,
1935 1451 2065 1498 tunc
2168 1430 2277 1487 Sed
2300 1430 2404 1487 hoc
2428 1439 2559 1486 ωηο
2601 1431 2764 1502 ἀίεηο
2796 1430 2881 1498 θεν
2933 1430 2980 1488 Si
3002 1430 3306 1487 θνθΐιίωιιε
3351 1429 3541 1486 oculos
3573 1430 3779 1485 ωαὶιίε

461 1530 692 1588 efﬁcitur
713 1547 855 1603 aqua
880 1548 1068 1589 amara
1092 1535 1297 1603 suavis,
1325 1544 1382 1591 et
1403 1526 1708 1591 amaritudo
1735 1534 1929 1590 litterae
1943 1549 2064 1590 ver-
2166 1530 2369 1578 ῐιοειΐθε
2389 1522 2458 1578 ab
2478 1522 2627 1578 οωηί
2653 1521 2818 1589 malo,
2844 1530 2900 1578 ει
2941 1521 3226 1594 ἀίΐίϐίιηιιε
3247 1536 3445 1578 manus
3469 1529 3699 1578 003W
3721 1522 3778 1576 in

459 1621 592 1677 titur
613 1623 670 1678 in
697 1622 1038 1681 dulcedinem
1075 1625 1445 1698 intelligentiae
1489 1625 1773 1695 spiritalis.
1821 1624 1977 1681 Unde
2005 1634 2060 1681 et
2165 1617 2306 1672 bona
2333 1616 2670 1687 operatione.
2718 1623 2776 1673 ει
2820 1617 3146 1672 mundamus
3173 1616 3538 1688 cogitationes
3593 1617 3780 1672 cordis

457 1715 721 1786 scriptum
761 1725 885 1772 est:
943 1736 962 1770 ι
999 1717 1295 1775 Constituit
1331 1719 1597 1775 Dominus
1639 1719 1816 1791 legem
1862 1717 2062 1790 populo
2167 1708 2343 1765 nostri
2373 1707 2442 1764 ab
2465 1709 2613 1766 omni
2634 1707 2758 1765 dolo
2785 1716 2841 1766 et
2884 1709 3172 1781 nequitia:
3221 1709 3302 1766 sic
3327 1709 3475 1766 enim
3497 1723 3780 1764 meremur

454 1823 555 1864 suo
584 1816 641 1864 et
651 1808 878 1880 judicia,
913 1818 971 1867 et
995 1812 1226 1868 tentavit
1252 1828 1395 1868 eum.
1427 1831 1446 1866 ι
1487 1809 1607 1868 ΑΙἰο
1630 1826 1846 1883 quoque
1873 1827 2057 1879 sensu,
2167 1801 2411 1857 exalidil'i
2439 1816 2470 1856 ³
2494 1801 2746 1870 Domino,
2794 1810 2852 1857 ει
2896 1801 3330 1859 misericordiam
3358 1800 3480 1872 eius
3519 1801 3777 1872 εάίΡίεεί·

455 1900 600 1971 quod
621 1916 776 1973 aquae
803 1917 1002 1958 amara
1033 1903 1182 1976 ligno
1213 1904 1270 1958 in
1321 1917 1382 1959 se
1433 1911 1687 1974 suscepto
1721 1902 2058 1970 dulcescunt,
2089 1900 2140 1962 B
2165 1891 2397 1948 Additur
2439 1901 2706 1963 praeterea
2757 1893 3012 1950 salutaris
3057 1895 3315 1952 sacriﬁCii
3359 1894 3569 1951 οωειῑίο
3595 1935 3613 1960 ν
3660 1909 3782 1965 φιπ

456 1992 658 2050 indicio
689 2005 807 2051 erat
855 1997 1274 2054 amaritudinem
1309 1997 1554 2068 gentium
1581 2011 1680 2067 per
1705 1996 1912 2068 lignum
1939 2011 2065 2052 cru-
2105 2055 2113 2066 ,
2167 1985 2407 2042 minime
2430 1984 2652 2054 adiuvat
2681 1985 3057 2043 inﬁrmitatem
3085 1987 3398 2044 animarum
3431 1995 3780 2052 ηοϐιηπιων

457 2085 538 2142 cis
565 2084 768 2144 Christi
796 2088 852 2143 in
875 2104 1033 2145 usum
1074 2089 1378 2146 dulcedinis
1417 2087 1746 2160 quandoque
1786 2103 1909 2145 esse
1936 2103 2061 2144 ver-
2167 2079 2215 2136 si
2243 2093 2311 2135 ex
2344 2095 2482 2152 pura
2519 2085 2704 2136 mente
2741 2078 3024 2148 offeratur.
3069 2081 3214 2137 είοιιῑ
3239 2095 3475 2152 sequens
3503 2080 3784 2137 δεηιθιιιίι

457 2175 695 2231 tendam.
729 2176 814 2232 Ad
835 2178 940 2233 hoc
965 2192 1095 2249 ergo
1117 2177 1430 2234 Altissimus
1456 2179 1603 2234 dedit
1646 2177 1855 2234 homini
1885 2177 2063 2234 scien-
2166 2173 2381 2244 probat.

456 2267 587 2323 tiam
626 2269 682 2324 in
707 2271 870 2326 rebus
901 2285 932 2326 a
953 2286 1014 2327 se
1039 2270 1365 2328 mirabiliter
1389 2271 1591 2328 creatis
1611 2313 1626 2340 ,
1655 2279 1717 2327 ut
1745 2285 1938 2328 eorum
1960 2285 2064 2327 usu
2245 2287 2264 2320 ι
2299 2268 2377 2324 Da
2404 2267 2729 2324 suavitatem
2757 2276 2816 2325 et
2839 2267 3160 2326 memoriam
3188 2267 3538 2341 similaginis,
3583 2275 3647 2322 et
3673 2265 3781 2322 im-

456 2361 559 2416 sibi
589 2360 936 2432 profectuose
965 2378 1225 2421 concesso
1272 2364 1341 2421 ad
1364 2363 1747 2421 honorandum
1775 2371 1832 2420 et
1853 2362 2061 2436 gloriﬁ-
2174 2378 2193 2412 ι
2229 2360 2432 2433 pingua
2459 2361 2813 2428 oblationem,
2860 2371 2916 2419 et
2957 2362 3024 2419 da
3059 2361 3239 2418 locum
3284 2361 3523 2426 medico,
3571 2358 3782 2416 etenim

457 2453 690 2508 candum
710 2453 962 2524 opificem
989 2470 1145 2510 suum
1174 2456 1558 2512 incitarentur.
2173 2475 2192 2509 ε
2231 2455 2384 2512 illum
2410 2455 2673 2513 Dominus
2695 2457 2941 2513 creavit:
2979 2464 3037 2514 et
3064 2470 3174 2513 non
3197 2455 3442 2512 discedat
3481 2471 3515 2509 a
3538 2464 3616 2521 te,
3651 2453 3781 2525 quia

535 2563 554 2595 ‹
590 2543 658 2599 Ει
679 2547 1070 2615 unguentarius
1119 2545 1283 2602 faciet
1306 2547 1647 2618 pigmentum
1671 2545 1980 2614 suavitatis,
2011 2553 2069 2602 et
2175 2571 2194 2605 ι
2231 2567 2398 2625 opera
2427 2551 2546 2624 ejus
2581 2561 2707 2608 sunt
2746 2552 3076 2610 necessaria.
3119 2571 3139 2605 ι
3176 2550 3342 2608 Panis
3387 2564 3524 2621 ergo
3558 2558 3622 2606 et
3669 2547 3780 2602 vini

465 2654 486 2689 ι
521 2637 834 2693 unctionem
866 2638 1119 2695 conﬁciet
1144 2640 1416 2708 sanitatis,
1469 2648 1525 2696 et
1563 2655 1672 2696 non
1717 2654 2064 2696 consumma-
2169 2643 2497 2701 sacriﬁcium
2529 2645 2586 2700 in
2611 2645 2933 2701 memoriam
2985 2643 3283 2701 Dominicae
3322 2642 3604 2714 passionis
3629 2641 3783 2697 obla-

411 2744 420 2752 ·
464 2749 481 2781 ι
520 2731 722 2786 buntur
759 2747 926 2802 opera
969 2733 1107 2804 ejus.
1162 2732 1277 2788 Pax
1325 2734 1470 2790 enim
1519 2734 1615 2790 Dei
1663 2749 1827 2806 super
1870 2734 2066 2791 faciem
2168 2744 2284 2791 tum
2309 2737 2581 2808 prazcipue
2609 2737 2918 2793 animarum
2954 2737 3178 2793 vulnera
3207 2744 3383 2803 curat,
3416 2751 3545 2792 cum
3573 2749 3782 2806 persa-

463 2840 481 2874 ι
521 2829 700 2879 terrai.
737 2843 756 2878 ι
789 2825 1014 2880 Diverso
1035 2825 1181 2881 enim
1205 2826 1367 2882 modo
1393 2826 1590 2882 medici
1616 2834 1736 2882 arte
1786 2842 1885 2882 sua
1937 2840 2066 2882 con-
2177 2827 2415 2884 cerdotis
2445 2829 2808 2886 ministerium
2838 2830 2893 2885 in
2925 2829 3097 2886 altare
3120 2817 3278 2886 siinul
3300 2844 3427 2884 cum
3452 2827 3636 2884 sacris
3659 2843 3782 2882 ora-

458 2927 541 2972 tra
568 2917 914 2975 inﬁrmitates
937 2919 1181 2976 diversas
1209 2927 1457 2988 utuntur,
1485 2921 1590 2976 hoc
1614 2927 1718 2988 est,
1742 2919 1799 2975 in
1827 2918 1985 2987 cibis,
2008 2919 2066 2974 in
2169 2921 2409 2978 tionibus
2435 2923 2547 2978 Deo
2585 2921 2828 2979 offertur.
2882 2922 3040 2980 Unde
3082 2923 3224 2980 sicut
3247 2923 3441 2978 beatus
3474 2919 3782 2992 Gregorius

454 3009 690 3077 potibus,
747 3011 805 3065 in
859 3011 1190 3083 emplastris,
1233 3021 1394 3082 atque
1441 3011 1772 3084 unguentis:
1808 3017 1870 3066 ut
1909 3009 2066 3080 juxta
2169 3012 2225 3068 in
2253 3011 2408 3069 libris
2448 3012 2797 3086 Dialogorum
2843 3013 2962 3068 ait:
3011 3032 3030 3066 (
3065 3012 3125 3069 Si
3171 3013 3342 3084 culpa:
3386 3023 3514 3084 post
3541 3021 3779 3070 mortem

458 3103 776 3172 qualitatem
802 3105 1118 3162 morborum
1149 3106 1285 3162 artis
1336 3122 1447 3162 sua:
1471 3104 1886 3162 accommodent
1933 3119 2067 3160 con-
2170 3103 2483 3161 insolubiles
2506 3121 2615 3162 non
2643 3113 2785 3170 sunt,
2818 3105 3050 3162 multum
3069 3105 3206 3161 solet
3227 3105 3438 3161 animas
3457 3105 3631 3160 etiam
3659 3112 3783 3174 post

459 3212 653 3288 sinum
682 3198 1140 3256 medicamentum
1163 3241 1178 3268 ,
1217 3200 1363 3271 quod
1409 3199 1620 3256 scilicet
1649 3189 1925 3269 spiritales
1953 3211 2068 3251 me—
2092 3258 2141 3288 "
2171 3208 2405 3255 mortem
2435 3213 2592 3255 sacra
2633 3200 2840 3257 oblatio
2877 3199 3072 3256 hostiae
3099 3198 3352 3255 salutaris
3382 3196 3668 3267 adjuvare.
3701 3197 3778 3252 Ita

455 3270 891 3347 diéi'secundum
920 3294 1055 3350 artis
1091 3309 1204 3350 suae
1245 3294 1500 3365 peritiam
1547 3293 1617 3349 ad
1647 3293 1880 3350 salutem
1915 3289 2062 3347 salu-
2092 3258 2142 3325 α
2171 3299 2230 3347 ut
2255 3305 2646 3364 nonnunquam
2696 3291 2828 3363 ipsa:
2874 3289 3254 3347 defunctorum
3292 3290 3487 3344 anima:
3536 3289 3649 3344 hoc
3701 3290 3778 3342 vi-

457 3379 629 3435 briter
671 3380 853 3439 facere
897 3384 1073 3441 solent
1121 3385 1429 3442 animarum
1460 3404 1472 3440 :
1519 3385 1780 3442 exhibent
1821 3383 2063 3442 fomenta
2167 3385 2398 3440 deantur
2424 3391 2800 3456 expetere;et
2822 3398 2931 3439 non
2969 3381 3142 3439 solum
3161 3380 3452 3446 defunctis,
3478 3380 3577 3434 sed
3603 3380 3776 3434 etiam

455 3470 860 3538 doctrinarum,
913 3485 1190 3548 unguenta
1224 3477 1700 3544 adhortationum,
1746 3484 1911 3546 atque
1943 3489 2061 3530 ma-
2164 3476 2306 3531 vivis
2325 3475 2558 3532 multum
2600 3474 2947 3547 profuturum
2971 3489 3093 3531 esse
3119 3474 3263 3529 idem
3293 3471 3625 3530 sacriﬁcium
3657 3485 3777 3526 cre-

455 3563 636 3636 lagma
677 3567 912 3623 assiduae
956 3569 1262 3626 orationis.
1297 3569 1644 3626 Medicabiles
1689 3569 1855 3626 etiam
1903 3577 2063 3639 potus
2167 3567 2333 3634 ditur,
2363 3568 2410 3623 si
2435 3565 2597 3639 digne
2624 3565 2904 3622 offeratur.
2939 3586 2959 3620 ι
3022 3566 3162 3621 Hinc
3183 3576 3271 3622 est
3297 3564 3442 3635 quod
3462 3563 3776 3619 audivimus

456 3661 621 3724 atque
649 3657 800 3713 cibos
847 3659 1155 3715 divinarum
1187 3661 1598 3732 Scripturarum
1627 3660 1830 3716 faciunt
1872 3661 2059 3725 etiam,
2165 3660 2455 3730 quemdam
2501 3659 2646 3731 apud
2672 3659 2858 3715 hostes
2893 3658 2948 3713 in
2977 3657 3294 3730 captivitate
3336 3655 3600 3728 positum,
3633 3663 3693 3710 et
3721 3656 3772 3709 in

457 3744 551 3800 ubi
580 3762 804 3804 necesse
840 3758 944 3816 est,
981 3752 1321 3807 exustionem
1360 3751 1944 3810 excommunicationis
1975 3749 2060 3805 vel
2164 3751 2395 3807 vinculis
2439 3751 2723 3823 religatum
2771 3751 2957 3818 fuisse,
3007 3766 3106 3823 pro
3131 3765 3243 3822 quo
3270 3765 3368 3806 sua
3404 3748 3609 3819 conqu
3658 3749 3770 3805 die-

456 3835 736 3895 incisionis
771 3841 1069 3912 virgarum,
1118 3853 1179 3898 ut
1210 3859 1427 3916 quoquo
1471 3847 1633 3902 modo
1662 3844 1912 3915 possint,
1961 3845 2060 3901 ho-
2162 3846 2265 3901 bus
2295 3846 2461 3903 certis
2484 3846 2816 3902 sacriﬁcium
2846 3845 3044 3903 offerre
3072 3854 3454 3912 consueverat,
3478 3845 3578 3915 qui
3612 3843 3772 3914 longo

456 3929 661 4022 minem
701 3933 770 3990 ab
795 3935 1117 4022 aegritudine
1136 3937 1393 3994 vitiorum
1425 3940 1726 4010 perducant
1762 3940 1830 3995 ad
1851 3939 2059 3995 sanita-
2161 3948 2286 4010 post
2315 3946 2560 4011 tempore
2602 3940 2672 3995 ad
2716 3938 3003 4012 conjugem
3032 3953 3307 4007 reversus,
3355 3937 3561 4009 quibus
3581 3936 3772 3991 diebus

455 4026 569 4075 tem
589 4021 857 4079 bonarum
881 4021 1165 4081 virtutum.
1221 4027 1374 4096 Quod
1403 4038 1587 4110 autem
1610 4029 1760 4096 dicit,
1794 4046 1904 4087 non
1933 4045 2059 4086 con—
2163 4028 2281 4099 ejus
2315 4031 2537 4086 vincula
2564 4030 2907 4088 solverentur
2935 4031 3191 4095 innotuit,
3225 4028 3454 4099 ejusque
3475 4024 3679 4094 conjux
3713 4025 3773 4080 il-

457 4117 720 4170 summari
745 4132 910 4188 opera
941 4119 1078 4190 ejus,
1117 4121 1388 4193 signiﬁcat
1426 4123 1571 4194 quod
1595 4138 1768 4193 usque
1799 4123 1865 4178 ad
1895 4123 2061 4180 ﬁnem
2163 4123 2246 4179 los
2272 4123 2440 4182 fuisse
2471 4125 2608 4191 dies,
2642 4125 2840 4196 quibus
2866 4141 2968 4197 pro
3004 4139 3070 4181 eo
3095 4122 3361 4181 oﬁ'erebat
3411 4119 3771 4185 sacriﬁcium,

456 4207 645 4263 mundi
670 4224 833 4266 verus
852 4213 1095 4269 medicus
1122 4223 1307 4272 noster
1332 4231 1440 4273 non
1462 4226 1641 4273 cessat
1665 4232 1763 4289 per
1782 4218 2061 4274 ministros
2163 4216 2496 4288 recognovit.
2529 4216 2646 4273 Hoc
2673 4217 2820 4273 enim
2844 4217 3047 4272 factum
3072 4224 3156 4274 est
3183 4215 3358 4289 gratia
3378 4212 3773 4284 omnipotentis

458 4315 587 4358 suos
617 4305 860 4374 quotidie
887 4307 1152 4364 sanitates
1182 4310 1237 4364 in
1267 4309 1511 4366 Ecclesia
1537 4325 1635 4367 sua
1663 4312 1911 4382 operari,
1965 4313 2062 4368 do-
2163 4308 2302 4375 Dei,
2358 4317 2419 4364 ut
2476 4324 2544 4365 ex
2600 4308 2904 4366 visibilibus
2958 4311 3123 4365 rebus
3173 4306 3432 4364 mortales
3496 4304 3773 4361 discerent

454 4407 555 4449 nec
608 4394 663 4449 in
713 4403 960 4453 extremo
999 4401 1250 4456 examine
1298 4416 1396 4472 per
1438 4400 1556 4471 ejus
1610 4403 1843 4475 gratiam
1887 4411 2060 4460 totum
2163 4409 2364 4471 quanta
2393 4400 2654 4472 spiritalis
2681 4401 2862 4458 hostia
2903 4417 3003 4472 pro
3027 4401 3334 4456 animarum
3367 4396 3546 4456 salute
3589 4395 3770 4453 oblata

453 4483 599 4552 quod
625 4486 854 4542 mortale
900 4496 984 4544 est
1031 4490 1392 4547 absorbeatur
1440 4509 1469 4547 a
1503 4494 1646 4560 vita,
1697 4503 1754 4549 et
1807 4503 1934 4551 tunc
1967 4495 2061 4551 ﬁet
2163 4495 2511 4553 invisibiliter
2541 4496 2714 4566 possit
2741 4497 2979 4568 operari.

454 4575 599 4645 quod
628 4578 875 4646 sequitur
901 4597 914 4633 :
959 4600 978 4634 ι
1011 4581 1127 4638 Pax
1153 4584 1368 4641 Domini
1396 4600 1560 4656 super
1579 4585 1775 4643 faciem
1822 4597 2002 4655 terrae,
2031 4608 2052 4642 ι
2084 4644 2136 4661 _
2241 4607 2260 4640 ‹
2290 4589 2388 4644 Est
2404 4589 2552 4644 enim
2580 4596 2795 4660 tempus
2817 4589 3034 4661 quando
3058 4588 3112 4643 in
3134 4603 3326 4643 manus
3345 4585 3566 4642 illorum
3590 4585 3773 4643 incur-

453 4667 670 4768 Ψξθξηίο
699 4668 985 4768 θδευξηρῐθ
1029 4682 1208 4730 morio
1243 4676 1298 4730 in
1327 4677 1559 4734 victoria
1588 4690 1875 4752 resurgent
1911 4697 2060 4739 mor—
2083 4644 2139 4707 Β
2170 4699 2188 4733 ι
2232 4695 2354 4749 ras;
2386 4681 2489 4752 ipsi
2515 4697 2646 4737 vero
2675 4644 2966 4739 Dominum
2992 4680 3444 4752 deprecabuntur,
3479 4688 3542 4734 ut
3573 4679 3774 4748 dirigat

559 4761 882 4860 ίηθονιξυρῑξ,
941 4771 997 4819 et
1023 4765 1422 4822 transferentur
1449 4769 1517 4824 ad
1546 4771 1927 4841 possidendam
1955 4788 2055 4844 pa-
2169 4791 2188 4825 c
2233 4772 2477 4843 requiem
2518 4787 2732 4840 eorum,
2763 4781 2819 4828 et
2857 4771 3147 4829 sanitatem
3192 4777 3414 4842 propter
3447 4767 3769 4825 conversio-

454 4851 617 4904 triam
646 4851 883 4908 ctelestis
905 4856 1090 4926 regni;
1115 4857 1209 4912 sed
1235 4859 1360 4928 quia
1388 4861 1628 4930 interim,
1653 4879 1934 4936 quousque
1955 4867 2059 4922 lioc
2111 4912 2117 4921 .
2168 4884 2187 4919 ι
2233 4881 2358 4922 nem
2389 4865 2623 4921 illorum.
2676 4865 2779 4932 Qui
2808 4864 3076 4935 delinquit
3103 4863 3160 4919 in
3191 4868 3486 4934 conspectu
3512 4858 3633 4929 ejus
3678 4857 3770 4927 qui

453 4938 566 5007 ﬁat,
621 4944 856 5000 orationi
885 4960 1102 5018 semper
1142 4948 1497 5008 insistendum
1528 4962 1633 5022 est,
1687 4964 1742 5011 et
1789 4972 1887 5027 pro
1933 4957 2058 5013 vitae
2168 4981 2187 5014 ί
2231 4962 2363 5017 fecit
2398 4977 2546 5028 eum,
2593 4960 2796 5017 incidet
2843 4959 2901 5015 in
2929 4974 3121 5022 manus
3147 4957 3362 5015 medici.
3397 4975 3416 5008 ι
3476 4953 3595 5010 Hoc
3626 4951 3770 5024 quod

454 5041 601 5089 5m“
647 5049 861 5108 semper
899 5039 1188 5096 Dominum
1242 5041 1646 5114 deprecandum
1677 5088 1691 5114 ν
1741 5063 1773 5102 a
1818 5048 2058 5118 Ρθοεθιίε
2163 5055 2294 5113 dicit
2323 5065 2536 5128 tempus
2551 5070 2672 5111 esse
2697 5053 2914 5125 quando
2937 5053 3100 5109 homo
3121 5053 3178 5107 in
3209 5064 3402 5106 manus
3428 5047 3771 5103 medicorum

454 5139 668 5221 ξιυοίιξιθ
697 5129 1104 5221 ἀβοίίηθυάυων
1152 5143 1208 5191 ει
1231 5135 1289 5192 in
1312 5136 1470 5194 bonis
1523 5139 1780 5210 operibus
1801 5156 1901 5212 ρτο
1928 5141 2060 5198 νὶΐὶ-
2162 5149 2388 5217 incidat,
2435 5158 2650 5221 tempus
2688 5147 3027 5221 aegritudinis
3056 5146 3234 5219 signat
3259 5151 3317 5200 et
3352 5139 3621 5198 molestia
3647 5151 3770 5192 oor-

455 5213 558 5270 bus
585 5216 955 5278 desudandum
975 5226 1213 5282 ostendit
1243 5243 1478 5298 sequens
1499 5231 1789 5287 sententia.
2161 5213 2386 5314 poralis;
2415 5213 2632 5313 quan-do
2657 5213 2765 5312 qui"
2780 5239 2922 5296 male
2948 5213 3153 5295 habent
3173 5277 3191 5304 ,
3235 5247 3458 5292 necesse
3478 5241 3565 5288 est
3589 5238 3654 5286 ut
3675 5243 3767 5284 cu-

1055 5337 1286 5398 CAPUT
1322 5341 1462 5397 XIV.
2165 5344 2373 5392 rentur.
2422 5334 2546 5405 lpsa
2577 5342 2764 5390 autem
2791 5332 3081 5388 inﬁrmitas
3110 5329 3266 5400 juxta
3302 5323 3765 5398 dispensationem

457 5417 537 5475 De
561 5423 761 5477 orando
789 5423 898 5512 Deo
923 5426 1100 5512 Patre
1127 5433 1187 5512 in
1217 5442 1448 5512 tempore
1488 5436 1837 5512 inﬁrmitatis,
1863 5447 1914 5495 ει
1940 5448 2056 5496 gen-
2161 5426 2263 5483 Dei
2311 5425 2622 5482 immittitur
2677 5423 2745 5481 ad
2791 5423 3166 5496 probationem
3195 5419 3283 5476 vel
3328 5416 3765 5475 emendationem

860 5507 1072 5554 talionis
1105 5510 1153 5556 et
1185 5507 1642 5577 concupiscentiw.
2159 5522 2451 5579 electorum

2173 5522 2478 5587 electorum,
2507 5521 2576 5576 ad
2597 5519 2998 5590 correptionem
3021 5516 3108 5574 vel
3135 5517 3206 5574 ad
3229 5513 3637 5574 damnationem
3676 5517 3764 5567 re-

534 5603 551 5635 ‘
587 5583 711 5684 lii”,
754 5587 809 5684 Ψ
852 5595 945 5684 “ia
974 5590 1290 5650 ίηίίτωίιειιε
1329 5612 1438 5654 non
1490 5599 1762 5670 despicias
1800 5601 2052 5672 teipsum.
2158 5583 2473 5684 proborum.
2509 5587 2664 5668 Unde
2687 5583 2857 5667 dicit:
2894 5629 2913 5663 ‹
2948 5609 3052 5679 Qui
3081 5609 3346 5679 delinquit
3376 5608 3435 5664 in
3466 5613 3765 5677 conspectu

465 5694 484 5726 ¹
517 5677 614 5772 ﬁed
635 5695 732 5736 ora
761 5679 1071 5751 Dominum.
1108 5694 1163 5741 et
1190 5685 1306 5758 ipse
1330 5690 1541 5746 curabit
1573 5702 1645 5750 te.
1676 5693 1876 5752 Averte
1906 5713 1935 5751 a
1969 5696 2058 5753 de-
2158 5677 2277 5771 ejus
2317 5701 2410 5772 qui
2445 5699 2576 5756 fecit
2600 5715 2746 5767 eum,
2777 5677 2989 5756 incidet
3008 5698 3063 5754 in
3110 5677 3306 5755 manus
3341 5695 3560 5755 medici.
3593 5715 3613 5749 ι
3667 5691 3766 5748 Ju-

465 5767 644 5868 i-licto
677 5779 734 5828 et
761 5773 933 5848 dirige
970 5792 1183 5845 manus,
1240 5788 1296 5835 et
1335 5782 1402 5838 ab
1437 5785 1589 5841 omni
1628 5786 1824 5845 delicto
1853 5790 2053 5846 munda
2155 5767 2302 5848 stum
2332 5767 2416 5846 est
2444 5789 2592 5846 enim
2616 5795 2678 5844 ut
2723 5789 2817 5859 qui
2850 5788 3212 5860 superbieudo
3243 5787 3500 5844 mandata
3546 5784 3644 5840 Dei
3677 5777 3761 5839 {an

459 5874 822 5947 κιξφξηωμμιε
853 5888 898 5950 ξ,
923 5868 1086 5951 “Pot
1103 5873 1255 5953 enim
1279 5873 1521 5955 primum
1542 5893 1611 5938 ne
1641 5879 1705 5958 in
1737 5881 2054 5962 infirmitate
2155 5897 2282 5951 cere
2309 5881 2655 5958 contempsit,
2702 5881 3000 5954 castigatus
3048 5895 3148 5951 per
3174 5879 3551 5955 inﬁrmitatem
3577 5871 3766 5945 hmni‘.

2003 6040 2023 6052 κ·
2055 6005 2108 6043 δή,
