4030 6466
275 322 415 380 1055

1093 311 1445 372 CUMMENT.
1483 309 1552 367 IN
1590 307 2204 366 ECCLESIASTICUM.
2245 339 2316 350 —
2353 307 2480 363 LIB.
2521 306 2650 362 VIII.

3409 311 3547 369 I054

269 437 470 501 Iietur;
525 443 581 490 et
618 440 825 504 quaerat
858 429 1155 501 llagcllatus
1198 443 1398 498 opem,
1437 425 1528 496 qui
1573 423 1859 479 incolumis
1886 427 1936 487 Α
1964 421 2209 491 corporis
2244 427 2404 490 prout
2449 435 2696 492 gesseras
2745 419 2857 476 sive
2909 420 3107 476 bonum
3160 423 3274 478 sive
3324 422 3545 480 malum.

267 536 397 583 ante
450 525 622 581 noluit
674 522 972 593 intelligere
1023 520 1106 575 sui
1152 517 1575 575 benefactorem.
1638 515 1861 587 Mystice

271 635 399 677 vero
431 619 604 675 sancti
656 616 906 672 doctores
947 622 1003 667 et
1027 611 1298 684 spiritales
1331 609 1526 666 medici
1555 609 1860 663 animarum

267 726 484 782 semper
510 717 870 781 opportunum
915 718 1124 777 tempus
1167 712 1435 775 quaerunt,
1472 701 1686 772 quando
1711 701 1863 754 infir-

267 807 376 862 mis
402 804 688 858 animabus
735 815 1029 872 congruam
1081 799 1289 869 possint
1338 795 1593 851 adhibere
1640 793 1863 849 medici-

268 913 397 954 nam
421 938 436 964 ,
475 895 920 964 orationibusque
967 891 1140 948 sacris
1191 891 1454 946 virtutum
1483 887 1738 959 operibus
1775 888 1859 942 in—

268 999 478 1046 stanter
518 988 802 1044 Dominum
848 986 1226 1055 deprecantur,
1259 991 1319 1036 ut
1353 981 1550 1052 dirigat
1573 994 1738 1050 opera
1767 994 1862 1035 e0-

266 1097 411 1148 rum,
451 1087 506 1136 et
550 1077 889 1149 refrigerium
919 1083 1139 1146 prmstet
1185 1074 1270 1130 his
1299 1072 1391 1144 qui
1415 1072 1586 1128 variis
1606 1071 1864 1127 vitiorum

268 1169 679 1242 {egritudinibus
700 1168 1108 1224 laboraverunt.

913 1277 1100 1334 APUT
1160 1278 1276 1334 XV.

266 1355 346 1410 De
379 1353 635 1425 exsequiis
665 1278 1128 1416 γηοττιιοξιῗηῗῗῖι
1160 1278 1580 1420 )t‘cvniperamento
1611 1347 1861 1402 tristitia.

344 1465 364 1497 ι
405 1444 532 1511 Fili,
583 1443 639 1498 in
689 1452 962 1499 mortuum
1013 1443 1217 1514 produc
1278 1441 1566 1513 lacrymas,
1615 1448 1670 1495 et
1710 1438 1864 1509 quasi

271 1557 291 1591 ‹
323 1538 440 1593 dira
475 1551 668 1608 passus
696 1536 873 1606 incipe
917 1535 1156 1606 plorare,
1186 1543 1239 1590 et
1265 1533 1561 1590 secundum
1601 1531 1865 1602 judicium

270 1652 291 1682 ‹
329 1637 551 1699 contege
576 1643 774 1699 corpus
795 1627 964 1694 illius,
997 1636 1053 1683 et
1087 1643 1195 1681 non
1225 1626 1493 1697 despicias
1530 1625 1864 1695 sepulturam

271 1739 290 1773 ι
328 1720 491 1776 illius.
529 1739 548 1772 ι
599 1719 892 1790 Postquam
934 1719 1001 1774 de
1031 1718 1350 1774 lnfirmitate
1379 1717 1759 1786 aegritudinum
1809 1725 1866 1771 et

1964 511 2195 567 Proinde
2224 527 2500 581 nunquam
2545 512 2801 568 oblivioni
2832 513 3014 569 tradas
3060 514 3371 570 novissima:
3402 516 3551 573 hora:

1963 604 2200 668 exitum,
2251 602 2345 657 sed
2392 618 2606 673 semper
2637 612 2863 674 paratus
2899 612 3018 659 esto
3044 645 3059 671 ,
3113 604 3240 674 quia
3265 615 3550 675 postquam

1963 695 2090 749 hinc
2119 693 2339 758 exieris,
2365 709 2703 765 nequaquam
2725 695 2863 750 ultra
2890 696 2996 751 huc
3018 705 3296 753 revertens
3315 698 3549 767 spatium

1962 786 2101 842 bene
2126 785 2382 855 operandi
2413 786 2658 852 habebis,
2704 795 2760 842 et
2782 787 2903 842 ideo
2929 796 3122 843 cautus
3145 797 3262 844 esto
3285 788 3341 843 in
3369 789 3550 846 omni-

1963 877 2086 945 bus,
2120 893 2186 934 ne
2213 877 2351 935 forte
2366 877 2420 932 in
2446 877 2596 934 obitu
2619 877 2850 947 proximi
2880 879 3000 950 plus
3017 894 3172 948 aequo
3193 879 3396 946 doleas,
3423 879 3551 950 quia

1963 969 2098 1026 nihil
2141 969 2389 1040 proderis
2417 969 2494 1024 illi
2523 969 2809 1040 plorando,
2859 970 2906 1025 si
2955 969 3298 1041 temetipsum
3345 969 3553 1026 laeseris

1964 1061 2239 1118 doloribus
2260 1061 2540 1117 immensis
2568 1058 2871 1116 alliciendo.

2043 1171 2062 1206 ι
2097 1153 2304 1211 Memor
2331 1163 2449 1210 esto
2472 1152 2664 1224 judicii
2694 1153 2838 1219 mei,
2873 1153 2951 1207 sic
2975 1153 3120 1207 enim
3153 1153 3259 1230 erit
3283 1160 3340 1209 et
3363 1161 3548 1208 tuum:

1969 1266 1989 1298 ι
2026 1247 2158 1301 mihi
2189 1247 2330 1313 heri,
2380 1254 2434 1301 et
2481 1244 2578 1300 tibi
2621 1243 2800 1300 hodie.
2835 1263 2853 1295 ι
2909 1242 3181 1299 Judicium
3224 1259 3383 1300 suum
3423 1245 3556 1300 dicit

1965 1338 2171 1394 obitum
2199 1339 2265 1393 de
2288 1337 2393 1393 hoc
2421 1336 2644 1403 mundo,
2668 1337 2810 1406 quod
2836 1334 3127 1405 unicuique
3147 1335 3426 1405 proprium
3447 1345 3552 1400 est,

1966 1437 2080 1484 tam
2105 1428 2395 1499 praeteritis
2419 1443 2580 1498 quam
2602 1427 2767 1482 etiam
2796 1425 3152 1496 praesentibus
3181 1444 3194 1480 :
3231 1426 3358 1497 quia
3389 1445 3407 1476 ι
3444 1425 3558 1480 nul-

1965 1520 2051 1577 lus
2077 1529 2160 1576 est
2199 1520 2361 1576 homo
2383 1534 2546 1590 super
2586 1527 2788 1574 terram
2814 1517 2907 1588 qui
2933 1517 3101 1582 vivat,
3141 1524 3333 1572 etnon
3372 1515 3553 1571 videat

1967 1618 2219 1667 mortem.
2257 1629 2277 1662 ι
2317 1609 2386 1664 Ει
2414 1610 2552 1665 bene
2577 1607 2728 1674 dicit,
2765 1627 2784 1659 ι
2814 1594 2945 1663 Mihi
2973 1606 3092 1663 heri
3117 1614 3172 1663 et
3196 1606 3295 1662 tibi
3319 1605 3498 1672 hodie,
3529 1625 3549 1657 ι

1966 1718 2032 1759 ac
2059 1703 2106 1759 si
2135 1702 2378 1759 diceret:
2433 1701 2585 1769 Quod
2621 1700 2675 1754 in
2723 1715 2811 1754 me
2851 1697 2964 1768 jam
2992 1698 3320 1768 completum
3346 1706 3450 1764 est,
3500 1697 3558 1752 in

265 1813 601 1868 medicorum
650 1789 931 1868 curatione
980 1811 1272 1882 disputavit
1296 1851 1311 1877 ,
1366 1818 1768 1881 consequenter
1791 1810 1857 1865 de
1885 1803 1933 1863 B
1963 1806 2016 1852 te
2036 1796 2198 1852 modo
2236 1795 2405 1851 instat
2427 1793 2778 1864 implendum.
2811 1791 2940 1847 Ηωο
2969 1790 3265 1846 admonitio
3289 1789 3558 1882 bonorum

263 1905 540 1976 exsequiis
565 1914 900 1961 mortuorum
931 1921 1238 1963 sermonem
1267 1905 1496 1975 protulit
1521 1918 1536 1958 :
1568 1905 1698 1975 quia
1718 1904 1861 1960 sicut

263 1999 320 2054 in
363 1998 681 2055 inﬁrmitate
715 1999 862 2054 utilis
890 2007 974 2055 est
1025 2000 1306 2056 medicina:
1339 2000 1566 2067 curatio,
1598 2001 1674 2055 ita
1713 2009 1768 2055 et
1804 2001 1859 2055 in

262 2100 439 2148 morte
464 2093 774 2148 necessaria
797 2100 881 2148 est
902 2092 1192 2163 sepulturae
1222 2092 1503 2148 exhibitio.
1539 2091 1647 2149 Sed
1676 2101 1857 2148 tamen

262 2184 391 2253 quia
435 2184 627 2239 mortis
677 2182 896 2238 miseria
949 2183 1095 2254 cogit
1133 2183 1407 2238 hominem
1437 2183 1710 2255 lacrymas
1737 2183 1860 2238 fun-

263 2273 414 2338 dere,
447 2281 502 2328 et
548 2272 815 2328 solemnes
841 2273 1088 2342 planctus
1117 2272 1346 2345 legimus
1390 2275 1446 2328 in
1481 2273 1858 2331 defunctorum

262 2373 477 2435 patrum
518 2364 690 2421 factos
720 2365 1013 2435 exsequiis,
1063 2366 1284 2422 modum
1334 2366 1388 2420 in
1432 2366 1551 2436 ipsa
1587 2366 1858 2438 lacryma-

263 2475 386 2512 rum
427 2457 687 2514 effusione
714 2467 769 2515 et
793 2459 993 2529 gemitu
1022 2458 1226 2514 habere
1264 2458 1440 2525 docet,
1473 2473 1542 2514 ne
1568 2456 1712 2514 forte
1759 2459 1858 2513 tri-

262 2551 411 2607 stitia
462 2549 855 2606 abundantiore
882 2549 1194 2605 debilitetur
1218 2564 1413 2620 corpus
1455 2548 1773 2616 dolentium,
1807 2559 1863 2606 et

263 2638 566 2694 offendatur
594 2639 736 2695 Deus
764 2654 864 2711 per
893 2639 1185 2693 amentiam
1214 2629 1640 2709 desperantium.
1670 2638 1862 2700 Mortis

263 2731 409 2785 enim
436 2731 703 2787 sententia
747 2738 972 2800 propter
999 2738 1282 2800 peccatum
1314 2729 1440 2785 data
1483 2738 1570 2786 est
1610 2731 1860 2785 mortali-

265 2823 388 2888 bus,
427 2823 520 2878 sed
561 2823 676 2894 spei
715 2821 913 2878 ﬁducia
957 2835 1055 2892 per
1095 2820 1326 2892 gratiam
1369 2820 1574 2878 Christi
1613 2822 1741 2877 data
1780 2831 1868 2878 est

265 2916 635 2972 credentibus.
1518 2958 1524 2966 .

343 3027 361 3059 ‹
399 3008 627 3079 Propter
671 3007 1062 3064 detractionem
1092 3020 1279 3061 amare
1330 3003 1414 3060 fer
1463 3004 1670 3060 luctum
1719 3004 1863 3062 illius

273 3121 291 3152 ι
325 3115 431 3155 ιιιιο
459 3102 566 3167 die,
587 3109 644 3156 et
670 3099 952 3158 consolare
983 3107 1204 3171 propter
1227 3098 1528 3166 tristitiam,
1560 3110 1616 3154 et
1643 3097 1730 3155 fac
1777 3099 1863 3154 lu-

1962 1898 2179 1959 patrum
2203 1897 2304 1955 est,
2357 1895 2420 1942 ut
2453 1886 2595 1942 ﬁlios
2622 1901 2752 1942 suos
2796 1885 3147 1950 admoneant,
3179 1891 3444 1954 quatenus
3477 1881 3560 1938 di-

1962 1991 2121 2038 scant
2143 1982 2200 2035 in
2239 1980 2457 2036 casibus
2496 1980 2771 2050 priorum,
2804 1993 2962 2033 suum
2984 1991 3200 2048 quoque
3224 1976 3279 2030 in
3302 1975 3560 2046 praesenti

1960 2073 2158 2130 saeculo
2200 2072 2518 2127 diuturnum
2545 2087 2655 2128 non
2698 2086 2818 2128 esse
2846 2079 3068 2149 statum,
3101 2084 3166 2126 ac
3209 2069 3332 2125 ideo
3353 2083 3561 2140 praepa-

1962 2173 2086 2220 rent
2115 2165 2220 2221 sibi
2245 2165 2514 2221 bonorum
2544 2179 2775 2235 operum
2818 2164 3108 2229 viaticum,
3156 2177 3262 2233 quo
3291 2162 3347 2217 in
3377 2160 3560 2216 futura
3656 2189 3661 2193 -

1961 2260 2072 2315 vita
2101 2274 2224 2314 cum
2245 2258 2448 2314 sanctis
2471 2256 2678 2328 angelis
2699 2256 2909 2328 possint
2929 2255 3112 2310 vivere
3134 2253 3191 2308 in
3211 2260 3556 2326 perpetuum.

2038 2374 2056 2406 ι
2092 2353 2151 2410 In
2172 2353 2358 2424 requie
2383 2351 2584 2407 mortui
2607 2350 2949 2421 requiescere
2967 2347 3054 2403 fac
3079 2345 3400 2403 memoriam
3419 2342 3558 2413 ejus,

1969 2464 1988 2500 ι
2021 2455 2077 2503 et
2113 2445 2396 2503 consolare
2422 2444 2571 2500 illum
2601 2444 2657 2498 in
2691 2443 2840 2498 exitu
2859 2442 3083 2511 spiritus
3114 2441 3215 2496 sui.
3255 2457 3274 2490 ι
3310 2438 3422 2494 Hoc
3445 2451 3560 2492 mo-

1963 2546 2076 2604 net,
2104 2538 2240 2592 utin
2265 2535 2498 2592 transitu
2534 2532 2790 2589 morituri
2814 2531 3071 2587 oblivioni
3093 2529 3415 2586 memoriam
3441 2527 3560 2598 ejus

1963 2647 2072 2686 non
2096 2629 2295 2695 tradat,
2331 2627 2427 2683 sed
2456 2626 2513 2681 in
2541 2633 2724 2680 mente
2757 2639 2881 2678 eam
2918 2622 2985 2677 ad
3010 2622 3094 2678 sui
3123 2619 3560 2675 meliorationem

1966 2720 2227 2775 continuo
2254 2726 2457 2784 servet,
2503 2725 2558 2772 et
2586 2731 2710 2772 eum
2745 2716 2838 2785 qui
2866 2715 2932 2769 de
2975 2714 3080 2769 hoc
3107 2710 3302 2768 saeculo
3329 2710 3564 2780 migrare

1966 2810 2177 2882 incipit,
2210 2809 2316 2864 ﬁde
2341 2807 2682 2872 corroboret,
2734 2813 2790 2860 et
2831 2819 2925 2875 spe
2960 2801 3260 2867 confortet,
3293 2807 3562 2870 quatenus

1966 2903 2024 2958 in
2071 2901 2322 2972 angustia
2369 2898 2544 2953 ultimi
2595 2896 2856 2967 temporis
2884 2894 2991 2950 ﬁde
3039 2908 3146 2949 non
3199 2890 3432 2954 deficiat,
3467 2888 3563 2943 sed

1965 3010 2119 3068 spem
2167 3008 2322 3048 suam
2351 2993 2465 3047 Deo
2494 2990 2832 3055 committat,
2872 2987 2998 3059 quia
3026 2986 3120 3056 qui
3156 2985 3297 3041 bene
3346 2989 3563 3039 certan-

1966 3090 2116 3145 tibus
2147 3087 2272 3144 ﬁdei
2299 3087 2495 3142 mcrito
2539 3083 2790 3156 promisit
2838 3080 3142 3153 praemium,
3190 3079 3307 3148 ipse
3340 3089 3563 3148 sperau—

273 3209 292 3242 ι
327 3201 473 3246 ctum
505 3193 800 3248 secundum
836 3160 1102 3248 meritum.
1119 3192 1236 3263 ejus
1271 3206 1380 3246 uno
1412 3192 1498 3247 die
1541 3192 1623 3246 vel
1652 3191 1862 3248 duobus
1891 3160 1936 3225 C
1971 3184 2115 3239 tibus
2149 3182 2204 3236 in
2227 3195 2286 3236 se
2309 3188 2500 3249 potens
2521 3186 2605 3232 est
2631 3174 3022 3246 sempiternum
3045 3170 3560 3263 tribuereregnum.

275 3300 294 3332 ι
329 3291 549 3352 propter
563 3283 972 3339 detractionem.
989 3282 1035 3336 A
1053 3283 1272 3338 tristitia
1292 3283 1438 3338 enim
1461 3281 1681 3338 festinat
1695 3298 1862 3350 mors,

277 3391 296 3423 ι
330 3381 384 3427 et
414 3374 690 3444 cooperiet
715 3374 994 3442 virtutem,
1028 3383 1082 3430 et
1103 3376 1322 3431 tristitia
1351 3376 1532 3433 cordis
1551 3375 1721 3432 ﬂectit
1746 3391 1867 3432 cer-

276 3481 294 3511 l
331 3463 522 3517 vicem.
563 3484 581 3517 ι
634 3463 862 3535 Propter
901 3465 1312 3533 detractionem,
1363 3467 1557 3537 inquit,
1606 3469 1710 3526 hoc
1758 3477 1865 3538 est,

271 3563 493 3625 propter
534 3556 933 3613 abscessionem
974 3558 1210 3626 proximi
1249 3559 1539 3616 condoleas
1563 3561 1715 3616 casui
1750 3561 1868 3632 ejus

271 3659 441 3713 parvo
473 3654 743 3716 tempore,
788 3654 843 3702 et
884 3648 1164 3704 consolare
1194 3648 1248 3703 iu
1281 3664 1377 3719 spe
1423 3650 1866 3717 resurrectionis,

271 3752 340 3791 nc
371 3738 590 3793 tristitia
628 3739 794 3794 nimia
822 3740 1002 3794 mittat
1028 3748 1080 3794 te
1109 3740 1164 3795 in
1193 3740 1492 3794 interitum.
1533 3759 1552 3794 ‹
1578 3741 1625 3795 Α
1647 3741 1869 3797 tristitia

271 3828 414 3882 enim
442 3827 662 3884 festinat
690 3844 838 3886 mors
868 3848 887 3881 ι
916 3830 1112 3884 animae
1134 3830 1494 3901 desperantis,
1527 3839 1582 3886 et
1611 3831 1869 3886 obscurat

271 3936 489 3976 omnem
535 3922 790 3976 virtutem
831 3923 985 3978 bonae
1028 3923 1258 3979 actionis
1301 3925 1457 3994 ejus,
1507 3931 1564 3979 et
1595 3923 1869 3980 fortitudi-

273 4031 396 4069 nem
423 4017 601 4070 cordis
631 4017 888 4084 emolliet,
917 4026 973 4072 et
1008 4018 1278 4074 inﬁrmari
1300 4017 1480 4074 faciet.

349 4122 367 4155 ι
399 4103 457 4158 In
503 4104 823 4162 abductione
849 4117 1129 4178 permanet
1180 4109 1426 4176 tristitia,
1478 4117 1532 4165 et
1561 4109 1869 4166 substantia

281 4214 298 4247 ι
333 4196 507 4266 inopis
535 4199 830 4254 secundum
857 4214 950 4254 cor
977 4198 1114 4270 ejus.
1157 4219 1175 4251 ι
1205 4199 1308 4256 Ubi
1335 4201 1481 4255 enim
1506 4199 1660 4257 dolor
1681 4201 1872 4257 immo-

275 4285 495 4341 deratus
517 4287 724 4343 obtinet
760 4303 874 4354 cor,
901 4296 957 4344 et
981 4288 1267 4344 abducitur
1289 4291 1522 4356 animus,
1555 4307 1624 4346 ne
1647 4291 1874 4362 recipiat

276 4379 715 4445 consolationem,
749 4380 821 4436 ibi
852 4390 1134 4450 permanet
1158 4382 1378 4438 tristitia
1404 4401 1416 4437 :
1459 4382 1586 4453 quia
1613 4383 1704 4439 hic
1730 4383 1870 4438 inci-

276 4470 356 4539 pit
393 4485 492 4540 per
532 4471 732 4527 doloris
763 4472 1129 4538 aIIIictionem,
1178 4485 1234 4527 et
1278 4473 1335 4528 in
1375 4473 1555 4528 futura
1587 4483 1872 4544 permanet

2048 3291 2068 3326 ι
2115 3270 2452 3342 Sapientiam
2475 3267 2654 3322 scribe
2680 3265 2737 3320 in
2769 3271 3015 3334 tempore
3055 3257 3367 3324 vacuitatis,
3396 3262 3452 3316 et
3471 3253 3566 3325 qui

1976 3383 1997 3418 ι
2044 3362 2348 3418 minoratur
2405 3365 2529 3414 actu
2557 3397 2572 3424 ,
2624 3354 2949 3426 sapientiam
2990 3349 3271 3422 percipiet.
3319 3366 3338 3398 ι
3397 3345 3568 3400 Docet

1970 3469 2101 3526 ergo
2134 3461 2214 3520 ut,
2247 3452 2375 3507 dum
2424 3457 2582 3504 vacat
2618 3456 2674 3503 et
2720 3447 2892 3502 otium
2940 3445 3220 3507 habemus,
3246 3437 3565 3511 sapientiam

1971 3548 2212 3606 divinam
2243 3547 2538 3610 discamus,
2569 3550 2625 3599 et
2661 3555 2784 3598 eam
2830 3539 2887 3595 in
2919 3537 3116 3595 tabulis
3161 3533 3344 3592 cordis
3392 3529 3568 3587 nostri

1971 3641 2297 3704 scribamus,
2337 3637 2466 3707 quia
2520 3634 2610 3690 ille
2637 3633 2731 3704 qui
2782 3626 3239 3702 concupiscentiis
3285 3622 3466 3680 carnis
3513 3627 3569 3676 et

1970 3730 2339 3803 voluptatibus
2364 3726 2548 3786 saeculi
2583 3724 2789 3782 servire
2836 3719 3070 3787 desistit,
3101 3717 3190 3774 ille
3227 3714 3566 3785 Scripturam

1972 3825 2183 3882 intente
2225 3819 2538 3877 meditando
2564 3831 2812 3890 supernae
2836 3809 3309 3884 contemplationis
3339 3819 3567 3862 munere

1971 3914 2260 3988 gaudebit;
2309 3912 2407 3969 sed
2467 3910 2726 3982 quoniam
2793 3905 3072 3978 sapientia:
3132 3903 3274 3958 dono
3351 3897 3568 3970 penitus

1972 4007 2222 4065 extranei
2251 4021 2360 4062 non
2391 4014 2519 4062 sunt
2557 4003 2649 4075 qui
2694 4000 3037 4074 agriculturze
3082 4006 3325 4066 tempore
3371 4003 3568 4063 Oppor-

1975 4108 2107 4154 tuno
2132 4099 2416 4163 insistunt,
2445 4104 2499 4150 et
2527 4093 2882 4150 artiﬁciorum
2907 4088 3264 4162 singulorum,
3290 4080 3565 4155 quibusin

1973 4190 2230 4262 praesenti
2281 4189 2396 4242 vita
2439 4186 2690 4241 homines
2719 4183 2960 4239 studiose
3009 4179 3279 4242 laborant,
3310 4173 3566 4245 peritiam

1975 4283 2198 4346 habent,
2222 4279 2460 4350 primum
2507 4290 2638 4347 ergo
2677 4287 2866 4328 eorum
2915 4271 3201 4324 enumerat
3245 4263 3561 4327 scientiam;

1975 4377 2170 4432 deinde
2200 4373 2404 4429 addens
2428 4368 2681 4442 proponit
2708 4365 2814 4422 illis
2857 4377 3043 4419 veram
3068 4357 3413 4432 sapientiam,
3440 4371 3562 4427 qua:

1974 4468 2033 4523 in
2060 4463 2335 4537 agnitione
2363 4457 2658 4515 voluntatis
2687 4455 2805 4522 Dei,
2830 4462 2886 4511 et
2919 4453 2976 4508 in
3005 4449 3251 4507 custodia
3277 4447 3566 4503 mandato-

277 4534 692 4634 pten-a,propter
713 4563 1062 4620 diliidentiam
1086 4534 1336 4636 superna:
1350 4534 1869 4623 consolationis.Ve-
1893 4534 1948 4595 Β
1974 4534 2239 4626 ιίιηινεὲιιε
2277 4567 2374 4625 Per
2419 4550 2766 4607 dilectionem
2815 4543 3084 4610 θοηείδῑίῑν
3119 4549 3181 4597 ιιι
3225 4541 3344 4612 ipsa
3383 4553 3564 4636 al‘cfim

280 4653 480 4707 raciter
504 4654 650 4710 enim
673 4663 1007 4726 temperatur
1027 4656 1332 4712 substantia
1353 4655 1457 4710 viri
1483 4655 1663 4728 inopis
1686 4657 1868 4715 animo

279 4745 572 4800 secundum
591 4761 684 4800 cor
710 4744 844 4816 ejus,
871 4748 995 4816 quia
1025 4755 1288 4818 quantum
1315 4747 1468 4803 deest
1492 4737 1567 4803 illi
1599 4749 1652 4803 in
1680 4749 1786 4805 fide
1815 4757 1872 4806 et

278 4853 393 4906 spe,
423 4844 634 4894 tantum
658 4838 734 4892 illi
770 4840 965 4894 crescit
991 4840 1277 4910 mcerorzin
1307 4839 1556 4909 angustia
1576 4848 1633 4895 et
1660 4840 1866 4920 dolore.

356 4949 375 4981 ι
403 4931 521 4987 Non
565 4931 778 4987 dederis
822 4932 877 4986 in
921 4931 1142 4986 tristitia
1174 4947 1269 4987 cor
1313 4940 1483 4998 tuum,
1530 4933 1624 4987 sed
1674 4931 1871 5002 repelle

283 5039 304 5074 ι
341 5035 460 5076 eam
487 5037 519 5076 a
547 5029 622 5087 te,
656 5029 713 5076 et
734 5030 1004 5076 memento
1039 5021 1478 5078 novissimorum.
1529 5020 1647 5078 Noli
1679 5021 1865 5078 oblivi~

284 5130 305 5164 σ
343 5112 440 5178 sci,
472 5127 649 5182 neque
674 5111 819 5167 enim
868 5119 953 5168 est
979 5111 1281 5177 conversio,
1335 5121 1392 5168 et
1435 5111 1564 5167 huic
1585 5111 1719 5167 nihil
1747 5127 1874 5182 pro-

287 5220 308 5254 ‹
341 5202 510 5267 deris,
536 5209 592 5256 et
614 5203 956 5272 temetipsum
982 5203 1322 5272 pessimabis.
1352 5222 1371 5256 ι
1414 5201 1585 5274 Hujus
1607 5203 1713 5259 loci
1744 5203 1872 5274 quia

280 5309 383 5367 per
413 5291 781 5351 difﬁcultatem
806 5296 1068 5351 orationis
1090 5297 1354 5352 obscurus
1379 5306 1463 5352 est
1481 5311 1695 5362 sensus,
1723 5288 1872 5352 dica-

282 5400 407 5441 mus
435 5383 636 5454 aliquid
662 5384 805 5454 quod
833 5383 1094 5438 lucidiore
1122 5383 1272 5439 illum
1302 5384 1568 5440 edisserat
1599 5399 1868 5440 sermone.

283 5476 398 5534 Nec
423 5484 647 5547 occupet
675 5475 893 5532 tristitia
932 5475 1112 5531 saeculi
1160 5490 1254 5531 cor
1301 5482 1454 5530 tuum
1489 5489 1611 5544 quae
1640 5483 1873 5531 mortem

283 5571 482 5628 anim
499 5578 770 5640 operatur,
803 5569 896 5624 sed
925 5567 1098 5637 abjice
1115 5583 1236 5624 eam
1262 5575 1389 5634 ate,
1409 5578 1465 5622 et
1478 5575 1750 5624 memento
1777 5582 1874 5622 no-

287 5661 632 5718 vissimorum
670 5670 993 5730 temporum,
1023 5660 1151 5730 quia
1191 5657 1368 5728 qualis
1396 5659 1523 5714 hinc
1552 5659 1670 5715 exis
1697 5699 1712 5725 ,
1750 5657 1874 5714 talis

291 5765 414 5811 ante
456 5753 690 5826 judicent
731 5757 1136 5824 prtesentandus
1163 5756 1289 5821 eris,
1319 5763 1380 5810 ut
1406 5755 1634 5825 recipias
1654 5755 1873 5828 propria

608 5847 883 5909 ΡΑΤιιοι.
929 5846 1092 5910 CIX.

1975 4655 2158 4707 teneat
2181 4645 2483 4719 dignitatis,
2509 4659 2628 4714 qua:
2654 4641 2767 4698 sola
2796 4641 2851 4694 in
2871 4638 3034 4694 rebus
3053 4642 3379 4708 potestatem
3402 4633 3567 4687 habet

1971 4743 2103 4814 justi
2127 4741 2428 4814 regiminis.
2459 4739 2567 4793 Nos
2591 4750 2826 4806 quoque,
2858 4733 3095 4804 primum
3125 4727 3367 4786 breviter
3398 4725 3568 4781 histo-

1975 4837 2115 4892 riam
2146 4842 2428 4904 tangentes
2467 4829 2801 4902 singulormn
2833 4823 3211 4887 artiﬁciorum,
3249 4817 3564 4891 allegoriam

1979 4927 2174 4984 deinde
2207 4924 2525 4996 exponendo
2550 4923 2947 4991 subsequamur
2977 4935 2990 4971 :

2053 5035 2072 5068 ι
2108 5017 2224 5084 Qua
2262 5014 2526 5086 sapientia
2562 5012 2874 5084 replebitur,
2907 5009 3000 5080 qui
3029 5013 3179 5062 tenet
3211 5011 3476 5065 aratrum,
3507 5010 3564 5054 et

1983 5124 2002 5158 ι
2047 5106 2138 5176 qui
2167 5106 2430 5178 gloriatur
2453 5104 2507 5158 in
2550 5102 2756 5175 jaculo.
2789 5098 3022 5156 Stimulo
3063 5097 3232 5153 boves
3280 5093 3482 5165 agitat,
3508 5099 3565 5145 et

1982 5217 2000 5250 ι
2047 5207 2403 5254 conversatur
2429 5198 2484 5252 in
2511 5196 2768 5268 operibus
2797 5206 3022 5258 eorum,
3051 5197 3108 5245 et
3152 5186 3398 5244 narratio
3449 5181 3567 5251 ejus

1983 5308 2002 5342 ι
2043 5291 2099 5346 in
2127 5289 2254 5345 filiis
2280 5298 2563 5344 taurorum
2596 5305 2608 5341 :
2642 5301 2737 5342 cor
2765 5299 2922 5340 suum
2958 5279 3108 5337 dabit
3152 5278 3220 5333 ad
3270 5275 3565 5332 versandos

1984 5401 2002 5434 ‹
2050 5381 2264 5448 sulcos,
2313 5390 2370 5435 et
2422 5379 2607 5450 vigilia
2655 5376 2771 5446 ejus
2821 5375 2877 5429 in
2933 5372 3120 5444 sagina
3177 5380 3488 5425 vaccarum.
3536 5383 3556 5418 ι

1981 5473 2254 5541 Quantum
2295 5473 2366 5527 ad
2415 5470 2695 5526 historiam
2741 5465 2999 5536 pertinet,
3027 5461 3263 5518 ostendit
3305 5459 3448 5529 quod
3495 5471 3562 5512 ex

1981 5563 2261 5636 sapientia:
2311 5563 2452 5619 dono
2481 5560 2584 5616 hoc
2629 5556 2793 5614 habet
2840 5557 3025 5622 homo,
3059 5561 3122 5608 ut
3173 5551 3392 5608 insistat
3442 5545 3558 5600 utili

1981 5657 2177 5723 labori,
2210 5672 2318 5728 quo
2345 5655 2447 5711 sibi
2479 5663 2534 5709 et
2564 5651 2827 5724 proximis
2860 5649 2973 5705 suis
2997 5647 3254 5720 prodesse
3283 5640 3470 5713 possit,
3497 5646 3556 5691 ut

1981 5760 2235 5808 exerceat
2291 5749 2707 5820 agriculturam,
2763 5754 2818 5801 ct
2869 5759 3057 5800 curam
3115 5747 3238 5811 agat
3298 5737 3352 5791 in
3402 5739 3559 5804 pastu

3004 5835 3081 5896 33
