4030 6474
490 291 630 351 i055

1160 289 1222 344 B.
1263 287 1515 344 RABANI
1555 287 1777 346 MAURI
1810 286 2128 343 ARCHIEP.
2171 286 2480 344 MOGUNT.
2523 286 2811 344 OPERUM
2847 286 3029 342 PARS
3062 286 3104 341 Ι.

3620 287 3773 344 ωδθ

487 402 801 463 animalium
827 411 988 474 atque
1026 400 1432 473 jumentorum',
1462 414 1583 471 quas
1607 400 1675 454 ad
1703 377 1861 455 usuin
1891 397 2067 454 homi-
2091 416 2146 477 Α
2177 417 2196 450 ι
2241 399 2593 455 considerans
2648 412 2784 468 opus
2835 396 2986 463 ferri,
3027 410 3192 467 vapor
3238 399 3379 468 Ignis
3425 398 3534 452 urit
3564 411 3771 452 carnes

488 511 617 550 num
650 503 831 549 creata
881 500 1029 558 sunt,
1056 500 1118 547 ut
1158 492 1361 546 victum
1409 499 1466 546 et
1510 490 1766 546 vestitum
1804 498 1917 545 tam
1959 488 2064 544 sibi

487 602 647 657 quam
686 586 798 642 suis
820 592 1109 656 prteparet,
1139 584 1339 655 quibus
1386 584 1640 639 humanae
1674 583 1798 638 vitae
1843 581 2066 641 miseria

489 679 542 732 iu
569 678 825 747 praesenti
847 677 1048 733 smeulo
1076 678 1338 742 nutritur,
1368 685 1425 732 et
1471 676 1715 731 funditus
1740 690 1929 731 carere
1956 690 2068 731 non

488 781 684 841 potest.
714 772 940 843 Mystice
967 780 1147 826 autem
1187 771 1279 840 qui
1328 778 1475 826 tenet
1522 768 1762 826 doctoris
1807 766 2067 835 officium,

487 872 543 919 et
569 863 749 920 colere
774 863 943 919 debet
963 876 1183 918 vomere
1216 860 1527 931 evangelico
1554 858 1719 915 corda
1765 859 2081 924 hominum:

486 956 749 1026 gloriatur
777 955 831 1010 in
852 954 1033 1025 jaculo
1059 954 1367 1009 divinorum
1418 952 1881 1017 testimoniorum,
1905 951 2071 1006 semi-

488 1054 580 1099 nat
599 1044 824 1099 verbum
857 1045 951 1099 Dei
978 1043 1195 1109 stimulo
1225 1043 1641 1108 exhortationis,
1668 1042 1839 1113 agitat
1858 1043 2085 1108 brutes,.

488 1145 758 1206 quatenus
779 1151 887 1193 non
917 1135 1154 1206 segniter
1194 1134 1398 1199 vivant,
1435 1133 1531 1189 sed
1557 1133 1771 1189 fortiter
1812 1134 1866 1188 in
1912 1132 2069 1188 bonis

488 1227 744 1298 operibus
770 1234 1177 1282 conversentur.
1212 1224 1487 1297 Superbos
1511 1239 1761 1295 quosque
1802 1224 2071 1294 praedica-

492 1320 654 1375 tionis
707 1333 957 1376 sermone
1017 1319 1279 1389 castigat,
1329 1327 1385 1372 et
1430 1317 1718 1388 disciplina
1759 1316 2073 1386 evangelica

490 1410 693 1475 domat,
726 1419 786 1465 ut
812 1427 918 1466 non
954 1419 1147 1466 vacent
1172 1410 1301 1473 otio,
1331 1410 1425 1464 sed
1451 1424 1671 1464 carmen
1698 1423 1850 1463 suam
1893 1422 2073 1465 mace-

494 1511 698 1565 rantes,
727 1511 780 1557 et
807 1502 1074 1559 desideria
1110 1500 1348 1556 carnalia
1374 1501 1427 1556 in
1474 1516 1531 1555 se
1578 1499 1989 1562 mortificantes,
2019 1505 2079 1554 et

491 1592 621 1647 vitia
668 1592 852 1649 omnia
884 1609 914 1647 a
970 1607 1027 1648 se
1073 1593 1378 1662 exstirpare
1430 1591 1712 1656 festinent,
1738 1598 1795 1645 et
1843 1590 2076 1645 virtutes

491 1682 763 1753 spiritales
790 1698 889 1754 pro
913 1684 994 1739 eis
1027 1683 1273 1752 plantare
1302 1690 1534 1737 certent.
1574 1681 1733 1749 Quod
1761 1688 1943 1737 autem
1977 1695 2074 1750 per

2182 509 2201 542 ι
2243 490 2380 559 ejus,
2414 498 2470 544 et
2500 490 2553 544 in
2581 489 2762 545 calore
2788 488 3026 545 fornacis
3044 496 3406 544 concertatur.
3436 487 3554 544 Vox
3584 489 3773 544 mallei

2175 601 2195 634 ‹
2242 581 2515 637 innovavit
2542 595 2729 637 aurem
2748 581 2887 651 ejus,
2901 587 2957 635 et
2969 588 3159 636 contra
3181 579 3597 635 similitudinem
3625 579 3776 635 vasis

2176 694 2194 727 ι
2242 672 2431 729 oculus
2475 670 2594 741 ejus
2623 690 2634 725 :
2660 686 2757 727 cor
2808 686 2966 727 suum
2995 670 3145 726 dabit
3177 671 3231 725 in
3292 668 3777 725 consummatione

2180 786 2201 823 ι
2249 781 2513 838 operum,
2536 773 2593 823 et
2616 765 2799 835 vigilia
2839 780 2935 821 sua
2960 763 3255 821 ornabitin
3281 762 3703 833 perfectionem.
3752 780 3772 812 ι

2171 861 2278 918 Per
2301 858 2829 917 fabrumferrarium
2861 858 3005 915 idem
3025 858 3117 928 qui
3139 858 3195 913 in
3217 858 3535 922 architecto,
3570 857 3783 912 hocest

2172 953 2306 1010 ordo
2357 960 2681 1011 sanctorum:
2700 952 3119 1023 praedicatorum
3140 950 3483 1021 exprimitur,
3504 949 3604 1020 qui
3618 949 3782 1019 juxta

2173 1044 2441 1109 incudem,
2472 1044 2576 1098 hoc
2599 1040 2866 1110 est,juxta
2882 1039 3372 1111 durumpraasentis
3386 1039 3513 1094 vita:
3526 1038 3787 1094 laborem

2174 1134 2387 1199 sedens,
2419 1149 2568 1189 arma
2599 1132 2892 1203 spiritalia,
2937 1136 3261 1188 documenta
3290 1130 3547 1187 videlicet
3586 1129 3782 1185 divina

2182 1226 2472 1283 scribendo
2517 1234 2678 1295 atque
2726 1224 2969 1281 docendo
3000 1223 3250 1289 fabricat,
3278 1231 3546 1293 quatenus
3579 1230 3780 1278 contra

2176 1319 2352 1375 hostis
2407 1318 2615 1388 antiqui
2660 1325 2993 1373 teutamenta
3061 1331 3190 1374 suos
3234 1314 3449 1371 fortiter
3508 1314 3787 1369 dimicare

2177 1414 2389 1475 doceat,
2418 1418 2472 1466 et
2498 1411 2877 1467 haereticorum
2905 1416 3068 1481 atque
3116 1406 3565 1478 philosophorum
3590 1412 3777 1459 sectas

2177 1517 2466 1574 perversas
2494 1502 2750 1563 devitarc,
2784 1508 2947 1570 atque
2973 1507 3382 1570 persecutorum
3431 1497 3616 1559 minas
3644 1511 3782 1551 cen-

2178 1602 2426 1655 temnere
2469 1592 2652 1650 faciat.
2705 1590 2877 1660 Huius
2922 1606 3053 1661 ergo
3102 1589 3245 1647 fabri
3291 1604 3508 1653 carnes,
3540 1590 3653 1643 hoc
3697 1598 3787 1642 est

2180 1700 2398 1757 corpus,
2431 1699 2601 1755 vapor
2643 1685 2785 1753 ignis
2810 1690 2867 1738 et
2903 1683 3053 1739 calor
3080 1680 3319 1739 fornacis
3342 1682 3474 1745 urit,
3506 1695 3639 1736 cum
3682 1681 3787 1734 tri-

490 1774 652 1828 boum
716 1784 771 1828 et
846 1783 1126 1830 taurorum
1186 1772 1611 1838 excitationem,
1664 1772 1876 1844 vigilias
1944 1771 2386 1840 dicitpbnlatio
2412 1784 2467 1832 et
2495 1774 2803 1846 persecutio
2836 1773 3021 1830 mundi
3048 1788 3173 1829 eum
3220 1770 3448 1844 fatigare
3476 1787 3588 1827 non
3638 1770 3788 1825 desi-

491 1864 725 1934 pastoris
739 1881 859 1921 esse
884 1866 937 1919 in
961 1866 1147 1935 sagina
1167 1880 1481 1930 vaccarum,
1496 1864 1733 1919 ostendit
1753 1864 1878 1920 boni
1904 1872 2081 1919 recto-

493 1953 568 2008 ris
592 1969 711 2009 esse
741 1954 996 2021 cilicium,
1051 1955 1335 2024 utriusque
1364 1970 1528 2011 sexus
1555 1970 1740 2009 curam
1770 1954 1988 2020 habeat,
2025 1962 2081 2008 et

490 2050 887 2119 prmdicationis
938 2050 1116 2106 studio
1143 2065 1237 2105 eos
1283 2059 1504 2120 pascat,
1534 2050 1645 2105 alat
1670 2058 1731 2105 et
1756 2050 1979 2105 nutriat.

1080 2160 1308 2218 CAPUT
1350 2162 1489 2217 XVI.

958 2232 1034 2287 De
1056 2232 1278 2303 singulis
1305 2234 1612 2303 artiﬁcibus.

571 2344 589 2375 ‹
638 2323 729 2379 Sic
774 2325 952 2381 omnis
998 2324 1151 2380 faber
1200 2335 1256 2381 et
1301 2326 1663 2389 architectus,
1719 2325 1809 2394 qui
1868 2330 2082 2379 noctem

496 2433 515 2467 ι
562 2423 815 2485 tanquam
866 2416 1010 2471 diem
1058 2417 1353 2487 transigit,
1402 2417 1495 2486 qui
1545 2415 1742 2486 sculpit
1804 2413 2084 2485 signacula

496 2526 517 2559 ι
562 2507 860 2576 sculptilis,
908 2516 963 2562 et
1016 2508 1308 2563 assiduitas
1360 2506 1476 2576 ejus
1526 2508 1704 2562 variat
1758 2508 2024 2577 picturam
2066 2524 2080 2560 :

497 2618 516 2650 ‹
561 2613 657 2654 cor
706 2615 863 2654 suum
903 2598 1054 2653 dabit
1103 2599 1155 2653 in
1212 2599 1617 2654 similitudinem
1644 2600 1890 2671 pictum,
1927 2607 1982 2653 et
2008 2598 2088 2652 vi-

499 2712 519 2744 ι
563 2693 689 2764 gilia
742 2709 839 2748 sua
905 2692 1155 2763 perﬁciet
1223 2708 1375 2762 opus.
1428 2713 1446 2744 ι
1513 2692 1654 2761 Quid
1706 2708 1802 2763 per
1872 2690 2084 2746 fabrum

492 2785 637 2839 hunc
664 2794 727 2840 et
744 2786 1127 2850 architectum,
1158 2786 1252 2855 qui
1284 2786 1524 2841 studiose
1570 2794 1729 2841 nocte
1782 2786 1993 2855 dieque,
2031 2785 2087 2841 in

491 2893 656 2948 Opere
686 2894 787 2935 suo
815 2878 1048 2945 laborat,
1083 2886 1142 2933 ut
1167 2878 1447 2949 signacula
1489 2878 1697 2947 sculpet
1747 2886 1802 2933 et
1849 2878 2088 2933 hominis

493 2969 787 3040 imaginem
838 2978 956 3025 arte
993 2970 1292 3041 gemmaria
1345 2969 1561 3037 formet,
1609 2970 1713 3024 nisi
1756 2969 2085 3040 przedicato-

2186 1870 2298 1926 stit.
2334 1869 2450 1924 Vox
2498 1866 2679 1922 mallei
2728 1864 3007 1921 innovavit
3056 1876 3216 1921 aures
3260 1862 3399 1932 ejus,
3425 1872 3567 1917 cum.
3599 1860 3792 1915 edicta

2182 1962 2490 2035 principum
2516 1968 2786 2017 terrorem
2809 1964 3206 2014 tormentorum
3235 1968 3343 2009 non
3374 1960 3603 2010 cessant
3632 1951 3788 2022 inge-

2187 2071 2313 2112 rere
2339 2054 2590 2111 sensibus
2626 2052 2801 2117 illius;
2829 2060 2885 2106 at
2910 2051 3026 2121 ipse
3052 2065 3147 2107 cor
3171 2063 3330 2104 suum
3359 2046 3529 2111 dabit,
3558 2053 3627 2101 ut
3652 2059 3789 2101 eon-

2187 2154 2426 2204 summet
2451 2160 2588 2217 opus
2609 2142 2773 2201 oilicii
2831 2143 2933 2209 sui,
2961 2151 3019 2197 et
3062 2140 3275 2212 vigilias
3304 2138 3538 2195 solertia:
3570 2154 3689 2194 sua:
3718 2136 3793 2191 ad

2188 2242 2295 2296 hoc
2317 2236 2604 2309 impendit,
2626 2245 2686 2293 ut
2706 2253 2833 2293 vasa
2857 2236 3156 2292 electarum
3184 2233 3490 2291 animarum
3512 2232 3589 2286 ad
3610 2231 3794 2286 scien-

2186 2332 2277 2388 tia:
2303 2338 2359 2387 et
2386 2331 2651 2386 virtutum
2672 2328 3060 2401 perfectionem
3090 2326 3371 2398 perducat.
3405 2324 3562 2381 Unde
3585 2322 3793 2378 Paulus

2188 2424 2479 2497 apostolus
2529 2424 2726 2481 horum
2790 2436 3065 2479 armorum
3117 2421 3425 2491 praecipuus
3486 2417 3795 2473 faliricator

2190 2518 2527 2589 quibusdam.
2575 2515 2688 2571 suis
2759 2513 3096 2569 auditoribus
3162 2512 3237 2566 ita
3301 2510 3592 2573 scribens,
3663 2508 3789 2561 ait:

2196 2631 2213 2664 ι
2256 2608 2650 2666 Contortamini
2700 2607 2752 2662 in
2804 2605 3054 2669 Domino,
3083 2610 3138 2660 et
3168 2603 3223 2659 in
3274 2600 3521 2673 potentia
3566 2598 3795 2654 virtutis

2191 2706 2327 2777 ejus.
2355 2705 2695 2763 Induitevos
2745 2711 3077 2758 armaturam
3127 2700 3243 2764 Dei,
3274 2705 3334 2753 ut
3367 2698 3596 2770 possitis
3646 2706 3796 2751 stare

2193 2798 2453 2853 adversus
2484 2794 2710 2851 insidias
2737 2792 2955 2859 diaboli,
2996 2791 3121 2862 quia
3150 2804 3269 2845 non.
3283 2798 3369 2845 est
3419 2789 3577 2846 nobis
3622 2786 3797 2843 collu-

2194 2888 2362 2944 ctatio
2393 2888 2653 2957 adversus
2677 2899 2895 2940 carnem
2922 2891 2976 2939 et
3021 2882 3362 2953 sanguinem,
3393 2880 3491 2935 sed
3521 2879 3796 2935 adversus

2191 2981 2481 3051 principes
2515 2988 2575 3035 et
2615 2986 2938 3049 potestates,
2993 2976 3254 3031 adversus
3302 2973 3491 3029 mundi
3542 2980 3795 3027 rectores

495 3075 581 3115 1'95
647 3061 822 3119 sancti
904 3062 1282 3127 ίηείηυθηιυτν
1329 3063 1422 3133 qui
1479 3063 1627 3118 οῐηηί
1692 3070 1933 3133 tempore
1991 3069 2091 3115 θυι
2194 3075 2545 3129 tenebrarum
2590 3072 2831 3137 harum,
2868 3076 3065 3125 contra
3103 3066 3389 3139 spiritalia.
3422 3065 3689 3136 nequitiae
3738 3065 3793 3119 in

492 3152 755 3221 docendo,
789 3162 883 3208 aut
908 3155 1271 3221 exhortando,
1320 3164 1415 3209 aut
1440 3156 1580 3210 bona
1626 3153 1871 3225 exempla
1904 3162 2087 3209 ostcn-
2116 3139 2169 3200 6
2195 3163 2528 3220 coelestibus.
2583 3161 2891 3232 Propterea.
2923 3159 3153 3231 accipite
3197 3164 3534 3214 armaturam
3582 3155 3709 3220 Dei,
3734 3163 3796 3208 ut

493 3245 667 3307 dendo
696 3247 972 3304 auditores
998 3264 1126 3304 suos
1167 3249 1482 3315 instituunt,
1508 3257 1777 3318 quatenus
1810 3248 2085 3303 interioris

492 3338 731 3397 hominis
756 3340 1013 3397 virtutem
1043 3341 1283 3406 eliciant,
1310 3350 1364 3397 et
1392 3341 1459 3397 ad
1512 3340 1810 3397 conditoris
1837 3341 1919 3396 sui
1952 3341 2088 3395 ima-

492 3431 672 3501 p'nem
715 3432 952 3487 animam
1002 3433 1292 3487 humanam
1344 3430 1677 3499 reforment?
1701 3431 1785 3487 An
1833 3447 1938 3486 non
1997 3430 2088 3484 ille

492 3520 647 3579 faber
668 3529 727 3577 et
746 3524 1079 3578 architectus
1107 3533 1366 3580 strenuus
1392 3524 1443 3578 in
1476 3532 1594 3579 arte
1623 3539 1720 3579 sua
1761 3522 1883 3590 fuit,
1916 3524 2008 3593 qui
2035 3524 2089 3577 in

494 3614 755 3686 Epistolis
784 3618 894 3673 suis
922 3618 996 3673 ita
1021 3618 1264 3688 scripsit,
1292 3620 1478 3674 dicens
1505 3636 1518 3671 :
1566 3637 1584 3669 ι
1608 3618 1703 3673 Dei
1733 3617 1878 3672 enim
1904 3632 2091 3672 sumus

500 3708 799 3777 adjutores;
827 3709 921 3763 Dei
946 3709 1276 3779 agricultura
1306 3710 1461 3773 estis,
1487 3709 1584 3764 Dei
1605 3709 1894 3765 aedificatio
1914 3710 2049 3765 estis
2072 3725 2087 3764 :

501 3798 799 3855 secundum
844 3799 1076 3869 gratiam
1132 3815 1251 3867 qua:
1297 3801 1423 3855 data
1462 3811 1547 3855 est
1588 3801 1741 3865 mihi,
1772 3808 1834 3854 ut
1876 3801 2093 3869 sapiens

501 3891 836 3946 architectus
864 3889 1277 3946 fundamentum
1309 3892 1483 3959 posui,
1523 3892 1661 3945 alius
1692 3900 1872 3946 autem
1906 3905 2093 3961 super-

497 3983 733 4040 adiﬁcat
769 3983 856 4056 (II
894 3983 1016 4038 Cor.
1049 3984 1154 4055 ιιι).
1203 4004 1220 4034 ι
1258 3984 1642 4054 Unusquisque
1688 3992 1869 4039 autem
1912 3983 2095 4038 videat

497 4079 770 4147 quomodo
821 4076 1234 4149 supertedificet.
1282 4077 1350 4134 Et
1393 4078 1563 4132 alibi:
1604 4098 1622 4129 ι
1656 4077 1854 4145 Filioli,
1898 4078 2091 4147 inquit,

498 4172 605 4226 mei
635 4188 771 4242 quos
814 4173 1011 4227 iterum
1055 4172 1320 4242 parturio,
1362 4172 1533 4228 donec
1562 4171 1823 4227 formetur
1848 4170 2095 4227 Christus

500 4263 554 4318 in
578 4264 730 4319 vobis
756 4262 956 4336 (Galat.
986 4264 1083 4336 tv).
1112 4285 1132 4318 ι
1182 4264 1253 4321 Et
1270 4266 1325 4320 in
1351 4266 1462 4322 alio
1482 4266 1602 4321 loco
1627 4284 1639 4320 :
1671 4285 1689 4318 ι
1714 4265 2091 4330 Renovamini,

499 4354 595 4419 ait,
616 4354 807 4424 spiritu
829 4355 1029 4411 mentis
1056 4363 1274 4422 vestrm,
1291 4363 1345 4411 et
1368 4355 1576 4411 induite
1595 4371 1795 4411 novum
1818 4355 2095 4411 hominem

2193 3258 2415 3328 possitis
2445 3255 2701 3312 resistere
2728 3255 2783 3310 in
2815 3254 2907 3311 die
2929 3253 3094 3319 male,
3125 3262 3181 3309 et
3201 3253 3253 3307 in
3282 3252 3542 3308 omnibus
3561 3250 3795 3323 perfecti

2194 3360 2359 3408 stare.
2390 3349 2541 3405 State
2559 3364 2688 3420 ergo
2708 3348 2971 3403 succincti
2993 3346 3206 3403 lumbos
3224 3346 3516 3401 vestros-in
3535 3345 3793 3408 veritate,

2195 3452 2259 3496 et.
2281 3442 2455 3497 induti
2480 3441 2704 3496 loricam
2730 3438 2975 3510 iustitia),
3002 3445 3063 3493 et
3100 3436 3324 3494 ealceati
3349 3436 3517 3507 pedes
3559 3435 3617 3490 in
3648 3451 3795 3506 prte-

2194 3532 2481 3603 paratione
2528 3530 2803 3603 Evangelii
2853 3531 3006 3600 pacis
3036 3548 3049 3584 :
3079 3530 3137 3585 in
3197 3528 3451 3585 omnibus
3507 3537 3793 3585 sumentes

2197 3632 2409 3681 scutum
2437 3623 2582 3689 fidei,
2613 3624 2667 3679 in
2694 3637 2803 3693 quo
2830 3622 3050 3693 [mssitis
3075 3622 3258 3677 omnia
3316 3621 3433 3676 tela.
3466 3620 3791 3690 nequissimi

2196 3717 2351 3789 ignea
2377 3717 2771 3787 exstinguere,
2813 3724 2871 3771 et
2914 3714 3126 3786 galeam
3184 3713 3377 3769 salutis
3426 3713 3713 3775 assumite,
3738 3720 3795 3767 et

2199 3809 2441 3879 gladium
2464 3808 2719 3877 spiritus,
2733 3806 2877 3877 quod
2901 3813 2986 3862 est
3011 3805 3241 3860 verbum
3258 3804 3351 3859 Dei
3386 3802 3605 3874 (Epim.
3639 3804 3739 3871 vi).
3769 3822 3789 3852 ι

2197 3900 2275 3956 Et
2293 3901 2565 3970 quomodo
2606 3900 2661 3955 in
2700 3898 2984 3969 praesentis
3031 3898 3155 3953 vitae
3203 3897 3446 3953 laborem
3492 3896 3580 3951 bis
3625 3897 3794 3950 armis

2197 3994 2459 4049 utendum
2490 3993 2579 4057 sit,
2612 3992 2754 4047 idem
2801 3991 2927 4047 alibi
2955 3989 3214 4053 ostendit,
3245 3989 3434 4044 dicens
3462 4003 3477 4042 :
3517 4005 3538 4039 ι
3580 3986 3643 4042 ln
3674 4003 3793 4042 om-

2198 4083 2358 4140 nibus
2386 4083 2743 4139 exhibeamus
2780 4083 3145 4153 nosmetipsos
3190 4082 3331 4136 sicut
3356 4081 3453 4136 Dei
3481 4080 3789 4145 ministros,

2199 4176 2450 4233 inmulta
2474 4176 2759 4246 patientia,
2790 4176 2855 4230 ιιι·
2875 4174 3334 4240 tribulationibus,
3362 4174 3421 4229 in
3450 4174 3793 4230 necessitati-

2197 4270 2325 4334 bus,
2352 4270 2406 4325 in
2437 4268 2721 4341 angustiis,
2752 4268 2811 4323 in
2852 4267 3047 4339 plagis,
3080 4269 3149 4323 in-
3185 4267 3517 4331 carceribus,
3548 4269 3605 4323 in
3650 4268 3793 4323 sedi-

2200 4359 2459 4425 tionibus;
2512 4360 2571 4414 in
2612 4359 2910 4423 laboribus,
2959 4360 3013 4414 in
3061 4358 3282 4431 vigiliis,
3328 4360 3383 4414 in
3426 4358 3677 4429 jejuniie,
3734 4360 3791 4415 in

499 4451 590 4520 qui
626 4452 920 4506 δθοιιιιίιωη
950 4451 1122 4506 Deum
1150 4457 1371 4506 creatus
1390 4456 1496 4515 est.
1536 4448 1591 4503 in
1633 4445 1842 4515 iustitia
1873 4455 1929 4503 et
1962 4462 2092 4501 san-
2119 4491 2173 4552 Β
2200 4452 2477 4516 castitate,
2508 4452 2563 4507 in
2591 4450 2842 4517 scientia,
2871 4451 2924 4505 in
2948 4449 3376 4521 longanimitate,
3409 4451 3467 4505 in
3493 4452 3787 4517 suavitate,

497 4542 689 4597 ctitate
747 4543 998 4597 veritatis
1047 4541 1263 4613 (Ep/tes.
1313 4539 1411 4612 tv).
1469 4539 1538 4594 Et
1585 4539 1716 4595 item
1757 4557 1770 4593 :
1847 4558 1865 4588 ι
1901 4537 2093 4593 Eslote

498 4650 629 4707 ergo
654 4636 957 4692 imitatores
977 4637 1073 4692 Dei
1096 4636 1238 4691 sicut
1260 4634 1356 4691 filii
1380 4634 1710 4697 charissimi,
1741 4640 1795 4688 et
1814 4630 2093 4687 ambulate

499 4726 554 4780 in
579 4724 873 4782 dilectione
887 4727 1030 4782 sicut
1043 4725 1358 4782 etChristus
1371 4724 1559 4781 dilexit
1584 4739 1685 4779 nos
1701 4721 1919 4796 (Ephes.
1943 4723 2038 4793 tv).
2064 4742 2082 4773 ι

499 4815 567 4871 Et
616 4830 875 4872 rursum:
917 4836 936 4871 ι
974 4815 1177 4883 Nolite,
1219 4817 1415 4886 inquit,
1449 4816 1776 4872 contristare
1824 4814 2093 4887 Spiritum

498 4913 745 4960 sanctum
778 4907 894 4971 Dei,
928 4907 983 4961 in
1012 4922 1118 4977 quo
1152 4906 1346 4979 signati
1396 4908 1530 4963 estis
1576 4908 1632 4962 in
1684 4907 1828 4964 diem
1875 4908 2088 4963 redem-

496 4995 720 5067 ptionis,
757 5004 863 5053 etc.
898 4995 1115 5069 (Ephes.
1168 4997 1266 5070 ιν).
1310 5019 1327 5051 ι
1359 4997 1502 5065 Quot
1527 4999 1672 5053 enim
1724 4998 1936 5070 species
1978 4998 2085 5052 vir-

498 5093 678 5142 tutum
726 5096 872 5153 sunt,
922 5095 1004 5144 tot
1052 5089 1400 5159 operationes
1446 5090 1619 5144 bonas
1666 5098 1724 5145 et
1763 5087 2089 5145 documenta

500 5177 751 5236 doctores
780 5181 958 5238 sancti
984 5182 1039 5237 in
1070 5182 1344 5239 mentibus
1385 5182 1680 5239 electorum
1719 5192 1777 5239 et
1796 5197 2089 5239 conversa-

502 5267 653 5325 tione
674 5272 986 5340 exprimere
1008 5282 1288 5345 satagunt,
1320 5283 1380 5329 ut
1431 5275 1540 5330 sint
1577 5275 1752 5331 sancti
1783 5283 1838 5330 et
1861 5289 2093 5346 corpore

500 5363 559 5413 et
584 5358 800 5427 spiritu,
822 5362 1064 5420 dicentes
1083 5380 1210 5421 cum
1229 5365 1492 5435 Apostolo
1519 5385 1533 5420 :
1568 5386 1587 5419 ί
1620 5366 1742 5436 Ipse
1766 5375 1953 5423 autem
1984 5366 2091 5422 Do-

502 5445 685 5502 minus
694 5449 845 5516 pacis
857 5451 1161 5509 sanctiﬁcet
1172 5469 1269 5511 vos
1282 5470 1378 5525 per
1390 5456 1596 5522 omnia,
1610 5464 1671 5512 ut
1691 5456 1899 5525 integer
1911 5464 2095 5513 vester

504 5536 731 5607 spiritus
753 5543 811 5592 et
837 5539 1018 5595 anima
1053 5550 1110 5597 et
1136 5559 1356 5615 corpus,
1384 5547 1501 5601 sine
1525 5549 1743 5617 querela
1776 5550 1829 5603 in
1858 5549 2093 5605 adventu

505 5623 719 5682 Domini
744 5628 915 5681 nostri
959 5625 1086 5684 Jesu
1115 5630 1317 5688 Christi
1371 5646 1657 5693 serventur
1688 5638 1741 5710 (1
1772 5638 1923 5694 Thes.
1954 5639 2032 5709 v).

584 5735 601 5765 ι
648 5712 741 5771 Sic
774 5714 927 5774 faber
982 5716 1243 5777 ferrarius
1294 5727 1486 5783 sedens
1536 5728 1689 5798 juxta
1738 5730 1988 5787 incudem
2037 5740 2094 5787 et

2199 4547 2255 4601 in
2281 4544 2491 4615 Spiritu
2518 4552 2728 4610 sancto,
2762 4542 2817 4598 in
2866 4542 3134 4597 charitate
3181 4554 3286 4597 non
3334 4541 3492 4608 fietu,
3520 4542 3583 4596 in
3621 4544 3789 4599 verba

2197 4634 2465 4700 veritatis,
2495 4634 2549 4688 in
2579 4633 2785 4688 virtute
2812 4632 2929 4697 Dei,
2955 4647 3052 4703 per
3079 4646 3228 4686 arma
3266 4630 3494 4701 justitite
3520 4633 3790 4690 ardentis

2197 4733 2255 4784 et
2278 4742 2308 4781 a
2337 4726 2594 4789 sinistris,
2627 4740 2723 4795 per
2750 4725 2979 4797 gloriam
3004 4733 3058 4780 et
3088 4724 3500 4796 ignobilitatem,
3522 4742 3624 4796 per
3652 4729 3791 4784 infa-

2196 4820 2363 4876 miam
2397 4826 2452 4873 et
2478 4819 2675 4874 bonam
2730 4817 2947 4882 famam,
2976 4824 3039 4870 ut
3069 4816 3402 4882 seductores',
3434 4827 3490 4872 et
3532 4833 3780 4881 verses,

2197 4913 2341 4969 sicut
2365 4911 2458 4981 qui
2486 4910 2653 4983 ignoti
2684 4918 2740 4966 et
2774 4908 3000 4980 cogniti,
3022 4909 3178 4977 quasi
3220 4908 3536 4973 morientes,
3570 4920 3629 4965 et
3661 4927 3786 4967 ecce

2195 5003 2450 5068 vivimus,
2476 5010 2536 5056 ut
2557 5000 2830 5073 castigati,
2854 4999 3378 5065 etnenmortiﬁcati,
3398 5001 3555 5071 quasi
3581 5002 3783 5066 tristes,

2198 5109 2416 5166 seraper
2439 5093 2966 5163 autem»gaudentes,
3003 5091 3143 5146 sicut
3169 5099 3413 5161 egentes,
3456 5091 3657 5148 multos
3688 5110 3787 5147 au-

2198 5185 2745 5256 temloeupletantes,
2772 5194 3037 5256 tanquam
3057 5185 3474 5242 nihil‘babentes
3498 5195 3556 5241 et
3601 5186 3785 5241 ouilia

2196 5277 2537 5346 possidentes
2564 5274 2651 5346 (Il
2681 5273 2804 5331 Cor.
2831 5273 2998 5347 vn)»

2274 5386 2293 5421 ι
2340 5365 3789 5439 Sicﬁgnlussedensadopussuum,eteenvert§enspe-

2202 5456 2391 5515 edibus
2410 5458 2527 5513 suis
2548 5458 2961 5528 rotam,quique
2989 5458 3044 5513 in
3073 5457 3436 5514 sollicitudine
3462 5460 3676 5529 positus
3699 5465 3785 5514 ei

2202 5568 2222 5603 ι
2267 5564 2485 5621 semper
2507 5558 2728 5620 propter
2746 5565 2883 5621 opus
2898 5566 3075 5615 suum,
3091 5559 3146 5605 et
3169 5550 3448 5606 innumera
3483 5559 3577 5606 est
3604 5551 3792 5608 curtis

2202 5661 2222 5696 ι
2265 5644 2510 5715 operatio
2533 5644 2667 5713 ejus.
2683 5644 2740 5699 ln
2760 5646 2985 5700 brachio
2998 5660 3097 5700 suo
3110 5643 3362 5699 formabit
3377 5643 3571 5710 lutum,
3589 5654 3785 5701 mante

2201 5751 2222 5788 ι
2265 5733 2460 5791 faciem
2470 5749 2624 5791 suam
2638 5735 2890 5793 curvabit
2910 5737 3167 5792 virtutem
3195 5749 3345 5789 suam
3366 5751 3377 5786 :
3395 5748 3663 5791 corsuutu
3688 5737 3785 5792 da-
