4030 6466
258 382 388 440 ἕὶεἷῑἹ

1070 376 1424 438 COMMENT.
1464 380 1534 439 ΙΝ
1569 372 2185 441 ΕοοιιεδιΑδΤιρυΜ.
2224 417 2295 427 ——-
2333 386 2463 443 LIB.
2514 386 2646 443 Vill.

3379 389 3518 448 {958

252 524 270 553 ε
319 498 399 555 bit
415 507 477 555 ut
496 492 1432 570 consummetliniliOnem,etvigilia
1449 510 1546 554 sua
1562 496 1843 555 mundabit
1868 502 1924 562 Α
1946 498 2206 554 doctrinae
2230 499 2391 571 digne
2414 499 2678 571 proferre,
2708 508 2803 556 aut
2823 496 3025 572 aliquid
3057 501 3181 558 bimi
3207 504 3388 574 operis
3414 506 3519 562 rite

254 614 271 645 α
322 588 618 647 (emacem.
663 610 683 643 ι
724 590 793 645 Et
838 586 969 660 quid
999 604 1098 660 per
1130 589 1354 662 ﬁgulum
1380 590 1548 655 hunc,
1573 590 1680 647 nisi
1708 591 1863 661 ipsi,‘

249 686 315 740 de
366 683 565 755 quibus
624 680 994 753 supradictum
1045 690 1169 749 eat,-
1215 683 1389 739 sancti
1452 682 1836 753 pmdicateres

250 770 732 831 demonstrantur?
761 770 869 843 ipsi
896 772 1043 829 enim
1070 787 1171 843 per
1192 774 1406 831 diversa
1430 773 1605 830 cilicia
1635 774 1835 845 gradus

251 868 333 925 sui
381 867 741 924 ministerium
790 866 950 938 digne
991 874 1181 939 agunt,
1222 876 1277 923 et
1318 866 1627 923 doctrinam
1681 878 1837 922 stium

251 961 550 1018 Secundum
597 959 919 1031 qualitatem
973 955 1282 1013 auditorum
1328 964 1633 1028 teniperaut
1666 956 1838 1027 :quia

251 1055 413 1109 aliter
433 1052 754 1109 admonendi
788 1058 915 1106 sunt
937 1049 1233 1121 sapientes,
1274 1049 1431 1105 aliter
1476 1048 1832 1120 insipientes;

253 1148 411 1206 aliter
460 1144 648 1211 fortes,
700 1143 859 1198 aliter
906 1140 1139 1208 inﬁrmi;
1185 1140 1344 1197 aliter
1383 1141 1631 1207 iuvenes,
1680 1140 1839 1195 aliter

253 1248 445 1303 senes;
504 1235 660 1291 aliter
704 1234 807 1289 viri
834 1276 848 1301 ,
902 1234 1167 1303 aliterque
1211 1232 1442 1289 feminae.
1495 1233 1600 1305 ipsi
1656 1241 1839 1289 aratro

254 1325 533 1399 Evangelii
568 1325 827 1382 excolunt
860 1336 1047 1395 agrum
1080 1324 1329 1390 Domini;
1358 1324 1459 1394 ipsi
1485 1338 1614 1380 oves
1635 1331 1691 1380 et
1729 1324 1840 1378 ani-

208 1446 213 1453 -
256 1419 420 1475 malla
446 1416 725 1473 Dominica
749 1422 980 1487 pascunt
1003 1415 1209 1486 pabulo
1232 1414 1413 1481 verbi;
1431 1414 1546 1485 ipsi
1588 1414 1842 1483 scalpunt

256 1509 533 1583 signacula
576 1509 711 1563 novi
734 1505 1071 1563 hominis'in
1125 1506 1381 1563 cordibus
1424 1506 1709 1573 humanis;
1736 1506 1839 1576 ipsi

254 1616 355 1671 per
373 1600 571 1671 linguae
587 1606 699 1654 sum
708 1595 1075 1652 ministerium
1088 1595 1359 1652 fabricant
1369 1609 1519 1650 arma
1540 1595 1835 1661 virtutum;
1860 1646 1864 1651 .

255 1691 465 1762 ipsique
488 1688 708 1761 fragiles
741 1696 797 1747 et
828 1687 1076 1745 inﬁrmos
1102 1689 1286 1746 verbis
1300 1696 1366 1744 .et
1415 1687 1681 1759 exemplis
1724 1689 1837 1744 for-
1864 1722 1865 1725 η

255 1788 408 1837 ruant
435 1786 599 1852 atque
630 1778 961 1846 confertam,
987 1786 1258 1850 quatenus
1280 1792 1381 1835 eos
1424 1777 1662 1834 emciant
1708 1793 1839 1834 vasa

234 1871 612 1939 honorabilia,
645 1876 702 1929 et
736 1871 807 1929 ad
850 1871 1212 1929 ministerium
1263 1870 1359 1927 Dei
1407 1870 1706 1941 aptissima.
1738 1869 1840 1928 llic
1868 1870 1919 1935 Β

254 1980 386 2037 ergo
444 1964 637 2035 ligulas
690 1964 748 2018 in
794 1963 1072 2034 operando
1124 1962 1395 2020 convertit
1440 1961 1675 2031 pedibus
1724 1961 1841 2017 suis

174 2104 175 2107 η
256 2069 455 2125 rotam,
491 2070 615 2114 cum
662 2057 945 2128 praesentis
974 2057 1101 2112 vitae
1135 2056 1426 2113 volubilem
1469 2058 1839 2112 conversatio-

255 2164 378 2205 nem
402 2165 503 2222 per
525 2149 751 2221 vestigia
782 2149 1047 2206 bonorum
1077 2160 1302 2220 operum
1360 2149 1481 2205 suis
1518 2149 1843 2219 sequacibus

256 2243 529 2299 convertit
555 2242 980 2313 adexemplum,
1007 2242 1101 2312 qui
1127 2240 1548 2298 sollicitudinem
1576 2242 1718 2314 gerit
1738 2239 1843 2297 sibi

256 2335 695 2400 commissorum,
710 2338 771 2389 ut
784 2334 1046 2391 benermn
1058 2348 1294 2405 operum
1318 2335 1575 2390 insistant
1598 2335 1808 2390 actibus
1824 2376 1841 2401 ,

256 2429 351 2500 qui
379 2428 497 2485 suis
525 2426 681 2484 factis
730 2428 1066 2484 inﬁrmorum
1110 2429 1332 2485 roborat
1369 2430 1759 2500 operationem,
1787 2436 1845 2485 et

255 2518 578 2573 humilitatis
600 2528 765 2590 atque
778 2521 1208 2577 mansuetudinis
1232 2522 1314 2577 eis
1339 2522 1546 2594 prabet
1561 2522 1839 2594 exempla;

254 2608 350 2679 qui
372 2609 561 2665 cordis
588 2610 671 2665 sui
707 2616 879 2666 totam
905 2611 1243 2666 voluntatem
1300 2612 1367 2665 ad
1426 2612 1531 2666 hoc
1575 2612 1749 2681 ponit,
1781 2620 1843 2667 ut

257 2698 522 2770 quidquid
548 2712 801 2771 asperum
828 2702 901 2758 sit
943 2702 1000 2756 in
1028 2703 1274 2759 moribus
1320 2703 1677 2770 subditorum,
1705 2704 1838 2761 leni-

258 2792 389 2848 tatis
431 2806 543 2849 sua:
592 2792 757 2849 leniat
817 2795 1166 2862 documento;
1228 2797 1297 2852 ad
1364 2797 1576 2868 hecque
1627 2807 1849 2855 omnem
1900 2858 1907 2863 _

256 2882 592 2955 vigilantiam
608 2896 767 2941 suam
792 2885 1074 2957 impendit,
1099 2895 1162 2942 ut
1187 2888 1243 2941 in
1261 2889 1442 2944 (ml-dis
1471 2888 1692 2944 fornace
1718 2891 1845 2961 igne

260 2980 570 3046 exsequens
616 2975 901 3032 charitatis
931 2984 1097 3031 totam
1145 2978 1515 3047 operationem
1558 2978 1846 3048 discipulo-

259 3080 404 3131 rum,
425 3064 643 3122 ﬁamma
667 3066 966 3124 consolidet
990 3068 1297 3124 dilectionis
1325 3070 1488 3138 :quia
1516 3076 1689 3126 totum
1709 3080 1846 3139 opus

261 3170 427 3213 casus
452 3158 538 3212 sui
565 3158 730 3215 habet
763 3159 1173 3226 detrimentum,
1201 3158 1248 3216 si
1274 3160 1560 3218 charitatis
1584 3162 1714 3218 illud
1732 3176 1841 3218 non

259 3247 533 3303 coadunat
558 3248 1029 3320 glutinamentum.

336 3357 356 3389 ι
401 3339 603 3398 Omnes
646 3343 702 3397 in
729 3344 978 3398 manibus
1000 3343 1114 3398 suis
1165 3353 1540 3414 spereverunt,
1571 3354 1627 3402 et
1671 3360 1842 3403 unus-

265 3445 286 3480 σ
324 3429 555 3498 quisque
605 3430 660 3485 in
717 3440 836 3487 arte
876 3445 973 3487 sua
994 3433 1209 3502 sapiens
1241 3442 1343 3489 est.
1381 3454 1399 3486 ι
1434 3435 1633 3491 Omnes
1659 3436 1846 3491 videli-

261 3526 351 3574 cet
374 3527 573 3575 sancta:
600 3522 697 3577 Dei
740 3523 989 3581 doctores
1031 3525 1287 3581 Ecclesiae
1313 3527 1468 3583 bonae
1507 3530 1845 3599 operationis

259 3606 466 3664 habent
491 3611 748 3679 studium,
780 3621 836 3668 et
863 3615 1232 3687 unusquisque
1266 3630 1456 3675 eorum
1485 3617 1640 3688 juxta
1669 3619 1846 3677 distri-

260 3697 537 3755 butionem
567 3698 801 3771 Spiritus
824 3706 998 3759 sancti
1026 3720 1172 3761 sanae
1217 3708 1479 3764 doctrinm
1521 3710 1655 3766 utile
1680 3712 1844 3767 habet

262 3793 462 3849 donum
505 3811 520 3847 ι
557 3794 688 3865 quia
743 3814 765 3847 ι
808 3796 898 3852 alii
957 3798 1174 3869 quidem
1214 3816 1314 3871 per
1357 3800 1621 3873 Spiritum
1683 3805 1847 3860 datm

260 3898 440 3940 sermo
477 3888 772 3957 sapientiae,
803 3888 892 3944 alii
930 3898 1115 3946 autem
1166 3906 1348 3951 sermo
1379 3895 1621 3951 scientiae
1650 3894 1847 3951 secun-

260 3974 391 4030 dum
423 3978 673 4033 eumdem
705 3978 999 4049 Spiritum;
1034 3982 1188 4040 alteri
1231 3985 1365 4042 ﬁdes
1410 3988 1465 4042 in
1502 3988 1691 4044 eodem
1722 3989 1844 4061 Spi-

260 4068 393 4133 ritu,
421 4068 511 4124 alii
538 4070 713 4140 gratia
740 4071 1034 4128 sanitatmu
1058 4074 1113 4128 in
1154 4090 1263 4139 uno
1306 4075 1514 4151 Spiritu
1546 4098 1560 4133 :
1602 4080 1693 4135 alii
1717 4094 1845 4149 ope-

260 4162 403 4217 ratio
427 4162 708 4230 virtutum,
748 4164 841 4218 alii
888 4167 1196 4239 prophetia,
1229 4167 1320 4223 alii
1374 4169 1631 4226 discretio
1678 4172 1843 4241 miri-

261 4260 438 4320 tuum,
463 4253 552 4308 alii
572 4269 776 4327 genera
801 4255 1133 4327 linguarum,
1158 4257 1248 4312 alii
1296 4259 1672 4329 interpretatio
1720 4276 1843 4317 ser-

261 4357 506 4400 menum.
521 4344 648 4401 Haec
672 4353 855 4401 autem
875 4350 1059 4404 omnia
1081 4360 1341 4421 operatur
1357 4366 1500 4407 unus
1519 4361 1680 4424 atque
1700 4355 1845 4411 idem

263 4433 525 4505 Spiritus,
541 4437 787 4493 dividens
833 4439 1063 4511 singulis
1083 4452 1245 4511 prout
1264 4441 1377 4499 vult
1400 4442 1454 4516 (1
1493 4442 1617 4499 Car.
1655 4447 1779 4518 xu).
1817 4466 1842 4501 ι

339 4546 359 4578 ι
401 4526 531 4583 Sine
561 4529 646 4584 bis
668 4530 925 4586 omnibus
946 4547 1058 4588 non
1080 4535 1383 4592 aediﬁcatur
1408 4537 1620 4593 civitas.
1648 4540 1716 4593 Et
1734 4554 1843 4595 non

267 4638 287 4671 ι
332 4618 713 4679 inhabitabant
759 4636 861 4678 nec
901 4622 1336 4693 inambulabam,
1358 4636 1414 4683 et
1458 4629 1517 4683 in
1561 4630 1846 4687 ecclesiam
1870 4624 1926 4688 Π

267 4728 289 4761 ι
332 4726 443 4767 non
463 4712 795 4779 milium;
816 4730 980 4785 super
998 4716 1407 4789 sellanjudices
1426 4734 1535 4781 nou
1555 4724 1840 4790 audebunt,

266 4824 287 4859 ι
330 4813 386 4861 et
410 4813 787 4863 testamean
811 4807 1004 4877 iudicii
1036 4826 1147 4866 non
1194 4812 1520 4884 intelligent,
1548 4831 1726 4887 neque
1750 4830 1844 4887 pa-

266 4919 286 4952 ι
328 4899 435 4955 lam
462 4898 666 4956 faciest
694 4900 1038 4971 disciplinam
1061 4914 1119 4958 et
1135 4904 1427 4975 judicium,
1453 4908 1590 4963 etin
1612 4910 1844 4978 parabo-

267 5010 287 5049 ι
330 4991 396 5048 lis
421 5006 529 5048 non
556 4990 943 5055 invenientur;
972 4994 1070 5049 sed
1093 5003 1400 5052 creaturam
1428 4997 1531 5052 aevi
1559 5000 1845 5054 continua-

267 5104 287 5137 ι
328 5085 483 5148 bunt,
511 5092 568 5139 et
602 5083 919 5154 deprecatio
966 5086 1184 5143 illorum
1234 5089 1289 5144 in
1338 5090 1658 5160 Operatione
1681 5094 1841 5159 artis,

267 5198 287 5231 I
332 5176 809 5236 accommodantes
859 5181 1096 5237 aninism
1144 5197 1319 5250 suam,
1356 5192 1415 5239 et
1460 5186 1846 5254 conquirentes

267 5289 287 5323 ι
330 5270 389 5325 in
416 5268 531 5339 lege
560 5271 842 5328 Altissimi.
877 5290 898 5326 ι
927 5271 1056 5327 Sine
1085 5272 1171 5328 his
1197 5274 1474 5340 omnibus,
1510 5274 1666 5330 donis
1693 5276 1845 5330 vide.

264 5361 392 5418 licet
413 5363 768 5434 spiritalibus,
801 5378 911 5419 non
931 5364 1235 5421 mditicatur
1256 5366 1452 5422 civitas
1478 5365 1759 5432 Ecclesiae,
1787 5376 1845 5423 et

264 5468 374 5511 non
400 5454 723 5512 habitamus
749 5456 937 5513 ﬁdeles
964 5457 1021 5511 in
1038 5472 1127 5523 ea,
1154 5471 1257 5513 nec
1286 5460 1641 5515 ambulabunt
1666 5458 1843 5515 sancti

266 5546 335 5602 de
362 5548 565 5605 virtute
582 5549 637 5604 in
672 5548 946 5615 virtutem,
981 5563 1083 5605 nec
1116 5550 1253 5606 aulae
1284 5552 1525 5609 celestis
1565 5554 1674 5609 iiiis
1717 5568 1846 5625 pan-

265 5641 425 5695 deuti-
444 5640 711 5697 introitus.
748 5642 1075 5702 Catbodram
1098 5658 1311 5715 quoque
1337 5645 1560 5702 honoris
1587 5648 1847 5717 praedica-

268 5741 413 5785 tores
461 5728 735 5802 Evangelii
770 5733 976 5804 absque
1016 5734 1103 5789 his
1131 5734 1233 5789 rite
1270 5748 1383 5789 non
1430 5744 1637 5801 tenent,
1670 5750 1846 5808 neque

268 5821 598 5879 intellectum
652 5826 785 5895 legis
832 5828 928 5883 Dei
974 5828 1193 5893 habere,
1247 5828 1356 5883 imo
1403 5842 1502 5883 nec
1540 5843 1845 5885 sermonem

1846 3237 1918 3307 ια

1939 604 2117 665 agere
2142 600 2414 663 poterunt.
2464 596 2618 652 unde
2643 610 2861 666 quoque
2905 596 3009 667 ipsi
3044 598 3217 653 sancti
3265 596 3516 657 doctores

1938 680 2267 739 charismate
2293 682 2475 740 divino
2500 684 2568 740 ad
2596 694 2733 756 opus
2764 686 2915 743 verbi
2943 698 3003 742 se
3044 686 3326 745 ordinatos
3349 703 3518 761 agno-

1938 781 2194 840 scentes,
2242 783 2551 831 creaturam
2599 776 2889 832 humanam
2933 778 3303 848 temperanter
3342 795 3374 836 a
3406 783 3519 838 Dee

1938 865 2230 932 conditam,
2258 878 2355 937 per
2376 866 2664 937 pmdictas
2691 868 2899 939 species
2917 869 3044 925 deni
3063 869 3302 928 omlestis
3321 872 3378 927 in
3406 873 3513 930 llth

1938 967 1994 1016 et
2024 959 2162 1016 bona
2187 961 2505 1032 operatione
2530 960 2883 1027 conﬁrmant;
2899 970 2956 1017 et
2973 962 3281 1034 deprecatio
3303 964 3518 1022 illorum

1940 1064 2063 1108 cum
2090 1053 2249 1108 bonis
2277 1054 2488 1109 actibus
2533 1053 2792 1108 virtutum
2840 1056 3188 1125 acceptabills
3237 1057 3346 1113 erit
3384 1059 3516 1125 Dee,

1906 1144 2196 1213 quoniam
2252 1146 2461 1200 aululae
2494 1156 2623 1200 suas
2647 1146 2909 1201 dederunt
2954 1158 3056 1216 pro
3098 1145 3359 1205 fratribus
3407 1151 3521 1207 suis

1940 1237 2237 1292 secundum
2263 1246 2592 1309 praeceptam
2647 1238 2779 1311 legis
2826 1239 3112 1307 Altissimi,
3138 1241 3234 1311 qui
3261 1242 3319 1297 in
3342 1242 3522 1298 Evan-

1940 1328 2082 1399 gelio
2098 1330 2378 1400 discipulis
2396 1332 2507 1386 suis
2526 1331 2601 1385 ait
2624 1346 2638 1384 :
2673 1348 2693 1382 ε
2723 1331 2836 1386 Hoc
2854 1338 2943 1386 est
2965 1341 3296 1404 praeceptum
3316 1349 3520 1404 meum,

1940 1429 2002 1477 ut
2032 1422 2267 1494 diligatis
2307 1423 2537 1480 invicem
2584 1424 2725 1479 sicut
2772 1424 2937 1480 dilexi
2965 1436 3080 1481 vos.
3113 1425 3371 1495 Maiorem
3415 1429 3524 1485 hac

1941 1514 2285 1572 dilectionem
2333 1526 2492 1572 nemo
2534 1517 2738 1583 habet,
2769 1532 2932 1589 quam
2978 1526 3041 1573 ut
3079 1519 3317 1575 animum
3366 1534 3521 1577 suam

1942 1609 2064 1678 quis
2087 1617 2252 1678 ponat
2288 1622 2390 1679 pro
2413 1611 2603 1666 amicis
2646 1612 2759 1667 suis
2790 1611 2973 1684 (toan.
3000 1613 3140 1684 xm).
3190 1632 3211 1667 ι
3246 1614 3521 1682 Quantum

1942 1710 2125 1757 autem
2148 1702 2327 1758 divina
2353 1704 2617 1773 sapientia
2658 1704 2889 1760 excellat
2929 1708 3178 1761 humanae
3216 1707 3520 1778 sapientiae,

1943 1806 2176 1862 sequens
2202 1808 2381 1850 sermo
2402 1796 2658 1850 ostendit.
3026 1828 3033 1831 -

2513 1884 2743 1944 CAPUT
2783 1888 2925 1944 XVII
2998 1897 3003 1902 ’

1947 1971 2238 2056 Sapientia;
2262 1974 2401 2056 (aut,
2426 1976 2482 2031 id
2502 1986 2576 2056 est
2599 1976 2735 2056 Δ[τ’ἱιξὶ
2762 1978 2876 2045 Dei,
3060 1996 3153 2050 pet
3172 1981 3338 2051 ipsum
3357 1981 3526 2056 alpinis

2016 2048 2272 2115 sapientia
2298 2055 2345 2100 et
2375 2048 2644 2117 prophetia
2673 2051 2737 2103 sit
2778 2069 2791 2104 ;
2822 2048 2946 2121 quia
2986 2048 3329 2133 seni‘per'cum
3367 2049 3524 2106 Patre

2014 2116 2063 2168 et
2091 2131 2208 2168 cum
2235 2112 2435 2186 Spiritu
2462 2128 2641 2171 sancto
2664 2137 2813 2190 opere
2834 2129 2881 2174 et
2902 2129 3133 2191 potentia
3160 2118 3349 2193 ubique
3374 2130 3469 2175 est.

2017 2202 2403 2281 (CAp.xxxlx.)
2446 2226 2464 2259 ‹
2513 2204 2842 2278 Sapientiam
2891 2210 3131 2265 omnium
3178 2211 3525 2281 antiquorum

1951 2298 1977 2350 «⁸
2012 2298 2257 2369 exquiret
2284 2300 2522 2369 sapiens,
2554 2311 2607 2357 et
2653 2303 2707 2357 in
2738 2302 3016 2375 prophetis
3043 2304 3277 2362 vacabit.
3328 2304 3529 2362 Narra-

1951 2406 1970 2440 ί
2017 2390 2215 2445 tionem
2246 2391 2487 2446 virorum
2514 2393 2916 2449 nominatorum
2971 2395 3335 2463 conservabit,
3364 2407 3420 2451 et
3468 2399 3526 2452 in

1951 2496 1970 2530 ι
2017 2474 2287 2535 veréutias
2334 2481 2713 2552 parabolarum
2762 2483 2921 2540 simul
2986 2484 3251 2542 introibit.
3305 2486 3529 2543 Occulta

1952 2590 1971 2623 ι
2017 2572 2426 2643 proverbiorum
2457 2577 2725 2646 exquiret,
2752 2584 2807 2632 et
2852 2577 2906 2631 in
2932 2573 3266 2634 absconditis
3295 2578 3526 2649 parabo-

1952 2683 1971 2716 ‹
2020 2663 2193 2720 larum
2246 2667 2675 2723 conversabitur.
2712 2664 2778 2723 Et
2826 2667 2878 2722 in
2930 2669 3109 2725 medio
3156 2677 3532 2743 magnatorum

1951 2775 1972 2808 ι
2017 2757 2365 2826 ministrabit,
2391 2767 2445 2813 et
2474 2761 2526 2814 in
2550 2771 2840 2832 conspectu
2872 2763 3117 2833 praesidis
3136 2764 3437 2836 apparebit.
3471 2764 3531 2820 In

1953 2869 1971 2901 ‹
2022 2857 2224 2906 terram
2250 2852 2548 2909 alienarum
2570 2855 2811 2924 gentium
2833 2856 3160 2924 pertransiet
3185 2874 3197 2908 :
3224 2856 3364 2911 bona
3384 2856 3528 2910 enim

1954 2963 1972 2996 ι
2018 2952 2072 2998 et
2119 2944 2258 2999 mala
2290 2947 2341 3000 in
2388 2947 2700 3003 hominibus
2729 2949 2978 3005 tcntabit.
3025 2970 3045 3003 ι
3088 2949 3337 3020 Exquirit
3383 2950 3529 3006 enim

1948 3036 2112 3092 homo
2143 3038 2567 3105 ecclesiasticus,
2601 3048 2655 3096 et
2678 3030 2987 3114 diligentius
3015 3043 3171 3098 discit
3209 3043 3526 3114 sapientiam

1948 3128 2379 3198 patriarcharum
2404 3138 2457 3184 et
2481 3132 2886 3202 prophetarum,
2920 3142 2973 3189 et
3002 3134 3066 3189 ad
3114 3134 3311 3205 scripta
3341 3148 3531 3189 eorum

1949 3217 2257 3273 meditanda
2311 3229 2497 3284 vacat,
2532 3223 2896 3279 narrationem
2937 3225 3176 3281 virorum
3228 3227 3531 3282 nominate-

1948 3324 2091 3376 rum,
2120 3306 2223 3364 hoc
2245 3317 2327 3365 est
2355 3312 2717 3381 apostolorum
2764 3322 2817 3369 et
2858 3314 3331 3387 evangelistarum,
3379 3323 3526 3371 recte

1949 3399 2218 3455 credendo
2258 3410 2311 3456 et
2372 3402 2509 3458 bene
2543 3406 2815 3475 operando
2868 3416 3169 3461 conservat.
3203 3405 3259 3460 lu
3306 3406 3530 3477 parabo-

1949 3488 2015 3544 lis
2036 3506 2251 3560 quoque
2280 3493 2607 3564 evangelicis
2634 3492 2920 3568 diligenter
2950 3497 3241 3553 scrutando
3256 3506 3528 3565 versatur,

1948 3591 2001 3635 et
2025 3583 2315 3653 mysticum
2348 3600 2564 3640 sensum
2589 3587 2641 3641 in
2676 3588 2956 3642 sententiis
2999 3588 3195 3643 divinis
3218 3588 3526 3659 exquirens,

1947 3669 2208 3725 latentem
2242 3671 2552 3744 allegoriam
2579 3676 2632 3729 in
2661 3676 2917 3731 historica
2947 3678 3260 3733 narratione
3303 3678 3528 3733 investi-

1948 3768 2059 3831 gat,
2091 3769 2150 3815 ut
2188 3762 2325 3817 sciat
2349 3764 2476 3834 quid
2506 3763 2808 3821 luculentus
2846 3782 3024 3823 sermo
3067 3767 3217 3840 juxta
3247 3767 3531 3824 moralila-

1948 3858 2056 3907 tem
2096 3862 2152 3909 et
2181 3846 2303 3910 ﬁdei
2329 3856 2567 3927 regulam
2603 3854 2850 3912 utilitatis
2883 3858 3099 3927 habeat,
3135 3860 3330 3930 quidve
3373 3861 3531 3931 juxta

1947 3942 2259 4015 allegoriam
2283 3953 2336 4000 et
2364 3960 2640 4018 anagogen
2664 3949 2976 4017 spiritaliter
3006 3950 3375 4019 accipiendum
3401 3950 3533 4007 insi-

1947 4043 2096 4090 nuet.
2122 4035 2223 4092 llic
2244 4052 2372 4109 ergo
2401 4058 2419 4091 ‹
2450 4041 2502 4093 in
2518 4040 2695 4095 medio
2721 4047 3096 4112 magna‘torum
3123 4042 3472 4109 ministrabit,
3505 4062 3523 4095 ι

1948 4143 2070 4183 cum
2099 4128 2241 4185 inter
2285 4132 2579 4188 catholicos
2623 4134 2874 4189 doctores
2908 4134 3373 4205 disciplinabiliter
3399 4152 3529 4192 con-

1947 4229 2216 4287 versatur,
2247 4234 2305 4277 et
2339 4225 2395 4278 in
2444 4226 2830 4281 ecclesiasticis
2876 4226 3067 4282 ciliciis
3107 4236 3328 4285 strenue
3369 4231 3530 4285 mini-

1949 4317 2118 4377 strat;
2142 4314 2329 4367 ethoc
2355 4320 2415 4368 ut
2444 4329 2551 4368 non
2584 4314 2795 4370 laudem
2820 4316 3111 4370 inmanem
3141 4325 3358 4387 appetat
3380 4318 3530 4384 facit,

1949 4405 2043 4460 sed
2068 4414 2129 4459 ut
2157 4419 2341 4460 coram
2368 4406 2541 4463 oculis
2569 4407 2769 4463 interni
2829 4408 3173 4479 inspectoris,
3205 4409 3295 4479 qui
3346 4409 3532 4479 praesi-

1950 4494 2041 4552 det
2068 4496 2206 4554 eeelo
2234 4506 2287 4552 et
2313 4506 2497 4565 terra,
2533 4508 2589 4555 et
2615 4501 2923 4556 dominatur
2968 4503 3209 4558 omnium
3256 4510 3532 4558 creatura-

1951 4602 2094 4653 rum,
2121 4588 2355 4658 placeat.
2385 4589 2523 4644 Nam
2549 4597 2606 4647 et
2631 4591 2734 4647 iste
2758 4607 2883 4647 cum
2909 4591 3049 4648 beas
3070 4592 3316 4647 eruditus
3339 4592 3395 4647 in
3422 4592 3530 4647 lin-

1950 4696 2054 4753 gua
2081 4682 2261 4737 divina
2299 4696 2398 4753 per
2428 4684 2811 4756 magistrorum
2831 4685 3221 4743 catholicorum
3251 4685 3528 4742 solertiam

1949 4772 2132 4840 fuerit,
2158 4782 2215 4830 et
2248 4776 2617 4832 «metu
2654 4775 2943 4849 disciplina
2966 4776 3299 4834 uuilieientm
3322 4776 3530 4833 instru-

1949 4874 2088 4933 ctas,
2114 4869 2353 4925 doctoris
2382 4868 2616 4925 cilicium
2649 4872 2868 4943 accipit,
2896 4880 2953 4927 et
3009 4872 3204 4928 alienis
3253 4871 3526 4942 gentibus,

1949 4979 2070 5034 quae
2120 4965 2308 5034 utique
2363 4965 2551 5021 alienae
2600 4983 2631 5021 a
2665 4967 2781 5022 veri
2813 4966 2980 5023 Israel
3036 4966 3144 5023 ﬁde
3195 4965 3443 5032 fuerunt,
3473 4974 3530 5022 et

1950 5054 2214 5125 religione
2238 5057 2613 5125 pertransiens
2637 5058 2900 5127 praedicat
2923 5057 3151 5116 verbum
3185 5056 3307 5125 Dei,
3333 5066 3391 5113 et
3411 5064 3529 5113 ten-

1951 5145 2114 5200 tando
2169 5146 2365 5217 probat
2416 5148 2508 5203 ubi
2561 5163 2707 5205 sana)
2776 5147 2903 5207 ﬁdei
2954 5150 3134 5221 possit
3183 5149 3529 5208 introducere

1948 5235 2256 5305 veritatem,
2280 5246 2336 5292 et
2355 5239 2447 5294 ubi
2472 5238 2727 5295 devotum
2748 5238 3052 5298 auditorem
3074 5239 3340 5308 inveniat,
3364 5239 3525 5297 ubive

1949 5325 2218 5399 ingratum
2249 5335 2303 5384 et
2326 5335 2778 5401 contemptorem.

2540 5443 2767 5501 carus
2805 5422 2989 5500 xvlu.

1952 5529 2219 5609 Sapientia
2247 5534 2430 5603 pandit
2454 5537 2593 5606 quod
2620 5536 2891 5591 orantibus
2927 5534 3155 5609 Spiritus
3185 5546 3397 5609 unus:
3432 5537 3525 5609 dot

2020 5602 2333 5679 intellectum
2365 5646 2379 5671 ,
2431 5602 2479 5660 et
2520 5616 2771 5679 tanquam
2812 5602 3030 5679 tutorem
3073 5610 3266 5664 emittet
3320 5607 3525 5679 eloquia

2016 5672 2211 5761 (tonde,
2251 5675 2597 5761 ειιςζρεζεῃάο,
2625 5672 2877 5761 decurrite,
2909 5682 3190 5761 secundum
3212 5672 3524 5761 Δᾼροεςιοῖιηη

2015 5744 2267 5797 dicentem
2296 5744 2573 5815 {Spiritus
2595 5748 2827 5816 postulat
2848 5756 2946 5818 pro
2970 5747 3155 5814 nobis,
3177 5744 3279 5803 etc.

2022 5854 2037 5884 σ
2060 5835 2168 5890 Cor
2191 5848 2344 5890 suum
2369 5836 2541 5893 tradet
2567 5837 2630 5893 ad
2650 5838 2976 5906 vigilandum
2993 5836 3225 5893 diluculo
3243 5834 3309 5891 ad
3334 5833 3523 5890 Demi-
