4030 6472
503 381 645 442 1039
734 406 740 413 -

1145 371 1208 427 Β.
1248 364 1503 425 RABANI
1541 361 1763 421 MAURI
1796 332 2120 419 ARCHIEP.
2160 355 2477 417 MOGUNT.
2518 351 2808 412 OPERUM
2844 347 3026 408 PARS
3060 347 3104 404 ι.

3646 337 3800 396 ιωο

506 518 527 552 ε
562 486 725 560 num,’
736 490 830 562 qui
852 489 985 546 fecit
1024 485 1200 552 illum,
1224 491 1282 539 et
1303 483 1359 538 in
1382 486 1679 551 conspectu
1704 475 1970 533 Altissimi
1995 475 2088 530 de—
2114 479 2168 543 Α
2198 494 2217 527 ι
2249 473 2459 531 Bonum
2486 480 2767 529 certamen
2795 466 3023 545 certari,
3042 478 3265 525 cursum
3301 458 3707 562 consummaﬁ.
3728 458 3799 513 ﬁ-

504 582 889 661 gprecabitur.
917 574 1142 651 Aperiel
1183 591 1249 633 os
1300 589 1458 657 suum
1509 573 1566 628 in
1601 569 1867 633 oratione,
1898 573 1954 623 et
1986 579 2085 661 pro

2190 568 2312 635 dem
2355 565 2588 623 servavi.
2621 564 2680 619 In
2728 562 2939 634 reliquo
2974 558 3220 631 (reposita
3267 565 3352 612 est
3399 554 3533 610 mihi
3587 566 3802 608 corona

506 644 776 737 tudelictis
809 674 923 731 suis
966 644 1415 742 deprecabitur.)
1454 664 1633 721 Mores
1671 672 1729 718 et
1767 660 1934 715 vitam
1960 656 2088 713 boni
2183 656 2430 745 justitim,
2457 672 2622 727 quam
2645 655 2835 713 reddet
2861 650 2995 708 mihi
3017 649 3278 706 Dominus
3302 647 3358 703 in
3382 644 3475 745 illa
3495 644 3801 745 die-justus

504 734 743 829 doctoris
769 734 1070 837 luculenter
1107 761 1371 835 sapientia
1393 758 1646 829 explicat,
1674 753 1766 825 qui
1812 750 2090 808 catholica:
2184 734 2352 807 iudex
2382 748 2469 823 (II
2510 748 2647 804 Tim.
2670 747 2771 820 tv).
2803 766 2822 800 ι
2858 745 2927 802 Et
2967 742 3135 800 alibi:
3164 738 3551 837 «Secundum,
3578 734 3802 837 inquit,

498 864 627 922 ﬁdei
650 861 895 934 regulam
940 870 1165 913 servans
1188 861 1302 909 tam
1331 851 1499 907 verbo
1527 863 1688 927 quam
1713 846 1877 902 etiam
1905 858 2088 901 exem-

494 955 588 1031 plo
605 961 875 1027 praecepta
895 947 1109 1005 Domini
1131 946 1251 1003 sine
1276 942 1581 1002 cessatione
1607 939 1881 1031 praedicat.
1908 956 1929 1031 ξ
1956 934 2091 1031 Tra-

500 1027 581 1106 dit
606 1061 737 1119 ergo
765 1059 860 1100 eor
882 1057 1042 1099 suum
1070 1038 1140 1096 ad
1164 1036 1494 1110 vigilandum
1529 1031 1765 1090 diluculo
1803 1029 1872 1086 ad
1907 1027 2093 1085 Domi-

499 1155 631 1197 num
659 1160 678 1191 ›
730 1137 819 1193 ille
847 1134 942 1207 qui
962 1130 1204 1203 corporis
1228 1128 1513 1200 segnitiem
1537 1142 1569 1181 a
1588 1140 1649 1183 se
1669 1122 1900 1196 repellit,
1922 1130 1979 1178 et
1997 1119 2095 1177 ini-

499 1239 633 1291 tium
689 1240 853 1301 atque
885 1227 1274 1301 perfectionem
1317 1221 1562 1279 omnium
1611 1227 1832 1275 actuum
1867 1231 2094 1275 suorum

499 1322 733 1381 Domino
764 1318 1129 1385 commendat,
1173 1323 1440 1388 quatenus
1494 1313 1611 1384 ipse
1661 1311 1780 1383 ejus
1830 1307 2109 1393 intentiq-q

498 1432 646 1479 nem,
678 1414 843 1471 verba
873 1421 930 1468 et
958 1418 1127 1468 totam
1152 1407 1621 1467 conversationem
1660 1401 1959 1460 secundum
1998 1415 2108 1460 vo-r

497 1507 765 1567 luntatem
784 1520 938 1561 suam
963 1502 1165 1575 dirigat
1188 1520 1200 1556 :
1228 1502 1333 1557 hoc
1358 1499 1557 1571 quippe
1581 1496 1832 1554 oratione
1851 1510 1987 1566 pura
2008 1509 2096 1550 as-

498 1599 653 1655 sidue
672 1597 1019 1668 deprecatur,
1057 1601 1119 1650 ut
1158 1589 1616 1650 clementissimus
1638 1587 1807 1660 judex
1830 1586 2098 1644 concedat

498 1690 602 1748 sibi
637 1687 855 1747 veniam
883 1686 1206 1742 delictorum
1235 1693 1293 1741 et
1318 1685 1588 1741 bonorum
1630 1696 1857 1753 operum
1884 1679 2096 1752 magni-

497 1778 778 1837 ﬁcentiam
805 1778 1032 1835 tribuat.

576 1914 597 1948 ι
626 1892 687 1949 Si
713 1891 858 1948 enim
908 1888 1169 1945 Dominus
1197 1901 1426 1961 magnus
1473 1884 1726 1953 voluerit,
1768 1882 1975 1956 Spiritu
2005 1882 2090 1939 in-

502 2007 522 2039 ‹
559 1983 870 2054 telligentite
900 1979 1130 2052 replebit
1163 1978 1335 2035 illum.
1364 1978 1433 2034 Et
1459 1976 1576 2049 ipse
1601 1984 1862 2047 tanquam
1888 1974 2094 2031 imbres

503 2098 522 2129 ι
560 2077 740 2133 mittet
763 2073 976 2144 eloquia
1012 2071 1293 2144 sapientiae
1321 2085 1434 2126 suae
1463 2087 1476 2125 :
1509 2077 1565 2125 et
1594 2069 1648 2124 in
1679 2068 1928 2124 oratione
1957 2081 2090 2122 con-

501 2189 520 2221 ι
558 2166 800 2224 titehitur
828 2164 1081 2221 Domino.
1106 2163 1175 2219 Et
1193 2162 1308 2233 ipse
1346 2161 1544 2231 diriget
1569 2158 1853 2217 consilium
1877 2156 2016 2226 ejus,
2037 2164 2096 2214 et

501 2280 521 2314 ι
554 2256 916 2329 disciplinam,
951 2262 1010 2311 et
1045 2256 1102 2310 in
1155 2250 1488 2309 absconditis
1531 2251 1645 2308 suis
1693 2248 2090 2307 consiliabitur.

501 2374 519 2403 ‹
554 2352 672 2422 Ipse
698 2348 878 2420 palam
922 2347 1085 2403 faciet
1113 2345 1454 2416 disciplinam
1485 2342 1748 2399 doctrinae
1773 2355 1904 2407 sum,
1934 2348 1991 2423 et
2037 2339 2099 2421 in»

502 2462 520 2494 ι
559 2442 675 2511 lege
696 2437 1006 2496 testamenti
1053 2435 1269 2492 Domini
1309 2433 1653 2506 gloriabitur.
1699 2426 2095 2488 Collaudabunt

501 2554 520 2586 ι
555 2532 711 2588 ωιιΙιί
739 2532 1061 2604 sapientiam
1088 2529 1229 2599 ejus,
1283 2538 1341 2584 et
1384 2542 1556 2597 usque
1594 2526 1651 2581 in
1696 2525 1952 2582 saeculum
1983 2538 2093 2580 non

502 2645 522 2680 ε
558 2624 846 2682 dclebitur.
876 2622 995 2679 Non
1041 2622 1259 2679 recedet
1306 2619 1567 2676 memoria
1621 2619 1758 2689 ejus,
1791 2626 1847 2674 et
1894 2631 2094 2673 nomen

501 2737 521 2771 ι
556 2718 675 2790 ejus
703 2716 1011 2788 requiretur
1050 2730 1080 2769 a
1123 2711 1476 2785 generatione
1514 2710 1567 2767 in
1598 2711 2025 2783 generationem.
2068 2698 2099 2791 »ξ

496 2811 601 2866 Dat
625 2807 886 2863 Dominus
927 2804 1072 2861 ﬁdeli
1112 2819 1211 2860 suo
1248 2802 1456 2858 oratori
1484 2810 1541 2859 et
1578 2801 1821 2874 diligenti
1854 2800 2095 2857 caelestis

494 2900 776 2972 sapientia:
805 2896 1131 2969 exquisitori
1162 2894 1426 2967 Spiritum
1460 2894 1846 2965 intelligentiae,
1878 2892 2096 2949 utsciat

496 2991 711 3064 quando
747 2997 801 3045 ct
846 2988 938 3044 ubi
974 2996 1031 3045 et
1058 2987 1327 3059 quomodo
1352 2984 1537 3040 divina
1586 2983 1803 3054 eloquia
1847 2982 2095 3054 proferre

496 3084 723 3148 debeat;
756 3082 980 3153 ipseque
1006 3079 1192 3150 dirigit
1218 3076 1503 3133 consilium
1525 3077 1683 3132 bona:
1712 3075 2006 3131 voluntatis
2039 3083 2097 3131 et

495 3172 839 3246 disciplinam
895 3180 1057 3227 rectae
1119 3167 1549 3226 conversationis
1600 3165 1737 3235 ejus,
1774 3175 1831 3221 ct
1875 3167 2093 3222 interna

497 3264 853 3337 inspiratione
883 3262 1033 3317 illum
1073 3260 1384 3317 consolatur
1421 3274 1486 3313 ac
1527 3257 1766 3324 roborat,
1799 3265 1859 3312 ut
1883 3256 2094 3313 divino-

498 3373 618 3412 rum
651 3362 1099 3411 testamentorum
1141 3360 1413 3424 praaeepta
1448 3350 1592 3405 inter
1621 3349 1850 3406 adversa
1905 3348 2093 3403 mundi

496 3447 820 3504 ﬁducialitcr
856 3445 1156 3518 praedicare
1190 3442 1386 3498 valeat.
1414 3440 1569 3498 Unde
1591 3439 1745 3496 multi
1770 3439 2092 3511 sapientiam

496 3540 761 3597 doctrina:
792 3538 938 3594 illius
986 3536 1227 3602 laudant,
1279 3542 1335 3590 et
1374 3534 1643 3589 bonorum
1688 3547 1915 3602 operum
1952 3531 2095 3588 illius

501 3633 824 3689 memoriam
870 3648 901 3686 a
935 3629 1289 3703 generatione
1328 3629 1380 3683 in
1412 3626 1818 3699 generationem
1848 3634 2092 3684 servant.

498 3706 629 3785 llaec
646 3741 776 3797 ergo
807 3724 981 3795 gratia
1011 3722 1138 3793 quia
1163 3737 1271 3776 non
1298 3720 1419 3775 aliis
1440 3719 1569 3774 data
1596 3728 1683 3775 est
1723 3718 1834 3775 nisi
1862 3719 2099 3775 doctori-

498 3819 603 3874 bus
646 3814 915 3885 Evangelii
963 3822 1020 3868 ct
1069 3810 1479 3883 gloriosiorihus
1533 3809 1794 3865 membris
1850 3809 2099 3879 corporis

500 3909 722 3975 Christi,
756 3923 877 3980 quae
919 3907 987 3962 ab
1030 3904 1150 3975 ipso
1172 3902 1348 3975 capite
1370 3917 1470 3971 per
1494 3899 1729 3957 ofﬁcium
1760 3901 2097 3974 singulorum

398 4050 399 4055 η
504 4004 872 4060 membrorum
916 3999 1278 4063 ministratur,
1328 4011 1561 4067 sequens
1617 3996 1885 4051 sententia
1931 4004 2098 4052 testa-

500 4106 609 4154 tur.

579 4233 598 4263 ι
636 4208 974 4280 Sapientiam
1011 4204 1130 4276 ejus
1170 4205 1506 4261 enarrabunt
1543 4214 1754 4277 gentes,
1781 4213 1837 4262 et
1882 4206 2099 4265 laudem

507 4324 525 4355 ι
564 4300 682 4372 ejus
724 4298 996 4355 nuntiabit
1017 4296 1283 4354 Ecclesia.
1315 4316 1332 4347 ι
1361 4296 1567 4353 Omnes
1591 4313 1721 4369 ergo
1759 4307 1950 4371 gentes
1990 4301 2100 4356 imo

502 4396 558 4451 in
581 4391 848 4450 universis
874 4390 1125 4463 gentibus
1147 4388 1494 4460 praedicando
1520 4389 1837 4460 pronuntiat
1854 4391 2099 4447 Ecclesia

501 4487 767 4545 catholica
795 4484 1011 4539 laudem
1043 4481 1269 4547 Christi,
1301 4482 1445 4551 quod
1479 4482 1623 4538 idem
1667 4482 1838 4538 Filius
1881 4483 1976 4539 Dei
2007 4485 2099 4554 qui

502 4589 589 4636 est
627 4578 802 4633 virtus
847 4584 904 4630 et
940 4572 1204 4644 sapientia
1256 4572 1457 4637 Patris,
1491 4573 1659 4628 totius
1710 4575 1991 4629 sententiae
2043 4583 2177 4644 etp

503 4669 803 4743 prophetiae
830 4675 997 4736 atque
1022 4664 1265 4721 omnium
1310 4664 1576 4720 bonarum
1612 4664 1877 4721 virtutum
1908 4675 2100 4724 auctor

504 4765 595 4827 sit,
619 4769 677 4818 et
694 4758 1015 4816 distributor
1043 4754 1341 4827 gratiarum
1369 4754 1715 4825 spiritalium,
1759 4772 1902 4813 unus
1927 4770 1986 4814 et
2010 4773 2101 4815 so-

504 4858 590 4916 lus
609 4857 753 4912 Deus
772 4868 896 4910 cum
932 4851 1095 4908 Patre
1129 4857 1189 4908 et
1219 4848 1427 4920 Spiritu
1474 4860 1664 4907 sancto
1719 4866 1955 4925 regnans
2002 4868 2102 4925 per

504 4949 691 5006 omnia
710 4945 927 5004 stecula.

580 5093 600 5127 ι
632 5073 691 5130 Si
726 5068 1093 5143 permanserit
1129 5082 1324 5124 nomen
1378 5068 1515 5139 ejus,
1563 5067 1902 5140 derelinquet
1950 5071 2100 5142 plus-

511 5189 530 5221 ε
568 5181 730 5237 quam
759 5162 906 5219 mille
931 5179 943 5215 :
967 5169 1024 5216 et
1062 5160 1109 5217 si
1139 5160 1487 5231 requieverit,
1518 5160 1763 5231 proderit
1807 5161 1905 5218 illi.
1939 5182 1957 5214 ι
1984 5162 2100 5220 [loc

506 5261 624 5317 vult
664 5258 970 5323 ostendere,
1001 5256 1146 5326 quod
1194 5256 1371 5311 bonus
1419 5254 1629 5323 doctor,
1662 5255 1754 5326 qui
1803 5256 2100 5327 probabilis

507 5361 595 5410 est
615 5352 825 5408 actibus
851 5347 1012 5407 simul
1049 5357 1106 5404 et
1134 5348 1404 5415 doctrina,
1444 5348 1490 5405 si
1522 5348 1630 5403 vita
1657 5348 1900 5421 longiore
1927 5349 2078 5405 vivat

507 5446 710 5505 multos
759 5444 1037 5509 lucretur,
1066 5450 1123 5498 et
1166 5441 1417 5514 plurimis
1445 5440 1542 5497 ﬂat
1588 5457 1752 5498 causa
1798 5441 2021 5508 salutis;
2052 5442 2098 5499 si

509 5546 694 5597 autem
740 5532 961 5598 obierit,
988 5533 1056 5587 ad
1096 5541 1353 5588 aeternam
1400 5533 1645 5603 requiem
1693 5532 1970 5606 migrabit,
2007 5533 2098 5590 ubi

510 5640 723 5685 merces
749 5623 1018 5695 condigna
1038 5622 1248 5679 meritis
1273 5622 1416 5679 illius
1456 5639 1486 5678 a
1504 5622 1654 5693 justo
1673 5620 1856 5693 judice
1890 5640 2102 5681 recom-

509 5717 847 5793 pensabitur.
882 5715 1037 5773 Unde
1077 5722 1133 5772 et
1159 5716 1351 5772 doctor
1376 5716 1619 5788 gentium
1667 5718 1735 5775 de
1780 5719 1969 5791 agonis
2014 5721 2099 5777 sui

513 5811 811 5882 certamine
838 5806 1119 5880 praemium
1151 5813 1365 5871 certum.
1400 5821 1625 5883 sperans
1669 5809 1934 5875 audenter
1978 5813 2096 5871 ait:

2190 3598 2374 3671 junxit
2423 3619 2437 3656 :

2190 845 2654 916 exspectationem
2691 850 2749 898 et
2776 854 2929 911 spem
2979 851 3159 895 meam
3185 835 3240 891 in
3268 832 3416 890 nullo
3463 829 3803 894 confundor,

2192 937 2288 997 sed
2306 936 2360 991 in
2380 935 2527 992 omni
2549 933 2747 991 ﬁducia
2772 933 2915 989 sicut
2941 943 3159 1001 semper
3177 923 3622 998 magniﬁcabitur
3639 920 3805 977 Chri-

2192 1030 2311 1079 stus
2337 1023 2393 1079 in
2419 1037 2649 1095 corpore
2693 1035 2817 1086 meo
2853 1018 2971 1076 sive
3002 1032 3101 1089 per
3141 1016 3311 1072 vitam
3343 1013 3459 1070 sive
3502 1026 3607 1084 per
3652 1026 3805 1066 mor-

2194 1126 2347 1175 tem:
2374 1115 2507 1171 mihi
2536 1123 2720 1170 autem
2766 1112 2950 1168 vivere
2990 1108 3243 1167 Christus
3282 1113 3388 1172 est,
3419 1113 3479 1161 et
3520 1102 3665 1160 mori
3719 1101 3804 1155 lu-

2196 1225 2373 1267 crum.
2403 1207 2561 1277 Quod
2586 1207 2635 1263 si
2654 1206 2837 1263 vivere
2860 1205 2917 1260 in
2945 1218 3110 1260 carne
3133 1202 3226 1258 hic
3254 1199 3390 1256 mihi
3423 1197 3645 1254 fructus
3672 1210 3808 1266 ope-

2162 1326 2166 1331 ο
2194 1301 2275 1359 ris
2297 1309 2402 1367 est,
2421 1309 2479 1357 et
2499 1299 2629 1372 quid
2655 1298 2850 1370 eligam
2872 1297 3083 1369 ignoro.
3114 1294 3378 1351 Coarctor
3403 1299 3594 1346 autem
3617 1304 3651 1343 e
3669 1288 3807 1343 duo—

2193 1397 2320 1463 bus,
2345 1395 2674 1453 desiderium
2700 1392 2907 1450 habens
2936 1389 3156 1448 dissolvi
3186 1396 3388 1445 etcum
3403 1384 3633 1442 Christo
3656 1395 3805 1445 esse,

2194 1488 2367 1546 multo
2392 1488 2537 1544 enim
2564 1486 2791 1559 melius;
2815 1495 3139 1555 permanere
3161 1487 3346 1535 autem
3369 1478 3424 1532 in
3452 1490 3651 1539 carne,
3682 1486 3805 1526 ma-

2196 1582 2281 1656 gis
2302 1580 2669 1638 necessarium
2703 1587 2789 1635 est
2815 1586 3039 1650 propter
3058 1590 3155 1633 vos
3182 1571 3404 1647 (Philip.
3431 1570 3497 1643 ι).
3532 1588 3548 1620 ι

2218 1712 2225 1719 .
2274 1694 2293 1727 ι
2321 1673 2514 1732 Adhuc
2562 1670 2891 1729 consiliabor
2923 1677 2984 1725 ut
3018 1680 3294 1727 enarrem,
3339 1660 3633 1719 Ortumre
3656 1659 3809 1718 enim

2204 1785 2224 1819 ι
2258 1765 2497 1837 repletus
2518 1780 2638 1821 sum
2670 1763 2724 1819 in
2747 1776 2901 1819 voce.
2926 1781 2946 1815 ι
2972 1759 3283 1832 lntelligens
3301 1757 3447 1813 enim
3467 1755 3556 1811 vir
3576 1762 3811 1811 sanctus

2120 1853 2169 1915 B
2194 1873 2292 1933 per
2317 1856 2689 1914 incitationem
2711 1854 2967 1926 Spiritus,
2998 1851 3321 1925 sapientiam
3354 1850 3451 1906 Dei
3482 1849 3632 1907 velle
3660 1852 3810 1921 prio-

2196 1950 2349 2008 ribus
2399 1947 2745 2019 sermonibus
2809 1946 2989 2002 adhuc
3037 1945 3195 2017 plura
3252 1942 3476 2008 addere,
3533 1941 3677 1999 dicit
3748 1957 3813 1997 se

2194 2050 2508 2115 promptum
2536 2040 2721 2099 animo
2740 2046 2977 2097 aestuare
3011 2046 3070 2094 et
3101 2051 3291 2094 secum
3320 2034 3631 2101 eonsiliari,
3655 2042 3721 2089 ut
3740 2050 3811 2090 ea

2194 2148 2318 2205 quae
2364 2133 2542 2189 adhuc
2566 2136 2777 2188 restant
2803 2132 2869 2187 de
2913 2127 3254 2186 mirabilibus
3280 2126 3379 2183 Dei
3404 2134 3657 2183 enarret.
3688 2125 3814 2183 Sci-

2194 2224 2322 2281 licet
2342 2224 2614 2296 quomodo
2635 2223 2795 2281 bonis
2823 2223 2988 2289 bona,
3016 2230 3073 2278 et
3110 2220 3270 2277 malis
3303 2219 3447 2275 mala
3496 2219 3809 2276 secundum

2196 2316 2455 2374 meritum
2474 2330 2702 2386 operum
2727 2329 2949 2370 suorum
2970 2311 3324 2384 praevenient.
3366 2310 3685 2382 lncitatque
3713 2327 3813 2366 au-

2196 2408 2404 2473 ditores
2449 2422 2601 2474 suos,
2638 2416 2699 2464 ut
2724 2408 2997 2475 honorum
3016 2421 3245 2479 operum
3289 2403 3529 2462 fructum
3557 2406 3809 2478 quandin

2195 2498 2384 2554 vivant
2404 2499 2626 2571 gignere
2649 2512 2758 2554 non
2781 2504 3017 2564 cessent,
3051 2496 3240 2553 dicens
3266 2513 3280 2550 :

2274 2611 2293 2644 ι
2320 2591 2600 2649 αοὶκιυάἱιθ
2625 2606 2735 2658 me,
2777 2590 2947 2647 divini
2992 2589 3202 2647 fructus
3229 2605 3516 2661 aquarum,
3557 2600 3621 2646 et
3649 2591 3809 2661 quasi

2203 2703 2223 2738 ‹
2261 2699 2400 2740 rosa:
2453 2684 2713 2756 plantata:
2755 2699 2922 2756 super
2967 2683 3144 2740 rivum
3178 2699 3446 2755 aquarum
3501 2681 3810 2740 fructiﬁca-

2200 2784 2271 2833 tc.
2315 2796 2335 2829 ι
2370 2774 2539 2846 Aqua:
2589 2776 2644 2831 in
2683 2774 2966 2847 Scriptura
3005 2790 3163 2832 sacra
3202 2775 3499 2847 aliquando
3535 2774 3806 2847 Spiritum

2195 2876 2478 2934 sanctum,
2530 2866 2822 2939 aliquando
2873 2858 3160 2945 scientiam
3216 2882 3451 2935 sacram,
3507 2867 3807 2938 aliquando

2196 2959 2480 3015 scientiam
2526 2975 2749 3031 pravam
2774 3002 2789 3028 ,
2845 2960 3137 3033 aliquando
3186 2961 3599 3018 tribulationem
3628 3002 3647 3028 ,
3707 2961 3807 3018 ali-

2196 3050 2416 3121 quando
2440 3058 2625 3107 autem
2644 3050 2940 3109 detinentes
2966 3051 3217 3124 populos,
3257 3050 3554 3123 aliquando
3590 3060 3809 3108 mentes

2197 3143 2361 3200 ﬁdem
2397 3145 2740 3216 sequentium
2791 3145 3169 3202 demonstrare
3210 3143 3416 3211 solent;
3468 3160 3570 3216 per
3602 3160 3805 3215 aquam

2121 3212 2168 3277 (ἶ
2199 3240 2399 3309 quippe
2456 3212 2631 3293 s—ancti
2685 3236 2923 3308 Spiritus
2974 3235 3174 3292 inlusio
3233 3212 3579 3305 designatur.
3649 3212 3808 3291 Sicut

2199 3326 2255 3383 in
2282 3326 2574 3399 Evangelio
2618 3328 2816 3384 dicitur
2843 3345 2858 3383 :
2911 3346 2930 3379 ι
2963 3328 3066 3396 Qut
3099 3326 3276 3383 credit
3313 3326 3368 3381 in
3397 3340 3510 3393 me,
3549 3326 3704 3382 sicut
3728 3325 3807 3381 di-

2197 3421 2276 3477 cit
2323 3419 2638 3491 Scriptura,
2668 3419 2892 3477 ﬂumina
2920 3421 2989 3478 de
3038 3427 3230 3478 ventre
3268 3419 3389 3491 ejus
3434 3417 3611 3476 ﬂuent
3650 3435 3807 3489 aqua:

2197 3511 2335 3567 vivae
2396 3510 2579 3589 (Joan.
2627 3511 2736 3585 vn)
2771 3531 2785 3568 :
2826 3530 2848 3565 ι
2879 3511 2974 3568 ubi
3023 3511 3369 3585 Evangelista
3435 3519 3667 3568 secutus
3709 3511 3807 3567 ad-

2492 3621 2511 3655 ι
2554 3601 2670 3659 Hoc
2710 3611 2893 3659 autem
2939 3602 3077 3660 dixit
3121 3602 3190 3659 de
3239 3602 3467 3674 Spiritu,
3498 3617 3672 3674 quem
3723 3617 3806 3659 ao

2199 3695 2409 3767 cepturi
2431 3704 2593 3753 erant
2636 3698 2923 3754 credentes
2974 3698 3029 3753 in
3064 3710 3191 3752 eum
3225 3695 3438 3769 (Ibid.).
3497 3717 3517 3749 ι
3564 3695 3805 3753 Romam

2198 3803 2298 3860 per
2326 3803 2523 3859 aquam
2555 3797 2744 3846 sancta
2793 3788 3059 3859 sapientia
3107 3787 3442 3859 designatur,
3488 3788 3641 3844 sicut
3670 3789 3805 3844 dici-

2201 3888 2293 3936 tur
2320 3895 2335 3934 :
2369 3899 2389 3933 ι
2423 3880 2579 3953 Aqua
2628 3881 2907 3953 sapientiae
2933 3879 3188 3937 salutaris
3232 3879 3440 3951 potavit
3463 3894 3563 3936 eos
3591 3879 3802 3952 (Ecdi.

2200 3971 2315 4044 xv).
2353 3991 2372 4025 ι
2420 3971 2526 4028 Per
2568 3987 2768 4042 aquam
2794 3987 3011 4043 quoque
3059 3987 3228 4043 prava
3276 3970 3509 4028 scientia
3538 3971 3803 4043 appellari

2201 4061 2355 4127 solet,
2389 4062 2530 4119 sicut
2552 4064 2695 4133 apud
2734 4061 3079 4118 Salomonem
3109 4062 3306 4119 mulier
3328 4078 3450 4135 qua:
3473 4072 3668 4134 typum
3691 4062 3803 4118 ha-

2202 4169 2388 4216 reseas
2424 4163 2570 4211 tenet
2608 4154 2818 4210 callidis
2856 4153 3204 4211 suasionibus
3234 4154 3536 4220 blanditur,
3566 4155 3801 4211 dicens:

2209 4265 2229 4299 ι
2258 4248 2429 4320 Aquae
2457 4248 2669 4304 furtiva:
2690 4247 2959 4304 dulciores
2976 4256 3104 4304 sunt
3127 4247 3311 4320 (Prov.
3344 4248 3445 4321 ιχ).
3475 4268 3495 4301 ι
3520 4250 3803 4320 Aquarum

2202 4352 2335 4410 ergo
2376 4338 2596 4394 nomine
2633 4352 3022 4413 nonnunquam
3070 4337 3247 4394 solent
3290 4338 3680 4394 tribulationes
3722 4338 3807 4392 in-

2205 4433 2400 4505 telligi,
2415 4434 2556 4489 sicut
2577 4449 2676 4505 per
2690 4433 3037 4489 Psalmistam
3053 4432 3281 4490 dicitur:
3301 4450 3321 4484 ι
3338 4431 3564 4489 Salvum
3582 4448 3677 4489 me
3697 4432 3802 4497 fac,

2205 4525 2371 4591 Deus,
2405 4525 2665 4595 quoniam
2687 4525 3027 4581 intraverunt
3049 4541 3203 4597 aqua:
3238 4540 3412 4597 usque
3447 4526 3528 4581 ad
3561 4528 3803 4583 animum

2200 4634 2382 4675 meam
2412 4615 2589 4690 (Psal.
2621 4618 2839 4691 vant.)
2877 4639 2896 4672 ι
2930 4617 3036 4675 Per
3068 4634 3266 4690 aquam
3299 4619 3486 4691 populi
3504 4619 3803 4693 designan-

2202 4719 2312 4777 tur,
2356 4711 2499 4767 sicut
2522 4725 2623 4782 per
2663 4709 2930 4768 Joannem
2958 4712 3199 4775 dicitur:
3238 4731 3258 4765 ι
3305 4712 3480 4784 Aqua:
3500 4728 3638 4771 vero
3678 4725 3807 4771 sunt

2200 4802 2384 4875 populi
2411 4802 2596 4875 (Apoc.
2625 4802 2783 4877 xvn).
2813 4823 2834 4857 ι
2869 4803 2976 4861 Per
3005 4819 3202 4876 aquam
3227 4819 3448 4877 quoque
3474 4822 3587 4863 non
3622 4807 3799 4863 solum

2200 4894 2379 4950 ﬂuxus
2402 4894 2808 4951 decurrentium
2833 4894 3173 4968 populorum,
3210 4896 3305 4952 sed
3328 4896 3500 4952 etiam
3529 4898 3801 4955 honorum

2203 4996 2413 5045 mentes
2434 4990 2855 5060 praedicamenta
2884 4989 3009 5047 ﬁdei
3045 4991 3391 5061 sequentium
3421 4990 3798 5064 designantur,

2203 5081 2349 5138 sicut
2375 5083 2637 5153 propheta
2655 5082 2761 5138 ait:
2785 5101 2803 5134 ‹
2825 5083 2977 5138 Beati
3003 5082 3098 5154 qui
3123 5081 3404 5139 seminatis
3429 5097 3597 5153 super
3608 5097 3801 5139 omnes

2204 5189 2378 5245 aquas
2411 5173 2548 5246 (Isa.
2582 5173 2781 5246 χχχιι).
2836 5196 2855 5229 ι
2914 5175 2981 5230 Et
3024 5190 3121 5246 per
3152 5173 3496 5231 Psalmistam
3532 5174 3739 5231 dicitur
3780 5195 3796 5230 :

2211 5284 2229 5317 ι
2250 5264 2369 5322 Vox
2392 5265 2610 5322 Domini
2629 5282 2792 5338 super
2825 5281 2996 5337 aquas
3018 5265 3193 5337 (Ρωι.
3226 5263 3443 5336 χχνιιι).
3468 5284 3490 5317 θ
3525 5263 3647 5323 Hoc
3670 5281 3799 5337 ergo

2203 5357 2262 5413 in
2287 5356 2406 5413 loco
2442 5358 2573 5427 quid
2612 5372 2879 5427 aquarum
2906 5357 3124 5415 nomine
3153 5356 3257 5412 nisi
3301 5355 3604 5411 electorum
3630 5357 3795 5412 corda

2204 5446 2595 5522 designantur?
2623 5464 2745 5519 qua:
2767 5464 2866 5519 per
2892 5448 3224 5504 intellectum
3245 5448 3528 5519 sapientiae
3551 5448 3795 5506 auditum

2201 5538 2316 5610 jam
2359 5554 2608 5610 superna:
2657 5539 2807 5595 vocis
2835 5546 3179 5608 acceperunt.
3220 5556 3239 5589 ‹
3274 5536 3567 5603 Obaudite,
3596 5538 3793 5610 inquit,

2206 5645 2317 5697 me,
2341 5628 2510 5685 divini
2533 5627 2742 5686 fructus
2783 5645 3070 5704 aquarum,
3091 5638 3147 5685 et
3171 5629 3327 5700 quasi
3355 5644 3497 5686 rosa:
3537 5629 3797 5700 plantat:

2205 5738 2369 5795 super
2428 5721 2604 5778 rivum
2651 5736 2913 5793 aquarum
2967 5719 3330 5789 fructiﬁcate;
3383 5740 3405 5775 ι
3442 5737 3509 5778 ac
3545 5722 3593 5778 si
3647 5722 3795 5779 dice-

2206 5821 2293 5873 ret
2323 5830 2337 5868 :
2368 5812 2642 5879 Attendite
2664 5812 2732 5871 ad
2757 5811 3061 5875 doctrinam
3094 5825 3270 5872 meam
3290 5824 3311 5882 ,'
3337 5825 3437 5885 per
3458 5811 3790 5891 baptismum
