4030 6516
257 415 390 472 1041

1103 414 1464 473 COMMENT.
1506 414 1574 472 ῐΝ
1613 415 2225 476 ECCLESIASTICUM.
2250 425 2331 460 "—
2367 418 2496 476 LIB.
2536 419 2668 478 Vill.

3390 426 3414 481 l
3423 420 3531 482 042

252 539 586 606 regenerata:
636 530 832 588 uberes
869 537 1078 588 mentes
1127 531 1445 598 electorum,
1498 540 1553 587 et
1603 531 1835 587 fructum
1864 540 1919 602 Α
1941 533 2170 589 rientem
2196 533 2493 604 pascimus,
2521 533 2650 590 dum
2677 533 2880 591 nudum
2901 535 3186 600 vestimus,
3210 535 3338 592 dum
3361 551 3536 610 aegro-

252 626 500 700 martyrii
529 625 585 681 in
610 625 858 681 discursu
895 625 1139 681 mortalis
1169 624 1296 680 vita:
1323 625 1543 698 gignere
1584 639 1693 680 non
1723 624 1838 681 for-

253 717 498 783 midate;
552 716 678 786 quia
725 715 949 771 odorem
999 715 1380 772 suavissimum
1421 723 1476 771 et
1512 714 1840 771 sacriﬁcium

252 809 585 880 acceptabile
596 808 826 864 Domino
848 808 972 864 inde
984 808 1258 880 profertis.
1278 807 1433 864 Unde
1463 809 1836 881 subjungitur:

327 921 347 955 ‹
383 902 550 970 Quasi
591 901 830 958 leanus
863 901 1085 957 odorem
1121 901 1407 958 suavitatis
1458 902 1674 957 habete.
1721 900 1842 956 Flo-

256 1013 277 1049 ι
312 1006 450 1061 rete,
479 994 659 1060 ﬂores,
689 994 843 1066 quasi
869 993 1040 1050 lilium
1071 1002 1128 1050 et
1169 994 1294 1050 date
1339 994 1581 1060 odorem,
1613 1002 1671 1049 et
1695 992 1844 1049 fron-

257 1108 277 1143 ι
313 1090 438 1146 dete
458 1089 513 1144 in
533 1089 789 1161 gratiam,
801 1095 858 1144 et
884 1087 1187 1146 collaudate
1214 1088 1487 1144 canticum
1508 1106 1520 1142 :
1538 1094 1594 1143 et
1616 1085 1842 1143 benedi-

255 1200 276 1234 ι
312 1180 419 1237 cite
443 1179 618 1235 Deum
642 1180 696 1235 in
726 1179 982 1251 operibus
1011 1179 1144 1236 suis.
1179 1199 1198 1234 ι
1244 1179 1383 1235 Nam
1405 1179 1689 1250 (Propheta
1717 1192 1846 1249 pas-

249 1272 459 1328 sionem
502 1273 749 1344 martyrii
810 1271 1039 1330 Domino
1082 1273 1465 1345 gratissimam
1509 1286 1630 1328 esse
1677 1285 1846 1342 agno-

250 1379 433 1432 scens,
476 1365 532 1420 in
581 1365 836 1436 psalterio
862 1366 984 1420 ait:
1023 1384 1041 1418 ‹
1093 1365 1231 1433 Quid
1273 1365 1569 1422 retribuam
1615 1363 1844 1419 Domino

249 1474 347 1529 pro
382 1457 634 1514 omnibus
675 1474 796 1528 quae
839 1459 1095 1515 retribuit
1125 1459 1293 1514 mihi?
1324 1458 1563 1515 Calicem
1588 1457 1844 1513 salutaris

251 1549 536 1620 accipiam,
563 1557 620 1604 et
655 1563 853 1605 nomen
885 1551 1096 1606 Domini
1151 1550 1437 1606 invocabo.
1469 1549 1712 1605 Pretiosa
1759 1557 1846 1606 est

253 1641 307 1696 in
355 1650 649 1711 conspectu
693 1641 907 1697 Domini
950 1659 1099 1699 mors
1147 1651 1460 1700 sanctorum
1513 1643 1631 1714 ejus
1668 1642 1841 1717 (Psal.

250 1730 394 1803 cxv).
426 1752 445 1785 ι
480 1731 547 1786 Ει
571 1733 830 1803 quoniam
872 1734 1013 1790 sicut
1051 1749 1189 1792 rosa).
1213 1735 1556 1806 martyrium,
1592 1736 1664 1789 ita
1695 1742 1750 1789 et
1775 1735 1846 1790 li-

250 1823 381 1878 lium
407 1824 716 1879 castitatem
741 1824 1036 1896 signiﬁcat,
1064 1834 1122 1881 ut
1149 1828 1402 1883 ostendat
1425 1835 1716 1898 utrumque
1744 1842 1846 1882 no-

1940 635 2058 683 tum
2086 628 2394 695 visitamus,
2434 637 2576 696 etc.,
2611 644 2733 699 quae
2775 629 2900 686 licet
2942 630 3232 686 videantur
3269 631 3536 703 carnalia,

1941 720 2238 775 divinitatis
2278 728 2460 776 tamen
2504 736 2690 778 amore
2727 732 3082 794 peraguntur.
3135 718 3533 784 Citharizamus

1941 829 2187 887 quoque,
2230 830 2352 870 cum
2390 814 2444 870 in
2479 815 2826 885 passionibus
2851 816 3054 872 nostris
3077 817 3161 871 vel
3201 816 3416 873 damnis
3447 833 3535 874 se-

1943 905 2061 961 curi
2092 920 2158 962 ac
2183 905 2294 962 lati
2335 906 2568 963 dicimus
2609 921 2624 961 :
2669 925 2688 958 ι
2734 906 3002 963 Dominus
3043 907 3228 974 dedit,
3273 909 3536 966 Dominus

1943 998 2198 1066 abstulit;
2244 999 2385 1056 sicut
2429 999 2659 1055 Domino
2699 1000 2928 1071 placuit,
2970 1001 3047 1056 ita
3080 999 3283 1058 factum
3315 1008 3438 1058 est:
3463 1002 3538 1058 sit

1942 1106 2143 1148 nomen
2180 1091 2397 1148 Domini
2438 1092 2786 1149 benedictum
2838 1091 2993 1163 (Job.
3037 1091 3110 1165 1).
3145 1111 3164 1146 ι
3210 1091 3537 1149 Psalterium

1941 1199 2074 1240 vero
2093 1184 2494 1241 decachordum
2516 1191 2635 1251 est,
2660 1185 2805 1256 quod
2835 1183 3024 1239 ordine
3061 1199 3325 1241 converso
3355 1184 3538 1238 alvum

1945 1275 2164 1332 cithar:e
2204 1277 2257 1331 in
2290 1277 2663 1349 superioribus
2697 1277 2883 1341 habet,
2925 1273 3072 1330 unde
3110 1275 3178 1329 ad
3220 1273 3536 1329 inferiorem

1943 1380 2153 1442 partem
2194 1387 2392 1427 canora
2434 1370 2522 1426 ﬁla
2559 1371 2923 1436 descendunt,
2955 1367 3042 1424 cui
3070 1375 3336 1440 prtecepta
3380 1366 3541 1420 deca-

1944 1463 2051 1534 logi
2073 1464 2459 1520 convenienter
2484 1471 2741 1534 aptantur
2765 1479 2780 1517 :
2807 1461 2932 1532 quia
2959 1459 3254 1516 secundum
3299 1457 3531 1512 formam

1947 1555 2295 1610 instrumenti
2355 1555 2516 1626 hujus
2573 1554 2639 1610 de
2689 1549 2940 1624 supernis
2999 1550 3271 1605 venientia
3325 1547 3540 1602 Domini

1943 1647 2093 1720 jussa
2117 1645 2472 1716 suscipimus;
2497 1652 2552 1700 et
2574 1643 2861 1699 considera
2882 1642 3012 1712 quia
3035 1640 3210 1696 solum
3232 1647 3316 1694 est
3337 1639 3514 1692 instru
3529 1667 3542 1677 ο

1949 1747 2190 1794 mentum
2230 1740 2518 1804 musicum,
2568 1737 2711 1809 quod
2748 1752 2846 1808 pro
2901 1733 3218 1791 excellentia
3260 1733 3344 1788 sui
3377 1733 3540 1787 deca-

1952 1830 2216 1885 chordum
2258 1831 2504 1896 dicatur;
2537 1846 2645 1885 non
2688 1829 2833 1885 enim
2863 1828 2969 1884 hoc
3011 1828 3078 1883 de
3115 1827 3324 1882 cithara
3360 1824 3446 1879 vel
3477 1825 3542 1880 de

250 1924 364 1973 stro
413 1917 680 1973 conditori
724 1919 1269 1989 acoeptabilissimum
1299 1920 1433 1986 fore,
1469 1921 1639 1976 dicit:
1677 1939 1696 1972 ‹
1728 1919 1846 1976 Flo-
1875 1920 1924 1982 B
1953 1923 2076 1980 aliis
2123 1916 2429 1993 hujusmOdi
2469 1924 2847 1980 instrumentis
2898 1923 3095 1977 lectum
3135 1935 3256 1976 esse
3295 1917 3546 1974 memini-

251 2017 389 2074 rete,
416 2006 600 2075 ﬂores,
625 2010 780 2080 quasi
809 2009 997 2076 lilium;
1024 2031 1042 2063 ι
1070 2025 1135 2066 ac
1161 2011 1204 2065 si
1232 2019 1482 2082 patenter
1513 2011 1688 2067 dicat:
1709 2009 1844 2066 Date

248 2097 410 2156 liores
451 2099 876 2171 jucundissimos
915 2116 1040 2157 cum
1089 2103 1337 2158 castitate
1386 2102 1688 2158 caelestium
1730 2102 1844 2159 vir-

249 2180 464 2261 tutum,
528 2209 760 2265 quarum
807 2194 940 2252 odor
990 2203 1046 2251 et
1091 2194 1312 2251 frondes
1369 2203 1695 2267 spargantur
1747 2211 1846 2266 per

250 2294 422 2342 totum
449 2287 638 2343 orbem
672 2287 740 2343 ad
765 2287 1071 2359 exemplum
1101 2288 1388 2344 animabus
1427 2287 1702 2356 ﬁdelium;
1741 2290 1846 2345 hoc

249 2388 332 2436 est
375 2380 575 2451 quippe
619 2380 843 2436 laudare
883 2381 1157 2436 canticum
1207 2388 1262 2436 et
1290 2381 1612 2438 benedicere
1661 2382 1846 2438 Domi-

249 2486 378 2527 num
408 2472 463 2526 in
493 2471 750 2542 operibus
778 2471 913 2538 suis,
939 2479 1000 2526 ut
1026 2459 1211 2538 corde,
1238 2487 1334 2528 ore
1353 2512 1369 2538 ,
1399 2471 1560 2528 simul
1587 2479 1644 2528 et
1680 2486 1846 2544 opere

247 2579 349 2634 pro
376 2564 534 2620 bonis
567 2563 680 2621 suis
719 2571 864 2621 totus
897 2563 1061 2620 homo
1090 2563 1292 2636 gratias
1321 2579 1421 2621 suo
1467 2563 1673 2622 referat
1715 2581 1844 2622 con—

250 2656 432 2712 (litori.

326 2764 346 2797 ‹
382 2746 518 2802 Date
554 2746 761 2802 nomini
813 2745 930 2816 ejus
967 2746 1464 2820 magniﬁcentiam,
1513 2757 1568 2805 et
1623 2747 1846 2806 conﬁte-

256 2855 276 2889 ι
316 2837 450 2893 mini
491 2837 567 2892 illi
611 2838 669 2893 in
690 2851 824 2894 voce
853 2837 1122 2894 labiorum
1149 2845 1478 2894 vestrorum.
1511 2857 1530 2891 ι
1563 2839 1666 2905 Dat
1697 2837 1844 2892 enim

251 2929 457 2985 nomini
504 2929 718 2985 Domini
756 2928 1243 3000 magniﬁcentiam,
1287 2930 1381 3000 qui
1420 2930 1557 2985 bene
1610 2943 1844 2984 conver-

253 3037 380 3078 sans
404 3021 510 3077 rite
532 3021 792 3092 praedicat
833 3021 952 3091 ejus
975 3022 1296 3094 potentiam,
1327 3029 1389 3076 ut
1423 3021 1499 3076 illi
1522 3021 1615 3092 qui
1643 3026 1847 3076 rectam

253 3115 692 3186 praedicationem
720 3115 838 3186 ejus
875 3115 1134 3182 audiunt,
1184 3121 1240 3170 et
1274 3115 1446 3171 bonos
1483 3121 1639 3169 actus
1670 3112 1850 3169 consi-

252 3205 464 3273 derant,
506 3205 736 3262 reddant
773 3221 876 3277 pro
905 3207 1011 3262 hoc
1037 3205 1224 3261 laudes
1254 3203 1504 3271 Domino,
1551 3211 1606 3259 et
1660 3201 1848 3259 condi-

1949 2030 2091 2071 mus.
2117 2016 2527 2072 Dccachordum
2568 2030 2699 2071 vero
2737 2014 3054 2085 psalterium
3105 2012 3285 2084 (sicut
3329 2017 3546 2066 veteres

1948 2106 2232 2178 dixerunt)
2280 2116 2336 2162 et
2361 2107 2491 2162 illud
2534 2107 2692 2163 nobis
2737 2106 2943 2161 indicat
2990 2111 3428 2166 sacramentum,
3485 2109 3546 2155 ut

1948 2198 2248 2254 referamus
2270 2199 2372 2253 tria
2397 2199 2467 2254 ad
2482 2197 2678 2264 Deum,
2699 2198 2826 2268 quia
2849 2197 3088 2251 Trinitas
3111 2184 3216 2251 est.
3247 2194 3304 2250 ld
3325 2201 3410 2250 est
3435 2194 3548 2264 pri-

1947 2304 2096 2344 mum
2126 2290 2266 2360 quod
2291 2290 2396 2344 ait:
2433 2308 2453 2341 ί
2498 2287 2626 2345 Non
2652 2289 2879 2345 habebis
2925 2288 3057 2344 deos
3097 2288 3307 2344 alienos
3357 2300 3546 2343 coram

1946 2395 2053 2436 me.
2093 2401 2112 2434 ι
2149 2380 2458 2437 Secundum
2502 2379 2664 2437 :Non
2707 2379 2874 2436 facies
2919 2380 3014 2434 tibi
3057 2378 3323 2449 sculptile.
3360 2397 3379 2430 ι
3411 2376 3546 2431 Ter-

1948 2473 2084 2528 tium
2112 2491 2125 2528 :
2173 2491 2192 2524 «
2231 2472 2348 2530 Νοη
2372 2488 2616 2530 assumes
2651 2474 2749 2530 tibi
2781 2489 2978 2530 nomen
3004 2474 3100 2530 Dei
3133 2473 3212 2528 tui
3239 2473 3293 2528 in
3316 2484 3548 2526 vacuum

1947 2564 2146 2638 (Exod.
2182 2565 2298 2638 xx).
2338 2585 2357 2618 ι
2399 2565 2459 2620 ln
2487 2580 2596 2636 quo
2627 2565 2908 2638 conjungit
2942 2573 2998 2622 et
3038 2566 3104 2620 de
3149 2565 3395 2620 sabbato.
3445 2559 3545 2618 Se-

1947 2668 2094 2732 ptem
2136 2675 2270 2716 vero
2304 2675 2426 2731 quae
2466 2666 2768 2730 sequuntur
2799 2659 2868 2714 ad
2907 2657 3251 2714 dilectionem
3295 2655 3551 2711 dixerunt

1948 2752 2184 2824 proximi
2217 2753 2510 2822 pertinere.
2554 2752 2611 2807 id
2636 2761 2718 2807 est
2741 2794 2756 2819 ,
2801 2770 2822 2803 «ι
2875 2751 3095 2806 Honora
3124 2750 3351 2820 patrem
3389 2756 3544 2802 tuum

1950 2852 2006 2900 et
2035 2853 2289 2900 matrem.
2315 2843 2434 2899 Non
2475 2843 2714 2908 occides,
2745 2859 2854 2898 non
2886 2840 3270 2906 mmchaberis,
3297 2854 3406 2894 non
3431 2836 3551 2892 fur-

1948 2941 2066 2990 tum
2097 2935 2286 2999 facies,
2311 2949 2418 2989 non
2445 2933 2684 3005 loqueris
2707 2941 2896 2988 contra
2919 2932 3226 3004 proximum
3255 2939 3405 2985 tuum
3439 2927 3546 2982 fal-

1953 3043 2076 3082 sum
2106 3027 2498 3092 testimonium,
2532 3041 2641 3081 non
2684 3024 3037 3101 concupisces
3065 3024 3284 3079 domum
3311 3018 3548 3092 proximi

1955 3121 2055 3187 tui,
2086 3136 2190 3176 nec
2221 3119 2496 3176 desideres
2522 3133 2749 3175 uxorem
2769 3118 2910 3188 ejus,
2941 3125 3046 3173 etc.
3086 3137 3104 3169 ›
3135 3115 3227 3171 Sic
3261 3114 3428 3170 totius
3447 3113 3547 3168 de—

1955 3213 2208 3269 cachordi
2237 3212 2483 3283 psalterii
2523 3212 2700 3267 virtus
2742 3208 2983 3282 perfecta
3030 3207 3187 3263 nobis
3216 3214 3271 3260 et
3307 3206 3554 3262 honora-

253 3313 388 3369 gnas
436 3299 737 3370 gratiarum
795 3299 1056 3356 actiones.
1109 3297 1271 3354 Juxta
1322 3296 1455 3352 illud
1507 3295 1849 3352 Dominicum

1955 3305 2079 3361 bilis
2105 3304 2398 3361 indicatur.
2447 3302 2740 3359 Psallimus
2769 3314 2983 3372 quoque
3009 3307 3066 3355 et
3092 3299 3278 3354 decem
3309 3294 3562 3364 chordis,”

252 3399 579 3460 praeceptum
613 3410 626 3444 :
670 3410 689 3442 ι
725 3389 850 3456 Sic,
885 3390 1081 3460 inquit,
1112 3389 1295 3446 luceat
1331 3389 1426 3444 lux
1451 3400 1634 3444 vestra
1665 3404 1851 3445 coram

253 3481 583 3549 hominibus,
604 3491 667 3537 ut
700 3482 914 3538 videant
946 3497 1110 3553 opera
1150 3491 1333 3538 vestra
1355 3484 1520 3550 bona,
1551 3492 1607 3539 et
1644 3483 1848 3554 gloriﬁ-

255 3580 382 3628 cent
411 3571 628 3630 Patrem
670 3582 910 3630 vestrum
948 3574 1042 3645 qui
1072 3575 1127 3629 in
1157 3573 1311 3630 caelis
1341 3581 1425 3630 est
1454 3573 1686 3648 (Matth.
1711 3574 1788 3645 ν).
1822 3593 1843 3628 ι

255 3663 395 3722 Hinc
419 3671 504 3720 est
551 3672 608 3718 et
635 3664 767 3719 illud
812 3667 957 3735 quod
1006 3666 1065 3721 in
1109 3665 1393 3721 Dominica
1429 3664 1688 3723 Oratione
1722 3682 1848 3724 ora-

253 3778 376 3820 mus
398 3764 631 3820 Domino
656 3765 903 3822 dicentes
928 3783 943 3820 :
983 3784 1002 3816 ι
1050 3763 1437 3821 Sanctiﬁcetur
1471 3779 1668 3820 nomen
1697 3773 1850 3822 tuum

256 3855 474 3928 (Matth.
505 3857 614 3929 vr);
653 3877 671 3910 ι
702 3865 764 3913 ιιι
787 3857 905 3928 ejus
930 3859 1275 3915 sanctitatem
1326 3866 1382 3914 et
1426 3873 1559 3915 voce
1585 3858 1850 3931 praedice-

256 3963 400 4015 mus,
433 3961 596 4022 atque
641 3951 697 4007 in
729 3950 888 4008 bonis
933 3952 1196 4024 exemplis
1223 3951 1346 4008 aliis
1389 3953 1846 4009 demonstremus.

257 4037 522 4095 Caeterum
560 4040 690 4107 illis,
730 4041 824 4112 qui
870 4041 1135 4098 scelerata
1193 4044 1606 4100 conversatione
1659 4052 1716 4100 et
1763 4058 1850 4100 re—

257 4132 444 4203 probis
471 4132 717 4188 moribus
749 4134 922 4188 Deum
948 4134 1300 4202 inhonorant,
1339 4136 1470 4191 dicit
1515 4135 1802 4208 Scriptura
1831 4154 1846 4191 :

264 4243 284 4276 σ
321 4224 426 4280 Per
452 4241 550 4281 vos
571 4225 716 4280 enim
747 4240 946 4280 nomen
987 4227 1080 4280 Dei
1104 4227 1517 4297 blasphematur
1543 4229 1685 4284 inter
1720 4244 1852 4300 gen-

260 4326 342 4373 tes
392 4317 572 4391 (Rom.
606 4319 691 4391 u).
729 4339 747 4372 ι
780 4318 1024 4387 Quorum
1063 4321 1284 4391 quidem
1318 4321 1443 4376 ﬁnis
1463 4321 1750 4388 interitus,
1799 4329 1855 4376 et

259 4409 428 4480 gloria
481 4409 586 4464 erit
635 4409 692 4464 in
720 4409 1092 4466 confusionem
1121 4425 1311 4466 eorum
1361 4411 1453 4482 qui
1491 4420 1710 4467 terrena
1760 4425 1851 4468 sa-

259 4501 432 4573 piunt.
483 4499 590 4558 Sed
617 4501 747 4571 quid
776 4501 1043 4571 sapientia
1089 4501 1339 4557 ﬁdelibus
1368 4502 1548 4558 adhuc
1577 4504 1745 4571 dicat,
1772 4505 1854 4560 vi-

262 4596 507 4651 deamus.

1959 3395 2176 3468 quando
2210 3396 2267 3451 in
2296 3395 2536 3466 quinque
2563 3393 2814 3451 sensibus
2854 3389 3181 3451 carnalibus,
3211 3396 3268 3443 et
3294 3388 3349 3442 in
3391 3386 3553 3458 quin-

1955 3506 2062 3562 que
2093 3489 2427 3562 spiritalibus
2455 3488 2721 3560 probabili
2748 3502 2856 3542 non
2886 3483 3302 3541 conversatione
3347 3489 3551 3537 tracta-

1952 3599 2096 3639 mus.
2125 3583 2328 3640 Verum
2376 3583 2481 3638 ista
2521 3596 2644 3652 quae
2697 3580 2927 3636 dicimus
2953 3593 3065 3633 non
3093 3583 3220 3632 sunt
3251 3583 3408 3631 extra
3449 3587 3553 3630 nos

1951 3673 2153 3745 posita,
2191 3673 2333 3730 sicut
2361 3674 2416 3729 in
2446 3671 2655 3728 musica
2683 3670 2987 3742 disciplina,
3019 3669 3074 3724 in
3118 3667 3274 3724 nobis
3303 3675 3389 3722 est
3414 3664 3556 3737 psal-

1954 3767 2152 3823 terium
2185 3781 2201 3822 :
2227 3767 2338 3822 imo
2365 3767 2482 3838 ipsa
2505 3779 2712 3837 organa
2755 3778 2857 3819 nos
2905 3776 3113 3827 sumus,
3141 3758 3358 3831 quando
3384 3757 3454 3813 ad
3479 3756 3554 3813 si-

1951 3858 2315 3914 militudinem
2346 3873 2536 3915 eorum
2562 3871 2660 3928 per
2694 3856 2927 3930 gratiam
2956 3851 3172 3910 Domini
3196 3850 3427 3908 actuum'
3448 3865 3552 3905 no-

1950 3957 2187 4007 strorum
2215 3949 2479 4020 qualitate
2501 3958 2804 4005 cantamus.
2822 3947 2938 4003 Hoc
2967 3954 3148 4001 autem
3167 3953 3222 4000 et
3246 3943 3341 4000 illo
3359 3958 3552 3999 exem-

1949 4040 2041 4112 plo
2071 4042 2231 4099 datur
2259 4041 2505 4111 intelligi,
2535 4041 2630 4096 ubi
2668 4041 2780 4096 ait:
2815 4061 2834 4093 ι
2853 4041 2910 4097 ln
2940 4057 3028 4097 me
3056 4038 3214 4108 sunt,
3237 4041 3402 4107 Dens,
3427 4047 3551 4095 vota

1954 4140 2066 4200 tua,
2096 4149 2217 4203 qua:
2243 4134 2469 4189 reddam
2500 4133 2838 4189 laudationes
2866 4134 2963 4189 tibi
2998 4133 3170 4204 (Ρευι.
3199 4132 3308 4205 ιγ).
3341 4153 3359 4185 ι
3394 4131 3550 4198 Quod

1951 4225 2096 4282 enim
2124 4224 2279 4296 jubet
2319 4233 2379 4279 ut
2413 4226 2466 4279 in
2497 4225 2841 4281 confessione
2865 4226 3110 4280 dicamus
3137 4239 3304 4297 opera
3334 4224 3550 4280 Domini

1953 4315 2209 4371 universa
2237 4317 2380 4370 bona
2425 4315 2613 4381 valde;
2660 4325 2754 4370 aut
2791 4316 2896 4370 hoc
2921 4316 3036 4370 vult
3057 4314 3210 4384 juxta
3262 4315 3548 4370 historiam

1954 4408 2364 4474 demonstrare,
2390 4408 2536 4479 quod
2561 4408 2743 4464 omnia
2796 4422 2961 4478 opera
3000 4407 3214 4463 Domini
3261 4422 3382 4477 quae
3425 4407 3556 4463 fecit

1954 4501 2024 4556 ab
2061 4501 2218 4558 initio
2246 4518 2278 4557 a
2305 4503 2450 4559 bono
2476 4510 2748 4569 creatore,
2788 4505 2928 4559 bona
2982 4511 3165 4559 creata
3197 4511 3353 4570 sunt;
3396 4502 3552 4573 juxta

1956 4593 2087 4650 illud
2107 4595 2252 4664 quod
2278 4594 2540 4666 scriptum
2566 4602 2649 4650 est
2671 4595 2728 4650 in
2770 4593 3012 4650 Genesi:
3052 4611 3072 4646 ι
3110 4592 3257 4649 Vidit
3289 4594 3552 4650 Dominus

340 4706 360 4740 ε
399 4687 459 4742 ln
489 4688 718 4744 canticis
742 4689 1009 4745 labiorum
1035 4697 1089 4745 et
1121 4689 1176 4745 in
1203 4690 1450 4758 citharis,
1478 4699 1534 4747 et
1553 4692 1634 4747 sic
1657 4692 1852 4748 dicetis
1875 4665 1932 4727 Ῑ)
1956 4695 2153 4743 cuncta
2173 4703 2294 4758 quae
2315 4665 2467 4754 fecit,
2505 4695 2560 4743 et
2577 4686 2910 4744 erantvalde
2931 4686 3073 4744 bona
3097 4683 3251 4761 (Gen.
3280 4687 3323 4761 ι)
3351 4706 3364 4742 :
3409 4707 3428 4741 ι
3460 4695 3556 4743 aut

270 4802 288 4834 ι
326 4784 388 4838 in‘
407 4781 747 4839 confessione
775 4803 788 4838 :
818 4799 984 4854 opera
1024 4784 1237 4840 Domini
1283 4786 1540 4842 universa
1568 4786 1713 4842 bona
1736 4786 1849 4842 val-

272 4891 290 4923 ε
329 4873 412 4928 de.
450 4892 468 4925 ι
497 4871 612 4928 Hoc
641 4882 727 4929 est
753 4874 895 4929 enim
922 4875 1065 4943 quod
1089 4876 1339 4946 superius
1383 4877 1640 4943 diximus,
1673 4885 1734 4934 ut
1765 4878 1846 4934 la-

263 4964 369 5021 biis
398 4972 454 5020 et
495 4965 705 5021 actibus
727 4965 1014 5020 Dominum
1041 4965 1415 5036 praedicemus.
1448 4967 1683 5024 Proinde
1715 4967 1850 5026 Pro-

263 5058 428 5129 pheta
455 5055 509 5110 in
548 5055 758 5127 psalmo
778 5053 956 5124 justos
999 5057 1067 5112 ad
1094 5057 1421 5113 laudandum
1456 5057 1630 5114 Deum
1655 5060 1848 5116 exhor-

267 5159 389 5204 tans
415 5148 582 5204 dicit:
613 5169 631 5200 ‹
666 5148 929 5214 Gaudete,
950 5147 1108 5218 justi,
1145 5151 1198 5204 in
1235 5148 1488 5219 Domino,
1534 5159 1715 5208 rectos
1757 5153 1848 5208 de-

264 5249 352 5296 cet
379 5239 719 5294 collaudatio.
757 5239 1099 5296 Conﬁtemini
1131 5241 1360 5296 Domino
1387 5243 1451 5312 .in
1497 5244 1706 5300 cithara
1730 5286 1746 5312 ,
1792 5245 1852 5302 in

264 5330 524 5403 psalterio
552 5333 736 5387 decem
762 5332 1086 5387 chordarum
1113 5332 1326 5404 psallite
1345 5335 1393 5390 ei
1409 5333 1582 5408 (Psal.
1607 5337 1802 5412 xxxn).
1826 5358 1846 5392 ι

267 5427 490 5484 Cithara
519 5434 604 5482 est
636 5425 798 5496 lignei
842 5427 1073 5494 ventris,
1105 5429 1161 5484 in
1205 5429 1315 5484 imo
1359 5431 1462 5485 sita
1520 5433 1849 5502 concavitas,

267 5538 390 5595 quae
413 5537 629 5579 sursum
655 5521 979 5577 chordarum
1007 5521 1094 5576 ﬁla
1123 5523 1504 5580 transmittens
1521 5567 1534 5590 ,
1560 5525 1708 5581 sonis
1737 5526 1854 5580 dul-

1952 4779 2109 4851 juxta
2154 4779 2467 4851 allegoriam
2505 4798 2519 4834 :
2553 4779 2744 4836 Omnia
2776 4793 2896 4852 quae
2935 4779 3066 4836 fecit
3095 4780 3237 4836 Deus
3265 4780 3430 4836 Pater
3455 4795 3556 4850 per

1957 4869 2232 4926 Christum
2260 4871 2314 4926 in
2340 4871 2739 4928 restauratione
2781 4871 2998 4943 generis
3026 4873 3270 4939 humani,
3298 4873 3552 4927 universa

1957 4978 2124 5034 opera
2177 4974 2304 5020 sunt
2347 4965 2490 5022 bona
2531 4966 2691 5022 valde
2723 4985 2735 5021 :
2764 4968 2891 5036 quia
2925 4975 2986 5021 ut
3028 4966 3229 5023 Paulus
3270 4975 3550 5024 testatur:

1963 5073 1982 5107 ι
2019 5053 2078 5109 ln
2112 5055 2231 5126 ipso
2259 5056 2584 5126 complacuit
2613 5057 2725 5112 Deo
2752 5056 2898 5111 Patri
2929 5057 2982 5111 in
3010 5057 3408 5127 dispensatione
3435 5059 3551 5130 ple-

1954 5149 2537 5222 nitudinis'temporum
2567 5149 3070 5207 instaurare'omnia
3099 5165 3220 5221 qua:
3245 5151 3302 5206 in
3323 5151 3474 5208 caelis
3499 5163 3553 5207 ct

1954 5257 2075 5312 quae
2103 5243 2158 5298 in
2197 5243 2356 5299 terris
2389 5251 2514 5299 sunt
2537 5242 2753 5316 (Ephes.
2792 5244 2864 5315 ι).
2900 5263 2918 5296 ι
2953 5242 3013 5298 In
3058 5246 3170 5316 quo
3210 5245 3373 5300 etiam
3403 5254 3554 5305 sorte

1955 5333 2134 5388 vocati
2167 5348 2354 5389 sumus
2379 5334 2414 5400 ,'
2437 5333 2808 5405 prtedestinati
2860 5334 3158 5390 secundum
3211 5337 3552 5408 propositum

1955 5425 2096 5496 ejus,
2127 5425 2218 5496 qui
2239 5425 2422 5481 omnia
2443 5435 2700 5496 operatur
2722 5417 3327 5484 secundum‘consilium
3362 5429 3554 5488 volun-

1959 5520 2085 5574 tatis
2123 5524 2268 5586 suae,
2317 5527 2379 5574 ut
2415 5520 2586 5574 simus
2621 5520 2676 5574 in
2708 5520 2921 5576 laudem
2967 5521 3152 5592 gloria:
3201 5521 3337 5592 ejus.
3365 5513 3368 5516 Α
3393 5523 3554 5581 Unde

268 5615 503 5671 cissimis
527 5629 782 5685 percussa
821 5614 1192 5687 proloquitur;
1226 5631 1345 5686 qua:
1374 5617 1496 5673 ideo
1523 5618 1628 5672 tale
1654 5632 1851 5674 nomen
1946 5609 2154 5680 justum
2181 5619 2286 5676 est,
2327 5617 2388 5665 ut
2413 5624 2630 5682 semper
2666 5609 2878 5666 laudem
2907 5611 2981 5666 ‘ei
3021 5611 3140 5668 sine
3167 5612 3471 5670 cessatione
3493 5620 3552 5670 et

273 5707 500 5778 accepit,
530 5709 783 5778 quoniam
838 5707 944 5765 cita
1000 5708 1288 5766 iteratione
1342 5711 1667 5781 percutitur.
1715 5711 1855 5772 Huic

270 5801 467 5856 merito
491 5808 876 5869 comparantur
917 5816 1100 5872 opera,
1148 5817 1269 5872 quae
1295 5802 1363 5858 de
1408 5804 1643 5859 terrenis
1691 5806 1852 5863 rebus

271 5893 342 5954 ad
375 5906 666 5968 supernam
695 5893 927 5967 gratiam
960 5895 1330 5969 porriguntur,
1369 5895 1423 5952 id
1457 5904 1542 5953 est
1566 5896 1695 5953 dum
1733 5913 1858 5954 θευ-

1956 5704 2183 5775 gloriam
2210 5704 2359 5758 omni
2390 5711 2635 5774 tempore
2674 5703 2962 5762 dicamus.

1991 5830 1994 5833 -
2033 5824 2052 5857 ‹
2084 5805 2142 5859 ln
2169 5807 2336 5861 verbo
2362 5804 2479 5874 ejus
2507 5805 2657 5860 stetit
2678 5819 2816 5875 aqua
2835 5847 2850 5872 ,
2882 5805 3024 5862 sicut
3052 5803 3332 5876 congeries
3349 5790 3462 5859 Τᾶ
3489 5802 3552 5864 in

1959 5915 1980 5953 ι
2012 5911 2264 5955 sermone
2299 5896 2423 5955 'oris
2463 5897 2582 5972 ejus
2602 5937 2618 5968 ,
2667 5897 2807 5955 sicut
2860 5896 3171 5974 exceptoria
3225 5908 3545 5972 aquarum:
