4030 6496
565 397 701 456 1N5

1197 399 1260 454 B.
1301 397 1554 454 RABANI
1594 397 1816 454 MAURI
1854 395 2177 454 ARCHIEP.
2217 395 2530 455 MOGUNT.
2569 396 2857 455 OPERUM
2896 395 3075 452 PARS
3113 397 3153 451 l.

3708 397 3835 454 l0“

563 533 586 567 ι
615 514 871 584 quoniam
903 514 957 568 in
980 525 1252 586 praecepto
1279 516 1448 587 ipsius
1486 516 1720 586 placatio
1743 514 1823 582 ﬁt,
1849 523 1906 572 et
1927 527 2035 570 non
2061 521 2144 568 est
2169 515 2222 577 Α
2247 524 2538 583 perpetuos
2563 555 2578 578 ,
2639 527 2739 568 nec
2781 513 3020 568 contenti
3074 526 3261 566 sumus
3315 515 3619 565 secundum
3670 510 3836 566 Evan-

559 623 583 664 ι
613 607 904 664 minoratio
927 607 980 663 in
1003 608 1177 663 salute
1205 607 1370 662 illius.
1401 628 1420 661 ι
1453 606 1645 663 Omnia
1674 607 1820 662 enim
1845 619 2006 676 opera
2041 621 2136 660 sua

2243 607 2442 677 gelium
2498 606 2703 662 malitia
2757 605 2900 672 diei,
2950 603 3193 674 nihilque
3239 602 3296 657 in
3352 602 3660 658 crastinum
3702 604 3838 674 cogi-

551 709 653 766 pcr
673 696 911 757 Verbum
943 713 1119 764 suum,
1149 698 1253 753 hoc
1276 709 1359 754 est
1391 699 1727 768 unigenitum
1757 698 1974 762 Filium,
1999 697 2138 752 Deus
2241 709 2449 766 tamus;
2497 702 2638 756 Deus
2684 701 2830 756 enim
2881 713 3042 754 omne
3093 698 3236 768 quod
3290 696 3420 752 fecit
3461 698 3668 751 bonum
3717 706 3799 751 est
3820 737 3834 764 ,

549 787 717 848 Pater
742 789 893 850 tecit.
927 788 1081 846 Unde
1099 792 1362 862 scriptum
1391 801 1476 848 est
1507 810 1520 846 :
1563 810 1582 843 ι
1604 791 1741 858 Quia
1780 790 1893 859 ipse
1924 788 2061 843 dixit
2083 796 2138 843 et
2239 794 2364 863 quia
2392 794 2630 849 vicissim
2655 794 2809 864 juxta
2837 792 3242 863 dispositionem
3271 791 3367 846 Dei
3395 791 3605 845 bonum
3641 805 3836 844 unum-

549 880 692 940 facta
749 891 913 948 sunt,
968 883 1082 952 ipse
1132 884 1412 940 mandavit
1456 892 1512 938 et
1563 892 1743 938 creata
1788 889 1914 938 sunt
1959 877 2131 951 (Psat.

549 973 755 1046 xxxu).
785 994 806 1028 ι
833 974 892 1030 In
928 975 1094 1031 verbo
1133 975 1280 1030 enim
1301 974 1419 1045 ejus
1458 974 1610 1030 stetit
1647 988 1787 1042 aqua
1833 971 1976 1030 sicut
2002 985 2134 1026 con-

546 1064 746 1134 geries,
773 1066 992 1136 quando
1013 1066 1363 1136 congregavit
1386 1080 1556 1134 aquas
1577 1064 1633 1118 in
1663 1079 1852 1127 unum,
1882 1070 1938 1120 et
1965 1075 2132 1131 appa-

545 1156 657 1212 ruit
683 1160 854 1225 arida,
879 1158 1116 1227 fecitque
1136 1157 1539 1214 firmamentum
1561 1157 1617 1212 in
1642 1155 1819 1211 medio
1845 1168 2132 1224 aquarum,

542 1256 598 1302 et
651 1250 836 1306 divisit
865 1266 1036 1320 aquas
1078 1249 1146 1307 ab
1175 1249 1367 1318 aquis;
1410 1265 1509 1305 nec
1529 1257 1682 1304 extra
1711 1247 1953 1303 ordinem
1976 1260 2134 1304 suum

545 1339 714 1396 relabi
736 1350 1010 1411 poterunt,
1031 1341 1125 1398 sed
1165 1341 1319 1409 juxta
1350 1342 1568 1397 modum
1609 1355 1764 1396 suum
1796 1340 1970 1394 locata
1999 1353 2132 1392 con-

541 1429 760 1496 sistunt,
788 1432 1056 1502 ritumque
1089 1441 1433 1490 conservant.
1461 1431 1587 1488 Sive
1614 1432 1792 1497 aliter,
1817 1446 1957 1499 aqua
1983 1429 2134 1484 stetit

544 1523 684 1578 sicut
713 1523 1014 1593 congeries,
1039 1524 1256 1593 quando
1275 1525 1330 1578 in
1357 1525 1586 1579 transitu
1609 1523 1844 1578 ﬁliorum
1870 1521 2035 1578 Israel
2068 1522 2134 1576 de

541 1614 777 1686 Egypto
803 1632 958 1684 aquae
978 1616 1144 1672 maris
1171 1615 1342 1672 Rubri
1371 1617 1558 1672 divisae
1581 1624 1742 1682 sunt;
1771 1615 1838 1670 de
1859 1631 1966 1684 quo
1992 1613 2134 1670 Scri-

537 1714 692 1774 ptura
729 1715 937 1771 narrat,
969 1707 1114 1776 quod
1140 1722 1294 1776 aquae
1321 1707 1401 1762 eis
1448 1715 1636 1764 essent
1671 1708 1825 1776 quasi
1852 1722 1951 1777 pro
1973 1721 2130 1762 muro

537 1813 568 1850 a
594 1795 800 1852 dextris
825 1806 878 1851 et
907 1813 938 1851 a
968 1798 1204 1854 sinistris
1236 1796 1446 1867 (Exod.
1474 1797 1619 1868 xlv).
1652 1786 1815 1852 Juxta
1843 1797 2128 1868 mysticum

2237 885 2490 955 quodque
2525 902 2680 956 opus.
2716 886 2872 940 Dedit
2920 899 3133 955 quoq-ue
3161 885 3306 938 Deus
3357 882 3627 937 mundum
3669 883 3740 937 ad
3761 883 3842 936 in-

2231 975 2589 1032 habitandum
2644 977 2994 1042 hominibus,
3055 983 3115 1031 ut
3171 975 3426 1032 fruantur
3473 975 3835 1030 varietatibus

2237 1077 2562 1136 temporum,
2593 1075 2648 1122 et
2684 1070 3068 1137 non'quaerant
3092 1066 3160 1120 de
3185 1065 3366 1121 causis
3392 1080 3580 1122 rerum
3627 1074 3842 1118 natura-

2235 1161 2387 1227 lium,
2403 1163 2675 1232 quomodo
2695 1171 2878 1218 creata
2903 1161 3014 1216 sint
3040 1159 3247 1225 omnia,
3271 1174 3443 1229 quare
3468 1159 3575 1214 hoc
3597 1158 3689 1212 vel
3719 1158 3840 1212 illud

2237 1255 2306 1309 ab
2333 1254 2491 1308 initio
2539 1254 2724 1308 mundi
2760 1267 2933 1323 usque
2979 1253 3046 1306 ad
3086 1252 3625 1306 consummationem
3649 1248 3842 1305 fecerit

2227 1360 2506 1412 crescere,
2533 1361 2777 1410 manere,
2813 1344 3038 1399 mutari.

2314 1459 2332 1488 ι
2367 1438 2681 1494 Benedictio
2706 1437 2849 1492 illius
2877 1437 3032 1506 quasi
3068 1435 3264 1489 ﬂuvius
3287 1433 3609 1498 inundavit;
3639 1441 3697 1486 et
3717 1447 3844 1501 quo-

2243 1546 2262 1580 t
2301 1529 2462 1583 modo
2483 1528 2850 1599 cataclysmus
2891 1527 3100 1580 aridam
3127 1525 3437 1588 inebriavit,
3467 1525 3552 1580 sic
3593 1525 3680 1578 ira
3703 1523 3843 1578 illius

2236 1631 2443 1690 gentes,
2475 1635 2596 1690 qua:
2645 1633 2752 1674 non
2791 1619 3168 1687 exquisierunt
3211 1632 3367 1681 eum,
3420 1615 3791 1670 haereditabit.
3819 1636 3837 1667 ι

2235 1711 2552 1767 Benedictio
2579 1726 2711 1779 ergo
2760 1711 2855 1766 Dei
2885 1720 2940 1764 et
2982 1710 3174 1780 gratiae
3223 1707 3365 1762 illius
3420 1709 3630 1763 donum
3687 1723 3845 1776 super

2213 1803 2494 1879 Itimentes
2543 1818 2666 1857 eum
2715 1803 2980 1866 abundat,
3015 1809 3070 1856 et
3127 1811 3386 1870 tanquam
3435 1799 3638 1854 ﬂuvius
3695 1815 3843 1868 aqua:

537 1905 667 1944 vero
695 1904 936 1955 sensum,
968 1906 1122 1960 aquae
1167 1893 1627 1960 persecutionum,
1671 1893 1738 1948 de
1784 1892 1979 1960 quibus
2007 1905 2130 1960 pre-
2158 1905 2206 1965 Β
2233 1892 2487 1947 viventis.
2541 1893 2615 1946 De
2669 1907 2775 1963 qua
2818 1893 2935 1962 ipsa
2985 1891 3201 1947 Veritas
3241 1893 3318 1946 ait
3357 1911 3369 1944 :
3407 1909 3427 1942 ι
3483 1891 3587 1958 Qui
3647 1891 3843 1946 biberit

534 1993 691 2040 catur
717 1983 984 2055 Propheta
1015 2000 1072 2041 se
1098 1985 1320 2051 salvari,
1344 1987 1562 2042 dicens:
1594 2005 1612 2038 ι
1632 1986 1637 1991 ’
1656 1985 1878 2044 Salvum
1905 2001 1991 2044 me
2011 1984 2118 2051 fac,

534 2075 700 2141 Deus,
728 2077 985 2146 quoniam
1013 2077 1352 2133 intraverunt
1382 2093 1536 2148 aqua:
1568 2095 1739 2147 usque
1778 2079 1845 2134 ad
1884 2079 2121 2134 animam

534 2182 712 2226 meam
757 2165 930 2239 (Psal.
983 2168 1210 2239 vatu),
1244 2189 1262 2222 ι
1292 2170 1460 2228 verbo
1509 2171 1724 2227 Domini
1774 2180 2120 2236 coercentur,

528 2271 634 2314 nec
669 2257 814 2314 ultra
849 2259 1312 2328 dispensationem
1367 2260 1484 2330 ejus
1517 2262 1813 2330 procedere
1860 2271 2116 2331 possunt;

528 2352 787 2420 quoniam
837 2363 1053 2410 creator
1105 2357 1348 2412 omnium
1398 2371 1560 2426 opem
1587 2356 1974 2412 misericordiae
2010 2369 2122 2410 suae

525 2448 776 2506 ﬁdelibus
797 2453 910 2507 suis
937 2453 1211 2522 impendit,
1237 2470 1336 2510 nec
1357 2462 1440 2508 est
1466 2455 1700 2510 invalida
1730 2469 1922 2509 manus
1944 2455 2119 2510 omni-

526 2541 782 2608 potentis,
813 2543 941 2612 quin
977 2543 1349 2599 liberationem
1385 2555 1439 2600 et
1479 2547 1711 2601 salutem
1742 2545 1988 2601 conferat
2013 2546 2122 2600 ele-

527 2630 636 2688 etis
663 2633 795 2688 suis.
843 2632 980 2689 Sunt
1022 2635 1167 2691 enim
1208 2637 1262 2690 in
1289 2647 1580 2707 conspectu
1613 2638 1706 2692 Dei
1735 2637 1790 2693 hi
1821 2637 1915 2706 qui
1952 2637 2121 2691 tribu-

531 2722 666 2791 lant,
694 2734 751 2781 et
774 2727 828 2782 hi
861 2728 952 2798 qui
981 2728 1328 2798 tribulantur,
1358 2746 1458 2786 nec
1489 2733 1786 2802 quidquam
1811 2747 1935 2786 eum
1965 2731 2116 2786 latet.

533 2814 686 2874 Unde
705 2827 759 2874 et
785 2820 1060 2888 sequitur:

598 2926 621 2962 ο
649 2907 826 2980 Opera
855 2913 1032 2968 omnis
1053 2914 1238 2968 carnis
1277 2929 1459 2970 coram
1482 2915 1594 2980 illo,
1624 2923 1679 2970 et
1705 2929 1815 2970 non
1837 2923 1922 2970 est
1957 2914 2118 2983 quid-

525 3018 548 3052 ι
584 3015 748 3071 qua
796 3002 1173 3060 absconditum
1223 3007 1292 3062 ab
1334 3008 1507 3064 oculis
1561 3006 1696 3076 ejus.
1731 3008 1776 3062 A
1818 3007 2018 3064 saeculo
2063 3015 2118 3062 et

525 3111 546 3144 σ
581 3109 754 3163 usque
774 3097 827 3150 in
855 3098 1115 3153 sarculum
1141 3100 1389 3170 respicit,
1417 3109 1472 3156 et
1498 3101 1630 3156 nihil
1659 3109 1744 3157 est
1784 3100 2034 3157 mirabile
2061 3101 2117 3154 in
2178 3109 2183 3115 '

525 3201 546 3234 ‹
579 3197 871 3256 conspectu
899 3188 1037 3258 ejus.
1079 3211 1099 3244 ι
1134 3191 1483 3248 Prtescientia
1515 3208 1648 3265 ergo
1676 3194 1772 3248 Dei
1799 3193 1984 3250 omnia
2012 3209 2114 3248 anu

2231 1999 2427 2053 aquam
2449 2000 2613 2054 quam
2633 1999 2734 2054 ego
2756 1985 2900 2040 dabo
2922 1986 2994 2050 ei,
3022 1985 3113 2040 fiet
3141 1985 3196 2039 in
3225 1999 3292 2040 eo
3322 1985 3442 2039 fons
3461 1999 3626 2053 aqua;
3654 1983 3847 2040 salien-

2232 2075 2303 2132 tis
2319 2076 2373 2130 in
2396 2076 2562 2130 vitam
2585 2085 2842 2131 aeternam
2869 2075 3053 2147 (Joan.
3071 2077 3168 2148 IV).
3194 2097 3212 2129 ι
3233 2077 3483 2144 Largiter
3505 2092 3604 2132 eos
3631 2077 3842 2147 irrigat,

2225 2168 2302 2225 ita
2323 2177 2381 2222 ut
2404 2169 2532 2224 illud
2555 2170 2610 2224 in
2633 2169 2712 2225 eis
2731 2169 3039 2240 impleatur,
3059 2172 3125 2226 de
3145 2187 3252 2241 quo
3280 2171 3421 2226 idem
3445 2172 3720 2228 Dominus
3739 2172 3841 2225 ait:

2231 2276 2252 2310 ι
2274 2258 2376 2324 Qui
2394 2271 2448 2314 in
2477 2275 2562 2315 me
2591 2261 2782 2323 credit,
2814 2259 3035 2317 ﬂumina
3055 2262 3123 2318 de
3147 2270 3336 2317 ventre
3353 2262 3475 2333 ejus
3496 2261 3675 2317 ﬂuent
3689 2277 3842 2332 aqua:

2225 2353 2364 2408 vivm
2392 2353 2576 2423 (Joan.
2607 2354 2740 2424 vn);
2793 2373 2811 2406 ι
2849 2370 2881 2408 e
2921 2351 3372 2410 contrario'vero
3403 2370 3561 2425 aqua:
3597 2355 3842 2411 caelestis

2225 2445 2481 2502 vindictae
2521 2445 2642 2502 illos
2695 2446 2990 2511 suifocant,
3041 2448 3135 2518 qui
3189 2447 3458 2503 increduli
3507 2447 3632 2516 ejus
3685 2448 3842 2502 dictis

2226 2541 2588 2605 exstiterunt,
2639 2549 2696 2595 et
2747 2542 2923 2612 legem
2988 2543 3105 2612 ejus
3158 2558 3267 2597 non
3329 2541 3721 2612 exquisierunt
3779 2549 3840 2595 ut

2227 2634 2571 2688 custodirent
2610 2635 2866 2689 mandata
2923 2635 3042 2704 ejus
3072 2654 3083 2688 :
3113 2636 3252 2690 sicut
3297 2637 3353 2690 in
3398 2635 3596 2690 diebus
3634 2633 3750 2689 Noe
3776 2635 3839 2690 li-

2224 2721 2430 2779 beratis
2479 2740 2578 2793 per
2614 2741 2801 2780 arcam
2846 2725 2944 2780 Dei
2976 2725 3292 2788 cultoribus,
3355 2725 3511 2795 impii
3542 2735 3600 2780 et
3658 2726 3837 2780 inere-

2225 2814 2372 2881 duli,
2417 2816 2511 2885 qui
2549 2817 2886 2872 viriditatem
2919 2826 3086 2871 rectae
3115 2816 3240 2872 ﬁdei
3286 2824 3344 2870 et
3392 2817 3668 2870 honorum
3701 2831 3831 2885 ope-

2225 2921 2345 2959 rum
2396 2923 2499 2961 non
2545 2908 2872 2974 habuerant,
2904 2908 3226 2978 cataclysmi
3264 2907 3624 2963 inundatione
3655 2910 3836 2979 perie-

2225 3007 2353 3052 runt
2377 2996 2530 3070 (Gen.
2558 2999 2680 3072 vn).

2301 3109 2319 3140 ι
2356 3090 2638 3156 Quomodo
2665 3092 2938 3146 convertit
2979 3105 3172 3160 aquas,
3201 3098 3258 3145 et
3297 3090 3510 3146 siccata
3537 3098 3633 3145 est
3662 3105 3831 3156 terra,

2227 3203 2248 3233 1
2283 3192 2338 3238 et
2357 3183 2457 3238 vite
2479 3184 2622 3239 illius
2651 3184 2752 3239 viis
2774 3184 2989 3239 illorum
3011 3184 3232 3239 directa:
3261 3192 3388 3238 sunt
3416 3198 3431 3236 :
3455 3183 3538 3237 sic
3567 3192 3830 3251 peceato-

519 3277 737 3342 tecedit,
763 3287 818 3333 et
846 3281 1111 3352 quidquid
1141 3285 1510 3354 temporaliter
1543 3286 1606 3340 ﬁt
1650 3287 1705 3340 in
1735 3287 1960 3351 mundo.
1990 3294 2116 3340 ante
2143 3280 2189 3343 α
2225 3291 2248 3325 ι
2286 3274 2436 3329 ribus
2462 3273 2791 3329 offensiones
2815 3275 2870 3329 in
2897 3275 2977 3329 ira
3015 3276 3154 3345 oios-
3187 3294 3206 3328 ι
3237 3273 3524 3341 Quomodo
3553 3289 3692 3345 ergo
3715 3284 3828 3344 vos!

515 3369 699 3426 omnia
736 3379 980 3442 tempora
1026 3391 1212 3431 coram
1249 3394 1314 3433 eo
1343 3394 1583 3448 praesens
1623 3392 1761 3434 erat.
1801 3379 1949 3435 Unde
1977 3380 2111 3434 nihil

515 3475 735 3529 novum,
762 3480 936 3534 neque
957 3468 1206 3525 mirabile
1246 3471 1298 3524 in
1321 3480 1613 3540 conspectu
1640 3473 1756 3540 ejus
1798 3489 1812 3525 :
1853 3472 2110 3540 quoniam

514 3554 699 3609 omnia
735 3571 860 3626 quae
885 3557 1123 3626 fuerunt,
1150 3570 1206 3617 et
1232 3579 1353 3632 qua:
1380 3572 1536 3630 sunt,
1569 3571 1731 3634 atque
1759 3579 1880 3633 quae
1925 3563 2110 3617 futura

512 3653 662 3714 eum,
699 3647 814 3717 ipse
843 3665 953 3705 uno
995 3653 1193 3707 intuitu
1219 3656 1648 3725 comprehendit,
1685 3665 1740 3710 et
1765 3669 1979 3725 semper
2005 3655 2111 3711 sibi

511 3739 805 3807 praesentia
836 3743 1163 3799 consistunt.
1198 3745 1350 3802 Unde
1399 3756 1457 3803 et
1497 3749 1793 3818 Apostolus
1822 3749 1887 3803 de
1920 3749 2111 3818 unige-

513 3829 633 3886 nito
671 3831 809 3888 Filio
833 3834 911 3889 ita
939 3837 1176 3908 scripsit,
1209 3839 1396 3896 dicem
1428 3860 1440 3894 :
1476 3861 1495 3894 ‹
1525 3841 1583 3896 lu
1611 3841 1826 3897 Christo
1855 3843 2001 3896 enim
2021 3841 2111 3899 Je-

513 3934 579 3974 su
598 3961 614 3986 ,
641 3938 749 3978 non
771 3933 856 3980 est
882 3926 937 3980 in
965 3925 1056 3982 illo
1086 3935 1172 3997 est
1191 3937 1248 3984 et
1287 3946 1418 3997 non,
1446 3933 1543 3987 sed
1585 3942 1669 3988 est
1709 3932 1762 3986 in
1792 3932 1884 3988 illo
1909 3940 1996 3988 est
2015 3933 2108 4004 (II

515 4009 640 4069 Cor.
671 4016 732 4087 ι).
773 4038 790 4071 ι
823 4018 892 4073 Et
916 4019 1044 4076 item
1075 4039 1088 4074 :
1137 4041 1154 4074 ι
1190 4020 1373 4090 Jesus,
1407 4024 1603 4095 inquit,
1631 4023 1882 4081 Christus
1910 4026 2024 4082 heri
2053 4035 2110 4082 et

515 4104 676 4162 hodie
704 4125 718 4162 :
745 4108 862 4179 ipse
884 4111 939 4166 in
969 4113 1168 4169 saecula
1195 4114 1520 4172 saeculorum
1549 4115 1738 4188 (Hebr.
1773 4117 1917 4190 χιιι).

590 4217 609 4250 ι
645 4198 764 4256 Non
779 4213 865 4258 est
883 4204 1088 4273 dicere,
1116 4208 1248 4276 quid
1269 4216 1358 4264 est
1383 4210 1504 4275 hoc,
1535 4219 1632 4265 aut
1657 4210 1786 4280 quid
1807 4217 1895 4266 est
1932 4209 2107 4266 illud?

517 4309 536 4343 ι
572 4291 755 4348 omnia
777 4293 924 4350 enim
952 4295 1008 4352 in
1032 4304 1278 4369 tempore
1301 4314 1400 4354 suo
1432 4308 1765 4370 quaerentur.
1805 4321 1823 4353 ι
1849 4299 2106 4357 Curiosos

510 4400 613 4441 nos
635 4392 782 4440 vetat
805 4402 946 4455 esse,
983 4399 1039 4445 et
1071 4391 1285 4462 ineptos
1326 4401 1658 4449 scrutatores
1691 4395 1976 4450 latentium
2011 4410 2103 4450 re-

511 4491 650 4540 rum,
678 4492 814 4546 quas
834 4494 934 4534 nos
957 4497 1065 4537 non
1088 4484 1342 4539 convenit
1363 4485 1525 4551 scire,
1550 4493 1606 4541 et
1629 4487 1796 4540 animi
1819 4487 1990 4542 nostri
2014 4485 2102 4542 in-

509 4567 788 4626 tellecth
814 4570 988 4626 adhuc
1005 4572 1196 4629 latent.
1235 4574 1445 4631 Cuncta
1473 4578 1621 4632 enim
1650 4578 1704 4632 in
1731 4587 1974 4648 tempore
2001 4595 2100 4634 suo

2219 3363 2408 3421 diluvii
2438 3365 2760 3420 effusionem
2788 3381 2943 3435 aqua
2970 3366 3124 3420 ibant
3156 3373 3353 3420 euntes
3407 3371 3463 3418 et
3495 3365 3824 3430 redeuntes,

2216 3466 2278 3512 ut
2307 3459 2508 3512 iterum
2539 3467 2830 3528 appareret
2850 3459 3022 3523 arida,
3046 3468 3104 3513 et
3131 3466 3280 3513 terra
3303 3457 3516 3514 fructus
3537 3473 3678 3514 suos
3704 3473 3824 3528 ger-

2216 3552 2468 3615 minaret,
2489 3551 2562 3605 ita
2589 3553 2752 3606 etiam
2775 3561 2899 3622 post
2917 3553 3339 3608 exstinctionem
3363 3551 3682 3621 impiorum,
3706 3552 3823 3606 data

2215 3652 2302 3700 est
2325 3644 2553 3700 facultas
2581 3644 2774 3699 electis
2804 3645 2936 3710 Dei,
2969 3655 3030 3699 ut
3072 3643 3384 3714 proferrent
3407 3641 3632 3698 fructus
3659 3643 3824 3699 bono-

2215 3754 2336 3796 rum
2361 3753 2608 3807 operum.
2650 3737 2808 3805 Quod
2854 3746 3042 3794 autem
3073 3739 3207 3794 dicit
3229 3739 3347 3815 vias
3373 3736 3596 3793 Domini
3626 3739 3733 3795 viis
3769 3736 3826 3793 il-

2212 3827 2388 3884 lorum
2421 3843 2545 3886 esse
2579 3829 2835 3894 directas,
2863 3830 3106 3886 ostendit
3145 3829 3540 3887 retributiones
3567 3829 3824 3887 ﬁliusse-

2213 3921 2448 3982 CItndum
2493 3922 2687 3978 merita
2743 3923 2988 3992 ipsorum
3023 3936 3144 3981 esse
3189 3925 3534 3994 dispensatas
3574 3943 3589 3979 :
3638 3944 3660 3978 ι
3715 3926 3825 3982 Via

2212 4015 2359 4070 enim
2386 4014 2601 4072 Domini
2629 4024 2759 4072 sunt
2772 4015 2980 4086 judicia
3008 4017 3165 4088 ejus:
3189 4018 3278 4072 via
3303 4027 3489 4073 autem
3509 4017 3818 4084 hominum,

2210 4122 2376 4178 opera
2423 4107 2657 4164 illorum.
2689 4129 2708 4162 ι
2743 4108 2895 4165 Unde
2921 4111 3182 4166 Dominus
3226 4127 3245 4162 ι
3279 4110 3373 4180 qui
3411 4106 3600 4177 justus
3639 4119 3733 4166 est
3768 4110 3824 4166 in

2211 4201 2465 4258 omnibus
2508 4203 2613 4259 viis
2650 4203 2784 4268 suis,
2814 4211 2871 4260 et
2893 4213 3117 4260 sanctus
3156 4203 3214 4258 in
3248 4202 3504 4259 omnibus
3558 4205 3822 4274 oper-thn

2209 4295 2346 4362 suis,
2385 4305 2442 4351 et
2466 4296 2645 4353 reddit
2669 4297 2965 4368 unicuique
2996 4296 3295 4357 secundum
3316 4311 3479 4367 opera
3502 4312 3602 4353 sua
3633 4294 3820 4369 (Rau.

2208 4388 2296 4461 ιι),
2312 4390 2549 4446 custodit
2571 4406 2763 4447 omnes
2791 4391 3076 4462 diligentes
3095 4407 3176 4458 se,
3194 4399 3250 4446 et
3269 4406 3461 4447 omnes
3491 4399 3822 4462 peccatores

2208 4482 2484 4552 disperdet
2521 4481 2695 4554 (Ρεαι.
2723 4482 2933 4554 xcvm).
2966 4503 2984 4535 ι
3018 4483 3174 4538 Unde
3207 4493 3264 4540 et
3287 4484 3541 4555 sequitur
3569 4503 3584 4538 :

2284 4596 2301 4626 ι
2348 4574 2493 4630 Bona
2519 4577 2675 4632 bonis
2715 4587 2896 4633 creata
2919 4587 3046 4633 sunt
3085 4578 3154 4633 ab
3180 4578 3337 4632 initio
3380 4596 3392 4630 :
3428 4579 3509 4633 sic
3539 4580 3818 4649 nequissi-

507 4659 1026 4728 manifestabuutur,
1053 4663 1262 4720 scilicet
1291 4684 1310 4716 ι
1343 4669 1580 4736 quando,
1603 4667 1758 4736 juxta
1789 4669 1942 4724 Pauli
1973 4686 2097 4726 sen-
2127 4651 2182 4710 Ῑ)
2213 4684 2231 4719 t
2275 4667 2378 4723 mis
2429 4669 2566 4724 bona
2605 4678 2659 4724 et
2706 4670 2868 4724 mala.
2915 4689 2932 4720 ι
2978 4670 3124 4725 Bona
3159 4671 3357 4740 quippe
3407 4669 3539 4724 vitae
3590 4681 3813 4727 aeterna

507 4748 758 4820 tentiam,
779 4753 993 4812 Venerit
1039 4754 1322 4822 Dominus,
1351 4770 1408 4813 et
1433 4759 1760 4814 illuminahit
1785 4761 2097 4818 abscondita

505 4843 877 4911 tenebrarum,
901 4853 958 4900 et
975 4846 1344 4904 manifestabit
1361 4850 1586 4904 consilia
1620 4852 1864 4906 cordium
1893 4850 1945 4923 (1
1970 4851 2092 4908 Cor.

501 4933 581 5004 ιι)
613 4950 629 4987 :
673 4953 696 4987 i
729 4935 857 4996 huic
879 4936 1056 4992 simile
1076 4946 1160 4993 est
1182 4937 1311 4993 illud
1347 4939 1490 5008 quod
1519 4940 1574 4996 in
1605 4941 1931 4998 Ecclesiaste
1959 4943 2095 4998 scri-

503 5032 657 5095 ptum
677 5033 764 5082 est
795 5043 809 5080 ι
837 5045 858 5079 ι
905 5026 984 5082 Ne
1031 5036 1238 5083 temere
1283 5029 1412 5099 quid
1468 5030 1731 5100 loquaris,
1783 5046 1957 5103 neque
2000 5049 2097 5088 cor

505 5124 654 5171 tuum
696 5118 769 5174 sit
815 5117 973 5174 velox
1003 5121 1071 5174 ad
1112 5121 1495 5190 proferendum
1545 5138 1852 5180 sermonem
1907 5141 2092 5180 coram

504 5207 616 5262 Deo
645 5207 869 5282 (Ecdes.
897 5210 974 5284 v).
1002 5211 1071 5268 Et
1112 5212 1242 5276 item
1269 5233 1282 5270 :
1314 5233 1332 5265 ι
1376 5213 1583 5270 Cuncta
1620 5215 1750 5270 fecit
1775 5216 1917 5272 Deus
1954 5219 2094 5272 bona

507 5297 563 5353 in
607 5309 849 5372 tempore
887 5321 985 5361 suo
1017 5321 1032 5359 :
1059 5315 1116 5362 et
1163 5309 1422 5364 mundum
1475 5309 1696 5365 tradidit
1744 5310 2094 5380 disputationi

504 5406 715 5448 eorum.
742 5383 814 5452 Ut
838 5412 946 5454 non
973 5398 1214 5457 inveniat
1237 5402 1400 5457 homo
1422 5417 1556 5472 opus
1575 5403 1717 5472 quod
1735 5412 1990 5473 operatus
2010 5412 2094 5459 est

2206 4774 2508 4833 praeparata
2567 4773 2693 4820 sunt
2760 4765 2920 4820 bonis
2979 4766 3048 4820 ab
3107 4765 3282 4820 initio.
3337 4763 3492 4820 Unde
3543 4764 3813 4821 Dominus

2207 4856 2450 4910 dicturus
2491 4864 2574 4910 est
2602 4857 2655 4910 in
2680 4855 2887 4927 judicio
2915 4856 2999 4910 his
3030 4857 3120 4925 qui
3150 4872 3180 4910 a
3207 4857 3420 4911 dextris
3446 4854 3567 4924 ejus
3603 4867 3810 4913 erunt:

2213 4967 2230 4998 ι
2252 4947 2462 5014 Venite,
2488 4948 2755 5002 benedicti
2779 4947 2958 5001 Patris
2981 4949 3108 5012 mei,
3129 4947 3388 5016 percipite
3411 4963 3643 5019 regnum
3661 4949 3809 5019 quod

2203 5040 2358 5095 vobis
2378 5048 2626 5110 paratum
2650 5050 2733 5096 est
2759 5041 2830 5096 ab
2865 5041 3075 5112 origine
3113 5041 3298 5096 mundi
3331 5039 3547 5113 (Matth.
3577 5043 3714 5113 xxv)
3745 5058 3802 5095 τι

2202 5131 2550 5201 nequissimis
2572 5146 2701 5185 vero
2726 5129 2864 5185 bona
2905 5139 2960 5184 et
2992 5130 3135 5186 mala
3163 5149 3174 5183 :
3214 5131 3355 5186 bona
3404 5132 3630 5202 quippe,
3665 5134 3714 5187 si
3749 5149 3806 5188 se

2202 5223 2569 5280 converterint
2619 5239 2649 5277 a
2704 5223 2942 5293 peccatis
2991 5224 3135 5287 suis,
3176 5231 3232 5276 et
3277 5234 3483 5293 egerint
3531 5225 3805 5294 peniten—

2201 5315 2365 5379 tiam;
2390 5313 2530 5368 mala
2557 5321 2760 5377 autem,
2777 5314 2822 5367 si
2836 5315 3304 5382 perseveraverint
3331 5314 3383 5367 in
3405 5329 3598 5370 errore
3621 5325 3679 5370 et
3709 5317 3802 5370 de-

2198 5402 2343 5458 lictis
2370 5403 2501 5467 suis,
2539 5411 2594 5456 et
2623 5403 2994 5471 paenitentiam
3023 5418 3183 5472 agere
3205 5403 3559 5474 neglexerint,
3597 5406 3800 5475 quibus

502 5486 648 5550 Deus
664 5487 735 5552 ab
753 5489 910 5547 initio
932 5507 1102 5563 usque
1128 5495 1194 5550 ad
1218 5495 1399 5562 ﬁnem,
1427 5513 1550 5552 cum
1576 5498 1758 5553 omnia
1789 5514 1886 5555 suo
1906 5499 2093 5555 laban-
2165 5561 2172 5567 _
2195 5493 2360 5565 judex
2386 5493 2720 5563 justissimus
2747 5494 3067 5550 terribiliter
3115 5497 3255 5550 dicet
3293 5497 3347 5550 in
3375 5507 3626 5553 extremo
3669 5514 3797 5553 exa-

504 5587 592 5646 tur
638 5588 902 5653 tempore,
946 5592 1002 5639 et
1031 5585 1104 5641 sit
1157 5595 1366 5656 tempus
1399 5588 1744 5655 destruendi,
1792 5591 1876 5645 vel
1927 5593 2092 5647 rediti-

501 5669 1054 5742 candi,acquirendi,
1105 5679 1338 5742 tacendi,
1395 5679 1670 5748 loquendi,
1721 5701 1740 5734 ι
1791 5690 1921 5748 etc.,
1971 5699 2090 5752 quae

501 5760 646 5820 dicta
674 5762 740 5819 de
770 5772 1073 5836 temporum
1099 5769 1486 5825 contrarietate
1517 5779 1661 5837 sunt,
1685 5770 1888 5827 frustra
1928 5790 2089 5830 cona-

2199 5591 2345 5646 mine
2385 5607 2397 5644 :
2443 5610 2459 5641 ‹
2491 5589 2760 5644 Discedite
2789 5605 2820 5642 a
2850 5604 2956 5652 me,
2987 5587 3278 5654 maledicti,
3318 5589 3372 5643 in
3406 5589 3588 5660 ignem
3627 5602 3792 5646 cter-

2199 5699 2350 5746 num,
2381 5682 2472 5751 qui
2523 5689 2858 5751 praeparatus
2907 5689 2990 5735 est
3041 5680 3254 5736 diabolo
3299 5689 3357 5736 et
3408 5681 3620 5752 angelis
3673 5681 3795 5751 diu

2200 5773 2415 5845 (Matth.
2466 5771 2630 5844 xxv);
2681 5792 2697 5824 ι
2749 5773 2936 5842 sicque
2981 5771 3136 5828 ibunt
3174 5772 3320 5842 impii
3365 5773 3419 5828 in
3461 5774 3788 5846 supplicium

503 5865 625 5924 mur
663 5855 991 5929 extendere;
1041 5865 1098 5914 et
1140 5857 1333 5916 breves
1383 5860 1508 5917 vitae
1565 5861 1781 5919 labores
1837 5874 2090 5936 putamus
2193 5876 2456 5924 aeternum
2493 5885 2504 5920 :
2536 5863 2668 5935 justi
2693 5874 2872 5924 autem
2900 5865 2957 5924 in
2984 5865 3148 5922 vitam
3183 5872 3464 5924 aeternam.
