4030 6472
555 467 689 522 1047

1189 469 1248 523 Β.
1290 422 1546 525 ΚΑΒᾸΝΙ
1583 467 1802 525 MAURI
1840 466 2158 524 AliClllEP.
2200 464 2509 532 MOGUNT.
2551 463 2836 522 OPERUM
2875 461 3054 520 PARS
3091 463 3132 519 l.

3679 465 3701 518 1
3715 462 3818 518 048

551 580 762 651 xxxix).
799 599 819 633 ι
859 580 1006 638 Vidit
1033 583 1178 638 enim
1215 585 1432 653 sapiens
1457 585 1540 638 vir
1569 582 2133 654 incomprehensibilia
2160 587 2213 648 Α
2237 583 2334 638 bas
2365 588 2541 636 terrae.
2571 579 2627 634 In
2657 580 2853 636 sudore
2878 579 3058 634 vultus
3084 579 3161 633 tui
3187 578 3423 634 vesceris
3450 594 3616 648 pane,
3646 580 3821 636 donec

549 673 644 727 Dei
665 672 870 741 judicia
897 688 1048 741 esse,
1077 683 1133 730 et
1162 674 1560 746 investigabiles
1587 676 1700 730 vias
1729 673 1882 742 ejus;
1929 682 1984 730 et
2018 690 2126 730 non

548 782 713 821 ausus
738 775 822 822 est
860 775 1062 842 temere
1094 767 1297 838 aliquid
1336 768 1602 838 loquendo
1631 780 1722 824 aut
1749 768 2032 823 scribendo
2058 767 2125 823 de

547 856 629 911 eis
653 858 923 926 proferre,
955 859 1050 914 sed
1079 867 1377 929 temperate
1413 862 1480 916 de
1508 861 1762 930 operibus
1803 861 1898 916 Dei
1924 860 2126 930 magni-

546 946 664 1004 ﬁcis
701 950 984 1021 disputans
1011 966 1227 1008 causam
1251 961 1306 1008 et
1331 953 1548 1008 modum
1578 953 1758 1008 divino
1786 952 2010 1008 consilio
2038 960 2122 1007 at-

544 1054 650 1109 que
673 1039 892 1097 decreto
925 1041 1274 1097 manifestum
1312 1043 1533 1098 dimisit.
1565 1042 1716 1099 Unde
1741 1041 2078 1113 subjungitur
2107 1059 2120 1096 :

620 1149 639 1183 ε
686 1129 880 1186 Omnia
910 1146 1072 1202 opera
1113 1131 1326 1189 Domini
1356 1134 1516 1197 bona,
1544 1141 1599 1188 et
1625 1143 1786 1188 omne
1819 1147 1954 1202 opus
1989 1132 2123 1187 hora

545 1238 565 1271 ι
608 1233 706 1274 sua
729 1220 1179 1277 subministrabit.
1224 1221 1341 1277 Non
1381 1232 1462 1277 est
1499 1223 1676 1278 dicere
1707 1243 1718 1277 :
1750 1223 1863 1279 Hoc
1908 1223 1999 1278 illo
2027 1239 2124 1280 ne-

545 1333 564 1366 c
607 1317 767 1384 quius
795 1327 878 1372 est
904 1331 920 1371 :
950 1317 1132 1372 omnia
1161 1317 1305 1373 enim
1331 1319 1384 1372 in
1411 1326 1654 1388 tempore
1681 1334 1779 1374 suo
1805 1321 2122 1389 comproba-

543 1425 562 1456 ι
610 1407 825 1461 buntur.
865 1426 883 1459 ι
920 1407 1056 1464 Huic
1082 1409 1199 1464 loco
1227 1425 1522 1464 consonum
1551 1419 1655 1476 est,
1684 1413 1827 1480 quod
1856 1412 1905 1465 in
1936 1412 2120 1468 Eccle-

537 1496 702 1552 siaste
724 1497 916 1569 legitur
943 1517 957 1554 :
995 1519 1013 1551 ‹
1043 1499 1120 1555 Νε
1145 1501 1314 1566 dicas,
1333 1503 1460 1572 quid
1479 1510 1636 1572 putas
1657 1519 1832 1558 causa:
1857 1512 1958 1570 est,
1975 1505 2119 1574 quod

535 1589 719 1658 priora
737 1599 977 1661 tempora
1000 1591 1222 1648 meliora
1247 1592 1399 1648 fuere
1419 1609 1580 1663 quam
1604 1609 1745 1649 nunc
1765 1595 1926 1650 sunt?
1956 1595 2118 1650 stulta

533 1689 618 1734 est
666 1681 812 1736 enim
849 1681 1219 1754 hujuscemodi
1265 1683 1620 1756 interrogatio
1676 1685 1874 1756 (Eccle.
1919 1685 2036 1758 vn).
2091 1705 2110 1738 ι

535 1771 688 1828 Unde
714 1789 817 1828 nec
836 1782 992 1830 vetus
1021 1775 1275 1832 sarculum
1308 1777 1560 1846 praesenti
1590 1775 1983 1848 praeferendum
2008 1784 2113 1844 est,

531 1866 657 1935 quia
684 1883 824 1922 unus
849 1869 1128 1939 utriusque
1152 1871 1402 1926 conditor
1429 1879 1513 1925 est
1555 1870 1718 1926 Deus.
1749 1870 1989 1926 Virtutes
2014 1871 2112 1925 bo-

2229 670 2520 726 revertaris
2558 670 2613 724 in
2649 679 2872 735 terram,
2900 669 2968 724 de
3002 684 3108 739 qua
3134 678 3380 738 sumptus
3408 683 3468 724 es
3502 687 3515 722 :
3543 670 3675 740 quia
3702 671 3820 739 pul-

2224 762 2308 818 vis
2331 778 2414 827 es,
2448 770 2504 817 et
2529 761 2586 816 in
2619 760 2895 832 pulverem
2919 759 3210 815 reverteris
3240 755 3393 830 (Gen.
3426 758 3536 833 m).
3591 778 3614 811 ι
3663 759 3822 816 Unde

2225 855 2363 910 bene
2385 853 2601 921 dicitur,
2635 873 2653 905 ‹
2686 853 2878 924 Jugum
2907 867 3071 923 grave
3097 865 3260 922 super
3283 850 3420 906 ﬁlios
3446 850 3648 917 Adam,
3670 867 3702 906 a
3733 853 3822 907 die

2224 947 2401 1002 exitus
2421 947 2491 1002 de
2503 953 2689 1002 ventre
2710 944 2900 1000 matris
2925 959 3112 1000 eorum
3135 965 3152 997 ›
3174 944 3408 1014 positum
3430 957 3574 1008 esse,
3605 961 3625 994 ‹
3647 959 3824 1014 usque

2227 1038 2281 1092 in
2312 1037 2453 1092 diem
2483 1036 2769 1107 sepultura:
2799 1038 2851 1091 in
2890 1045 3118 1091 matrem
3168 1036 3412 1092 omnium
3442 1052 3456 1088 :
3493 1053 3512 1086 ι
3545 1035 3656 1090 hoc
3699 1044 3820 1101 at,

2227 1129 2295 1184 ab
2326 1129 2548 1184 exordio
2575 1129 2869 1184 nativitatis
2921 1131 3188 1195 humanae,
3217 1128 3434 1201 quando
3487 1143 3616 1184 eum
3671 1131 3823 1200 geni-

2224 1219 2332 1273 trix
2372 1219 2425 1272 in
2457 1219 2729 1274 doloribus
2752 1227 2806 1274 et
2842 1219 3098 1274 aerumnis
3123 1219 3352 1289 peperit,
3384 1235 3558 1289 usque
3587 1219 3646 1274 in
3675 1220 3820 1274 diem

2223 1309 2600 1375 defunctionis,
2631 1310 2844 1380 quando
2874 1311 2926 1364 in
2977 1318 3197 1376 terram,
3220 1326 3341 1381 quae
3375 1318 3459 1366 est
3487 1319 3671 1365 mater
3698 1325 3820 1365 om-

2222 1401 2371 1455 nium
2401 1401 2726 1466 mortalium,
2754 1409 2965 1456 mortua
3011 1417 3138 1456 caro
3171 1400 3479 1471 sepelietur.
3523 1400 3669 1457 Huic
3690 1417 3822 1473 ergo

2220 1490 2341 1548 loco
2367 1492 2541 1548 simile
2589 1501 2674 1548 est
2725 1491 2873 1558 illud,
2903 1492 3047 1562 quod
3090 1493 3144 1546 in
3198 1490 3300 1547 Job
3344 1493 3610 1563 scriptum
3667 1501 3753 1548 est
3802 1511 3817 1547 :

2226 1604 2244 1637 ι
2290 1584 2476 1639 Militia
2502 1592 2584 1640 est
2607 1585 2714 1639 vita
2737 1585 3014 1639 hominum
3041 1600 3202 1654 super
3224 1593 3425 1640 terram
3447 1585 3596 1657 (Job.
3613 1586 3714 1656 vn)
3749 1605 3768 1637 ι
3804 1604 3817 1640 :

2221 1675 2335 1731 sive
2368 1683 2428 1730 ut
2456 1674 2559 1730 alia
2599 1675 2882 1731 translatio
2913 1675 3100 1741 habet,
3129 1695 3148 1726 ί
3193 1675 3444 1730 Tentatio
3465 1685 3555 1731 est
3578 1677 3695 1733 vita
3722 1691 3821 1731 no-

2220 1767 2425 1821 minum
2446 1781 2608 1837 super
2632 1775 2833 1822 terram
2863 1781 2877 1820 :
2916 1786 2934 1818 ›
2963 1767 3183 1837 quietus
3207 1766 3370 1821 homo
3388 1768 3679 1837 possidere
3698 1782 3821 1823 car-

2219 1863 2344 1914 nem
2371 1859 2563 1928 potuit,
2588 1859 2635 1914 si
2669 1859 2808 1914 bene
2837 1859 2905 1913 ab
2953 1869 3175 1914 auctore
3233 1857 3487 1914 conditus
3535 1859 3823 1929 possidere

527 1972 629 2011 nos
658 1958 858 2014 viventi
887 1949 1090 2015 faciunt
1120 1962 1264 2028 dies;
1311 1962 1460 2027 vitia,
1486 1961 1656 2017 malos
1679 1975 1693 2014 :
1715 1976 1783 2017 ne
1805 1961 1952 2016 dicas
1983 1976 2111 2033 ergo
2139 1968 2187 2028 B
2216 1953 2504 2020 νοιυίεεθιῑ
2530 1969 2764 2024 cumque
2801 1969 2859 2009 se
2883 1954 3096 2026 erigere
3117 1962 3306 2010 00mm
3328 1955 3676 2011 conditorem
3704 1966 3823 2011 Sul-

528 2046 783 2104 meliores
816 2047 985 2106 fuisse
1011 2052 1126 2107 dies
1156 2052 1256 2106 sub
1284 2051 1464 2124 Moyse
1501 2060 1556 2107 et
1580 2053 1680 2108 sub
1708 2051 1924 2107 Christo
1949 2068 2112 2123 quam

525 2139 686 2194 modo
718 2149 874 2207 sunt,
900 2158 1024 2198 nam
1052 2151 1106 2198 et
1131 2143 1222 2198 illo
1266 2151 1510 2214 tempore
1551 2144 1733 2214 plures
1770 2143 1987 2199 fuerunt
2031 2145 2112 2199 in-

525 2231 748 2298 creduli,
772 2241 827 2287 et
857 2235 972 2290 dies
999 2251 1190 2292 eorum
1215 2237 1345 2292 mali
1382 2237 1510 2292 facti
1543 2246 1700 2304 sunt;
1741 2246 1797 2293 et
1827 2253 1971 2293 nunc
1993 2252 2112 2294 cre-

523 2322 714 2378 dentes
744 2325 898 2381 multi
931 2328 1308 2399 recipiuntur:
1340 2330 1408 2385 de
1440 2329 1636 2400 quibus
1676 2329 1925 2385 Salvator
1973 2330 2050 2385 ait
2093 2347 2107 2385 :

528 2433 545 2465 ι
592 2413 741 2471 Beati
781 2420 872 2487 qui
905 2435 990 2474 me
1016 2436 1123 2476 non
1151 2421 1402 2477 viderunt
1429 2431 1484 2476 et
1510 2423 1855 2478 crediderunt
1906 2421 1925 2495 (
1945 2423 2105 2478 Joan.

519 2506 636 2577 xx).
672 2529 689 2560 ι
726 2508 917 2565 Omnia
945 2513 1091 2567 enim
1120 2529 1286 2583 opera
1311 2513 1408 2570 Dei
1435 2523 1560 2570 sunt
1588 2515 1747 2582 bona,
1773 2523 1828 2570 et
1869 2515 1968 2571 sub
1994 2514 2109 2571 dis-

519 2599 836 2667 pensatione
891 2604 1190 2660 conditoris
1239 2605 1321 2660 sui
1376 2606 1681 2661 consistunt
1730 2606 2015 2672 universa,
2045 2620 2111 2662 ac

521 2689 643 2745 ideo
671 2691 736 2746 de
755 2692 977 2763 judiciis
1008 2693 1104 2750 Dei
1134 2696 1471 2752 mirabilibus
1498 2697 1678 2768 potius
1715 2695 1982 2752 silendum
2026 2703 2112 2753 est

517 2780 723 2838 homini
747 2799 909 2854 quam
933 2785 1100 2856 loqui,
1128 2789 1255 2858 quia
1280 2789 1381 2845 sub
1409 2788 1527 2859 ejus
1557 2789 1818 2859 regimine
1837 2789 1970 2846 ordo
2001 2788 2110 2846 dis-

513 2879 690 2934 currit
717 2879 880 2936 totius
915 2882 1114 2937 seaculi.

593 2990 613 3023 ι
657 2971 726 3027 Ει
753 2989 896 3030 nunc
920 2975 976 3030 in
1005 2975 1155 3032 omni
1177 2978 1342 3034 corde
1371 2986 1427 3034 et
1456 2993 1553 3035 ore
1581 2979 1882 3035 collaudate
1925 2985 1982 3034 et
2013 2980 2108 3036 be-

521 3081 541 3114 ι
583 3063 818 3120 nedicite
846 3082 1044 3123 nomen
1079 3067 1312 3124 Domini.
1357 3089 1377 3122 ι
1411 3068 1525 3126 Ηοε
1563 3071 1710 3126 enim
1731 3070 1950 3126 unicam
1977 3085 2108 3126 con-

515 3159 695 3216 silium
717 3160 871 3217 nobis
892 3164 1069 3230 datur,
1087 3172 1146 3218 ut
1168 3164 1413 3220 videntes
1437 3164 1704 3221 mirabilia
1726 3163 1846 3230 Dei,
1861 3172 1917 3221 et
1940 3179 2106 3234 opera

513 3250 632 3320 ejus
656 3255 973 3326 magniﬁca,
1005 3271 1112 3312 non
1146 3258 1360 3315 incaute
1389 3275 1453 3316 ea
1500 3261 1770 3316 discutere
1809 3275 2100 3332 praesuma-

2217 2045 2354 2110 duit,
2380 2045 2435 2100 in
2463 2045 2753 2116 semetipso
2776 2045 3022 2115 protinus
3045 2047 3228 2102 carnis
3250 2047 3643 2102 contumeliam
3667 2049 3822 2104 inve-

2214 2137 2327 2202 nit;
2355 2136 2448 2192 sed
2477 2137 2604 2208 quia
2629 2151 2752 2192 cum
2773 2137 2928 2207 culpa
2949 2137 3110 2192 simul
3135 2137 3203 2192 ab
3221 2139 3430 2210 origine
3451 2139 3622 2194 etiam
3651 2156 3820 2210 ptena

2212 2238 2562 2300 propagatur,
2612 2229 2824 2286 incerto
2869 2229 3203 2286 infirmitatis
3249 2231 3382 2288 vitio
3428 2233 3734 2298 nascimur,
3764 2242 3820 2289 et

2213 2321 2367 2392 quasi
2397 2321 2677 2376 nobiscum
2705 2321 2917 2377 hostem
2973 2322 3308 2389 deducimus,
3341 2339 3503 2393 quem
3555 2339 3687 2378 cum
3733 2324 3818 2378 la-

2212 2412 2343 2468 bore
2373 2428 2710 2483 superemus.
2735 2412 2853 2483 Ipsa
2884 2429 3014 2484 ergo
3042 2414 3280 2470 hominis
3309 2414 3418 2468 vita
3447 2416 3688 2470 tentatio
3710 2424 3816 2481 est,

2213 2505 2301 2560 cui
2327 2520 2395 2560 ex
2425 2506 2712 2576 semetipsa
2745 2505 2990 2561 nascitur
3017 2505 3160 2561 unde
3187 2505 3519 2576 perimatur;
3560 2523 3688 2577 qua
3712 2507 3816 2563 etsi

2213 2611 2427 2668 semper
2456 2612 2523 2652 ex
2548 2597 2750 2651 virtute
2779 2596 3074 2652 succiderit
3095 2597 3238 2666 quod
3268 2612 3337 2652 ex
3363 2596 3696 2652 inﬁrmitate
3718 2613 3814 2669 ge-

2212 2694 2386 2753 nerat,
2422 2701 2638 2758 semper
2659 2695 2841 2742 tamen
2869 2703 2937 2743 ex
2966 2686 3284 2744 inﬁrmitate
3305 2697 3534 2760 generat
3561 2689 3713 2759 quod
3744 2704 3814 2744 ex

2208 2781 2409 2837 virtute
2445 2781 2724 2847 succidat;
2776 2782 2855 2836 sic
2894 2781 3077 2852 itaque
3125 2782 3365 2837 humana
3416 2783 3530 2836 vita
3578 2783 3813 2838 tentatio

2209 2883 2328 2941 est,
2359 2882 2421 2930 ut
2449 2874 2553 2931 etsi
2583 2873 2698 2944 jam
2743 2874 2815 2928 ab‘
2852 2873 3154 2944 iniquitatis
3199 2875 3611 2946 perpetratione
3658 2890 3812 2931 com-

2208 2967 2469 3038 pescitur,
2496 2965 2550 3020 in
2582 2965 2719 3042 ipsis.
2741 2975 2921 3021 tamen
2943 2966 3102 3022 bonis
3123 2967 3397 3036 operibus,
3436 2964 3600 3021 modo
3647 2967 3811 3024 malo-

2208 3071 2333 3111 rum
2363 3059 2648 3123 memoria,
2689 3057 2849 3114 modo
2892 3056 3222 3114 seductionis
3245 3057 3502 3128 caligine,
3530 3060 3701 3116 modo
3735 3061 3812 3116 in-

2210 3147 2468 3204 tentionis
2496 3165 2606 3204 sua:
2631 3149 3028 3220 interruptione
3051 3148 3312 3204 fuscetur.

2287 3259 2306 3293 α
2351 3241 2719 3313 Cogitationes
2748 3257 2938 3299 eorum
2977 3250 3032 3298 et
3061 3243 3285 3298 timores
3313 3246 3514 3311 cordis,
3539 3244 3809 3301 adinven-

512 3359 653 3400 ιηυε,
689 3343 796 3401 sed
824 3347 997 3419 magis
1033 3359 1336 3407 creatorem
1378 3351 1641 3421 Optimum
1685 3352 1869 3418 corde,
1909 3368 2006 3408 ore
2049 3358 2106 3408 et
2131 3351 2177 3414 ρ
2214 3351 2232 3384 ι
2279 3333 2352 3388 tio
2377 3333 2816 3404 exspectationis,
2841 3339 2896 3388 et
2936 3333 3052 3389 dies
3079 3332 3432 3389 definitionis.
3475 3352 3496 3386 ι
3537 3333 3700 3390 Nunc
3729 3335 3807 3390 in-

509 3449 674 3504 opere
727 3433 1024 3502 laudemus,
1075 3439 1492 3508 benedicamus,
1521 3449 1684 3511 atque
1711 3439 2096 3512 gloriﬁcamus,

507 3526 635 3596 quia
675 3525 789 3597 ipse
816 3528 961 3584 solus
998 3540 1080 3586 est
1128 3547 1290 3602 quem
1333 3542 1444 3590 toto
1490 3533 1684 3600 corde,
1732 3542 1843 3589 tota
1893 3535 2097 3602 anima,

507 3624 619 3671 tota
649 3617 848 3675 virtute
875 3620 1098 3690 diligere
1116 3621 1403 3691 jubemur;
1437 3631 1491 3680 et
1518 3621 1671 3693 cujus
1693 3634 1962 3698 praecepta
1987 3641 2099 3682 ser-

505 3724 656 3778 vare,
672 3711 726 3766 in
753 3710 974 3782 ejusque
999 3715 1221 3771 servitio
1239 3717 1481 3787 quotidie
1497 3718 1800 3774 consistere
1815 3718 2093 3789 debemus,

504 3810 827 3870 quatenusa
853 3806 995 3861 bono
1025 3807 1252 3863 Domino
1296 3817 1358 3863 ut
1401 3808 1562 3864 utiles
1607 3811 1750 3866 servi
1801 3811 1855 3866 in
1910 3810 2096 3868 furore

503 3893 685 3962 iudicii
715 3911 814 3966 pro
846 3904 995 3952 recta
1023 3897 1130 3954 ﬁde
1161 3907 1216 3954 et
1240 3900 1384 3957 bono
1412 3916 1578 3972 opere
1605 3916 1948 3958 coronemur.

570 3987 725 4060 (αλιι.
754 3989 866 4062 xc.)
899 4009 917 4041 ι
953 3988 1248 4062 Occupatio
1275 4008 1468 4064 magna
1497 4001 1682 4048 creata
1707 4001 1792 4050 est
1841 3994 2094 4052 omnibus

506 4100 523 4130 ι
567 4079 899 4148 hominibus,
927 4091 984 4138 et
1005 4082 1195 4156 jugum
1225 4100 1392 4157 grave
1432 4100 1596 4155 super
1643 4085 1783 4142 ﬁlios
1828 4086 2024 4154 Adam,
2061 4103 2094 4144 a

506 4190 525 4222 ι
572 4172 658 4228 die
682 4174 861 4231 exitus
885 4174 954 4231 de
986 4185 1177 4233 ventre
1201 4177 1395 4233 matris
1415 4192 1628 4245 eorum,
1652 4193 1828 4248 usque
1854 4178 1912 4234 in
1943 4180 2089 4236 diem

505 4284 522 4315 ε
570 4265 859 4336 sepultum
886 4267 942 4323 in
986 4278 1217 4326 matrem
1261 4269 1524 4326 omnium.
1591 4288 1610 4321 ι
1660 4268 1776 4326 Hoc
1819 4278 1905 4326 est
1945 4271 2090 4340 quod

499 4355 625 4411 alibi
667 4358 930 4428 scriptum
957 4367 1043 4414 est
1079 4377 1093 4414 :
1141 4378 1160 4412 ι
1217 4360 1389 4416 Homo
1433 4361 1501 4415 ad
1551 4359 1794 4416 laborem
1845 4362 2090 4417 nascitur

498 4444 641 4516 (Job.
673 4448 762 4517 v);
812 4447 1106 4519 Occupatio
1134 4465 1265 4521 ergo
1299 4466 1495 4521 magna
1515 4459 1700 4506 creata
1725 4459 1810 4508 est
1834 4452 2089 4509 omnibus

498 4540 835 4608 hominibus,
849 4543 976 4613 quia
996 4545 1362 4616 protoplastus
1383 4545 1605 4600 humani
1629 4545 1841 4617 generis
1861 4560 2083 4616 parens,

499 4633 572 4686 ita
600 4647 631 4685 a
663 4632 773 4686 Deo
801 4634 1050 4688 conditus
1077 4644 1182 4702 est,
1207 4645 1268 4690 ut
1296 4636 1414 4691 utili
1441 4637 1741 4706 operationi
1783 4637 2081 4702 insisteret,

2208 3425 2339 3496 cipit
2367 3439 2684 3480 enumerare
2705 3439 2827 3496 quae
2857 3423 3114 3480 mortales
3144 3424 3286 3479 mala
3324 3433 3552 3495 propter
3577 3434 3806 3496 peccata

2207 3535 2306 3574 sua
2336 3519 2662 3584 sustineant,
2693 3519 2797 3574 hoc
2825 3526 2927 3584 est,
2951 3517 3339 3573 sollicitudines
3367 3517 3549 3573 varias
3578 3520 3804 3584 mentis,

2206 3619 2263 3666 et
2288 3610 2509 3667 timores
2527 3611 2725 3674 cordis,
2757 3609 3167 3666 adinventiones
3195 3611 3422 3666 diversae
3441 3612 3802 3682 operationis,

2205 3703 2404 3773 quibus
2433 3703 2487 3757 in
2519 3702 2708 3758 diebus
2743 3698 3166 3772 exspectationis
3216 3699 3377 3772 (quia
3425 3711 3665 3757 mortem
3711 3718 3802 3758 ex-

2205 3792 2490 3866 spectant)
2522 3791 2844 3864 aﬁligantur,
2868 3800 2922 3848 et
2947 3793 3015 3847 ad
3043 3792 3290 3847 ultimum
3320 3794 3373 3848 in
3404 3794 3490 3849 die
3521 3795 3800 3850 deﬁnitio-

2204 3884 2291 3941 nis
2321 3884 2646 3941 sententiam
2675 3883 3100 3952 certamjudicis
3127 3897 3228 3953 pro
3260 3885 3471 3940 meritis
3512 3886 3630 3942 suis
3659 3887 3802 3942 acci-

2202 3977 2388 4047 piant;
2425 3985 2482 4032 et
2507 3976 2633 4047 quia
2662 3973 2842 4045 justus
2865 3976 3033 4047 judex
3058 3990 3348 4046 personam
3375 3974 3669 4046 cujuslibet
3693 3994 3799 4033 non

2203 4069 2422 4140 accipit,
2450 4070 2546 4126 sed
2569 4084 2761 4126 omnes
2797 4067 3093 4126 secundum
3121 4069 3429 4139 aequitatem
3471 4067 3668 4140 judicii
3716 4071 3798 4125 sui

2195 4160 2430 4232 judicat,
2455 4176 2688 4232 sequens
2716 4161 2982 4217 sententia
3002 4160 3212 4232 probat.

2277 4271 2296 4304 ‹
2341 4253 2410 4308 Ει
2438 4252 2742 4311 residentes
2769 4267 2934 4324 super
2968 4251 3151 4309 sedem
3180 4251 3492 4324 gloriosam,
3520 4268 3703 4324 usque
3729 4254 3795 4310 ad

2203 4365 2223 4398 ι
2267 4345 2611 4401 humiliatum
2637 4345 2693 4400 in
2730 4352 2876 4401 terra
2917 4352 2974 4401 et
3011 4344 3230 4400 cinere:
3263 4345 3332 4401 ab
3365 4359 3432 4401 eo
3479 4345 3578 4416 qui
3623 4346 3796 4400 utitur

2203 4457 2222 4491 ι
2265 4438 2560 4511 hyacintho
2585 4448 2641 4495 et
2676 4447 2862 4511 portat
2885 4453 3166 4505 coronam,
3195 4453 3368 4510 usque
3408 4439 3480 4494 ad
3527 4453 3655 4494 eum
3701 4441 3793 4511 qui

2201 4548 2220 4582 ‹
2266 4529 2575 4600 cooperitur
2616 4529 2727 4586 lino
2775 4529 2982 4596 crudo;
3037 4527 3218 4595 furor,
3266 4527 3446 4594 zelus,
3487 4530 3788 4597 tumultus,

2200 4638 2220 4672 ι
2259 4618 2557 4685 ﬂuctuatio,
2585 4629 2642 4675 et
2667 4621 2830 4676 timor
2862 4619 3077 4686 mortis,
3105 4619 3384 4675 iracundia
3402 4634 3786 4690 perseverans,

498 4723 595 4778 sed
623 4731 801 4779 tamen
838 4725 958 4778 sine
995 4724 1282 4781 alliictione
1308 4727 1487 4796 aliqua
1514 4734 1676 4798 atque
1703 4725 1906 4782 labore.
1931 4727 2086 4783 Unde
2111 4716 2166 4778 D
2198 4729 2218 4762 ε
2259 4719 2314 4766 ei
2341 4710 2636 4766 εοηῐθηίίοο
2685 4731 2704 4762 ³
2734 4710 2878 4766 Deus
2907 4710 3053 4767 enim
3084 4723 3374 4780 Personam
3415 4710 3658 4766 hominis
3681 4729 3786 4768 υοη

497 4815 551 4867 in
593 4812 790 4869 Genesi
839 4813 1075 4885 legitur:
1107 4833 1126 4868 ι
1170 4813 1319 4871 Tulit
1354 4830 1484 4887 ergo
1508 4814 1770 4871 Dominus
1808 4816 1951 4871 Deus
1989 4816 2086 4871 ho-

496 4903 721 4970 minem,
747 4912 802 4959 ct
849 4905 1030 4974 posuit
1077 4919 1200 4961 eum
1248 4905 1304 4960 in
1352 4906 1606 4977 paradiso
1661 4905 1975 4978 voluptatis,
2025 4914 2088 4960 ut

495 5007 816 5068 operaretur
835 5007 891 5052 ct
923 4998 1222 5054 custodiret
1251 4997 1401 5054 illum
1434 4997 1587 5070 (Gen.
1616 4997 1703 5071 ιι).
1739 5018 1758 5050 ›
1789 4997 2084 5069 Postquam

495 5099 677 5146 autem
713 5091 769 5146 in
807 5093 1276 5162 praevaricationis
1301 5092 1513 5162 culpam
1538 5091 1766 5158 decidit,
1791 5107 1920 5148 mox
1936 5089 2084 5160 justo

494 5183 589 5238 Dei
621 5181 829 5252 judicio
869 5183 935 5238 de
980 5182 1238 5240 felicitate
1277 5182 1514 5253 paradisi
1559 5180 1793 5252 ejectus,
1841 5181 1896 5237 in
1943 5181 2085 5236 hanc

492 5273 794 5329 convallem
821 5274 1164 5330 miseriarum
1185 5274 1468 5330 devolutus
1495 5281 1597 5340 est,
1622 5272 1713 5328 ubi
1745 5271 1860 5344 ipse
1883 5279 1940 5327 et
1964 5286 2085 5341 pro-

493 5365 678 5436 genies
701 5367 817 5437 eius
843 5368 1082 5438 quotidie
1107 5383 1231 5424 cum
1260 5366 1447 5424 labore
1473 5381 1725 5437 operans,
1753 5365 1954 5421 laboris
1995 5365 2081 5421 sui

494 5455 734 5511 fructum
761 5457 854 5512 vix
881 5465 1044 5528 atque
1071 5456 1286 5513 diﬁlcile
1331 5455 1625 5519 inveniret;
1673 5462 1729 5510 et
1774 5454 1990 5519 merito,
2021 5461 2083 5509 ut

490 5551 590 5624 qui
617 5549 789 5607 noluit
814 5559 1142 5621 praeceptum
1168 5567 1292 5607 cum
1325 5551 1579 5607 felicitate
1603 5565 1840 5614 servare,
1861 5565 2078 5621 poenam

492 5641 872 5699 inobedientize
893 5641 1054 5695 simul
1077 5656 1200 5697 cum
1225 5639 1409 5696 labore
1436 5641 1750 5704 sustineret,
1777 5638 1990 5720 dicente
2010 5638 2079 5695 ad

487 5746 614 5787 eum
651 5732 927 5787 Domino:
973 5751 991 5782 ‹
1029 5730 1309 5787 Maledicta
1361 5741 1505 5788 terra
1546 5734 1600 5788 in
1649 5748 1812 5803 opere
1861 5741 1952 5788 tuo
1983 5732 2076 5788 :in

469 5821 768 5877 ’laboribus
793 5821 1047 5876 comedes
1087 5837 1152 5876 cx
1201 5838 1263 5876 ea
1303 5825 1510 5878 cunctis
1553 5824 1740 5879 diebus
1791 5825 1915 5878 vita:
1948 5834 2070 5878 tum.

491 5914 688 5975 Spinas
708 5923 764 5970 et
792 5912 1018 5969 tribulos
1047 5914 1372 5985 germinabit
1399 5913 1525 5982 tibi,
1564 5922 1619 5968 et
1661 5917 1915 5971 comedes
1956 5915 2078 5970 her.

2191 4803 2406 4876 accipit,
2435 4805 2692 4875 quoniam
2729 4803 2990 4860 Dominus
3011 4803 3194 4873 justus
3214 4803 3382 4873 judex
3415 4813 3534 4871 est,
3563 4815 3620 4860 et
3680 4823 3784 4862 non

2189 4904 2274 4952 est
2297 4896 2437 4968 apud
2462 4896 2608 4951 illum
2642 4896 2813 4968 gloria
2847 4911 3112 4968 persome,
3139 4910 3240 4952 nec
3269 4895 3469 4966 accipit
3489 4912 3784 4968 personam

2189 4987 2244 5042 in
2273 5002 2540 5058 paupere,
2571 4987 2667 5042 sed
2707 4987 2884 5043 reddit
2917 4985 3212 5056 unicuique
3265 4985 3571 5042 secundum
3616 5003 3783 5058 opera

2187 5093 2304 5133 sua.
2341 5077 2517 5134 Furor
2561 5077 2706 5133 enim
2752 5085 2808 5133 et
2848 5076 3026 5142 zelus,
3072 5076 3376 5133 ostenditur
3413 5077 3470 5132 in
3518 5077 3779 5142 vindicta,

2189 5171 2404 5242 quando
2431 5180 2746 5242 peccatores
2781 5187 2881 5242 pro
2923 5169 3136 5226 delictis
3159 5169 3272 5224 suis
3299 5168 3696 5225 cruciabuntur
3725 5169 3778 5222 in

2184 5277 2368 5333 ptena,
2397 5263 2489 5318 ubi
2525 5261 2790 5318 tumultus
2819 5268 2904 5318 est
2943 5269 2999 5315 et
3027 5260 3326 5324 ﬂuctuatio,
3361 5259 3489 5328 quia
3536 5279 3555 5310 ‹
3601 5258 3775 5313 nullus

2183 5357 2337 5421 ordo,
2366 5355 2461 5410 sed
2501 5361 2794 5425 perpetuus
2835 5353 3030 5408 horror
3063 5352 3136 5406 ibi
3166 5351 3433 5408 inhabitat
3462 5350 3611 5422 (Job.
3637 5351 3717 5421 x),
3751 5370 3768 5401 ι

2182 5447 2274 5502 ubi
2306 5448 2469 5502 timor
2501 5447 2693 5504 mortis
2728 5455 2830 5513 est,
2859 5453 2915 5502 et
2957 5444 3238 5503 iracundia
3295 5457 3682 5514 perseverans,
3718 5453 3777 5502 et

2185 5536 2478 5591 contentio.
2511 5535 2652 5590 Vere
2689 5534 2760 5590 ibi
2791 5535 2951 5589 timor
2973 5540 3056 5588 est
3083 5530 3304 5595 mortis,
3330 5528 3420 5585 ubi
3451 5531 3776 5588 continuam

2184 5627 2495 5685 incendium
2518 5636 2603 5683 est
2631 5625 2891 5698 gehennae
2917 5624 3091 5696 ignis;
3137 5621 3416 5677 iracundia
3456 5631 3777 5690 perseverat

2183 5727 2238 5776 et
2284 5721 2582 5784 contentio,
2613 5718 2869 5790 quoniam
2918 5715 3062 5772 nulla
3109 5731 3211 5786 pax
3263 5714 3336 5768 ibi
3392 5724 3512 5783 est,
3543 5730 3600 5774 ei
3625 5716 3774 5772 nulla

2184 5816 2382 5871 doloris
2413 5813 2694 5884 mitigatio.
2732 5811 2900 5867 Isaias
2939 5809 3200 5879 propheta
3231 5808 3296 5861 de
3324 5811 3574 5882 mprobis
3602 5819 3656 5864 et
3703 5809 3774 5866 de

2180 5907 2444 5982 supplicio
2480 5904 2996 5977 mancipatis,longe
3018 5908 3142 5956 ante
3166 5897 3422 5969 prtediXit
3451 5919 3466 5958 :
3502 5921 3520 5955 ι
3555 5899 3773 5976 Verulis
