4030 6518
335 445 362 500 I
373 443 478 501 049

1199 445 1550 504 COMMENT.
1593 447 1660 504 IN
1697 448 2310 509 ECCLESIASTICUM.
2351 484 2421 494 —
2456 453 2584 509 LIB.
2627 452 2716 510 IX.

3469 463 3611 524 I050

335 573 523 614 eorum
555 572 661 614 non
691 558 981 626 morietur,
1013 568 1067 616 et
1124 559 1262 632 ignis
1319 577 1507 617 eorum
1552 577 1658 617 non
1715 566 1914 620 exstin-
1941 568 1993 626 Α
2019 565 2164 620 mino
2191 567 2466 622 cruciatus
2493 567 2640 622 vivat
2660 608 2676 633 ,
2707 567 2832 638 quia
2857 575 2914 622 et
2939 569 3007 625 ad
3027 568 3190 626 ﬁnem
3213 586 3311 644 per
3338 579 3612 637 tormenta

335 661 546 724 guetur,
582 673 600 705 ›
633 664 690 710 et
726 663 886 710 erunt
938 673 956 705 ‹
1007 669 1176 724 usque
1224 654 1289 708 ad
1338 656 1642 709 satietatem
1690 657 1914 713 visionis

333 747 480 802 omni
511 746 660 802 carni
690 745 824 818 (Isa.
856 747 1024 816 var).
1049 767 1066 798 ›
1103 745 1242 815 Quid
1273 746 1417 802 enim
1444 747 1759 804 horribilius
1785 750 1912 817 dici,

333 837 460 908 quid
488 837 715 908 cogitari
744 847 941 908 potest,
971 854 1130 908 quam
1156 840 1517 896 damnationis
1543 841 1767 897 vulnera
1789 858 1909 898 sus-

332 930 538 999 cipere,
585 937 641 982 et
698 927 912 986 dolores
956 929 1236 985 vulnerum
1281 948 1554 1003 nunquam
1617 932 1802 989 ﬁnire!
1852 933 1912 989 In

332 1018 489 1089 hujus
522 1020 954 1098 vitaatormentis
981 1021 1141 1078 timor
1176 1022 1415 1079 dolorem
1449 1025 1631 1090 habet,
1662 1025 1814 1082 dolor
1843 1026 1910 1081 ti-

330 1127 537 1168 morem
563 1127 671 1167 non
707 1113 898 1180 habet,
934 1114 1058 1183 quia
1089 1129 1426 1185 nequaquam
1469 1125 1704 1172 mentem
1734 1126 1911 1174 metus

327 1207 555 1271 cruciat,
582 1222 706 1263 cum
731 1207 843 1277 pati
877 1207 991 1277 jam
1039 1208 1266 1279 cmperit
1313 1210 1456 1279 quod
1497 1213 1788 1267 metuebat.
1829 1212 1912 1266 ln-

327 1297 468 1354 ferni
493 1299 705 1372 ignibus
735 1300 949 1370 reprobi
979 1300 1180 1364 traditi,
1208 1308 1261 1354 et
1290 1302 1343 1356 in
1366 1303 1640 1373 suppliciis
1670 1304 1910 1360 dolorem

328 1391 588 1456 sentiunt,
615 1398 670 1446 et
700 1391 754 1446 in
785 1390 1061 1446 doloribus
1090 1392 1358 1463 angustia,
1404 1393 1652 1462 pulsante
1695 1411 1911 1466 semper

325 1497 542 1552 pavore,
571 1481 857 1547 feriuntur,
882 1492 943 1538 ut
975 1485 1114 1554 quod
1155 1485 1348 1540 timent
1397 1485 1648 1553 tolerent,
1693 1496 1748 1542 et
1795 1504 1912 1542 rur-

324 1591 442 1630 sum
472 1576 614 1646 quod
644 1575 874 1632 tolerant
899 1577 1014 1632 sine
1041 1577 1343 1633 cessatione
1367 1580 1756 1648 pertimescant
1782 1598 1794 1633 :
1820 1580 1910 1635 hic

323 1669 536 1725 ﬂamma
561 1687 680 1740 quae
712 1671 976 1737 sucendit,
1006 1671 1272 1727 illuminat
1304 1691 1317 1727 :
1353 1673 1460 1728 illic
1495 1673 1635 1745 ignis
1665 1675 1756 1744 qui
1786 1690 1909 1729 cru-

323 1761 748 1827 ciat,obscurat;
791 1761 878 1816 hic
900 1771 1074 1817 metus
1091 1763 1377 1830 amittitur,
1401 1779 1523 1817 cum
1553 1764 1772 1819 tolerari
1794 1763 1906 1833 jam

321 1851 550 1920 coeperit
574 1853 715 1920 quod
743 1851 1033 1908 timebatur
1066 1871 1078 1908 :
1112 1853 1225 1909 illic
1277 1862 1332 1909 et
1377 1853 1531 1911 dolor
1575 1855 1819 1922 dilaniat,
1852 1864 1906 1911 et

319 1958 487 2014 pavor
516 1951 788 2016 angustat.

396 2071 415 2104 ι
456 2052 524 2108 Et
547 2052 603 2106 in
629 2062 870 2125 tempore
895 2052 1206 2127 refectionis
1235 2055 1289 2110 in
1311 2055 1496 2121 cubili,
1513 2071 1734 2112 somnus
1761 2070 1905 2111 mor-

324 2159 342 2193 ‹
380 2142 450 2196 tis
494 2142 743 2198 immutat
791 2145 1074 2200 scientiam
1117 2143 1233 2214 ejus
1274 2165 1285 2200 :
1321 2146 1594 2202 modicum
1650 2156 1907 2217 tanquam

323 2253 342 2286 ε
387 2234 523 2288 nihil
552 2235 606 2290 in
634 2237 838 2305 requie.
872 2257 890 2289 ι
929 2235 1164 2307 Tempus
1195 2237 1504 2295 refectionis
1543 2240 1674 2294 dicit
1696 2247 1908 2309 tempus

319 2327 795 2394 remunerationis,
847 2329 1063 2398 quando
1108 2346 1334 2401 corpore
1375 2332 1594 2386 condito
1643 2331 1696 2386 in
1747 2331 1907 2387 cubili

317 2418 572 2488 sepulcri,
591 2418 770 2474 anima
793 2418 923 2475 locis
943 2420 1246 2490 ptenalibus
1267 2436 1368 2491 pro
1392 2422 1633 2492 peccatis
1657 2422 1769 2478 suis
1811 2423 1907 2476 de-

316 2517 556 2578 putatur.
600 2509 751 2566 Tunc
806 2525 1026 2567 somnus
1071 2512 1262 2568 mortis
1318 2513 1570 2568 immutat
1628 2514 1910 2569 scientiam

317 2600 455 2670 ejus,
489 2601 614 2671 quia
643 2601 798 2674 longe
820 2602 982 2658 aliter
1012 2611 1137 2658 tunc
1182 2604 1349 2659 sentit
1398 2605 1464 2659 de
1510 2605 1720 2660 actibus
1774 2605 1908 2670 suis,

316 2709 479 2764 quam
507 2703 633 2750 ante
664 2695 717 2749 in
749 2697 850 2751 hac
882 2696 993 2751 vita
1019 2696 1320 2762 sentiebat;
1373 2697 1502 2766 quia
1548 2705 1676 2752 tunc
1726 2695 1909 2752 omnia

316 2786 827 2854 manifestabuntur,
853 2804 972 2860 quae
991 2789 1143 2860 prius
1169 2787 1388 2845 fuerunt
1413 2789 1655 2856 occulta;
1689 2798 1852 2860 atque
1878 2805 1910 2844 a

318 2879 568 2952 malignis
590 2881 869 2950 spiritibus
899 2883 952 2938 ei
985 2882 1040 2937 in
1071 2883 1391 2939 memoriam
1421 2884 1771 2949 reducuntur,
1792 2899 1911 2954 quae

317 2976 406 3032 bic
444 2976 856 3048 negligebantur
895 2985 989 3032 aut
1035 2976 1291 3034 oblivioni
1335 2977 1703 3033 tradebantur.
1758 2977 1912 3035 Tunc

315 3065 461 3122 enim
488 3066 741 3136 impletur
762 3068 905 3137 quod
935 3067 1188 3123 Salvator
1214 3068 1282 3124 ad
1312 3066 1648 3123 Hierusalem
1678 3067 1745 3122 de
1773 3069 1902 3124 sub-

317 3159 565 3215 versione
599 3158 774 3214 ﬂendo
803 3160 1125 3229 praedixerat
1153 3179 1163 3212 :
1197 3159 1447 3226 Venient,
1486 3159 1684 3230 inquit,
1711 3157 1828 3214 dies
1854 3159 1909 3215 in

317 3259 389 3316 te,
413 3260 469 3306 et
499 3249 912 3306 circumdabunt
950 3261 1004 3306 te
1031 3251 1269 3322 undique
1310 3252 1516 3308 inimici
1547 3252 1624 3306 tui
1652 3251 1793 3308 vallo
1813 3294 1827 3318 ,
1855 3259 1909 3308 et

315 3341 728 3398 circumdabunt
774 3350 858 3408 te,
895 3351 950 3398 et
995 3344 1428 3414 coangustabunt
1468 3353 1521 3399 te
1568 3345 1824 3415 undique,
1856 3351 1911 3400 et

315 3436 384 3488 ad
424 3441 625 3490 terram
656 3441 1003 3489 consternent
1028 3442 1101 3498 te,
1121 3443 1174 3490 et
1197 3434 1337 3490 ﬁlios
1359 3443 1480 3491 tuos
1503 3437 1593 3506 qui
1621 3438 1674 3492 in
1704 3446 1757 3492 te
1782 3447 1911 3493 sunt

315 3524 470 3595 (Luc.
495 3524 630 3596 xu).
682 3544 700 3576 ι
745 3524 959 3597 Maligni
1001 3526 1197 3597 quippe
1238 3527 1460 3598 spiritus
1509 3529 1746 3599 undique
1791 3531 1908 3584 ani-

315 3633 460 3672 mam
492 3625 798 3689 angustant,
831 3618 1051 3689 quando
1082 3619 1129 3673 ei
1155 3634 1261 3674 non
1286 3619 1459 3674 solum
1481 3620 1684 3690 operis,
1716 3637 1906 3677 verum

313 3711 481 3768 etiam
506 3711 794 3767 locutionis
839 3719 1000 3781 atque
1042 3711 1261 3782 insuper
1307 3712 1650 3783 cogitationis
1709 3713 1906 3784 iniqui-

314 3813 454 3861 tates
484 3805 764 3875 replicant,
791 3813 852 3859 ut
879 3821 998 3875 quae
1022 3805 1174 3875 prius
1199 3821 1258 3860 se
1285 3805 1552 3876 permulta
1581 3807 1828 3862 dilatavit
1850 3809 1905 3862 in

312 3896 538 3962 scelere,
571 3897 639 3952 ad
667 3905 972 3952 extremum
999 3897 1066 3952 de
1095 3898 1348 3952 omnibus
1379 3907 1700 3968 angustetur
1721 3899 1777 3954 in
1811 3913 1900 3954 re-

315 3987 628 4043 tributione.
664 3987 815 4043 Tunc
837 3989 1015 4044 anima
1052 4003 1149 4059 per
1185 3989 1567 4060 cogitationem
1597 3999 1783 4046 reatus
1819 3989 1903 4046 sui

315 4082 382 4137 ad
407 4089 607 4136 terram
637 4082 1024 4146 consternitur,
1051 4097 1174 4137 cum
1198 4097 1349 4147 caro,
1374 4099 1537 4152 quam
1559 4083 1725 4138 vitam
1749 4098 1905 4138 suam

318 4173 568 4239 credidit,
600 4162 780 4228 redire
814 4174 882 4228 ad
907 4172 1184 4242 pulverem
1207 4182 1447 4245 urgetur.
1473 4174 1623 4230 Tunc
1647 4176 1703 4229 in
1730 4183 1906 4230 morte

320 4264 416 4318 ﬁlii
438 4264 580 4320 illius
602 4265 821 4330 cadunt,
838 4279 961 4321 cum
987 4265 1344 4336 cogitationes
1370 4264 1590 4330 illicitae,
1605 4280 1725 4335 quae
1745 4265 1906 4321 modo

318 4371 387 4412 ex
426 4357 515 4412 illa
544 4357 838 4427 prodeunt,
865 4357 919 4410 in
961 4366 1206 4412 extrema
1235 4357 1360 4412 vitae
1389 4356 1595 4411 ultione
1639 4356 1906 4426 dissipan-

318 4457 427 4503 tur.
461 4447 612 4503 Tunc
646 4448 912 4504 modicum
942 4457 1196 4518 tanquam
1217 4449 1351 4504 nihil
1372 4458 1456 4505 est
1477 4450 1530 4504 in
1555 4450 1763 4520 requie,
1778 4451 1904 4520 quia

313 4543 441 4597 licet
469 4556 596 4596 caro
616 4549 826 4597 mortua
864 4550 920 4596 et
950 4541 1278 4598 insensibilis
1306 4558 1336 4596 a
1374 4541 1649 4597 doloribus
1671 4542 1739 4596 ad
1765 4550 1901 4597 tem-

313 4650 415 4707 pus
445 4635 788 4706 requiescere
810 4635 1060 4691 videatur
1095 4635 1148 4689 in
1177 4645 1344 4700 terra,
1377 4635 1554 4690 anima
1592 4645 1773 4691 tamen
1818 4635 1900 4689 vi-
1929 4664 1982 4724 D

315 4742 448 4782 vens
474 4735 598 4782 ante
617 4725 807 4795 judicii
839 4727 981 4783 diem
1022 4727 1188 4782 sentit
1225 4727 1464 4783 dolorem
1487 4768 1501 4793 ,
1530 4736 1586 4782 et
1611 4727 1666 4782 in
1696 4728 1782 4782 die
1816 4742 1902 4782 re-

317 4819 670 4875 surrectionis
701 4819 873 4889 ipsum
899 4834 1096 4889 corpus
1123 4832 1223 4888 per
1243 4818 1384 4889 quod
1415 4819 1659 4889 peccavit
1679 4819 1900 4874 immor-

317 4911 424 4968 tale
445 4910 735 4981 recipiens,
752 4911 806 4964 in
829 4924 1017 4980 poenas
1038 4910 1184 4964 vivet
1205 4910 1582 4980 sempiternas.
1616 4910 1899 4966 Horrendo

318 5003 485 5074 igitur
513 5004 671 5059 modo
696 5003 801 5057 erit
828 5010 957 5057 tunc
990 5000 1235 5070 reprobis
1259 5001 1413 5056 dolor
1442 5017 1564 5056 cum
1590 5001 1896 5070 formidine,

316 5093 534 5148 ﬂamma
560 5109 684 5148 cum
711 5092 1064 5158 obscuritate,
1095 5091 1140 5146 si
1171 5091 1250 5146 sic
1293 5091 1540 5147 videlicet
1565 5107 1595 5145 a
1630 5091 1900 5148 damnatis

318 5188 509 5244 sentiri
537 5189 744 5256 pondus
783 5201 1008 5242 summae
1048 5184 1320 5255 aequitatis
1365 5185 1542 5240 debet.
1587 5183 1658 5240 Ut
1697 5185 1822 5254 quia
1869 5199 1901 5240 a

318 5282 593 5337 voluntate
627 5281 921 5337 conditoris
959 5294 1302 5350 nequaquam
1348 5288 1475 5334 sunt
1502 5277 1661 5333 veriti
1700 5278 1904 5334 discre-

319 5389 450 5445 pare
499 5373 624 5428 dum
672 5372 937 5436 viverent,
992 5371 1048 5427 in
1095 5386 1284 5426 eorum
1333 5371 1653 5440 quandoque
1676 5369 1903 5424 interitu

321 5468 435 5536 ipsa
463 5480 494 5520 a
521 5464 634 5519 suis
658 5462 1007 5534 qualitatibus
1045 5462 1207 5516 etiam
1247 5470 1518 5516 tormenta
1561 5460 1899 5527 discordem,

321 5567 589 5630 quatenus
611 5573 718 5628 quo
758 5571 817 5612 se
865 5556 1178 5628 impugnent
1231 5555 1503 5610 cruciatus
1555 5562 1818 5627 augeant,
1847 5561 1905 5609 et

322 5665 444 5704 cum
472 5650 621 5705 varie
667 5647 962 5718 prodeant,
992 5646 1361 5717 multipliciter
1400 5646 1702 5702 sentiantur
1733 5665 1745 5699 :
1776 5646 1902 5717 quia

323 5740 517 5796 inferni
533 5743 788 5812 supplicia
813 5744 868 5799 in
886 5759 945 5799 se
966 5743 1240 5798 demersos
1263 5750 1319 5797 et
1338 5741 1479 5795 ultra
1498 5742 1642 5796 vires
1657 5742 1903 5797 cruciant

323 5841 378 5887 et
398 5833 450 5887 iu
481 5832 559 5887 eis
582 5834 703 5889 vitae
724 5835 1020 5891 subsidium
1040 5833 1443 5904 exstinguean
1469 5841 1710 5900 servant,
1738 5842 1797 5888 ut
1823 5833 1903 5889 sic

325 5921 490 5982 vitam
531 5924 792 5986 terminus
816 5926 1035 5998 puniat,
1064 5932 1330 5999 quatenus
1372 5940 1589 6000 semper
1627 5925 1746 5984 sine
1788 5934 1924 5994 ter-,

2021 667 2294 729 properat,
2323 670 2377 714 et
2406 660 2522 715 sine
2553 661 2658 716 ﬁne
2685 655 2942 718 deﬁciens
2969 663 3147 718 durat.
3176 665 3373 723 Inferni
3403 670 3607 742 suppli-

2019 750 2118 804 ciis
2147 752 2524 819 peccatoribus
2547 753 2761 818 deditis,
2785 754 2844 808 ﬁt
2870 755 3084 812 miseris
3105 772 3252 815 mors
3273 759 3390 816 sine
3411 772 3608 832 morte,

2019 837 2143 894 ﬁnis
2164 840 2280 894 sine
2309 841 2436 907 ﬁne,
2459 841 2744 899 defunctus
2773 845 2889 900 sine
2919 847 3195 914 defunctu,
3220 851 3343 920 quia
3375 861 3431 908 et
3460 869 3611 911 mors

2019 933 2172 1000 vivit,
2223 945 2277 990 et
2320 936 2444 991 ﬁnis
2489 953 2704 1008 semper
2751 939 2960 1010 incipit,
2990 949 3046 997 et
3095 943 3328 1000 deﬁcere
3363 945 3609 1003 defectus

2017 1026 2223 1092 nescit,
2268 1036 2324 1082 ct
2369 1043 2516 1083 mors
2552 1028 2786 1099 perimit,
2825 1039 2880 1086 et
2917 1047 3025 1086 non
3073 1035 3396 1106 exstinguit;
3457 1038 3610 1093 dolor

2019 1117 2245 1182 cruciat,
2271 1119 2363 1173 sed
2394 1119 2699 1176 nullatenus
2721 1136 2976 1191 pavorem
3004 1123 3185 1195 fugat;
3219 1125 3434 1182 ﬂamma
3459 1144 3610 1184 com-

2017 1208 2184 1276 burit,
2221 1212 2313 1266 sed
2346 1227 2691 1283 nequaquam
2744 1218 2997 1272 tenebras
3054 1219 3292 1286 decutit;
3348 1232 3609 1292 quantum

2014 1313 2113 1368 per
2149 1301 2396 1356 notitiam
2427 1305 2713 1372 praesentis
2737 1307 2862 1361 vita:
2897 1307 3197 1380 colligitur,
3229 1313 3490 1383 supplicia
3515 1329 3609 1370 οι·-

2016 1396 2197 1452 dinem
2231 1413 2337 1452 non
2364 1399 2586 1466 habent,
2625 1402 2752 1471 quia
2786 1420 2891 1459 non
2921 1419 3074 1459 suam
3104 1423 3203 1477 per
3241 1409 3421 1463 omnia
3469 1425 3607 1480 qua—

2015 1490 2218 1548 litatem
2251 1503 2456 1548 tenent.
2485 1495 2746 1563 Quamvis
2776 1497 2886 1552 illic
2913 1499 3053 1568 ignis
3079 1509 3134 1555 et
3179 1502 3247 1555 ad
3283 1502 3612 1559 consolatio-

2014 1600 2138 1639 nem
2183 1601 2288 1640 non
2316 1587 2479 1652 lucet,
2510 1595 2692 1643 tamen
2720 1596 2779 1643 ut
2808 1591 2980 1661 magis
3010 1600 3278 1662 torqueat,
3308 1595 3374 1648 ad
3402 1595 3607 1665 aliquid

2013 1673 2176 1740 lucet,
2207 1691 2468 1745 sequaces
2494 1693 2708 1749 quoque
2737 1695 2864 1735 suos
2894 1696 3075 1736 secum
3109 1681 3165 1736 in
3196 1683 3481 1739 tormentis
3523 1699 3609 1740 re-

2013 1766 2168 1834 probi
2195 1766 2409 1823 ﬂamma
2445 1769 2750 1827 illustrante
2775 1773 2943 1827 visuri
2974 1781 3131 1842 sunt,
3161 1791 3391 1847 quorum
3419 1791 3604 1832 amore

2013 1858 2388 1928 deliquerunt;
2420 1873 2688 1931 quatenus
2732 1865 2825 1934 qui
2867 1880 3054 1921 eorum
3101 1867 3272 1922 vitam
3317 1868 3608 1924 carnaliter

1936 1943 1984 2001 B
2012 1960 2199 2006 contra
2221 1961 2488 2022 praecepta
2515 1954 2812 2011 conditoris
2841 1967 3174 2026 amaverunt,
3199 1960 3438 2031 ipsorum
3464 1976 3601 2030 quo-

2009 2060 2113 2114 que
2139 2061 2233 2100 eos
2279 2045 2534 2102 interitus
2583 2049 2636 2101 in
2683 2058 3028 2120 augmentum
3080 2065 3191 2106 suae
3241 2053 3607 2109 damnationis

2009 2135 2226 2206 afﬂigat.
2263 2135 2415 2204 Quod
2467 2147 2523 2194 et
2569 2139 2858 2210 Evangelia
2909 2149 3148 2198 testante
3192 2144 3514 2216 colligimus,
3548 2146 3602 2200 in

2009 2242 2134 2296 quo,
2170 2226 2413 2284 Veritate
2438 2230 2742 2297 nuntiante,
2775 2232 2925 2288 dives
2955 2233 3065 2298 ille,
3090 2248 3250 2304 quem
3279 2237 3506 2308 contigit
3528 2237 3597 2291 ad

2009 2321 2200 2374 aeterni
2227 2321 2458 2376 incendii
2503 2331 2774 2379 tormenta
2825 2324 3175 2390 descendere,
3209 2329 3447 2398 quinque
3491 2328 3603 2384 fra-

2013 2426 2157 2472 trum
2185 2419 2496 2474 meminisse
2527 2419 2875 2485 describitur,
2904 2420 2996 2489 qui
3035 2407 3310 2476 A'braham
3351 2424 3515 2493 petit,
3541 2431 3602 2479 ut

2011 2511 2079 2565 ad
2102 2525 2290 2565 eorum
2332 2511 2693 2565 eruditionem
2730 2512 2999 2566 Lazarum
3043 2514 3306 2580 mitteret,
3363 2531 3432 2571 ne
3476 2515 3633 2584 illuc_

2010 2618 2102 2660 eos
2129 2604 2453 2675 quandoque
2481 2605 2762 2659 venientes
2797 2621 2898 2676 par
2929 2620 3090 2677 poena
3137 2610 3407 2665 cruciaret
3447 2608 3602 2681 (Luc.

2012 2697 2144 2769 xvi).
2185 2696 2286 2765 Qui
2322 2698 2484 2768 igitur
2524 2698 2590 2752 ad
2617 2697 2818 2754 doloris
2849 2700 2933 2754 sui
2960 2700 3234 2757 cumulum
3264 2701 3600 2773 propinquo-

2011 2805 2131 2843 rum
2159 2790 2468 2845 absentium
2493 2791 2768 2856 meminit,
2793 2799 3008 2847 constat
3037 2793 3225 2863 procul
3272 2795 3435 2850 dubio
3475 2794 3604 2865 quia

2010 2882 2077 2937 ad
2101 2887 2450 2954 augmentum
2470 2881 2716 2950 supplicii
2745 2882 2906 2952 paulo
2935 2891 3058 2952 post
3082 2885 3256 2952 potuit
3277 2885 3442 2939 etiam
3469 2899 3608 2954 prte-

2011 2979 2195 3026 sentes
2222 2971 2444 3036 videre;
2495 2979 2549 3026 et
2580 2973 2695 3026 hmc
2733 2972 2876 3028 unde
2926 2975 3281 3043 peccantibus
3334 2973 3461 3029 talia
3503 2986 3607 3029 ve-

2011 3062 2164 3117 niant
2194 3061 2596 3127 manifestatur,
2627 3078 2750 3118 cum
2777 3063 3026 3119 subditur
3059 3083 3072 3119 :

2085 3171 2105 3204 ε
2150 3153 2217 3208 Ει
2241 3153 2310 3208 ab
2335 3169 2399 3210 eo
2423 3154 2474 3208 in
2499 3155 2702 3210 somnis
2723 3157 2876 3225 quasi
2905 3157 2960 3212 in
2990 3157 3077 3212 die
3105 3165 3391 3229 respectus
3423 3175 3436 3213 :
3467 3173 3603 3214 con-

2017 3265 2036 3298 ‹
2084 3245 2332 3301 turbatus
2360 3255 2444 3301 est
2471 3246 2523 3301 in
2551 3247 2669 3301 visu
2698 3247 2877 3304 cordis
2910 3247 3014 3315 sui,
3048 3255 3305 3319 tanquam
3339 3250 3431 3320 qui
3481 3263 3607 3303 eva-
3694 3260 3704 3268 '

2019 3361 2039 3393 ‹
2081 3342 2215 3397 serit
2243 3343 2297 3397 in
2328 3343 2415 3396 die
2454 3341 2602 3397 belli.
2633 3342 2687 3397 In
2737 3349 2982 3413 tempore
3025 3343 3215 3399 salutis
3263 3359 3375 3399 suae
3415 3359 3608 3399 exsur-

2019 3453 2037 3486 ‹
2082 3433 2242 3500 rexit,
2269 3442 2325 3489 et
2353 3433 2628 3490 admirans
2655 3435 2722 3488 ad
2748 3435 2954 3490 nullum
2975 3435 3233 3491 timorem
3252 3476 3268 3502 ,
3299 3451 3423 3492 cum
3455 3435 3605 3491 omni

2017 3540 2036 3574 ι
2083 3537 2248 3578 carne
2271 3524 2339 3578 ab
2369 3525 2587 3579 homine
2620 3540 2790 3595 usque
2821 3526 2889 3580 ad
2921 3540 3106 3598 pecus.
3133 3526 3200 3581 Et
3223 3542 3388 3597 super
3409 3541 3605 3598 pecca-

2017 3633 2036 3666 c
2085 3624 2231 3671 tores
2257 3617 2585 3686 septuplum.
2638 3636 2655 3669 ι
2688 3617 2814 3673 Ideo
2838 3618 2982 3674 enim
3030 3617 3159 3674 mali
3215 3618 3608 3674 cruciabuntur

2010 3705 2065 3760 in
2096 3721 2256 3776 poena
2303 3707 2586 3778 gehennm,
2615 3707 2742 3777 quia
2771 3707 2825 3761 in
2861 3715 3105 3778 tempore
3133 3707 3235 3764 sibi
3264 3708 3473 3764 indulto
3495 3723 3605 3763 non

2010 3801 2398 3872 prrevidebant,
2431 3810 2490 3855 ut
2533 3815 2759 3870 peccare
2796 3800 3127 3868 desinerent,
3161 3808 3216 3857 et
3242 3800 3401 3857 bonis
3427 3799 3607 3872 operi-

2009 3891 2110 3946 bus
2142 3890 2494 3956 insisterent;
2523 3890 2932 3945 aestimaverunt
2949 3891 3095 3946 enim
3135 3906 3235 3961 per
3266 3889 3603 3961 prosperita-
3650 3897 3656 3903 ‘

2013 3989 2119 4037 tem
2143 3982 2353 4047 mundi,
2387 3982 2542 4052 quasi
2574 3997 2673 4051 per
2701 3995 2952 4037 somnum
2981 3980 3186 4049 delusi,
3214 3982 3358 4053 quod
3391 3990 3603 4052 tempus

2007 4074 2158 4143 pacis
2185 4081 2353 4138 esset,
2380 4081 2437 4128 et
2462 4088 2572 4128 non
2609 4073 2729 4128 dies
2766 4071 2928 4138 belli,
2959 4087 3083 4128 cum
3129 4074 3196 4128 ad
3245 4073 3350 4129 hoc
3395 4081 3603 4128 tantum

2008 4164 2244 4236 spatium
2285 4163 2594 4234 temporalis
2630 4165 2756 4219 vitae
2786 4164 2991 4220 homini
3024 4165 3384 4229 concedatur,
3416 4172 3476 4219 ut
3505 4177 3606 4235 per

2007 4260 2208 4313 bonum
2260 4265 2538 4312 certamen
2603 4257 2895 4326 pervenire,
2934 4255 3155 4312 festinet
3200 4257 3268 4313 ad
3316 4258 3599 4328 praemium

2006 4351 2130 4406 vitae
2159 4358 2394 4406 internae.
2425 4350 2485 4405 In
2533 4359 2773 4420 tempore
2795 4363 2925 4421 ergo
2955 4349 3144 4404 salutis
3192 4365 3325 4415 sum,
3373 4350 3438 4405 de
3493 4363 3602 4418 quo

2007 4441 2204 4496 Paulus
2232 4441 2349 4496 ait:
2387 4459 2405 4492 ‹
2449 4441 2588 4496 Ecce
2614 4456 2759 4495 nunc
2809 4449 3024 4511 tempus
3077 4441 3441 4511 acceptabile,
3472 4455 3601 4496 ecce

2009 4549 2152 4589 nunc
2179 4533 2295 4590 dies
2319 4532 2528 4598 salutis,
2555 4533 2864 4588 exsurrexit
2892 4533 2978 4605 (ΙΙ
3012 4531 3134 4588 Cor.
3169 4532 3268 4606 vr),
3313 4554 3330 4585 ι
3365 4534 3468 4589 hoc
3494 4541 3598 4600 est,

2007 4640 2115 4681 non
2137 4627 2204 4682 ad
2225 4627 2366 4682 bene
2391 4627 2724 4697 operaudum
2753 4641 2813 4681 se
2835 4625 3054 4693 levavit,
3078 4627 3172 4683 sed
3207 4627 3263 4681 in
3289 4626 3600 4698 superbiam

2007 4734 2066 4773 se
2095 4719 2290 4784 erexit,
2316 4726 2376 4772 ut
2405 4717 2699 4788 cupiditate
2728 4724 3069 4773 terrenarum
3109 4732 3294 4773 rerum
3341 4725 3598 4781 aestuans,

2007 4811 2123 4867 sine
2155 4811 2263 4866 ullo
2295 4811 2489 4866 timore
2512 4811 2608 4866 Dei
2637 4819 2828 4866 contra
2851 4825 3069 4866 omnem
3103 4811 3473 4866 conditionem
3504 4810 3602 4863 ho-

2006 4905 2217 4959 minum
2257 4903 2596 4974 conﬂigeret,
2629 4904 2838 4961 scilicet
2859 4913 3049 4960 contra
3073 4905 3283 4960 nobiles
3313 4913 3366 4958 et
3393 4902 3602 4974 ignobi-

2006 4998 2104 5063 les,
2131 5005 2320 5052 contra
2343 4997 2587 5052 inﬁrmos
2601 5005 2655 5052 et
2673 5003 3145 5068 potentes,contra
3170 4995 3363 5051 divites
3385 5003 3438 5048 et
3463 5008 3598 5063 pau-

2004 5105 2186 5160 peres,
2213 5096 2404 5144 contra
2438 5089 2583 5144 viros
2609 5097 2666 5143 et
2698 5088 2950 5153 feminas,
2979 5095 3040 5142 ut
3078 5087 3193 5142 sive
3240 5101 3336 5157 per
3380 5084 3594 5150 dolum,

2009 5181 2122 5236 sive
2158 5197 2255 5251 per
2284 5181 2594 5236 violentiam
2632 5194 2966 5252 qumcunque
3014 5187 3227 5251 posset,
3272 5177 3342 5232 ab
3378 5177 3459 5234 eis
3501 5193 3598 5236 au-

2008 5272 2177 5328 ferret
2199 5272 2408 5342 sibique
2432 5273 2751 5328 vindicaret.
2780 5271 2935 5328 Unde
2967 5287 3129 5343 super
3155 5270 3335 5326 taliter
3362 5284 3595 5340 peccan-

2010 5372 2092 5420 tes
2117 5364 2380 5434 septupla,
2407 5364 2511 5421 hoc
2536 5371 2652 5431 est,
2691 5364 2848 5434 plena
2891 5373 2946 5419 et
2981 5361 3223 5434 perfecta
3255 5364 3438 5419 veniet
3475 5363 3596 5419 vin-

2011 5457 2184 5524 dicta,
2207 5456 2386 5525 utqui
2416 5464 2658 5526 tempore
2686 5456 2806 5510 vitae
2848 5455 3180 5526 corporalis,
3220 5455 3363 5525 quod
3414 5464 3595 5526 septe-

2009 5550 2162 5604 nario
2197 5550 2404 5604 dierum
2434 5563 2660 5604 numero
2696 5549 2974 5616 discurrit,
3003 5562 3228 5620 peccare
3277 5564 3384 5604 non
3419 5562 3597 5604 cessa-

2008 5647 2232 5706 verunt,
2261 5641 2376 5695 sine
2405 5639 2514 5695 ullo
2545 5637 2650 5694 ﬁne
2679 5649 2734 5695 et
2778 5639 2982 5710 absque
3018 5639 3123 5694 ulla
3157 5639 3343 5710 requie
3379 5638 3434 5692 in
3486 5646 3594 5690 tor-

2007 5736 2206 5791 mentis
2237 5734 2570 5790 crucientur.
2598 5733 2750 5788 Unde
2770 5742 2826 5788 et
2854 5732 3194 5804 subjungitur
3220 5750 3232 5785 :

2083 5851 2103 5885 ι
2147 5831 2230 5887 Ad
2257 5832 2373 5886 haec
2397 5845 2568 5894 mors,
2592 5829 2828 5900 sanguis,
2847 5828 3122 5884 contentio
3157 5832 3211 5882 et
3254 5821 3593 5890 rhomphaea,

2011 5942 2030 5980 ι
2075 5921 2476 5998 oppressioncs,
2498 5919 2686 5990 fames,
2715 5928 2771 5977 et
2808 5916 3091 5984 contritio,
3120 5921 3176 5973 et
3219 5909 3429 5988 ﬂagella
3457 5927 3472 5969 :
3504 5923 3594 5974 stl-
