4030 6478
319 392 461 451 1055

1190 391 1544 451 COMMENT.
1587 392 1653 449 ΙΝ
1696 393 2310 453 ECCLESIASTICUM.
2354 425 2425 436 —
2466 393 2599 459 LIB.
2649 392 2743 448 IX.

3467 396 3605 457 1054

317 512 430 561 tua.
463 500 602 558 Huic
632 500 811 559 simile
837 510 920 559 est
965 501 1119 571 illud,
1159 504 1301 574 quod
1343 505 1399 560 in
1444 504 1752 561 Proverbiis
1780 506 1914 561 dici-
1938 510 1993 572 Α
2019 510 2242 583 Spiritus
2272 509 2326 564 in
2351 508 2601 565 cordibus
2630 508 2829 567 nostris
2860 507 2947 583 (II
2971 509 3096 569 Car.
3140 511 3205 586 ι).
3239 530 3264 571 ι
3293 511 3362 571 Et
3388 521 3604 591 φθειρ-

315 604 443 652 tur:
481 615 501 648 ι
527 594 711 651 Dulcis
737 603 822 652 est
857 611 1080 653 somnus
1110 599 1379 668 operanti,
1413 600 1525 655 sive
1566 616 1757 673 parum
1794 601 1908 657 sive

310 687 544 746 multum
578 686 869 744 manducet
903 689 1072 763 (Eccl.
1105 692 1183 763 v).
1221 712 1238 744 ι
1279 691 1321 746 Ε
1369 692 1647 748 contrario
1684 708 1814 751 vero
1842 695 1909 751 de

310 780 504 838 otiosis
541 782 803 853 scriptum
830 789 958 838 est:
997 800 1016 833 ι
1053 781 1333 839 Desideria
1365 783 1619 839 occidunt
1649 784 1905 856 pigrum:

311 872 605 930 uoluerunt
631 873 776 930 enim
802 873 1097 949 quidquam
1126 890 1319 931 manus
1345 874 1463 945 ejus
1489 876 1705 948 operari
1721 876 1903 949 (Prov.

311 964 452 1038 ut).
467 985 486 1019 ι
505 965 574 1021 Et
587 966 717 1021 item
739 984 753 1020 :
776 985 794 1018 ι
817 964 1006 1022 Omnis
1016 967 1172 1039 piger
1189 982 1404 1038 semper
1418 968 1473 1025 in
1490 977 1730 1039 egestate
1744 967 1867 1025 erit.
1880 990 1899 1023 ι

290 1091 301 1098 -
388 1074 411 1110 ι
439 1055 565 1124 Fili,
598 1056 887 1114 mdiiicatio
916 1059 1149 1115 civitatis
1178 1057 1520 1116 conﬁrmabit
1564 1076 1761 1117 nomen
1790 1080 1802 1116 :
1852 1068 1908 1119 et

316 1165 339 1201 ι
374 1162 540 1219 super
589 1149 708 1206 hac
759 1150 957 1207 mulier
1010 1152 1359 1208 immaculata
1422 1154 1839 1225 computabitur.
1880 1174 1899 1207 ι

309 1240 655 1297 Constructio
680 1242 878 1313 quippe
926 1243 1193 1299 bonorum
1227 1258 1449 1317 operum
1492 1246 1777 1301 conﬁrmat
1803 1260 1903 1303 no-

309 1346 435 1388 men
459 1332 851 1401 Christianum,
884 1336 1013 1407 quia
1033 1336 1125 1392 ille
1149 1352 1278 1393 vere
1302 1337 1675 1396 Christianum
1702 1354 1761 1396 se
1783 1353 1905 1395 esse

308 1423 523 1493 probat,
552 1424 647 1497 qui
688 1425 893 1481 Christi
922 1429 1177 1483 mandata
1206 1436 1355 1485 recte
1375 1427 1646 1489 credendo
1675 1437 1732 1484 et
1766 1428 1905 1485 bene

308 1519 585 1587 operando
610 1530 826 1589 servat;
870 1531 925 1577 et
962 1538 1125 1593 super
1165 1524 1281 1579 haec
1311 1523 1506 1579 mulier
1534 1524 1901 1591 immaculata,

307 1609 414 1665 hoc
439 1617 543 1679 est,
585 1612 767 1668 anima
817 1615 1042 1681 munda,
1074 1623 1261 1671 sancta
1304 1624 1359 1672 et
1387 1615 1732 1687 coinquinata
1762 1632 1905 1672 com-

304 1710 553 1773 putatur.
596 1704 936 1776 Prmcipuum
970 1722 1098 1778 ergo
1145 1715 1201 1762 et
1244 1722 1556 1778 supremum
1603 1709 1658 1763 in
1696 1709 1905 1765 meritis

308 1804 605 1852 e.ectorum
634 1799 917 1870 virginitas
942 1800 1107 1855 habet
1146 1801 1451 1869 praemium,
1477 1816 1598 1872 quae
1618 1811 1673 1855 et
1695 1803 1904 1874 angelis

306 1889 546 1944 sociatur
565 1890 620 1946 in
642 1892 816 1959 ctelis,
840 1902 895 1949 et
919 1909 1116 1966 agnum
1146 1895 1394 1966 sequitur
1413 1910 1735 1967 quocunque
1752 1896 1895 1952 ierit.
1928 1879 1979 1941 Β

383 1998 402 2032 ι
440 1982 632 2038 Vinum
667 1993 722 2039 et
749 1986 955 2040 musica
985 1986 1262 2042 lmtiﬁcant
1298 2001 1415 2055 cor,
1450 1996 1505 2042 et
1556 2001 1718 2058 super
1744 1996 1900 2041 utra-

311 2093 330 2127 ς
367 2090 474 2147 que
498 2075 715 2133 dilectio
742 2080 1039 2148 sapientiai.
1073 2077 1229 2136 Tibia
1254 2088 1309 2136 et
1336 2079 1653 2151 psalterium
1679 2095 1901 2135 suavem

311 2185 330 2218 ι
363 2166 569 2223 faciunt
619 2168 905 2225 melodiam
927 2210 943 2236 ,
989 2178 1042 2226 et
1075 2186 1238 2242 super
1272 2179 1503 2242 utraque
1556 2170 1738 2243 lingua
1780 2186 1904 2227 sua-

312 2276 331 2307 ‹
359 2257 461 2313 vis.
494 2277 513 2311 ι
541 2258 739 2316 Vinum
760 2269 815 2316 et
844 2275 934 2316 ars
960 2261 1164 2317 musica
1194 2277 1316 2317 cum
1367 2262 1742 2318 instrumentis
1790 2263 1904 2319 suis

306 2364 404 2421 per
431 2351 581 2408 vocis
625 2354 977 2411 sonoritatem
1009 2354 1328 2411 naturaliter
1371 2354 1679 2411 demulcent
1710 2364 1764 2411 et
1789 2370 1904 2410 mo-

320 2449 451 2497 vent
475 2443 769 2500 humanum
800 2446 1073 2512 animum;
1100 2445 1195 2502 sed
1242 2446 1457 2501 dilectio
1503 2445 1781 2517 sapientiae
1802 2487 1817 2515 ,
1850 2454 1906 2501 et

306 2526 491 2604 lingua
524 2535 767 2590 suaviter
795 2536 995 2592 docens
1023 2536 1191 2592 multo
1231 2535 1351 2606 plus
1400 2534 1673 2591 confortat
1725 2535 1903 2591 cordis

310 2624 659 2683 intellectum.
692 2628 905 2684 Aliter:
940 2628 1259 2703 Evangelica
1302 2628 1551 2685 doctrina
1603 2636 1660 2683 et
1712 2640 1905 2684 sensus

310 2718 575 2789 Spiritalis
595 2720 766 2776 multo
795 2721 986 2777 melior
1011 2731 1095 2779 est
1121 2721 1442 2778 austeritate
1471 2720 1631 2793 legali
1654 2728 1710 2777 et
1734 2720 1905 2777 histo-

311 2809 427 2865 rica
458 2810 748 2867 traditione
775 2812 984 2868 Veteris
1008 2813 1340 2869 Testamenti
1361 2854 1375 2879 ,
1401 2827 1564 2885 quam
1585 2809 1758 2867 Judaei
1787 2824 1907 2865 car-

311 2900 510 2958 naliter
537 2902 836 2960 sentientes
864 2906 1035 2960 secuti
1064 2913 1205 2960 sunt.
1240 2903 1396 2961 Unde
1444 2903 1574 2959 dicit
1603 2916 1801 2973 sponsa
1852 2901 1907 2956 in

313 2991 539 3051 Cantica
588 2996 928 3053 canticorum
980 2998 1046 3054 de
1100 3012 1348 3069 sponso:
1404 3016 1423 3049 ι
1480 2995 1765 3054 Osculetur
1820 3008 1909 3049 me

313 3085 515 3143 osculis
543 3088 654 3144 oris
681 3088 786 3155 sui,
814 3091 941 3160 quia
972 3088 1196 3145 meliora
1239 3098 1366 3145 sunt
1394 3090 1563 3145 ubera
1590 3096 1684 3144 tua
1739 3087 1864 3142 vino
1891 3104 1904 3139 :

310 3176 611 3247 fragrantia
675 3181 965 3250 unguentis
1019 3179 1237 3250 optimis
1278 3179 1464 3243 (Cant.
1504 3179 1576 3251 l).
1633 3199 1652 3231 ι
1708 3176 1910 3233 Vinum

2012 602 2096 658 lus
2122 601 2395 660 Joannes:
2435 621 2452 652 ι
2483 602 2552 656 Et
2575 616 2672 658 vos
2705 602 3045 669 motionem,
3105 618 3270 677 quam
3312 608 3604 678 accepistis

2012 694 2079 748 ab
2104 708 2188 759 eo,
2222 694 2274 747 in
2311 692 2461 748 vobis
2487 700 2743 760 maneat,
2782 700 2842 749 et
2890 709 2999 748 non
3024 708 3248 751 necesse
3282 697 3497 754 habetis
3545 708 3605 757 ut

2011 786 2207 857 aliquis
2234 787 2425 843 doceat
2441 802 2556 843 vos.
2594 807 2614 849 ›
2648 784 2754 843 Sed
2778 787 2919 845 sicut
2968 789 3153 846 unctio
3178 790 3296 863 ejus
3315 791 3481 849 docet
3502 806 3598 851 vos

2010 879 2076 934 de
2104 878 2375 950 omnibus,
2404 879 2533 935 item
2574 880 2864 950 unguentis
2901 880 3151 953 fragrant
3176 884 3396 953 optimis
3415 926 3432 954 ,
3474 902 3601 944 cum

2009 972 2320 1044 opinionem
2349 972 2504 1030 bona:
2546 989 2657 1029 sua:
2681 974 3014 1044 operationis
3061 975 3148 1032 vel
3198 978 3605 1051 praedicationis

2008 1064 2165 1138 longe
2209 1066 2423 1138 lateque
2458 1066 2806 1139 profundunt.
2854 1067 3009 1125 Sicut
3056 1070 3163 1140 ipsi
3206 1071 3404 1127 aiunt:
3438 1092 3457 1124 ι
3488 1073 3601 1129 Deo

2009 1169 2187 1212 autem
2222 1160 2446 1231 gratias,
2473 1160 2563 1232 qui
2592 1175 2801 1232 semper
2828 1161 3129 1232 triumphat
3174 1178 3274 1220 nos
3297 1163 3351 1225 in
3382 1160 3599 1223 Christo

2008 1246 2155 1313 Jesu,
2187 1258 2242 1304 et
2273 1251 2493 1307 odorem
2522 1252 2726 1309 notitiae
2770 1267 2881 1308 suae
2909 1251 3226 1311 manifestat
3272 1268 3376 1327 per
3423 1268 3522 1315 nos
3548 1253 3604 1311 in

2006 1341 2154 1395 omni
2179 1340 2296 1396 loco
2337 1340 2426 1413 (ΙΙ
2453 1339 2574 1397 Cor.
2607 1342 2692 1417 ιι).
2730 1364 2748 1395 ι
2804 1343 2889 1401 Ad
2935 1340 3042 1401 hoc
3087 1350 3272 1407 autem
3304 1342 3606 1417 respiciunt

2007 1432 2098 1488 illa
2128 1448 2248 1503 quae
2282 1433 2337 1488 in
2360 1433 2549 1493 eodem
2570 1433 2806 1506 capitulo
2835 1434 3258 1504 subseqUuntur.

2086 1543 2103 1574 ι
2133 1524 2377 1580 Gratiam
2410 1533 2464 1580 et
2491 1526 2725 1594 speciem
2753 1524 3081 1581 desiderabit
3114 1524 3304 1585 oculus
3346 1532 3503 1597 tuus,
3549 1534 3607 1583 et

2015 1636 2034 1669 ι
2069 1633 2232 1688 super
2270 1618 2375 1673 hoc
2403 1617 2603 1673 virides
2632 1617 2891 1673 sationes.
2922 1616 3141 1673 Amicus
3189 1622 3245 1677 et
3290 1615 3495 1677 sodalis
3548 1614 3604 1671 in

2015 1732 2033 1764 ι
2066 1719 2306 1782 tempore
2353 1709 2761 1774 convenientes,
2792 1718 2850 1767 et
2896 1724 3057 1779 super
3092 1719 3354 1780 utrosque
3402 1709 3600 1767 mulier

2017 1822 2035 1855 ι
2074 1819 2196 1861 cum
2225 1802 2613 1861 viro.'Fratres
2636 1802 2693 1859 in
2714 1800 3041 1870 adiutorium
3066 1801 3124 1861 in
3154 1809 3398 1873 tempore
3424 1801 3601 1859 tribu-

2012 1913 2031 1947 α
2067 1893 2323 1950 lationis:
2363 1901 2419 1949 et
2446 1909 2608 1963 super
2635 1907 2729 1951 eos
2775 1891 3147 1951 misericordia
3172 1890 3442 1951 liberabit.
3474 1890 3593 1947 Au—

2014 2004 2034 2038 t
2072 2002 2190 2041 rum
2212 1995 2269 2041 et
2295 1993 2579 2057 argentum
2596 1984 2891 2043 constituet
2913 1983 3126 2054 pedem,
3144 1990 3374 2057 etsuper
3393 1990 3604 2039 utrum-

2013 2098 2034 2131 ι
2071 2094 2175 2149 que
2217 2078 2505 2135 consilium
2535 2069 2959 2148 heneplacitum.
3008 2074 3318 2133 Facultates
3348 2081 3406 2131 et
3430 2072 3605 2129 victus

2013 2189 2034 2223 ε
2068 2170 2311 2227 exaltant
2338 2186 2451 2235 cor,
2484 2178 2539 2225 et
2577 2184 2739 2239 super
2764 2169 2880 2224 haec
2918 2167 3080 2227 timor
3116 2165 3349 2225 Domini.
3374 2163 3493 2221 Non
3524 2170 3607 2220 est

2018 2282 2038 2315 ι
2076 2264 2130 2318 in
2159 2263 2357 2319 timore
2388 2262 2599 2319 Domini
2632 2260 2943 2326 minoratio,
2975 2268 3030 2315 et
3072 2274 3182 2315 non
3212 2258 3377 2315 estin
3427 2272 3493 2313 eo
3523 2256 3607 2312 in-

2014 2376 2033 2408 (
2062 2356 2280 2427 quirere
2307 2353 2653 2424 adiutorium.
2687 2352 2873 2408 Timor
2901 2350 3111 2415 Domini
3132 2350 3277 2409 sicut
3314 2349 3606 2425 paradisus

2015 2467 2034 2499 ι
2067 2446 2483 2510 benedictionis,
2508 2454 2565 2500 et
2592 2458 2754 2515 super
2774 2458 2991 2501 omnem
3012 2442 3241 2519 gloriam
3270 2447 3606 2513 operuerunt

2015 2558 2036 2592 ι
2072 2534 2240 2595 illum.
2288 2558 2305 2590 ι
2342 2536 2588 2594 Gratiam
2623 2544 2677 2590 et
2721 2535 2957 2605 speciem
3000 2541 3260 2604 superant
3288 2532 3491 2599 virides
3511 2545 3600 2587 sae-

2012 2631 2209 2698 tiones,
2240 2646 2363 2685 cum
2390 2637 2645 2691 ornatum
2668 2625 2854 2698 templi
2896 2633 2953 2681 et
2987 2624 3213 2683 cultura:
3239 2623 3609 2687 diversz

2012 2725 2576 2792 caaremoniarumque
2648 2729 2704 2777 et
2770 2719 3125 2783 festivitatum
3174 2716 3607 2785 observantiam,

2014 2833 2177 2889 quam
2200 2818 2352 2888 prior
2382 2814 2612 2885 populus
2633 2812 2734 2870 sub
2768 2812 2889 2884 lege
2916 2810 3129 2875 habuit,
3152 2808 3430 2881 Evangelii
3466 2823 3609 2881 pra:-

2014 2908 2216 2965 dicatio
2246 2909 2302 2962 in
2334 2915 2448 2963 toto
2477 2906 2610 2963 orbe
2633 2914 2905 2969 terrarum
2922 2902 3193 2967 seminata
3212 2899 3324 2957 ﬁde
3338 2899 3607 2971 gentium,

2013 3007 2069 3053 et
2092 2999 2353 3054 bonorum
2379 3011 2603 3069 operum
2632 2994 2903 3052 viriditate
2931 2991 3166 3057 excellit,
3180 3005 3341 3061 super
3365 2990 3601 3053 amicum

2013 3097 2072 3144 et
2112 3088 2350 3144 sodalem
2399 3086 2454 3142 in
2496 3095 2741 3159 tempore
2789 3082 3193 3145 convenientes.
3242 3078 3434 3139 Mulier
3482 3094 3606 3136 cum

2011 3183 2133 3238 viro
2176 3184 2313 3239 bene
2352 3182 2690 3238 concordans
2740 3186 3053 3253 exsuperat,
3100 3175 3319 3253 quando
3373 3173 3609 3239 societas

312 3271 511 3343 quippe
559 3271 831 3330 fervorem
871 3275 1111 3329 scientiae
1150 3273 1359 3346 legalis,
1396 3275 1563 3330 ubera
1593 3289 1723 3329 vero
1774 3273 1908 3328 dicit
1935 3269 1982 3333 C
2012 3276 2216 3334 Christi
2244 3283 2301 3331 et
2324 3275 2583 3335 Ecclesia:
2607 3290 2826 3335 omnem
2870 3272 3213 3331 sodalitatem
3237 3269 3480 3346 priorum
3508 3284 3609 3342 pa-

314 3361 620 3419 rudimenta
672 3365 994 3437 evangelicae
1030 3364 1176 3420 ﬁdei.
1207 3364 1284 3421 De
1323 3365 1518 3437 quibus
1545 3366 1620 3420 ait
1665 3364 1900 3420 Paulus:

317 3471 338 3505 (
374 3454 483 3511 Lac
506 3455 660 3512 vobis
676 3464 863 3527 potum
891 3455 1012 3512 dedi
1043 3472 1151 3517 non
1200 3473 1383 3514 escam
1406 3456 1458 3529 (ι
1491 3455 1615 3511 Cor.
1648 3456 1752 3529 ιιι).
1790 3477 1809 3510 ι
1839 3457 1907 3512 Ει

315 3544 513 3601 iterum
543 3564 556 3601 :
597 3565 617 3598 ‹
648 3546 765 3602 Νοιι
787 3547 930 3603 enim
954 3547 1193 3619 iudicavi
1223 3564 1309 3605 me
1352 3548 1492 3605 scire
1523 3548 1725 3619 aliquid
1766 3547 1908 3603 inter

317 3652 414 3693 vos
440 3638 545 3693 nisi
573 3635 758 3694 Jesum
777 3638 1074 3706 Christum,
1103 3647 1157 3695 et
1178 3641 1322 3695 hunc
1344 3639 1662 3696 cruciﬁxum
1696 3638 1747 3712 (1
1776 3637 1901 3693 Car.

314 3727 397 3801 ιι).
428 3747 449 3781 ι
476 3725 648 3782 Ubera
672 3743 803 3799 ergo
826 3731 1007 3800 sponsi
1031 3730 1247 3785 meliora
1279 3740 1402 3785 sunt
1430 3731 1567 3797 vino,
1592 3730 1722 3805 quia
1752 3730 1902 3785 rudi-

315 3825 500 3873 menta
529 3816 663 3873 Novi
690 3816 1025 3874 Testameuti
1060 3834 1411 3891 quoscunque
1440 3835 1506 3875 ex
1543 3833 1682 3889 aqua
1711 3827 1765 3877 et
1797 3818 1905 3891 Spi-

316 3908 425 3962 ritu
456 3917 819 3979 regenerant,
870 3924 996 3966 mox
1045 3909 1170 3965 vita:
1213 3910 1452 3966 caelestis
1482 3911 1705 3967 introitu
1753 3918 1909 3981 aptos

317 4000 574 4067 reddunt,
605 4001 752 4071 quod
807 4001 968 4075 longa
1022 4003 1156 4075 legis
1206 4004 1512 4061 observatio
1563 3988 1907 4078 nequaquam

316 4091 496 4147 facere
517 4090 751 4161 valebat,
773 4107 875 4149 nec
896 4093 951 4149 in
981 4093 1068 4151 his
1097 4096 1314 4168 quidem
1337 4098 1428 4167 qui
1458 4106 1617 4169 gustu
1661 4112 1911 4170 superum

317 4185 605 4243 suavitatis
655 4186 872 4242 accensi
921 4188 1189 4243 veraciter
1236 4188 1417 4245 dicere
1467 4188 1578 4245 Deo
1616 4197 1907 4265 poterant:

323 4299 344 4332 ε
376 4280 446 4336 Et
504 4279 759 4353 poculum
819 4287 972 4336 tuum
1036 4280 1311 4337 inebrians
1366 4296 1527 4352 quam
1584 4290 1911 4353 praeclarum

319 4374 430 4430 esti
469 4390 489 4426 ι
523 4370 795 4429 Probante
818 4371 1093 4444 Apostolo,
1119 4372 1211 4443 qui
1234 4371 1363 4428 dicit
1391 4386 1407 4427 :
1451 4393 1470 4425 ι
1501 4372 1647 4431 Nihil
1671 4378 1818 4430 enim
1844 4373 1914 4430 ad

321 4464 621 4537 perlectum
647 4458 871 4520 adduxit
896 4463 985 4519 lex
1008 4462 1180 4537 (Psal.
1206 4462 1367 4538 xm).
1407 4485 1425 4517 ι
1456 4462 1513 4520 Si
1535 4473 1717 4521 autem
1742 4467 1913 4526 ubera

322 4558 544 4625 Christi,
569 4558 624 4615 id
668 4564 752 4615 est
801 4556 1095 4630 primordia
1141 4557 1437 4613 Dominicae
1487 4556 1632 4627 ﬁdei,
1684 4558 1910 4613 meliora

2013 3378 2158 3424 trum
2190 3368 2561 3440 multipliciter
2589 3366 2867 3441 prazcedit.
2914 3364 3127 3423 Fratris
3176 3361 3506 3439 adiutorium
3554 3361 3610 3423 in

2011 3471 2257 3535 tempore
2280 3461 2644 3519 tribulationis
2660 3460 2830 3519 vincit
2848 3453 3225 3517 misericordia
3246 3453 3609 3520 liberam.

2012 3572 2137 3615 cum
2169 3554 2343 3625 major
2364 3556 2440 3612 sit
2463 3553 2840 3623 misericordia
2856 3550 3249 3623 redemptionis
3276 3556 3481 3613 nostra
3498 3560 3606 3619 per
3674 3604 3679 3607 ,

2012 3651 2245 3725 gratiam
2280 3649 2496 3709 Domini
2524 3648 2695 3709 nostri
2720 3645 2847 3705 Jesu
2896 3644 3100 3713 Christi
3130 3641 3347 3715 collata,
3372 3653 3478 3711 qua
3508 3637 3612 3705 hu-

2010 3758 2176 3799 mano
2203 3742 2389 3815 generi
2419 3757 2516 3812 per
2569 3739 2878 3813 passionem
2924 3752 3081 3799 suam
3112 3733 3414 3807 consuluit,
3436 3745 3612 3805 quam

2011 3843 2126 3891 tota
2147 3834 2337 3893 solatia
2368 3840 2678 3909 parentum,
2706 3832 2805 3903 qui
2829 3832 3123 3889 humanum
3144 3841 3332 3886 casum
3363 3823 3612 3882 videntes

2013 3927 2307 3984 condolere
2334 3934 2649 3999 potuerunt,
2665 3924 2761 3981 sed
2783 3922 3040 3993 adjuvare
3066 3935 3173 3976 non
3193 3915 3611 3989 putaminarum.

2013 4019 2222 4083 Aurum
2244 4027 2305 4079 .et
2342 4025 2631 4097 argentum
2660 4023 2724 4077 et
2744 4012 2951 4081 divitiae
2976 4012 3116 4073 date
3151 4025 3183 4067 a
3216 4007 3448 4075 Domino
3476 4013 3612 4097 tem-

2013 4125 2147 4183 pore
2187 4107 2322 4182 legis
2349 4093 2745 4167 roboraverunt
2786 4104 2957 4169 corda
3002 4100 3370 4172 antiquorum,
3398 4093 3489 4166 (ιιιί
3512 4107 3614 4167 pro

2013 4201 2173 4263 bonis
2198 4199 2430 4267 maenis
2470 4198 2700 4259 Domino
2742 4195 3136 4259 militaverunt,
3166 4188 3362 4261 quibus
3410 4185 3472 4247 in

2015 4294 2136 4367 lege
2170 4293 2375 4348 dictum
2426 4297 2511 4346 est
2532 4307 2550 4342 ;
2589 4306 2607 4340 ι
2645 4284 2704 4343 Si
2757 4283 3041 4340 volueritis
3062 4322 3078 4348 ,
3130 4287 3188 4337 et
3236 4273 3612 4347 obaudiﬂritis.

2013 4388 2157 4444 bona
2183 4394 2341 4443 terra:
2373 4380 2687 4439 comedetis.
2718 4397 2739 4430 ι
2770 4376 2877 4432 Sed
2920 4388 3086 4447 super
3111 4385 3300 4429 omnes
3324 4368 3615 4429 facultates

2017 4488 2181 4555 atque
2210 4470 2439 4533 delicias
2466 4472 2729 4546 prmilit
2766 4470 2931 4533 timor
2958 4466 3194 4531 Domini,
3222 4472 3279 4520 et
3305 4462 3610 4555 voluntaria

2013 4552 2303 4643 paupertas
2347 4565 2604 4633 Ecclesia:
2642 4561 2872 4633 Christi,
2902 4574 3022 4630 quae
3064 4555 3382 4617 renuntians
3408 4552 3614 4611 mundo

321 4660 451 4708 sunt
481 4650 610 4707 vino
626 4650 785 4723 legis,
818 4658 1022 4722 quanto
1051 4651 1224 4721 magis
1253 4647 1689 4716 vinumChristi,
1741 4650 1796 4706 id
1826 4658 1911 4705 est
1934 4651 1991 4713 D
2016 4670 2073 4719 ει
2091 4659 2458 4732 voluptatibus
2478 4658 2597 4728 eius
2616 4670 2723 4729 pro
2764 4650 2975 4717 cmiesti
3024 4663 3192 4722 regno
3228 4643 3472 4718 quotidie
3492 4659 3615 4699 cer-

325 4742 585 4817 perl'ectio
622 4744 885 4800 doctrina:
910 4743 1251 4815 evangelicae,
1282 4742 1492 4799 cunctis
1518 4742 1779 4816 legalibus
1806 4758 1915 4798 caa-

326 4837 587 4894 remoniis
615 4837 869 4908 praestatl
899 4833 1086 4907 (Hebr.
1109 4832 1232 4907 vn.)
1267 4832 1325 4889 Si
1351 4843 1692 4889 sacramenta
1738 4834 1920 4888 incar—

327 4928 564 4987 nationis
589 4920 710 4999 ejus
744 4929 813 4984 ad
840 4928 1008 4982 vitam
1032 4926 1289 4992 mittunt,
1335 4936 1597 4997 quantum
1622 4926 1922 4981 divinitatis

327 5021 446 5093 ejus
482 5022 726 5094 agnitio,
779 5026 1040 5091 quantum
1098 5017 1236 5073 visio
1289 5014 1583 5089 gloriﬁcat!
1633 5015 1922 5091 Unguenta

330 5114 534 5185 optima
588 5120 716 5170 sunt
756 5112 898 5179 dona
953 5109 1189 5181 Spiritus
1236 5108 1453 5174 sancti,
1509 5106 1708 5179 quibus
1756 5107 1923 5163 ubera

332 5206 535 5264 Christi
560 5204 825 5281 fragrant,
853 5204 982 5275 quia
996 5192 1257 5269 doctores
1283 5201 1479 5268 sancti,
1513 5202 1749 5263 ministri
1777 5200 1925 5256 vide-

335 5298 463 5355 licet
486 5286 647 5353 lactis
683 5295 1019 5371 evangelici,
1069 5310 1167 5366 per
1220 5295 1530 5350 unctionem
1577 5293 1811 5365 Spiritus
1868 5290 1925 5346 in

238 5399 245 5406 '
335 5393 598 5449 virtutum
634 5403 819 5445 amore
862 5387 1178 5463 proﬁciunt;
1219 5396 1273 5445 et
1321 5387 1544 5460 quidem
1595 5388 1738 5443 bona
1768 5390 1925 5441 erant

338 5490 629 5561 unguenta,
655 5482 853 5554 quibus
889 5480 1167 5554 prophetae
1214 5487 1267 5536 et
1303 5480 1615 5538 sacerdotes
1638 5478 1926 5535 visibiliter

340 5580 679 5651 ungebantur
702 5579 758 5633 in
787 5576 935 5648 lege,
976 5575 1071 5632 sed
1103 5575 1305 5647 optima
1338 5583 1465 5630 sunt
1501 5574 1594 5630 illa
1622 5583 1918 5643 unguenta,

341 5671 538 5744 quibus
560 5669 787 5743 apostoli
824 5677 952 5725 sunt
979 5668 1456 5741 apostolorumque
1483 5682 1823 5723 successores
1846 5666 1927 5720 in-

344 5761 627 5820 visibiliter
653 5763 823 5821 uncti.
865 5762 944 5819 De
965 5762 1160 5837 quibus
1187 5761 1265 5815 ait
1293 5758 1495 5816 Paulus
1519 5778 1532 5813 :
1568 5778 1588 5825 ι
1617 5758 1685 5814 Et
1706 5759 1798 5833 qui
1828 5775 1929 5814 un-

350 5858 430 5915 xit
453 5870 554 5915 nos
576 5854 748 5928 Dens,
776 5863 834 5915 et
863 5857 958 5929 qui
1004 5855 1234 5928 signavit
1264 5869 1363 5911 nos
1385 5895 1400 5923 ,
1456 5861 1511 5908 et
1540 5851 1687 5910 dedit
1737 5853 1929 5925 pignus

2017 4760 2120 4820 tat,
2148 4760 2207 4813 et
2250 4749 2423 4811 servit
2464 4748 2599 4809 Deo.
2653 4764 2671 4799 ι
2721 4744 2877 4809 Beati
2912 4742 3057 4803 enim
3094 4752 3362 4813 pauperes
3398 4734 3614 4807 spiritu,

2021 4844 2274 4916 quoniam
2332 4842 2575 4915 ipsorum
2614 4846 2703 4897 est
2748 4851 2974 4908 regnum
3004 4831 3289 4891 calorum.
3323 4848 3344 4882 ι
3386 4825 3507 4885 Non
3533 4833 3618 4879 est

2021 4950 2150 5006 ergo
2192 4934 2247 4987 in
2275 4932 2469 4987 timore
2498 4930 2711 4989 Domini
2760 4924 3048 4987 minoratio
3088 4922 3370 4986 virtutum.
3398 4922 3613 5006 neeiest

2024 5025 2080 5082 in
2099 5005 2171 5081 eo
2199 5023 2473 5095 inquirere
2499 5019 2829 5093 adiutorium
2854 5025 3154 5081 terrenum,
3176 5010 3306 5083 quia
3328 5008 3503 5097 timor
3513 5005 3614 5097 [ξος

2028 5114 2163 5172 mini
2216 5114 2357 5169 sicut
2398 5111 2682 5182 paradisus
2724 5102 3117 5177 benedictionis
3162 5106 3246 5159 est
3295 5096 3616 5165 timentibus

2028 5207 2222 5273 Deum,
2260 5213 2315 5261 et
2361 5219 2523 5276 super
2575 5215 2797 5261 omnem
2840 5210 3097 5269 pompam
3128 5201 3404 5255 terrenam
3441 5186 3616 5260 operit

2028 5302 2149 5359 illos
2186 5300 2359 5373 gloria
2408 5297 2664 5359 calestis.
2700 5295 2853 5357 Unde
2884 5307 2982 5365 per
3023 5288 3349 5361 Prophetas;
3376 5285 3612 5347 dicitur;

2036 5411 2055 5444 ι
2097 5391 2304 5446 Timete
2326 5388 2640 5453 Dominum,
2663 5399 2853 5453 omnes
2878 5381 3053 5447 sancti
3078 5379 3222 5450 eius,
3250 5376 3505 5451 quoniam
3524 5374 3615 5433 ni-

2031 5483 2107 5541 hil
2154 5484 2305 5537 deest
2338 5478 2649 5534 timentibus
2674 5490 2816 5531 eum.
2874 5472 3077 5528 Divites
3119 5476 3383 5544 eguerunt
3411 5475 3469 5524 et
3486 5480 3616 5523 esu-

2030 5578 2273 5641 rierunt;
2309 5572 2644 5643 inquirentes
2673 5575 2851 5623 autem
2892 5564 3178 5635 Dominum
3224 5577 3332 5619 non
3360 5556 3617 5619 deﬁcient

2030 5667 2174 5724 omni
2203 5666 2345 5720 bono
2368 5658 2543 5734 (Psal.
2568 5656 2783 5730 χχχιιι).
2818 5676 2837 5710 ›
2882 5655 2949 5710 Et
2968 5655 3021 5711 in
3048 5650 3341 5724 Evangelia
3368 5648 3485 5723 ipsa
3514 5645 3615 5705 Ve

2031 5759 2164 5813 ritas
2193 5752 2472 5826 discipulis
2502 5750 2575 5806 ait
2600 5769 2612 5803 :
2647 5768 2664 5801 ‹
2695 5747 2870 5804 Nolite
2897 5744 3114 5804 solliciti
3162 5755 3282 5797 esse
3308 5735 3439 5826 quid
3464 5750 3592 5826 man

2032 5847 2258 5914 ducetis,
2289 5823 2382 5902 aut
2416 5843 2546 5916 quid
2574 5840 2794 5907 bibatis,
2817 5845 2910 5895 aut
2929 5850 3037 5906 quo
3060 5824 3445 5904 cooperiamini
3469 5842 3483 5881 :
3514 5823 3616 5883 scit
