4030 6474
521 333 546 390 Ι
557 332 663 390 055

1162 329 1222 385 Β.
1262 325 1515 386 RABANI
1554 328 1774 387 MAURI
1814 326 2134 386 ARClllEP.
2177 320 2487 384 MOGUNT.
2524 325 2813 384 OPERUM
2852 325 3032 384 PARS
3070 328 3108 383 1.

3622 325 3733 398 ’1056

519 449 662 505 enim
689 451 1046 506 Patervester
1071 444 1330 512 ccelestis,
1358 445 1484 516 quia
1512 445 1598 500 his
1617 444 1870 500 omnibus
1900 443 2108 514 indige-
2136 444 2188 506 Α
2219 459 2238 492 ι
2269 441 2448 498 adhuc
2487 441 2688 496 valenti
2721 443 2969 514 accipere
3003 443 3211 499 cibum!
3259 463 3276 498 ι
3311 445 3412 514 Qui
3437 453 3737 520 prosperitate

519 543 609 597 tis.
633 539 865 608 Quaerite
897 546 1078 594 autem
1108 539 1338 610 primum
1388 554 1616 611 regnum
1638 538 1732 592 Dei
1759 546 1813 592 et
1839 537 2107 609 justitiam

518 632 656 702 ejus,
677 643 733 687 et
757 631 874 687 haec
895 630 1075 686 omnia
1106 629 1428 700 adjiciantur
1460 629 1613 686 vobis
1641 627 1979 702 (Matthsvi).
2013 647 2032 682 ι

1152 725 1380 783 CAPUT
1418 725 1482 781 ll.

660 821 739 876 De
764 821 1066 893 indigentia:
1087 820 1301 874 miseria
1327 829 1372 874 et
1398 818 1462 874 de
1481 818 1734 873 memoria
1757 815 1962 872 mortis.

595 934 613 968 ‹
650 915 774 981 Fili,
801 915 855 970 in
880 924 1122 986 tempore
1157 913 1280 968 vitae
1317 921 1423 966 tua:
1469 927 1538 966 ne
1589 911 1831 981 indigeas
1861 927 1874 964 :
1913 909 2111 965 melius

523 1027 542 1060 ι
579 1015 666 1063 est
689 1007 832 1062 enim
861 1007 1001 1063 mori
1048 1021 1210 1077 quam
1236 1004 1498 1075 indigere.
1538 1024 1556 1056 ι
1601 1003 1872 1060 Admonet
1895 1019 1994 1058 nos
2023 1019 2110 1058 sa-

515 1099 741 1170 pientia,
770 1114 839 1154 ne
868 1114 967 1169 per
1008 1098 1338 1154 otiositatem
1375 1095 1668 1167 perdamus
1713 1105 1925 1166 tempus
1953 1095 2111 1152 nobis

516 1191 808 1259 indultum,
845 1191 940 1247 sed
992 1191 1163 1262 magis
1192 1190 1498 1245 laboremus
1533 1197 1682 1244 recte
1705 1189 2001 1255 credendo;
2030 1189 2112 1243 in-

515 1291 664 1339 tente
690 1283 863 1356 legem
889 1283 985 1339 Dei
1013 1283 1323 1338 meditando
1349 1292 1511 1352 atque
1540 1283 1680 1338 bene
1726 1283 2022 1352 operando,
2053 1288 2114 1336 ut

516 1375 604 1430 hic
627 1375 924 1430 habeamus
942 1389 1070 1446 opes
1089 1375 1371 1448 virtutum,
1395 1383 1451 1428 et
1474 1373 1528 1428 in
1554 1371 1737 1428 futuro
1765 1373 1930 1428 vitam
1955 1381 2114 1428 teter-

516 1481 665 1520 nam.
694 1464 881 1521 Melius
907 1473 992 1521 est
1034 1464 1180 1520 enim
1216 1481 1245 1518 a
1279 1464 1533 1535 praesenti
1555 1463 1664 1517 vita
1695 1464 1802 1519 cito
1829 1464 2108 1528 decedere,

515 1574 676 1629 quam
701 1558 790 1614 hic
821 1558 913 1614 diu
936 1550 1200 1613 inutiliter
1222 1557 1425 1622 vivere,
1452 1556 1580 1626 quia
1601 1555 2109 1610 otiositasdiuturni

516 1649 773 1720 temporis
800 1647 1059 1717 majorem
1087 1648 1141 1702 in
1187 1649 1473 1703 tormentis
1525 1649 1746 1703 habebit
1792 1647 2105 1702 vindictam.

516 1739 654 1795 Huic
683 1739 966 1795 sententiae
1017 1738 1192 1794 simile
1238 1747 1322 1794 cst
1369 1738 1501 1793 illud
1530 1740 1675 1808 quod
1724 1739 1779 1793 in
1816 1739 2108 1810 Evangelia
2159 1807 2172 1819 .

515 1831 772 1900 scriptum
799 1840 882 1886 est
907 1847 919 1883 :
960 1850 978 1882 ‹
1023 1830 1124 1897 Qui
1151 1830 1599 1885 scandalizaverit
1623 1846 1788 1885 unum
1814 1831 1879 1885 de
1901 1831 1986 1885 bis
2006 1846 2104 1900 pu-
2131 1841 2180 1901 Β

515 1927 754 1996 sillisqui
770 1927 823 1982 in
842 1942 926 1981 me
945 1925 1194 1992 credunt,
1214 1925 1430 1995 expedit
1445 1925 1495 1980 ei
1513 1925 1948 1994 utsuspendatur
1963 1923 2109 1977 mola

513 2017 750 2072 asinaria
778 2017 831 2072 in
863 2016 1001 2072 collo
1047 2016 1185 2085 ejus,
1207 2024 1264 2070 et
1288 2015 1635 2087 demergatur
1684 2015 1736 2069 in
1778 2013 2108 2084 profundum

513 2109 683 2164 maris
709 2107 925 2180 (Matth.
959 2092 1139 2179 xviii).
1174 2127 1192 2158 ι
1227 2107 1456 2178 Expedit
1487 2115 1670 2162 autem
1696 2107 1745 2161 ei
1798 2106 1948 2171 dicit,
1981 2105 2109 2176 quia

512 2200 685 2256 multo
717 2199 903 2256 utilius
929 2208 1011 2255 est
1041 2199 1323 2254 innoxium
1380 2213 1543 2270 poena
1581 2200 1829 2269 quamvis
1881 2199 2110 2254 atrocis-

513 2290 672 2356 sima,
692 2289 975 2361 temporali
999 2299 1197 2354 tamen,
1221 2291 1382 2345 vitam
1413 2289 1568 2345 ﬁnire
1591 2305 1930 2360 corpoream,
1947 2305 2110 2360 quam

513 2382 756 2438 lredendo
781 2381 1004 2438 fratrem
1027 2391 1258 2438 mortem
1285 2383 1480 2438 animae
1510 2384 1709 2438 mereri
1733 2390 2070 2454 perpetuam.

591 2493 610 2525 ‹
645 2473 737 2528 Vir
759 2475 1056 2544 respiciens
1088 2475 1145 2530 in
1178 2490 1419 2530 mensam
1444 2475 1698 2542 alienam,
1726 2491 1835 2531 non
1882 2484 1967 2532 est
2000 2476 2111 2531 vita

520 2583 538 2615 ι
567 2563 686 2633 ejus
713 2564 767 2619 in
795 2565 1120 2636 cogitatione
1141 2567 1317 2622 victus
1343 2586 1356 2621 :
1391 2566 1488 2621 alit
1510 2568 1655 2623 enim
1695 2568 1932 2624 animam
1955 2583 2110 2622 suam

521 2674 540 2708 ι
576 2657 712 2713 cibis
733 2657 944 2712 alienis.
975 2678 994 2710 ι
1029 2657 1264 2714 Stultum
1297 2668 1381 2715 est
1413 2675 1543 2730 ergo
1572 2669 1632 2715 ut
1661 2660 1890 2731 quilibet
1917 2668 2112 2717 semct-

515 2747 691 2818 ipsum
721 2749 778 2804 in
802 2749 944 2804 bona
971 2749 1291 2821 operatione
1332 2765 1592 2808 exercere
1636 2751 1910 2823 negligat,
1951 2760 2005 2807 et
2046 2751 2113 2806 de

514 2842 690 2897 alieno
720 2842 908 2898 labore
959 2843 1063 2900 sibi
1093 2844 1401 2900 mercedem
1454 2852 1701 2915 quaerat,
1761 2859 1884 2900 cum
1932 2842 2111 2913 justus

509 2931 676 3003 judex
698 2933 993 3004 unicuique
1037 2933 1231 2990 reddat
1275 2937 1576 2992 secundum
1613 2950 1777 3006 opera
1808 2951 1925 2991 sua.
1957 2935 2111 2991 Unde

515 3024 568 3078 in
598 3025 892 3094 Evangelio
921 3027 1100 3082 stulta:
1133 3027 1375 3100 virgines
1402 3070 1416 3094 ,
1463 3044 1586 3100 quae
1631 3044 1760 3085 vasa
1792 3044 1889 3084 sua
1938 3043 2111 3083 vacua

513 3120 830 3190 gestabant,
880 3128 940 3176 et
987 3135 1018 3175 a
1055 3121 1415 3191 prudentibus
1461 3121 1640 3177 oleum
1698 3120 2108 3185 meudicabant,

2213 531 2374 600 hujus
2402 533 2588 587 mundi
2641 540 2698 587 et
2727 533 3038 588 divitiarum
3075 543 3290 604 quiestu
3339 535 3599 606 innititur,
3629 557 3740 603 mors

2212 625 2392 680 carnis
2427 627 2571 697 (qua:
2609 625 2910 697 corporalis
2933 626 3057 680 vita:
3087 627 3353 683 terminus
3378 630 3480 700 est)
3509 645 3662 687 amara
3686 637 3740 693 illi

2212 731 2333 771 esse
2367 715 2599 782 videtur,
2639 717 2765 788 quia
2789 716 2912 771 vitze
2940 715 3135 773 futurae
3162 717 3363 790 gaudia
3385 733 3558 776 amare
3585 726 3740 793 nescit;

2214 816 2308 871 sed
2331 815 2587 886 quoniam
2624 815 2858 870 mundus
2888 815 3088 870 transit
3117 823 3172 872 et
3203 815 3622 887 concupiscentia
3640 820 3740 890 ejus,

2211 928 2401 969 omnes
2425 912 2518 984 qui
2548 912 2777 984 diligunt
2807 911 2984 979 illum,
3015 913 3070 967 in
3110 910 3328 968 defectu
3382 913 3494 984 ejus
3525 914 3742 987 plangant.

2214 1003 2368 1060 Unde
2396 1003 2452 1058 in
2481 1003 2801 1075 Apocalypsi
2829 1011 2954 1074 post
2981 1004 3393 1060 subversionem
3421 1005 3650 1076 spiritalis
3668 1008 3744 1063 Ba-

2213 1093 2444 1166 bylonia:
2472 1094 2734 1164 scriptum
2777 1103 2882 1160 est,
2907 1093 3047 1164 quod
3099 1093 3427 1164 plangerent
3452 1108 3601 1164 super
3637 1095 3744 1153 illam

2214 1202 2404 1243 omnes
2431 1202 2588 1258 reges
2614 1195 2795 1253 terrm,
2819 1185 2910 1256 qui
2935 1201 3059 1240 cum
3095 1185 3185 1239 illa
3214 1183 3468 1240 fornicati
3497 1194 3624 1251 sunt,
3645 1188 3744 1241 etin

2215 1278 2422 1334 deliciis
2452 1279 2745 1344 vixerunt,
2806 1277 3086 1332 dicentes:
3121 1297 3139 1329 ‹
3172 1277 3290 1341 ναξ,
3326 1291 3420 1339 vm,
3458 1277 3632 1332 civitas
3671 1294 3746 1333 tua.

2215 1385 2341 1440 gua,
2376 1369 2430 1423 in
2455 1384 2562 1438 qua
2604 1368 2800 1424 divites
2845 1367 2973 1424 facti
3003 1374 3128 1424 sunt
3154 1382 3350 1423 omnes
3380 1365 3469 1436 qui
3495 1365 3667 1422 habent
3684 1384 3746 1423 na.

2215 1478 2310 1518 ves
2341 1463 2396 1517 in
2428 1462 2565 1516 mari
2606 1462 2672 1517 de
2700 1461 2888 1532 pretiis
2919 1461 3071 1530 ejus:
3103 1461 3366 1531 quoniam
3412 1474 3511 1514 una
3554 1459 3665 1514 hora
3688 1460 3748 1515 de-

2216 1555 2389 1612 solata
2421 1563 2506 1611 est
2551 1553 2733 1626 (Apoc.
2774 1554 2957 1626 xvni).
3001 1574 3017 1606 ι
3051 1554 3327 1608 C:eterum
3384 1552 3508 1623 quid
3553 1550 3611 1607 de
3647 1568 3744 1623 pau-

2211 1647 2431 1718 peribus
2452 1645 2652 1702 Christi
2684 1653 2738 1702 et
2779 1645 3085 1701 haeredibus
3120 1645 3308 1701 szeculi
3353 1644 3559 1700 venturi
3599 1659 3746 1714 sequa-

2215 1749 2321 1807 tur,
2347 1740 2651 1795 audiamus.

2287 1853 2304 1886 ε
2339 1833 2382 1890 Ο
2413 1849 2579 1900 mors,
2605 1848 2766 1903 quam
2791 1832 2992 1888 bonum
3018 1832 3390 1903 estjudicium
3425 1839 3563 1884 tuum
3591 1829 3747 1884 homini

2219 1947 2236 1978 ε
2267 1927 2558 1999 indigenti;
2593 1937 2648 1982 et
2673 1927 2766 1998 qui
2791 1927 3094 1982 minoratur
3118 1927 3353 1990 viribus,
3385 1924 3584 1980 defecto
3604 1932 3746 1988 aetate;

2217 2037 2236 2069 ‹
2270 2027 2324 2073 et
2351 2019 2436 2073 eui
2459 2019 2525 2073 de
2546 2017 2800 2074 omnibus
2826 2033 2958 2076 cura
2985 2026 3101 2084 est;
3152 2026 3209 2073 et
3238 2016 3533 2072 incredibili
3559 2016 3637 2083 qui
3655 2030 3746 2085 per-

2218 2129 2236 2162 (
2269 2110 2347 2164 dit
2374 2109 2718 2180 patientiam!
2759 2128 2778 2162 ι
2812 2107 3020 2164 Bonum
3047 2117 3131 2164 est
3172 2123 3307 2181 ergo
3334 2106 3613 2164 cultoribus
3629 2105 3748 2161 Chri-

2212 2201 2280 2255 sti
2308 2199 2560 2254 meditari
2612 2198 2880 2268 judicium
2933 2198 3126 2254 mortis
3176 2197 3505 2270 praesentis,
3548 2195 3750 2265 quoniam

2211 2307 2309 2363 per
2340 2293 2516 2362 ipsum
2541 2299 2827 2346 transeunt
2857 2289 2922 2345 ad
2953 2291 3120 2345 vitam
3142 2299 3432 2354 aeternam,
3462 2287 3548 2358 qui
3592 2299 3750 2358 paupe-

2213 2401 2304 2442 res
2330 2393 2457 2439 sunt
2484 2392 2538 2439 et
2566 2383 2869 2455 indigentes
2897 2369 2960 2439 in
2991 2383 3152 2439 rebus
3178 2383 3441 2449 terrenis,
3478 2397 3589 2437 cum
3614 2378 3751 2435 omnia

2213 2491 2312 2530 sua
2357 2475 2764 2545 dereliquerunt
2826 2483 3048 2546 propter
3099 2474 3422 2540 Christum,
3475 2473 3753 2528 minorantur

2213 2568 2424 2624 viribus
2453 2587 2465 2622 :
2499 2567 2754 2638 quoniam
2784 2567 3065 2622 humiliter
3090 2567 3415 2632 sentientes,
3448 2582 3549 2622 non
3573 2566 3629 2620 de
3650 2564 3748 2618 viri-

2214 2664 2316 2720 bus
2360 2662 2617 2733 pr0priis,
2647 2660 2743 2716 sed
2794 2661 2860 2717 de
2908 2661 3149 2732 potentia
3173 2660 3460 2716 conﬁdunt
3496 2654 3751 2718 Salvatoris,

2214 2757 2306 2827 qui
2337 2755 2597 2812 deﬁciunt
2622 2761 2801 2820 aetate,
2833 2754 2958 2824 quia
3003 2753 3057 2806 in
3097 2762 3246 2808 recta
3299 2757 3627 2822 perseverant
3663 2762 3753 2802 con-

2213 2847 2536 2904 versatione.
2563 2846 2640 2900 De
2675 2859 2906 2915 quorum
2940 2860 3049 2900 uno
3083 2844 3138 2899 in
3164 2844 3368 2900 Genesi
3396 2843 3636 2913 scriptum
3657 2847 3749 2894 est:

2221 2959 2238 2990 ‹
2271 2939 2516 2994 Fuerunt
2543 2945 2723 2992 autem
2754 2936 2873 2992 dies
2910 2936 3036 2990 vitae
3072 2934 3331 2999 Abrahae,
3354 2943 3561 2990 centum
3582 2939 3751 3000 septua-

2215 3031 2361 3102 ginta
2391 3029 2634 3100 quinque
2661 3027 2792 3082 anni
2819 3045 2832 3081 :
2863 3036 2920 3082 et
2946 3027 3204 3084 deﬁciens
3233 3034 3483 3084 mortuus
3511 3033 3585 3080 est
3616 3025 3659 3078 in
3692 3036 3754 3075 se-

2218 3129 2434 3176 nectute
2487 3121 2626 3176 bona
2655 3160 2670 3184 ,
2727 3127 3106 3190 provectoque
3150 3119 3351 3183 aetatis,
3384 3126 3438 3172 et
3482 3116 3650 3187 plenus
3669 3112 3754 3166 die-

513 3212 756 3268 dicentes
782 3231 794 3267 :
833 3230 852 3264 ‹
887 3213 1025 3269 Date
1051 3213 1209 3269 nobis
1232 3212 1301 3268 de
1328 3211 1450 3269 oleo
1498 3221 1702 3278 vestro,
1733 3211 1860 3282 quia
1901 3211 2111 3281 lampa-
2140 3209 2185 3272 C
2218 3229 2338 3267 rum
2365 3211 2520 3283 (Gen.
2553 3210 2704 3283 xxv).
2739 3231 2757 3264 ι
2791 3209 2998 3278 Quibus
3023 3251 3038 3275 ,
3084 3195 3285 3281 inquit,
3317 3208 3385 3264 de
3409 3207 3637 3266 omnibus
3659 3218 3754 3260 cum

513 3305 611 3360 des
636 3313 837 3361 nostra:
858 3305 1316 3376 exstinguuntur:
1359 3325 1377 3357 ι
1412 3305 1520 3360 tale
1555 3305 1622 3359 ab
1665 3305 1744 3359 eis
1775 3303 2114 3373 accipiebant

515 3410 834 3466 responsum
866 3414 879 3450 :
925 3415 944 3447 ι
975 3394 1054 3450 Ne
1083 3394 1225 3452 forte
1256 3411 1364 3451 non
1396 3394 1628 3451 sufﬁciat
1657 3395 1815 3451 nobis
1844 3402 1900 3450 et
1925 3393 2109 3459 vobis,

515 3487 588 3541 ite
613 3488 794 3557 potius
823 3489 893 3543 ad
927 3489 1250 3554 vendentes,
1279 3496 1334 3542 et
1364 3489 1532 3544 emite
1561 3488 1734 3544 vobis.
1768 3488 1904 3543 Dum
1934 3496 2115 3544 autem

515 3581 661 3636 irent
692 3595 894 3649 emere,
919 3581 1072 3637 venit
1095 3597 1349 3652 sponsus,
1387 3591 1444 3638 et
1477 3598 1598 3654 quae
1620 3593 1824 3654 paratae
1855 3591 2013 3639 erant
2035 3584 2118 3638 in-

516 3681 801 3729 traverunt
826 3689 951 3728 cum
977 3689 1043 3729 eo
1085 3673 1154 3728 ad
1182 3673 1435 3744 nuptias,
1479 3682 1535 3730 et
1576 3675 1761 3730 clausa
1819 3682 1904 3729 est
1950 3672 2118 3743 janua

517 3764 737 3837 (Matth.
762 3765 913 3836 xxv).
947 3785 966 3819 ›
991 3764 1104 3823 Nec
1121 3767 1235 3837 jam
1269 3766 1412 3821 ultra
1455 3767 1695 3823 intrandi
1725 3766 1957 3822 facultas
2013 3767 2117 3822 illis

517 3855 764 3924 dabatur,
797 3871 918 3927 quae
961 3865 1166 3928 paratae
1214 3857 1283 3912 ad
1325 3858 1544 3928 nuptias
1587 3873 1711 3914 cum
1748 3857 1965 3913 caeteris
2008 3873 2118 3913 non

518 3947 934 4004 inveniebantur

593 4056 612 4088 α
652 4035 750 4091 Vir
797 4045 978 4093 autem
1026 4038 1399 4110 disciplinatus
1447 4049 1502 4096 et
1552 4040 1797 4097 eruditus
1848 4041 2120 4098 custodiet

525 4145 542 4178 σ
582 4141 662 4182 se.
700 4146 719 4178 ι
755 4126 1038 4183 Custodiet
1067 4129 1250 4200 itaque
1295 4146 1354 4188 se
1398 4146 1468 4187 ne
1507 4132 1712 4188 otiosus
1762 4134 1835 4188 sit
1874 4142 2120 4204 tempore

518 4225 845 4288 opportuno,
885 4219 939 4273 in
995 4234 1102 4290 quo
1152 4220 1280 4278 licet
1328 4223 1578 4292 operari,
1635 4241 1704 4279 ne
1731 4224 1857 4280 dum
1909 4230 2120 4294 tempus

516 4310 782 4381 przeterit,
835 4311 1016 4382 inopia
1045 4321 1420 4379 consumatur,
1451 4316 1548 4371 sed
1598 4317 1774 4387 magis
1819 4331 1920 4386 pro
1961 4315 2119 4371 bonis

519 4403 732 4460 actibus
764 4404 1045 4474 multiplici
1082 4408 1331 4463 mercede
1357 4407 1591 4476 ditetur;
1628 4410 1770 4465 sicut
1809 4423 2000 4464 servus
2032 4407 2121 4462 ille

519 4495 883 4567 evangelicus,
909 4497 1054 4565 quia
1091 4496 1320 4554 Domino
1370 4514 1468 4554 suo
1515 4499 1755 4570 quinque
1787 4499 1990 4554 talenta
2023 4514 2118 4553 ac-

2217 3314 2299 3362 est
2327 3323 2340 3360 :
2371 3304 2461 3359 illa
2488 3303 2736 3359 videlicet
2758 3316 2912 3371 cura,
2942 3310 3002 3357 ut
3038 3302 3223 3357 omnia
3272 3300 3522 3357 mandata
3550 3297 3631 3354 Dei
3660 3310 3754 3352 oon-

2219 3404 2452 3461 scrvent,
2486 3395 2602 3450 sive
2633 3402 2692 3450 ut
2717 3395 2984 3467 proximis
3011 3396 3125 3450 suis
3169 3401 3438 3464 quantum
3459 3391 3643 3463 possint
3665 3402 3751 3459 pro-

2219 3489 2374 3544 desse
2418 3487 2693 3544 festinent.
2744 3487 2822 3543 De
2843 3503 2950 3559 quo
2979 3473 3178 3542 Paulus
3207 3487 3285 3541 ait
3316 3504 3331 3541 :
3369 3504 3386 3537 ‹
3412 3482 3644 3540 lnstantia
3667 3493 3755 3536 mea

2219 3584 2533 3654 quotidiana
2591 3582 2896 3638 sollicitudo
2951 3582 3196 3637 omnium
3243 3581 3611 3637 ecclesiarum.
3640 3573 3756 3644 ilpsi

2220 3677 2564 3733 incredibiles
2586 3684 2732 3742 sunt,
2759 3677 2887 3748 quia
2910 3691 3016 3731 non
3039 3675 3388 3732 consentiunt
3414 3673 3574 3731 errori
3596 3680 3642 3728 et
3663 3683 3750 3742 per-

2221 3767 2362 3823 ﬁdia:
2393 3769 2798 3834 haereticorum,
2832 3768 3066 3839 perdunt
3094 3768 3424 3838 sapientiam
3463 3765 3647 3831 mundi,
3667 3777 3755 3833 qua:

2222 3857 2451 3912 stultitia
2475 3867 2560 3913 est
2608 3859 2749 3930 apud
2784 3857 3094 3924 Dominum,
3125 3866 3185 3912 ut
3219 3871 3355 3914 vere
3390 3857 3494 3913 sint
3521 3855 3753 3927 sapientes,

2223 3951 2370 4007 illam
2421 3952 2732 4008 haurientes
2777 3953 3121 4022 sapientiam,
3159 3971 3178 4004 ι
3214 3968 3340 4024 qua:
3387 3953 3645 4009 desursum
3676 3956 3752 4012 est,

2221 4045 2556 4104 descendens
2597 4062 2628 4099 a
2677 4045 2840 4101 Patre
2888 4046 3175 4101 luminum.
3216 4066 3235 4097 ι
3269 4045 3351 4102 De
3385 4061 3490 4117 quo
3528 4039 3755 4115 Apostolus

2223 4137 2494 4204 hortatur,
2519 4138 2744 4194 dicens:
2785 4157 2803 4190 ‹
2841 4138 2899 4193 Si
2924 4139 3048 4208 quis
3069 4138 3282 4194 videtur
3315 4140 3460 4195 inter
3478 4153 3568 4200 vos
3583 4135 3756 4206 sapiens

2223 4244 2366 4296 esse,
2397 4229 2594 4285 stultus
2622 4229 2715 4284 ﬁat
2740 4239 2800 4284 ut
2827 4231 2898 4286 sit
2940 4230 3156 4300 sapiens
3204 4229 3257 4302 (1
3288 4229 3414 4286 Cor.
3448 4231 3507 4302 ι).
3537 4250 3554 4283 ι
3579 4229 3636 4283 Et
3653 4240 3753 4296 quo-

2225 4320 2370 4374 niam
2397 4336 2544 4375 mors
2590 4321 2772 4377 carnis
2819 4321 3066 4376 ﬁdelibus
3096 4321 3297 4377 Christi
3351 4338 3454 4378 non
3495 4330 3572 4377 est
3615 4317 3756 4373 formi-

2225 4407 2421 4473 danda,
2449 4409 2544 4464 sed
2571 4411 2744 4481 magis
2772 4425 2872 4480 per
2918 4412 3090 4480 ipsam
3126 4411 3194 4467 ad
3229 4413 3465 4482 quietem
3493 4412 3604 4466 vitae
3621 4419 3754 4464 trans-

2228 4499 2488 4565 eundum,
2518 4515 2643 4554 mox
2673 4501 2873 4566 subdit,
2907 4501 3092 4556 dicens
3117 4519 3130 4556 :

521 4587 688 4657 cepit,
723 4589 849 4642 dum
874 4589 1202 4658 negotiando
1242 4589 1359 4660 ejus
1386 4591 1673 4661 pecuniam
1720 4590 2114 4661 multiplicavit,
2143 4572 2199 4633 Ι)
2301 4609 2320 4642 ‹
2356 4589 2474 4646 Noli
2520 4599 2764 4647 metuere
2801 4591 3066 4664 judicium
3108 4593 3324 4649 mortis.
3383 4593 3631 4649 Memento
3669 4600 3756 4658 qm:

521 4677 828 4731 mercedem
857 4678 925 4732 ab
949 4692 1014 4732 eo
1041 4679 1317 4747 copiosam
1341 4680 1579 4750 suscepit
1611 4699 1623 4734 :
1657 4681 1747 4751 qui
1779 4689 1960 4736 autem
1980 4681 2119 4735 otio-

522 4780 582 4822 se
605 4765 867 4821 talentum
893 4766 996 4822 sibi
1023 4770 1374 4825 commissum
1395 4771 1653 4836 servavit,
1675 4772 1733 4826 in
1756 4781 1998 4843 tempore
2027 4787 2116 4828 re-

523 4856 837 4913 tributionis
875 4874 974 4928 pro
1014 4860 1292 4916 otiositate
1332 4877 1430 4917 sua
1458 4878 1490 4916 a
1520 4863 1750 4920 Domino
1778 4878 1969 4935 ptenas
2004 4863 2114 4919 sol-

522 4951 600 5005 vit
619 4951 840 5021 (Matth.
873 4953 1023 5025 xxv).
1059 4953 1210 5010 Unde
1239 4963 1294 5010 et
1326 4956 1616 5025 sequitur:

601 5061 619 5092 ι
655 5041 710 5097 ln
739 5060 834 5100 ore
882 5045 1211 5116 impudentis
1260 5047 1673 5104 condulcabitur
1699 5049 1878 5121 inopia
1905 5091 1920 5115 ,
1971 5057 2026 5105 et
2068 5049 2122 5104 in

531 5155 550 5188 ‹
579 5139 913 5210 ventre'ejus
961 5140 1099 5211 ignis
1129 5141 1362 5199 ardebit.
1396 5162 1418 5195 ι
1449 5141 1548 5198 Cui
1590 5143 1736 5199 enim
1762 5144 1923 5200 modo
1946 5144 2125 5215 placet

525 5230 698 5302 magis
721 5231 939 5287 desidi:e
958 5233 1070 5287 otio
1097 5242 1316 5304 torpere
1340 5250 1503 5304 quam
1529 5237 1696 5291 verbo
1717 5235 1979 5291 doctrinae
2000 5250 2125 5305 pro-

525 5323 689 5378 ximis
711 5325 990 5393 prodesse,
1024 5327 1077 5381 in
1106 5327 1288 5382 futura
1324 5342 1487 5398 pcena
1517 5329 1715 5385 ardens
1737 5329 1902 5385 etiam
1937 5330 2118 5400 pceni-

529 5415 710 5472 tentia!
754 5417 1028 5475 doloribus
1065 5420 1122 5475 in
1166 5422 1349 5477 animo
1393 5423 1658 5479 restitante
1712 5423 1828 5478 sine
1875 5423 2122 5478 remedio

527 5510 878 5566 cruciabitur.

602 5599 753 5670 (Car.
785 5605 920 5675 xu.)
963 5625 981 5657 ‹
1025 5605 1070 5660 Ο
1099 5619 1268 5671 mors,
1300 5621 1463 5676 quam
1503 5623 1688 5662 amara
1719 5615 1802 5662 est
1856 5605 2116 5660 memoria

533 5709 553 5743 ι
585 5699 678 5747 tua
703 5694 910 5751 homini
941 5711 1128 5767 pacem
1155 5695 1376 5752 habenti
1407 5700 1460 5753 in
1488 5699 1809 5755 substantiis
1847 5699 1982 5763 suis,
2001 5698 2119 5754 viro

535 5797 558 5839 ς
587 5785 792 5856 quieto,
827 5797 882 5844 et
914 5788 1070 5862 cujus
1093 5787 1198 5845 via:
1231 5789 1450 5846 directa:
1479 5800 1604 5848 sunt
1625 5791 1678 5848 in
1702 5791 2036 5860 hominibus,
2063 5798 2120 5847 et

2227 4703 2246 4735 ι
2275 4692 2401 4738 ante
2432 4682 2730 4739 tc-fuerunt
2755 4726 2768 4750 ,
2819 4692 2875 4739 et
2913 4699 3035 4754 quae
3073 4693 3465 4755 superventura
3510 4683 3610 4739 sint
3650 4679 3751 4734 tibi:

2226 4795 2244 4828 ‹
2279 4775 2664 4844 hocjudicium
2691 4793 2720 4831 a
2746 4777 2972 4832 Domino
2998 4778 3147 4834 omni
3171 4779 3346 4834 carni.
3382 4779 3447 4833 Et.
3474 4791 3585 4847 qua:
3606 4785 3754 4842 super-

2226 4887 2245 4920 ι
2280 4868 2499 4923 venient
2532 4867 2627 4922 tibi
2660 4867 2713 4923 in
2743 4867 3080 4939 beneplacito
3104 4868 3409 4924 Altissimi?
3452 4866 3570 4923 Sive
3591 4866 3752 4922 decem.

2233 4979 2252 5011 ι
2289 4959 2403 5013 sive
2435 4965 2668 5022 centum,
2690 4960 2804 5014 sive
2833 4960 2978 5015 mille
3005 4961 3114 5015 sint
3143 4961 3290 5016 anni.
3317 4960 3434 5016 Non
3458 4959 3592 5016 enim
3619 4957 3663 5010 in
3696 4952 3754 5005 in-

2233 5067 2252 5101 ‹
2281 5049 2434 5105 ferno
2455 5051 2730 5106 accusatio
2756 5052 2899 5105 vitze.
2928 5071 2946 5105 ι
2979 5051 3096 5106 Non
3117 5060 3199 5108 est
3223 5054 3366 5108 enim
3384 5052 3627 5124 judicium
3646 5056 3753 5100 mor-

2226 5142 2298 5197 tis
2325 5141 2636 5213 temporalis
2661 5141 3083 5210 formidandum,
3101 5144 3195 5200 sed
3222 5143 3311 5200 ille
3335 5144 3510 5214 potius
3534 5135 3753 5195 timendus

2225 5241 2337 5299 est,
2379 5234 2471 5304 qui
2520 5233 2684 5290 habet
2721 5243 3050 5304 potestatem
3097 5236 3223 5292 vitae
3268 5244 3324 5291 et
3353 5234 3564 5299 mortis,
3591 5227 3750 5284 clavem

2228 5327 2408 5398 abyssi
2457 5335 2512 5382 et
2559 5327 2978 5383 dominationem
3026 5326 3244 5383 inferni.
3287 5325 3364 5383 De
3402 5341 3503 5398 quo
3539 5320 3750 5389 scriptum

2226 5429 2348 5475 est:
2393 5437 2412 5470 ‹
2444 5418 2706 5474 Dominus
2738 5418 3030 5474 mortiﬁcat
3074 5427 3128 5473 et
3165 5417 3429 5484 viviﬁcat,
3473 5411 3662 5473 deducit
3699 5401 3750 5460 ad

2229 5513 2430 5570 inferos
2458 5521 2513 5569 et
2543 5512 2752 5567 reducit
2789 5512 2842 5586 (I
2869 5510 2997 5584 Reg.
3026 5513 3110 5584 ll).
3150 5532 3168 5566 ι
3215 5510 3352 5567 Hinc
3377 5519 3429 5565 et
3453 5509 3556 5579 ipsa
3579 5499 3750 5557 Veritas

2228 5604 2505 5676 discipulis
2531 5604 2644 5658 suis
2672 5604 2745 5658 ait
2775 5622 2788 5658 :
2824 5622 2842 5654 ‹
2896 5603 3069 5660 Nolite
3093 5604 3282 5659 timere
3315 5619 3405 5657 eos
3425 5599 3510 5670 qui
3545 5589 3748 5676 occidunl

2227 5713 2446 5768 corpus,
2481 5696 2719 5750 animam
2749 5704 2929 5750 autem
2983 5710 3088 5749 non
3140 5704 3365 5765 possunt
3405 5672 3747 5746 occidereHi'Bd

2225 5787 2405 5862 potius
2430 5801 2555 5844 eum
2580 5786 2766 5842 timete
2800 5785 2894 5858 qui
2924 5791 3103 5858 potest
3122 5785 3358 5842 animam
3383 5791 3432 5840 et
3458 5788 3630 5850 corpus
3651 5779 3726 5842 Ρετ
3729 5788 3744 5802 ⁸
