4030 6472
504 319 647 380 1059

1148 313 1207 368 Β.
1251 311 1505 368 RABANI
1545 310 1767 367 MAURI
1803 310 2125 369 ARCHIEP.
2170 312 2479 369 MOGUNT.
2522 292 2809 368 Ol’ERUM
2846 310 3027 368 PARS
3067 313 3110 368 ί.

3651 319 3805 375 1060

500 447 699 490 nomen
724 429 1018 503 religionis,
1035 426 1178 498 quod
1199 426 1403 481 divitiis
1432 425 1795 482 mundialibus
1810 425 1934 496 jure
1952 444 2094 499 prae-
2121 430 2175 492 Α
2201 437 2283 482 tra
2311 426 2402 500 qui
2431 428 2715 483 abscondit
2738 428 3060 497 sapientiam
3096 444 3267 497 suam,
3289 431 3585 502 plurimum
3612 446 3803 504 uocet,

499 512 689 580 fertur.
736 520 870 576 Nam
899 526 954 576 et
981 519 1027 574 si
1052 517 1314 573 mundum
1353 515 1474 586 quis
1520 516 1822 572 lucraretur
1863 519 2085 574 univer-

495 630 614 672 sum
636 655 652 682 ,
682 614 877 670 rnerito
925 610 1069 667 hunc
1118 612 1523 676 contemneret,
1560 615 1767 664 tantum
1801 617 1861 665 ut
1890 625 2089 668 nomen

493 704 610 776 ejus
656 705 986 761 scriberetur
1015 701 1070 757 in
1106 701 1264 769 ctelo,
1303 698 1526 771 eju'Sque
1571 698 1832 756 memoria
1858 707 1912 755 et
1940 701 2089 757 inter

492 788 753 854 homines
784 796 1005 853 Sancto‘s‘
1045 782 1300 867 figeretur
1340 798 1562 849 aeterna.
1597 790 1773 864 Super
1800 798 2087 866 argentum

491 892 545 948 et
571 892 763 947 aurum
789 891 963 963 gratia
989 890 1130 963 bona
1157 908 1168 943 :
1194 888 1339 943 illam
1372 882 1641 960 signiﬁcat
1675 888 1927 958 gratiam,
1960 888 2086 943 cum

492 983 617 1056 quis
641 999 739 1054 pro
773 985 917 1040 bono
956 996 1119 1054 opere
1153 981 1404 1035 laudatur
1430 996 1459 1033 a
1490 979 1677 1045 bonis;
1714 980 1822 1033 imo
1850 992 1949 1050 pro
1976 979 2087 1035 col-

489 1079 612 1135 latis
654 1078 705 1135 ei
749 1078 906 1135 donis
958 1076 1278 1132 meritorum
1323 1071 1653 1155 gloriﬁcatur
1700 1073 1863 1128 Pater
1905 1074 1997 1144 qui
2029 1072 2084 1130 in

487 1170 642 1227 ct'elis
673 1178 776 1227 est.
1728 1244 1737 1250 .

561 1285 579 1316 ι
612 1262 776 1321 Bonae
809 1265 934 1319 vitae
968 1266 1227 1319 numerus
1259 1256 1493 1328 dierum,
1517 1252 1721 1317 bonum
1766 1249 1953 1317 autem
1985 1277 2083 1318 no-

490 1374 508 1407 t
554 1370 678 1410 men
724 1355 1067 1426 permanebit
1113 1353 1169 1408 in
1211 1368 1403 1407 aevum.
1434 1358 1459 1405 ›“
1503 1352 1665 1408 Bonae
1720 1353 1918 1426 quippe
1958 1355 2087 1410 vita;

482 1452 742 1499 numerus
764 1443 973 1500 dierum
999 1443 1121 1509 erit,
1146 1443 1269 1515 quia
1299 1442 1578 1513 plenitudo
1603 1450 1818 1499 aeterna:
1850 1443 2080 1500 felicita-

482 1532 552 1589 tis
594 1533 740 1589 illam
784 1535 1100 1600 coronabit,
1131 1534 1272 1590 sicut
1310 1535 1583 1604 Propheta
1609 1535 1676 1589 de
1703 1535 1921 1591 homine
1959 1544 2081 1609 spe-

481 1631 637 1680 rante
661 1624 716 1679 in
738 1623 908 1679 Deum
931 1632 999 1681 ex
1018 1636 1252 1695 persona
1280 1624 1494 1681 Domini
1517 1626 1571 1680 in
1593 1625 1800 1696 psalmo
1823 1630 2075 1695 testatur,

478 1715 663 1773 dicens
690 1736 703 1773 :
733 1732 755 1770 ι
786 1716 1028 1791 Eripiam
1073 1725 1199 1776 eu‘l'n
1226 1729 1283 1776 et
1310 1716 1625 1792 gl'orilicabo
1651 1737 1773 1777 eum
1801 1741 1814 1777 :
1840 1723 2080 1797 longitu-

2196 521 2320 591 quia
2352 526 2476 575 eum
2508 520 2771 575 talentum
2798 521 3003 589 ingenii
3029 520 3132 576 sibi
3159 536 3188 578 a
3211 523 3324 578 Deo
3359 525 3639 582 commissi
3666 543 3808 601 pro-

2195 611 2356 668 ximis
2386 612 2499 668 suis
2548 609 2617 666 ad
2659 609 3122 683 multiplicandum
3162 613 3304 671 bona
3330 619 3653 687 operatione
3692 635 3807 677 ex-

2192 702 2429 777 pendere
2457 700 2698 774 negligit,
2723 702 3071 774 semetipsum
3104 702 3157 760 in
3185 702 3440 777 laqueum
3469 709 3807 780 perditionis

2193 794 2380 851 tradit.
2414 792 2509 850 Hie
2544 794 2746 865 itaque,
2773 804 2898 849 cum
2927 795 3068 866 apud
3093 810 3155 851 se
3183 810 3492 856 sermonem
3518 804 3801 873 praedica-

2194 888 2357 946 tionis
2384 889 2639 955 occultat,
2672 888 2884 945 divinas
2910 896 3100 946 contra
3137 902 3201 947 se
3237 895 3541 949 sententias
3572 897 3804 953 terribi-

2192 980 2316 1036 liter
2338 979 2546 1048 audiat,
2577 987 2842 1051 quatenus
2882 981 2955 1037 ab
2982 978 3101 1049 ejus
3130 983 3293 1038 corde
3322 993 3594 1041 tumorem
3628 987 3802 1043 timor

2192 1078 2444 1149 expellat.
2488 1075 2723 1132 Audian’t
2748 1088 2878 1146 ergo
2907 1076 3105 1132 eruditi
3130 1085 3185 1133 et
3210 1079 3501 1149 sapientes,
3535 1081 3686 1150 quod
3716 1089 3801 1138 ta:-

2190 1160 2396 1226 lentum
2426 1172 2519 1242 qui
2548 1180 2773 1247 erogare
2798 1169 2992 1237 noluit,
3022 1182 3146 1226 cum
3173 1173 3440 1228 sententia
3486 1173 3801 1240 damnatio;

2191 1267 2274 1321 nis
2300 1265 2499 1320 amisit.
2531 1264 2768 1325 Audiant
2790 1262 2935 1335 quod
2961 1265 3160 1321 Paulus
3187 1278 3252 1335 eo
3277 1278 3337 1322 se
3357 1282 3388 1321 a
3410 1268 3799 1338 proximorum

2189 1359 2452 1428 sanguine
2481 1359 2738 1414 mundum
2764 1358 3030 1427 credidit,
3061 1370 3168 1430 quo
3197 1360 3460 1417 feriendis
3487 1366 3686 1418 eorum
3711 1363 3798 1419 vi:

2189 1451 2279 1506 tiis
2316 1467 2422 1507 non
2456 1453 2719 1522 pepercit,
2750 1454 2977 1509 dicens:
3012 1472 3031 1505 ί
3067 1453 3358 1511 Contestor
3384 1466 3484 1512 vos
3514 1456 3793 1515 hodierna

2187 1542 2293 1610 die,
2311 1543 2437 1614 quia
2464 1545 2697 1601 mundus
2717 1558 2836 1601 sum
2859 1561 2890 1601 a
2912 1547 3174 1617 sanguine
3194 1548 3467 1614 omnium;
3497 1560 3613 1605 non
3643 1551 3794 1605 enim

2185 1633 2487 1706 subterfugi
2512 1642 2620 1705 quo
2663 1635 2843 1691 minus
2870 1637 3253 1693 annuntiarem
3292 1648 3454 1694 omne
3496 1640 3794 1695 consilium

2186 1725 2281 1782 Dei
2308 1726 2461 1783 vobis
2500 1720 2639 1799 (Act.
2668 1727 2841 1800 xxvi).
2869 1746 2887 1779 ι
2918 1726 3157 1784 Audiant
3190 1728 3332 1800 quod
3372 1744 3509 1788 voce
3537 1734 3792 1804 angelica

477 1804 602 1863 dine
631 1809 843 1866 dierum
871 1810 1177 1882 a'dimplebo
1199 1826 1321 1868 eum
1345 1814 1401 1868 et
1423 1813 1813 1869 ostendamilli
1839 1815 2081 1872 salutare
2110 1807 2161 1868 Β
2188 1816 2424 1874 Joannes
2452 1817 2773 1874 admonetur
2794 1832 2916 1874 cum
2947 1819 3183 1875 dicitur:
3212 1838 3232 1873 ‹
3264 1820 3366 1889 Qui
3394 1824 3565 1889 audit,
3600 1824 3749 1881 dicat
3773 1839 3792 1878 :

476 1898 655 1955 meum
687 1896 862 1974 (Ps‘al.
888 1901 997 1974 xc).
1025 1922 1043 1955 ι
1071 1901 1281 1958 Bonum
1304 1912 1484 1959 autem
1515 1919 1712 1961 nomen
1735 1909 2085 1976 permanebit-

473 1984 529 2046 in
556 1992 748 2059 aevum,
778 1995 906 2066 quia
936 2002 1153 2067 merces"
1177 1996 1306 2052 boni
1335 1998 1517 2053 meriti
1542 1999 1593 2053 in
1618 2000 2085 2072 contemplatione

473 2076 568 2137 Dei
625 2085 836 2140 sanctis
881 2080 1226 2155 permanebit
1266 2087 1324 2143 in
1376 2094 1670 2154 aeternum;
1703 2096 1760 2145 et
1806 2091 2082 2160 quomodo

471 2175 574 2232 hoc
603 2178 822 2233 evenire
852 2179 1044 2249 possit,
1076 2177 1451 2252 subiungendo
1479 2179 1813 2238 manifestat.

546 2287 565 2321 ‹
604 2268 953 2341 Disciplinam
995 2271 1049 2325 in
1093 2286 1225 2343 pace
1257 2279 1599 2340 Conservate,
1632 2272 1746 2328 ﬁlii.
1774 2284 1797 2326 ι’
1825 2273 2078 2348 Discipli-

469 2360 598 2416 na‘n’i
622 2374 751 2434 ergo
783 2350 843 2418 in
863 2372 1007 2435 pace’
1024 2374 1330 2434 conservat,
1361 2369 1451 2438 qui
1481 2368 1779 2424 secundum
1810 2371 1915 2426 duo
1936 2387 2073 2441 pra:-

469 2446 627 2521 cepta
656 2446 945 2508 Charitati's
963 2456 1017 2509 in
1041 2457 1331 2512 sanctitate
1349 2465 1404 2511 et
1428 2457 1640 2528 justitia
1664 2459 1848 2515 vivere
1872 2470 2069 2517 certat.

467 2536 549 2594 De
575 2536 682 2611 quo
720 2534 919 2599 Paulus
966 2546 1039 2601 ad
1084 2540 1339 2601 Hebraeos
1392 2547 1635 2602 scribens
1685 2550 1794 2604 ait:
1826 2570 1843 2601 ι
1875 2550 2073 2608 Pacem

472 2626 765 2702 sequimini
790 2642 917 2692 eum
945 2638 1200 2694 omnibus
1248 2646 1305 2695 et
1350 2641 1790 2709 sanctimoniam,
1825 2645 1941 2700 sine
1966 2658 2071 2715 qua

465 2736 627 2782 nemo
657 2724 857 2784 videbit
887 2726 1056 2785 Deum
1086 2726 1278 2801 (Hebr.
1304 2729 1424 2802 xn).
1454 2749 1472 2781 ι
1502 2730 1571 2786 Et
1587 2734 1712 2802 quia
1739 2742 1851 2790 n‘on
1874 2735 2074 2791 sutlicit

466 2814 691 2876 cuilibet
716 2826 814 2894 per
843 2826 903 2878 s'e'
930 2824 1069 2880 bene
1098 2820 1303 2891 Vivere,
1333 2824 1378 2880 si
1405 2827 1671 2896 proximis
1700 2830 1813 2884 suis
1839 2829 1894 2884 in
1938 2844 2069 2886 sana

462 2904 709 2969 domum
755 2922 1018 2985 quantum
1070 2922 1248 2987 potest
1292 2922 1401 2974 non
1453 2921 1721 2977 studuerit
1766 2924 2028 2995 prodesse
2049 2965 2066 2992 ,

458 3005 708 3073 protinus
731 2998 1098 3078 subiungitur.

538 3110 561 3145 ‹
598 3093 883 3167 Sapientia
926 3099 1070 3154 enim
1117 3099 1454 3170 abScondita,
1487 3111 1543 3161 et
1572 3106 1859 3164 thesaurus
1891 3110 2069 3165 occul-

470 3207 489 3240 «
536 3190 644 3255 tus‘,
663 3192 785 3260 quae
809 3186 1014 3248 utilitas
1036 3192 1092 3248 in
1116 3194 1403 3265 utrisque?
1430 3216 1448 3249 ›
1468 3198 1807 3257 Adinonendi
1830 3217 2068 3274 namque
2097 3171 2144 3236 Ο

464 3286 613 3347 sunt,
636 3280 728 3352 qui
762 3285 885 3338 cu‘m
910 3284 1209 3355 praedicare
1234 3286 1442 3345 utiliter
1472 3291 1704 3359 possint,
1733 3307 1834 3362 pro
1857 3293 2065 3349 desidia

463 3380 654 3429 tamen
681 3374 799 3430 Sive
844 3375 1203 3434 immoderata
1244 3376 1549 3438 humiiitate
1589 3380 1878 3455 refugiunt,
1909 3396 1968 3441 ut
1995 3402 2066 3443 ex

466 3462 681 3523 minore
713 3469 1149 3527 consideratione
1184 3472 1440 3544 colligant
1467 3483 1725 3546 quantum
1759 3477 1812 3531 in
1840 3477 2065 3547 majori-

462 3556 565 3614 bus
596 3560 763 3617 rebus
783 3560 1121 3633 delinquant.
1156 3563 1212 3619 Si
1234 3564 1378 3619 enim
1410 3565 1776 3638 indigentibus
1799 3570 2064 3640 proximis

2185 1902 2320 1967 Veni
2370 1908 2552 1984 (ApOc.
2592 1911 2746 1982 ixn).
2774 1930 2791 1962 ι
2829 1911 2899 1968 Ut
2937 1913 3194 1968 nimirum
3226 1914 3313 1969 cui
3342 1928 3404 1971 se
3430 1928 3539 1970 vox
3565 1915 3791 1971 interm

2185 2005 2443 2069 insinuat,
2476 2002 2604 2061 illuc
2634 2004 2797 2060 etiam
2831 2005 3114 2063 clamando
3142 2004 3296 2071 alios,
3327 2022 3438 2079 quo
3475 2009 3597 2080 ipse
3642 2008 3794 2081 mpi-

2186 2105 2292 2164 tur,
2325 2098 2525 2164 trabat,
2558 2110 2627 2151 ne
2654 2096 2868 2154 clausas
2898 2096 3046 2155 fores
3073 2101 3238 2155 etiam
3262 2112 3489 2157 vocatus
3518 2102 3785 2166 inveniat,

2183 2188 2228 2246 si
2254 2190 2468 2246 vocanti
2489 2204 2692 2245 vacuus
2716 2190 3131 2261 appropinquat.
3160 2192 3399 2249 Audiant
3418 2193 3566 2265 quod
3590 2193 3787 2261 Isaias,

2183 2283 2308 2352 quia
2337 2298 2369 2335 a
2404 2282 2552 2337 verbi
2598 2281 2903 2337 ministerio
2953 2284 3152 2350 tacuit,
3186 2283 3490 2340 illustratus
3544 2298 3794 2356 superno

2181 2370 2403 2437 lumine,
2427 2384 2621 2443 magna
2654 2384 2786 2428 voce
2806 2373 3145 2442 poenitentiae
3176 2386 3234 2431 se
3261 2374 3375 2445 ipse
3404 2376 3787 2447 reprehendit,

2181 2464 2367 2521 dicens
2393 2484 2405 2519 :
2435 2485 2453 2518 ‹
2486 2463 2579 2520 Va:
2607 2465 2769 2529 mihi,
2799 2467 2925 2536 quia
2956 2467 3095 2523 tacui
3130 2464 3265 2539 (Isa.
3302 2468 3457 2543 XLII).
3486 2490 3504 2523 ι
3544 2469 3787 2526 Audiam

2179 2559 2323 2631 quod
2350 2573 2444 2630 per
2475 2557 2819 2616 Salomonem
2850 2560 2901 2613 in
2935 2560 3083 2615 illam
3118 2562 3529 2632 praedicationis
3553 2562 3787 2618 scientia

2177 2652 2526 2724 multiplicari
2565 2653 2919 2722 promittitur,
2945 2655 3037 2725 qui
3086 2656 3140 2709 in
3169 2657 3274 2712 hoc
3303 2656 3447 2726 quod
3478 2657 3599 2726 jam
3642 2656 3787 2713 obti-

2177 2746 2313 2812 nuit,
2328 2746 2563 2815 torporis
2583 2747 2712 2802 vitio
2736 2762 2840 2802 non
2868 2754 3101 2802 tenetur;
3132 2746 3222 2802 Ait
3242 2758 3511 2818 namque:
3534 2764 3553 2798 ‹
3582 2747 3783 2803 Anima

2174 2854 2296 2910 quae
2346 2837 3123 2908 benedicit,impinguabitur;
3172 2847 3227 2894 et
3254 2839 3346 2910 qui
3370 2840 3637 2905 inebriat,
3669 2839 3786 2909 ipse

2174 2934 2391 3002 quoque
2431 2929 2791 2985 inebriabitur
2834 2930 3015 3002 (Pro‘u.
3052 2928 3190 3003 1(1).»
3224 2931 3327 2997 Qui
3353 2930 3500 2986 enim
3532 2931 3785 2988 exterius

2171 3022 2518 3094 praedicando
2545 3022 2839 3089 benedicit,
2872 3022 3147 3079 interioris
3174 3023 3451 3078 acumenti
3487 3023 3782 3094 pinguedi-

2175 3128 2298 3169 nem
2324 3114 2537 3185 recipit,
2568 3120 2623 3168 et
2650 3102 2776 3170 dum
2806 3115 2931 3171 vino
2964 3114 3163 3185 eloquii
3190 3115 3498 3171 auditorum
3536 3124 3781 3170 mentem

2177 3207 2447 3262 inebriare
2473 3222 2580 3262 non
2612 3206 2831 3273 desinit,
2863 3214 2994 3277 potu
3022 3207 3361 3279 multiplicati
3387 3207 3639 3263 muneris
3668 3208 3782 3262 ine-

2174 3300 2383 3356 briatus
2403 3301 2687 3356 excrescit.

2250 3414 2268 3446 ι
2300 3394 2687 3451 Verumtamen
2729 3394 3075 3450 revertemini
3114 3393 3169 3449 in
3202 3394 3288 3449 his
3323 3406 3442 3463 qua:
3471 3392 3783 3464 procedunt

2179 3500 2198 3537 ί
2243 3484 2310 3540 de
2334 3501 2428 3541 ore
2452 3501 2609 3542 meo:
2638 3501 2744 3545 non
2776 3493 2859 3541 est
2891 3486 3034 3542 enim
3080 3485 3281 3540 bonum
3307 3498 3529 3541 omnem
3570 3486 3780 3542 irret‘e-

2179 3596 2198 3629 ι
2242 3577 2472 3632 rentiam
2495 3579 2808 3634 observare.
2834 3598 2850 3629 ι
2882 3577 3017 3647 Quia
3043 3578 3194 3648 prius
3215 3577 3549 3648 pratdixerat
3572 3577 3777 3637 buam

460 3648 561 3718 ἰρὲί
595 3664 731 3721 quas
755 3651 1024 3709 baberent
1045 3655 1309 3725 pecunias
1339 3657 1756 3724 absconderent,
1785 3659 2068 3729 adjutores
2172 3672 2339 3726 vitam
2363 3679 2417 3727 et
2442 3670 2642 3727 bonum
2672 3688 2871 3729 nomen
2914 3674 3043 3729 utile
3072 3678 3193 3730 esse
3241 3674 3571 3731 habentibus
3598 3690 3688 3737 ea.
3723 3682 3779 3729 et

458 3740 831 3840 proculdubio
853 3742 1181 3840 calamitatis
1199 3746 1572 3803 exstitissent:
1599 3765 1706 3820 quo
1721 3750 1887 3822 igitur
1908 3761 2063 3807 reatu
2170 3770 2359 3834 postea
2407 3763 2755 3834 reprehendit
2785 3779 2880 3820 eos
2910 3766 3001 3836 qui
3032 3765 3295 3822 habentes
3323 3767 3609 3823 scientiam
3643 3766 3777 3840 legis

459 3836 905 3931 Constringantur
932 3838 1218 3909 aspiciant,
1250 3841 1343 3909 qui
1382 3840 1510 3895 dum
1554 3844 1908 3913 peccantibus
1947 3840 2065 3900 fra-

2183 3856 2290 3923 Dei,
2318 3856 2509 3912 nolunt
2558 3858 2870 3929 impendere
2912 3859 3177 3931 proximis
3206 3840 3339 3915 suis.
3360 3836 3771 3931 praedicationis

460 3928 635 3987 tribus
660 3920 887 3989 Verbum
904 3934 1307 4005 praedicationis
1329 3932 1675 4001 snbtrah‘unt,
1704 3938 2073 3997 morientibus
2171 3920 2467 4015 solertiam,
2510 3920 2652 4005 unnc
2697 3920 2946 4006 hortatur
2970 3958 3031 4007 ut
3058 3949 3176 4020 ejus
3216 3920 3399 4007 verbis
3447 3936 3770 4009 commoniti

459 4022 737 4080 utentibus
754 4025 878 4082 vita
899 4026 1140 4083 remedia
1161 4027 1517 4085 abscondunt.
1554 4027 1612 4083 Si
1634 4030 1863 4100 populos
1888 4029 2067 4090 fames
2170 4046 2516 4095 revertantur
2539 4039 2605 4096 ad
2628 4041 2869 4097 studium
2898 4040 3148 4109 docendi,
3177 4043 3306 4111 quia
3334 4052 3443 4098 non
3463 4048 3551 4099 est
3568 4044 3771 4101 bonum

460 4119 750 4184 attereret,
783 4121 841 4174 et
866 4119 1075 4176 occulta
1107 4120 1209 4192 ipsi
1237 4120 1510 4179 frumenta
1538 4132 1840 4193 servarent,
1872 4136 2063 4184 aucto-
2170 4134 2561 4191 irreverentem
2601 4149 2741 4200 esse,
2796 4143 2853 4190 et
2897 4134 3301 4190 inobedientem
3349 4135 3591 4192 existere
3639 4152 3771 4208 ιιι-ε-

459 4220 552 4268 res
573 4210 762 4280 procul
796 4209 961 4268 dubio
996 4212 1191 4269 mortis
1214 4213 1537 4270 existerent.
1588 4214 1705 4284 Qua
1734 4216 1921 4289 itaque
1947 4218 2065 4290 ple-
2170 4227 2481 4297 ceptoribus
2516 4226 2647 4283 suis.
2686 4226 2824 4282 Hinc
2855 4238 3069 4298 quoque
3100 4225 3156 4282 in
3185 4226 3558 4299 superioribus
3585 4228 3769 4284 coudi~

457 4299 639 4393 utendi
686 4300 797 4358 sint
835 4314 999 4375 poena
1049 4304 1415 4371 considerent,
1445 4307 1535 4376 qui
1563 4322 1689 4363 cum
1733 4307 1875 4366 fame
1908 4311 2061 4368 verbi
2172 4327 2259 4374 tor
2284 4317 2446 4388 hujus
2462 4318 2644 4390 operis
2666 4319 2720 4373 in
2747 4320 2959 4376 ratione
2982 4336 3079 4376 sua
3103 4316 3390 4375 Dominum
3414 4321 3767 4392 deprecatur,

458 4392 655 4452 mima:
682 4403 926 4465 pereant,
954 4394 1054 4467 ipsi
1081 4411 1276 4468 panem
1307 4405 1578 4469 perceptae
1609 4400 1797 4470 gratiae
1824 4416 1931 4458 non
1962 4404 2066 4458 mi-
2169 4425 2239 4466 ne
2260 4410 2579 4467 irreverenti
2607 4419 2662 4465 et
2687 4409 2959 4466 infrunitae
2982 4410 3179 4466 animae
3200 4411 3475 4477 tradatur;
3508 4411 3608 4467 sed
3636 4426 3769 4481 quo-

460 4485 935 4594 nistr‘authlJnd‘e
979 4494 1035 4594 sit
1082 4488 1241 4594 bene;
1270 4498 1369 4559 per
1420 4489 1769 4549 Salomonem
1818 4495 2021 4551 dicitur
2046 4514 2060 4551 :
2087 4532 2145 4594 Β
2170 4501 2317 4557 niam
2350 4517 2459 4556 non
2507 4500 2689 4557 omnia
2727 4516 2868 4594 quae.
2893 4498 3246 4570 proferuntur
3278 4500 3524 4555 omnium
3570 4500 3767 4557 animis

463 4584 491 4634 ί
515 4570 627 4648 Qui
669 4572 954 4637 auseth
997 4575 1303 4649 frumenta,
1335 4583 1698 4641 maledicetur
1746 4588 1801 4642 in
1847 4590 2063 4660 populis
2087 4570 2142 4594 υ
2171 4591 2224 4647 in
2262 4589 2365 4646 [ide
2390 4589 2804 4645 consistentium
2853 4584 2991 4645 bene
3021 4587 3380 4659 complaeent,
3412 4588 3517 4645 hoc
3549 4602 3769 4660 quoque

459 4668 646 4755 (mea:
676 4674 777 4747 xr).
801 4693 819 4727 ι
851 4670 1146 4729 Frumenta
1178 4676 1377 4747 quippe
1429 4677 1763 4737 abscondere
1802 4690 1887 4738 est
1920 4692 2071 4755 praes
2169 4692 2276 4738 non
2305 4676 2688 4752 praetermittit,
2722 4674 2908 4735 diebus
2931 4722 2944 4733 .

460 4747 753 4824 dicationis
779 4774 982 4823 sanctae
1011 4764 1157 4840 apud
1184 4780 1245 4822 se
1279 4766 1443 4823 verba
1472 4772 1732 4828 retinere.
1761 4773 1823 4829 In
1852 4747 2065 4845 populis

461 4867 645 4915 autem
673 4852 796 4918 talis
814 4862 1049 4933 quisque
1069 4858 1451 4927 maledicetur,
1475 4864 1603 4935 quia
1629 4865 1685 4919 in
1710 4864 1879 4921 solius
1905 4866 2060 4937 culpa

461 4949 665 5007 silentii
709 4964 811 5024 pro
842 4954 1132 5011 multorum
1179 4956 1319 5029 quos
1358 4955 1634 5027 corrigere
1680 4959 1857 5027 potuit
1899 4974 2060 5030 pinna

465 5042 778 5102 damnatur.

540 5144 563 5191 ἐ
600 5136 789 5196 Melior
817 5148 902 5197 eSt
930 5143 1082 5198 enim
1115 5142 1281 5199 homo
1318 5139 1410 5214 qui
1452 5138 1737 5198 abscondit
1776 5142 2059 5199 stultitiam

472 5224 493 5283 ἐ
525 5222 698 5301 suam,
717 5248 877 5305 quam
899 5235 1065 5291 homo
1081 5236 1173 5308 qui
1197 5234 1481 5292 abScondit
1500 5232 1825 5305 Sapientiam
1849 5248 2055 5290 suanm

464 5317 763 5380 Stultitiam
786 5336 938 5382 suam
956 5324 1258 5391 abscondit,
1286 5327 1383 5399 qui
1402 5325 1773 5397 vaniloquium
1794 5326 2058 5391 devitarc,

464 5408 525 5469 et
549 5413 605 5471 in
633 5416 889 5487 perversa
934 5416 1182 5475 doctrina
1228 5420 1289 5475 os
1323 5416 1537 5489 aperire
1581 5415 1902 5480 contemnit,
1929 5415 2059 5485 quia

444 5503 615 5576 juxta
646 5502 989 5565 Slilomonetn
1017 5529 1029 5564 :
1060 5530 1080 5563 ‹
1111 5506 1286 5567 Homo
1311 5511 1402 5580 qui
1432 5506 1645 5565 blandis
1669 5506 1920 5576 ﬁctisgue
1946 5518 2067 5561 sere

466 5598 717 5655 trionibus
743 5599 980 5672 loquitur
1009 5604 1186 5659 amico
1209 5618 1329 5668 suo,
1353 5610 1470 5658 rete
1502 5599 1759 5671 expandit
1783 5598 2061 5671 gressibus

464 5685 581 5760 eius
611 5686 793 5765 (Prov.
840 5694 1015 5768 xxix).
1040 5714 1057 5747 ›
1095 5694 1413 5766 ﬂujusmodi
1461 5710 1593 5767 ergo
1632 5693 1824 5750 melius
1870 5700 1955 5750 est
1998 5699 2061 5747 ut

456 5780 643 5852 sileat,
674 5800 834 5858 quam
865 5786 1029 5847 alium
1060 5788 1281 5845 volubili
1322 5789 1503 5860 lingua
1539 5788 1800 5859 decipiat;
1841 5794 1897 5843 at
1926 5800 2058 5845 cou-

2246 4792 2265 4825 ι
2296 4771 2365 4828 Et
2408 4776 2517 4827 non
2558 4769 2740 4826 omnia
2782 4768 3033 4826 omnibus
3079 4768 3221 4826 bene
3258 4776 3474 4841 p.acent
3504 4769 3562 4826 in
3587 4769 3715 4827 ﬁde.
3738 4787 3758 4821 ο

2171 4863 2289 4921 Non
2310 4864 2454 4921 enim
2480 4868 2587 4919 una
2609 4862 2908 4934 eademme
2928 4862 3136 4918 cunctis
3156 4862 3466 4919 exhortatio
3484 4863 3760 4934 congruit,

2172 4962 2301 5033 quia
2345 4976 2448 5018 nec
2497 4967 2723 5017 cunctos
2776 4972 2877 5028 par
2921 4968 3135 5014 morum
3182 4957 3416 5029 qualitas
3463 4957 3758 5028 astringit;

2171 5062 2314 5126 saepe
2337 5066 2574 5124 namque
2608 5050 2728 5107 aliis
2752 5050 3017 5115 otllciunt,
3048 5064 3171 5121 qua:
3196 5050 3317 5105 aliis
3356 5057 3607 5119 prosunt,
3632 5051 3762 5118 quia

2168 5152 2223 5201 et
2265 5144 2586 5217 plerumque
2634 5143 2835 5209 herba,
2859 5155 2980 5213 qua:
3024 5142 3140 5197 haec
3189 5139 3442 5195 animalia
3490 5140 3759 5204 nutriunt,

2169 5237 2275 5294 alia
2304 5237 2590 5302 occidunt;
2615 5244 2670 5291 et
2698 5236 2836 5291 lenis
2864 5234 3071 5291 sibulus
3093 5249 3262 5305 equos
3284 5234 3517 5304 mitigat,
3548 5231 3760 5291 catulos

2170 5330 2421 5400 instigat;
2450 5335 2505 5385 et
2547 5329 3005 5385 medicamentum
3030 5328 3176 5398 quod
3202 5328 3347 5384 hunc
3370 5328 3627 5384 morbum
3648 5327 3756 5384 in-

2168 5422 2387 5487 minuit,
2401 5420 2556 5477 alteri
2575 5421 2722 5476 vires
2736 5420 2944 5492 jungit;
2977 5428 3032 5476 et
3046 5420 3204 5491 panis
3222 5419 3316 5491 qui
3337 5418 3507 5475 vitam
3532 5418 3755 5475 fortiu-

2163 5514 2407 5580 roborat,
2436 5512 2785 5584 parvulorum
2826 5521 3002 5569 necat.
3050 5512 3157 5569 Pro
3180 5512 3443 5584 qualitate
3469 5512 3639 5584 igitur
3658 5526 3757 5567 al-

2167 5608 2430 5662 dientium
2471 5604 2693 5661 formari
2726 5605 2888 5661 debet
2914 5620 3094 5660 sermo
3118 5604 3426 5669 doctorum,
3452 5610 3515 5658 ut
3541 5602 3612 5658 ad
3655 5616 3753 5656 suo

2164 5697 2389 5768 singulis
2434 5704 2717 5767 congruat,
2749 5702 2803 5749 et
2842 5703 3022 5750 tamen
3050 5711 3081 5749 a
3107 5696 3406 5751 communis
3436 5694 3754 5750 aediﬁcatio-

2167 5790 2251 5863 nis
2280 5798 2396 5846 arte
2440 5803 2714 5859 nunquam
2747 5789 2981 5845 recedat.
3028 5787 3196 5859 Igitur
3220 5788 3343 5859 quia
3369 5801 3590 5844 omnem
3614 5786 3753 5842 irro-
