4030 6470
547 307 685 366 1065

1185 307 1245 362 Β.
1286 305 1539 362 RABANI
1581 306 1800 363 MAURI
1839 305 2161 364 ARCHIEI’.
2204 305 2514 364 MOGUNT.
2557 306 2843 365 SPERUM
2882 307 3064 365 PARS
3095 309 3135 364 l.

3706 313 3850 368 1064

543 425 740 479 minus.
778 423 845 478 Et
873 423 1014 479 sicut
1055 423 1196 477 idem
1239 422 1363 477 alibi
1393 422 1559 477 dicit:
1592 442 1608 472 ι
1638 422 1919 477 Benedixit
1945 437 2136 478 onmes
2161 427 2208 486 Α
2240 437 2454 477 moncm
2486 420 2602 489 ejus
2648 423 2738 492 qui
2787 423 2924 478 dixit
2951 443 2962 476 :
2993 445 3010 473 ι
3047 423 3125 478 Tu
3153 438 3214 479 es
3242 423 3492 480 Christus
3533 423 3717 480 Filius
3749 425 3844 482 Dei

543 518 793 573 timentes
824 531 884 572 se
913 515 1192 580 Dominus,
1224 515 1444 584 pusillos
1469 531 1592 570 cum
1627 515 1922 585 majoribus
1950 513 2124 586 (Psaf.

537 611 690 681 cun)
717 629 728 664 :
764 629 782 662 ι
818 619 872 665 et
899 625 1005 664 non
1035 610 1388 680 improperat,
1416 609 1543 680 quia
1573 608 1847 664 neminem
1877 607 2125 677 despicit,

537 704 806 760 neminem
853 702 1034 758 irritat
1060 720 1072 756 :
1097 702 1193 757 sed
1219 717 1409 758 omnes
1456 700 1884 756 misericorditer
1914 699 2124 765 fovens,

537 800 606 853 ad
637 798 718 853 sui
761 811 1005 854 amorem
1050 804 1348 868 provocat:
1379 814 1396 846 ι
1427 793 1530 862 Qui
1574 795 1743 850 solem
1789 809 1947 850 suum
1993 793 2125 850 oriri

534 890 663 946 facit
691 904 854 960 super
892 889 1064 946 bonos
1097 899 1152 945 et
1186 889 1388 956 malos,
1416 897 1470 944 et
1513 887 1652 960 pluit
1679 903 1841 959 super
1861 885 2042 957 justos
2070 896 2125 945 et

532 981 760 1052 injustos
795 982 1009 1055 (Matth.
1039 981 1116 1055 v).
1139 1003 1157 1036 ι

1156 1072 1383 1130 CAPUT
1419 1072 1506 1130 IV.

699 1172 776 1225 Ab
806 1170 992 1225 amicis
1019 1169 1313 1224 removendi
1343 1182 1604 1222 sermones
1627 1166 1948 1236 improperii.

602 1260 750 1328 (Ολιι.
767 1261 951 1332 χιιι.)‹
963 1260 1080 1317 Non
1093 1261 1332 1331 duplices
1347 1275 1654 1316 sermonem
1671 1259 1885 1314 auditus
1895 1257 1960 1314 de
1977 1273 2099 1315 reve

533 1370 554 1404 t
599 1351 801 1408 latione
821 1354 1088 1409 sermonis
1099 1353 1422 1420 absconditi,
1439 1360 1494 1407 et
1517 1351 1630 1408 eris
1653 1366 1780 1407 vere
1797 1351 1911 1406 sine
1938 1350 2122 1405 confu-

531 1462 551 1495 ι
592 1443 836 1510 sione,et
857 1445 1098 1502 invenies
1120 1445 1350 1517 gratiam
1374 1444 1428 1499 in
1451 1451 1744 1515 conspectu
1767 1443 2007 1499 omnium
2023 1442 2120 1498 ho-

531 1553 551 1586 c
597 1535 828 1591 minum.
843 1554 861 1588 ι
885 1534 1000 1592 Hac
1023 1535 1241 1608 quidem
1265 1535 1534 1592 sententia
1549 1533 1805 1604 prohibet
1821 1547 1888 1588 ex
1907 1531 2118 1588 occulto

523 1627 706 1684 cordis
751 1643 941 1685 vocem
968 1629 1096 1685 boni
1126 1629 1323 1685 malive
1353 1629 1513 1685 simul
1537 1627 1784 1698 proferre
1826 1626 2113 1693 sermonis,

519 1718 646 1789 quia
673 1719 936 1792 scriptum
965 1730 1084 1777 est:
1115 1739 1133 1773 (
1166 1719 1342 1776 Verba
1362 1719 1618 1790 bilinguis
1637 1717 1791 1788 quasi
1821 1716 2111 1788 simplicia,

516 1820 573 1869 et
600 1812 717 1882 ipsa
741 1813 1064 1884 perveniunt
1100 1827 1274 1883 usque
1303 1813 1369 1869 ad
1400 1812 1660 1867 interiora
1687 1809 1894 1866 ventris
1924 1808 2106 1883 (Prov.
2140 1807 2187 1867 B

515 1904 696 1976 xvnt).
720 1924 739 1958 ι
771 1905 922 1962 Unde
940 1921 1042 1962 nos
1066 1905 1264 1962 Paulus
1285 1904 1561 1976 apostolus
1584 1903 1858 1967 admonet,
1885 1902 2106 1958 dicens:

521 2018 540 2054 ι
569 1999 758 2056 Omnis
806 2013 986 2056 sermo
1023 1999 1198 2055 malus
1228 2014 1297 2053 ex
1325 2012 1420 2054 ore
1463 2005 1648 2052 vestro
1687 2010 1795 2050 non
1827 1995 2106 2065 procedat,

514 2092 608 2148 sed
637 2092 684 2147 si
711 2081 834 2162 quis
871 2090 1609 2155 bonus-ad-aedilicationem,
1640 2099 1700 2144 ut
1742 2088 1833 2144 det
1876 2089 2110 2160 gratiam

513 2184 858 2241 audientibus
891 2186 1052 2258 (Eph.
1087 2185 1164 2256 1v)
1193 2204 1205 2240 :
1237 2205 1256 2238 ι
1287 2183 1425 2240 Hinc
1451 2198 1551 2255 per
1573 2180 1835 2239 Iacobum
1862 2180 2066 2238 dicitur
2091 2198 2104 2236 :

517 2298 536 2330 ι
571 2279 650 2335 Ex
673 2279 789 2350 ipso
817 2295 912 2336 ore
935 2281 1180 2351 procedit
1208 2278 1516 2336 benedictio
1544 2286 1600 2334 et
1625 2275 1935 2332 maledictio
1959 2295 1971 2331 :
1997 2292 2108 2333 non

509 2381 744 2444 oportet,
775 2372 976 2430 fratres
1002 2374 1131 2438 mei,
1163 2373 1277 2428 haec
1307 2373 1383 2427 ita
1413 2372 1554 2428 fieri.
1606 2369 1861 2441 Nunquid
1891 2369 2012 2426 fons
2041 2371 2108 2426 de

513 2465 704 2520 eodem
737 2464 1004 2521 foramine
1030 2473 1249 2519 emanat
1268 2464 1482 2520 dulcem
1516 2472 1574 2520 et
1600 2469 1844 2519 amaram
1869 2461 2107 2533 aquam?

511 2552 655 2625 (Jac.
690 2554 796 2626 tu.)
819 2573 838 2606 ο
873 2553 1026 2609 Sicut
1059 2553 1233 2610 dulcis
1257 2563 1313 2610 et
1355 2569 1544 2610 amara
1576 2568 1719 2624 aqua
1745 2569 1851 2610 non
1878 2559 2106 2625 possunt

507 2644 667 2699 simul
695 2661 800 2699 una
829 2645 896 2701 de
921 2659 1057 2701 vena
1085 2645 1249 2703 fontis
1279 2647 1526 2714 ebullire,
1559 2648 1655 2704 sed
1683 2655 1739 2704 et
1768 2647 1815 2703 si
1843 2647 2106 2701 miscean-

507 2744 596 2815 tur
618 2735 674 2790 in
700 2750 827 2792 vase
848 2737 931 2791 vel
951 2737 1210 2803 cisterna,
1230 2738 1404 2794 dulcis
1423 2738 1643 2809 quidem
1663 2753 1789 2793 mox
1813 2735 2106 2792 amarescit

504 2828 574 2882 ab
607 2843 814 2893 amara,
840 2843 1026 2884 amara
1056 2838 1239 2886 autem
1271 2830 1596 2886 admistione
1625 2829 1798 2885 dulcis
1836 2829 1891 2884 in
1917 2828 2104 2884 dulce-

503 2917 684 2975 dinem
719 2920 894 2976 nescit
930 2922 1238 2988 immutari,
1272 2923 1347 2977 ita
1374 2921 1683 2978 benedictio
1708 2930 1764 2977 et
1788 2921 2102 2976 maledictio

503 3012 556 3066 in
585 3027 692 3068 uno
717 3028 813 3069 ore
840 3013 1145 3070 nullatenus
1171 3022 1351 3084 potest
1389 3014 1682 3070 convenire
1702 3053 1718 3079 ,
1749 3013 1845 3068 sed
1873 3011 2102 3083 quicun-

501 3121 606 3175 que
653 3106 734 3161 sic
763 3106 933 3162 Deum
962 3107 1286 3163 benedicere
1327 3107 1559 3172 orando,
1590 3105 1676 3161 vel
1719 3105 1946 3161 verbum
1981 3104 2099 3174 ejus

2233 517 2338 571 vivi
2389 515 2605 586 (Matth.
2654 517 2831 588 .\\'l),)
2883 518 3306 588 pulcherrimum
3351 534 3474 574 esse
3520 518 3845 585 afﬁrmavit,

2231 622 2353 662 cum
2383 608 2657 678 respondit
2682 626 2694 662 :
2721 629 2738 660 ι
2768 608 2964 665 Beatus
2986 625 3046 664 es
3070 608 3258 664 Simon
3285 609 3534 678 Barjona,
3554 613 3686 681 quia
3713 628 3843 669 caro

2229 708 2285 755 et
2311 701 2532 772 sanguis
2575 717 2684 756 non
2718 701 2978 756 revelavit
3006 702 3126 767 tibi,
3152 702 3247 757 sed
3274 701 3437 758 Pater
3468 719 3628 760 meus
3660 706 3761 775 qui
3792 707 3840 760 ia

2228 795 2383 852 caelis
2411 804 2497 852 est
2531 795 2741 868 (Ibid.).
2776 816 2794 847 ι
2824 796 2941 868 Ipse
2967 811 3096 868 ergo
3125 796 3230 851 erit
3260 797 3378 852 sine
3407 797 3760 865 confusione,
3789 810 3843 854 et

2227 886 2460 960 gratiam
2488 886 2709 942 habebit
2737 902 2924 942 coram
2948 886 3097 941 omni
3140 887 3361 942 homine
3380 927 3396 954 ,
3426 887 3520 958 qui
3552 897 3686 944 ante
3718 904 3841 944 om-

2225 980 2317 1034 nia
2355 979 2510 1051 eligit
2535 977 2816 1034 catholicae
2843 977 2968 1034 fidei
2999 977 3241 1050 regulam
3282 994 3562 1046 sermone,
3593 989 3650 1036 et
3684 991 3840 1037 recte

2226 1075 2493 1141 docendo,
2521 1083 2684 1146 atque
2714 1074 2854 1130 bene
2900 1073 3176 1130 ooerando
3219 1072 3455 1130 firmiter
3495 1075 3754 1146 persistit
3783 1075 3838 1132 in

2224 1169 2467 1224 veritatis
2495 1168 2728 1224 tramite.

2307 1278 2325 1311 ι
2351 1258 2428 1315 Ne
2457 1273 2556 1330 pro
2581 1259 2666 1314 his
2689 1258 2942 1315 omnibus
2971 1257 3340 1315 eonfundaris.
3383 1277 3402 1309 ›
3424 1257 3545 1314 Hoc
3571 1258 3833 1315 testimo-

2220 1349 2371 1404 nium
2401 1350 2622 1420 respicit
2643 1350 2714 1406 ad
2749 1363 2812 1404 ea
2839 1365 2960 1420 qua:
2990 1349 3241 1420 superius
3271 1349 3646 1420 descripserat
3671 1349 3832 1405 devi-

2219 1447 2402 1513 tanda,
2449 1455 2504 1502 et
2536 1462 2658 1517 quae
2681 1445 2936 1515 deinceps
2966 1445 3022 1500 in
3048 1445 3152 1501 hoc
3182 1444 3375 1499 eodem
3399 1442 3647 1513 capitulo
3673 1441 3831 1496 simi-

2217 1538 2343 1595 liter
2379 1538 2720 1595 enumeravit
2756 1537 3014 1594 cavenda.
3058 1536 3160 1604 Qui
3189 1544 3372 1591 autem
3420 1549 3483 1590 se
3531 1533 3832 1604 diligenter

2220 1629 2344 1685 inde
2377 1629 2785 1698 observaverit,
2838 1628 2957 1685 sine
2987 1626 3302 1684 confusione
3333 1627 3422 1682 hic
3463 1635 3520 1682 et
3554 1625 3617 1681 in
3643 1623 3833 1680 futuro

2216 1724 2578 1797 permanebit.
3058 1721 3062 1725 ’

2291 1835 2310 1870 t
2332 1817 2400 1871 Et
2421 1832 2490 1872 ne
2502 1815 2739 1885 accipias
2752 1827 3041 1885 personam
3060 1821 3121 1867 ut
3135 1812 3415 1883 delinquas
3433 1811 3503 1866 de
3518 1812 3650 1882 lege
3665 1809 3832 1864 Altis-

2222 1927 2241 1959 ι
2261 1909 2406 1973 simi,
2422 1916 2478 1963 et
2494 1913 2836 1972 testamento,
2854 1912 2909 1960 et
2923 1905 2990 1960 de
2996 1902 3204 1973 judicio
3219 1901 3825 1972 justifieareimpium.»

2217 2000 2491 2072 Scriptum
2517 2013 2750 2071 namque
2771 2007 2857 2056 est
2882 1999 2939 2055 in
2962 1999 3080 2070 lege
3096 2038 3112 2066 ,
3141 1998 3370 2053 Domino
3399 1995 3629 2065 iubente
3652 2011 3721 2050 ac
3749 1995 3829 2050 di-

2213 2105 2371 2154 cente
2402 2114 2415 2150 :
2454 2113 2472 2147 ι
2508 2093 2726 2152 Judices
2752 2102 2808 2150 et
2833 2094 3126 2166 magistros
3151 2091 3452 2147 constitues
3481 2089 3534 2144 in
3562 2087 3827 2143 omnibus

2211 2189 2381 2260 portis
2405 2188 2530 2254 tuis,
2562 2203 2699 2260 quas
2727 2186 2990 2244 Dominus
3016 2186 3159 2242 Deus
3183 2194 3306 2240 tuus
3336 2182 3550 2240 dederit
3587 2181 3687 2236 tibi
3728 2194 3826 2250 per

2212 2280 2452 2354 singulas
2479 2280 2654 2336 tribus
2684 2288 2826 2348 tuas,
2855 2288 2916 2334 ut
2935 2278 3180 2350 judicent
3206 2275 3463 2348 pepulum
3487 2274 3646 2344 justo
3665 2274 3820 2343 judi-

2212 2375 2319 2441 cio,
2346 2381 2448 2430 nec
2474 2375 2531 2429 in
2552 2372 2783 2429 alteram
2820 2379 3034 2443 partem
3081 2368 3370 2426 declinent.
3411 2366 3530 2423 Non
3581 2367 3823 2438 accipies

2210 2484 2523 2542 personam,
2556 2483 2658 2523 nec
2677 2481 2905 2522 munera
2937 2480 2951 2519 :
2985 2464 3114 2536 quia
3137 2476 3363 2519 munera
3386 2469 3673 2518 excarcant
3692 2475 3824 2514 ocu-

2211 2561 2293 2617 los
2337 2561 2683 2632 sapientium,
2738 2567 2796 2614 et
2838 2565 3053 2613 mutant
3093 2557 3257 2612 verba
3297 2557 3616 2626 iustorum;
3667 2552 3822 2623 juste

2210 2655 2354 2726 quod
2395 2652 2602 2722 justum
2656 2661 2739 2708 est
2792 2650 3134 2722 persequeris
3185 2648 3364 2720 (Deut.
3405 2647 3543 2718 xvr).
3601 2665 3621 2698 ι
3680 2644 3824 2699 Hinc

2209 2749 2470 2818 probatur
2497 2747 2732 2818 qualiter
2758 2745 2987 2801 Domino
3017 2742 3326 2813 displiceat,
3373 2749 3428 2796 et
3453 2755 3625 2811 quam
3654 2752 3822 2808 grave

2209 2841 2281 2895 sit
2306 2839 2560 2894 delictum
2590 2851 2852 2909 personas
2874 2837 2928 2892 in
2949 2834 3156 2904 judicio
3181 2834 3448 2904 accipere,
3475 2841 3530 2888 et
3550 2833 3670 2888 sive
3693 2845 3827 2902 pro-

2209 2941 2329 3004 pter
2355 2934 2603 2987 timorem
2630 2972 2646 2995 ,
2689 2946 2786 2987 seu
2813 2937 3036 3001 propter
3076 2929 3372 2983 humanum
3401 2925 3653 2980 favorem
3684 2939 3820 2980 con—

2208 3026 2466 3081 demnare
2508 3023 2738 3094 justum,
2793 3030 2849 3078 et
2879 3019 3185 3090 justifieare
3233 3017 3479 3087 impium.
3533 3016 3680 3071 Hinc
3723 3029 3820 3086 per

2210 3113 2560 3170 Salomonem
2607 3113 2805 3168 dicitur
2840 3129 2853 3165 :
2892 3129 2911 3163 ‹
2947 3109 3288 3182 Cognoscere
3317 3123 3613 3179 personam
3653 3108 3711 3161 in
3736 3106 3820 3175 ju-

501 3200 844 3271 przedicando
875 3203 1176 3268 consuevit,
1208 3209 1269 3256 ut
1300 3201 1464 3257 etiam
1491 3199 1823 3256 maledicere
1851 3198 2100 3254 homines
2128 3186 2174 3250 C
2207 3207 2348 3262 dicio
2381 3219 2490 3261 non
2519 3211 2603 3260 est
2639 3204 2863 3260 bonum.
2903 3201 3008 3270 Qui
3047 3201 3233 3256 dicunt
3274 3200 3462 3270 impio,
3503 3197 3696 3254 Justus
3736 3214 3817 3263 es,

500 3308 607 3346 non
629 3293 896 3358 omiserit,
926 3301 1140 3348 constat
1169 3292 1314 3362 quod
1341 3291 1681 3346 dulcedinem
1707 3288 2101 3345 benedictionis

499 3383 616 3454 ejus
657 3383 963 3439 amaritudo
1005 3383 1404 3439 maledictionis
1450 3382 1741 3438 consumit.
1779 3400 1797 3433 ι
1832 3381 2101 3437 Modicum

500 3475 643 3530 enim
686 3474 1013 3531 fermentum
1055 3484 1228 3531 totam
1271 3490 1512 3531 massam
1558 3475 1878 3546 corrumpit,
1906 3482 1962 3529 et
1991 3488 2100 3529 non

501 3575 584 3621 est
615 3567 839 3636 pulchra
872 3567 1110 3623 laudatio
1159 3567 1215 3622 in
1256 3582 1352 3624 ore
1386 3567 1693 3638 peccatoris
1729 3566 1783 3639 (Ι
1811 3564 1934 3621 Cor.
1966 3565 2043 3637 v).
2077 3584 2096 3616 ι

502 3655 744 3724 Denique
772 3656 818 3710 si
849 3655 1017 3711 facias
1058 3655 1294 3711 fistulam
1325 3657 1453 3712 bino
1498 3673 1625 3723 ore,
1659 3657 1803 3712 unde
1848 3670 1990 3727 aqua
2019 3655 2102 3711 in-

504 3754 629 3812 tret,
658 3746 913 3817 simplici,
944 3747 1086 3802 unde
1112 3756 1293 3815 exeat,
1325 3758 1382 3804 et
1402 3749 1458 3803 in
1484 3749 1589 3804 hoc
1611 3762 1858 3803 amaram
1880 3759 2098 3818 aquam,

504 3840 557 3895 in
601 3839 692 3896 illo
739 3839 953 3895 dulcem
985 3839 1270 3906 immittas,
1307 3840 1511 3909 absque
1543 3839 1653 3894 ulla
1701 3838 1978 3895 dubietate
2007 3837 2100 3893 ubi

503 3933 571 3989 ad
600 3948 768 3988 unum
793 3933 973 3988 exitus
998 3931 1244 3987 foramen
1278 3932 1590 4003 pervenitur
1608 3971 1624 3998 ,
1664 3929 1925 4000 permista
1954 3938 2102 3983 utra-

502 4040 606 4095 que
630 4041 736 4082 non
774 4024 968 4091 dulcis,
1002 4024 1098 4079 sed
1136 4038 1323 4078 amara
1351 4021 1656 4094 apparebit,
1688 4021 1817 4092 quia
1846 4019 2102 4074 nimirum

504 4120 675 4175 multo
700 4119 911 4176 facilius
931 4119 1088 4174 dulce
1109 4119 1162 4174 in
1189 4133 1458 4182 amarum,
1477 4118 1568 4172 ubi
1593 4116 1911 4182 miscentur,
1936 4129 2102 4185 quam

502 4229 748 4268 amarum
790 4213 1022 4269 vertitur
1059 4213 1116 4267 in
1159 4211 1480 4280 dulcezquo
1507 4209 1756 4280 exemplo
1807 4207 2097 4278 colligitur,

501 4307 627 4377 quia
672 4305 938 4376 colloquia
989 4305 1133 4360 mala
1185 4304 1327 4361 sicut
1377 4317 1560 4358 mores
1605 4303 1810 4366 honos,
1840 4299 2102 4370 Apostolo

502 4404 663 4462 teste,
695 4397 777 4451 sic
805 4395 972 4450 etiam
1000 4407 1282 4450 sermones
1311 4393 1484 4448 bonos
1511 4397 1869 4461 corrumpunt
1898 4389 1949 4460 (Ι
1975 4387 2099 4442 Cor.

501 4490 612 4562 xv).
659 4489 830 4544 Aliter
881 4496 1062 4543 autem
1097 4507 1110 4541 :
1143 4485 1394 4556 Duplicat
1435 4499 1744 4540 sermonem
1790 4483 2006 4537 auditus
2034 4496 2103 4536 ex

503 4581 834 4637 revelatione
875 4579 1143 4635 sermonis
1179 4576 1515 4644 absconditi,
1546 4575 1640 4646 qui
1672 4574 1900 4645 mystica
1931 4574 2100 4628 verba

503 4673 698 4728 divina:
729 4671 864 4742 legis
920 4670 1082 4726 audet
1129 4668 1407 4724 maculare
1450 4682 1702 4724 sermone
1733 4665 1973 4737 perversi
2005 4666 2101 4720 do-

503 4765 732 4836 gmatis;
759 4774 815 4820 et
838 4764 1144 4834 simplicem
1172 4763 1298 4818 fidei
1327 4762 1608 4820 catholicae
1626 4761 1918 4817 veritatem
1934 4761 1989 4815 in
2001 4775 2098 4815 va-

504 4861 642 4915 rium
695 4858 1094 4928 corrumpendo
1151 4866 1365 4914 vertere
1421 4872 1687 4912 errorem.
1768 4855 1882 4911 Hoc
1934 4869 2101 4924 quam

502 4953 725 5008 noxium
755 4952 848 5019 sit,
881 4951 1162 5021 Scriptura
1211 4948 1538 5017 manifestat,
1569 4949 1794 5004 dicens:
1826 4967 1844 4999 ι
1879 4947 2102 5003 Abomi-

503 5048 651 5102 natio
692 5046 928 5114 Domini,
960 5045 1318 5116 cogitationes
1356 5044 1548 5100 malae:
1578 5053 1636 5098 et
1677 5059 1846 5114 purus
1897 5058 2098 5111 sermo,

501 5137 908 5209 pulcherrimus
943 5135 1248 5192 firmabitur
1273 5137 1341 5192 ab
1371 5151 1436 5191 eo
1465 5135 1650 5208 (Prov.
1681 5134 1794 5206 xv).
1820 5153 1838 5187 ι
1873 5133 2099 5193 Abomi-

505 5238 668 5284 natur
723 5229 908 5300 itaque
968 5229 1230 5284 Dominus
1281 5225 1640 5298 cogitationes
1693 5221 2096 5290 haereticorum,

507 5324 668 5379 simul
693 5333 749 5380 et
769 5325 954 5391 verba,
981 5325 1091 5380 imo
1118 5338 1310 5379 omnes
1329 5321 1518 5393 pietati
1542 5319 1845 5376 contrarias
1863 5319 2100 5374 detesta-

509 5424 599 5469 tur
645 5425 840 5470 sectas.
891 5416 1067 5471 Purus
1113 5429 1294 5472 sermo
1344 5422 1508 5470 rectae
1535 5413 1658 5468 fidei
1689 5411 1996 5467 firmabitur
2027 5411 2095 5467 ab

507 5523 594 5573 eo,
622 5505 837 5577 quando
866 5506 920 5561 in
944 5507 1150 5577 judicio
1177 5524 1285 5562 non
1312 5507 1484 5562 solum
1511 5506 1688 5571 factis,
1719 5505 1814 5561 sed
1837 5513 1893 5560 et
1916 5505 2099 5560 verbis

509 5603 760 5659 erunibus
785 5603 944 5673 digna
974 5605 1195 5673 prtemia
1226 5604 1433 5659 reddet.
1459 5604 1814 5660 Abominatus
1840 5613 1924 5660 est
1947 5605 2096 5674 cogi-

509 5698 742 5751 tationes
779 5696 948 5752 malas
973 5711 1162 5752 eorum
1205 5700 1295 5767 qui
1326 5700 1577 5754 dicebant
1604 5720 1613 5752 :
1654 5720 1670 5750 ι
1714 5699 1847 5766 Quis
1873 5709 1956 5755 est
1986 5699 2095 5765 hic,

511 5792 601 5865 qui
633 5792 795 5848 etiam
826 5800 1046 5867 peccata
1070 5790 1324 5846 dimittit?
1349 5791 1496 5862 (Luc.
1523 5792 1602 5863 v.)
1633 5812 1650 5846 ι
1683 5792 1749 5849 Ει
1769 5808 1962 5865 purum
1994 5809 2099 5849 ser-

2211 3297 2539 3354 maledicent
2567 3295 2648 3352 eis
2672 3294 2893 3367 populi,
2939 3302 2996 3350 et
3035 3291 3450 3348 detestabuntur
3491 3304 3589 3346 eos
3617 3292 3815 3346 tribus.

2205 3391 2308 3459 Qui
2336 3399 2571 3462 arguunt
2591 3404 2742 3455 eum,
2772 3387 3159 3452 laudabuntur,
3191 3395 3247 3440 et
3270 3401 3432 3456 super
3453 3385 3607 3454 ipsos
3633 3386 3818 3438 veniet

2203 3481 2511 3538 benedictio
2541 3478 2722 3551 (Prov.
2757 3478 2930 3550 xxrv).
2967 3499 2987 3532 ι
3024 3477 3289 3548 Superius
3321 3476 3507 3532 docuit
3531 3490 3723 3546 regem
3755 3474 3818 3529 ti-

2205 3589 2374 3639 mere,
2404 3571 2634 3628 dicendo
2684 3591 2696 3625 :
2748 3590 2766 3622 ι
2798 3570 2955 3625 Time
2989 3568 3314 3634 Dominum,
3363 3566 3442 3621 ﬁli
3483 3567 3597 3631 mi,
3640 3575 3696 3621 et
3734 3583 3816 3621 re-

2204 3680 2329 3735 gem
2361 3681 2374 3718 :
2417 3684 2437 3716 »
2473 3673 2528 3719 et
2555 3678 2701 3718 nunc
2725 3676 3016 3733 personam
3045 3660 3100 3714 in
3117 3657 3326 3728 judicio
3353 3671 3692 3730 cognoscere
3727 3673 3817 3713 ve-

2206 3766 2306 3812 tat.
2340 3755 2497 3813 Unde
2529 3755 2801 3826 colligitur
2831 3754 2960 3824 quia
2990 3753 3065 3808 ita
3089 3751 3424 3823 principibus
3447 3749 3695 3806 debitum
3720 3750 3818 3804 ob-

2205 3851 2380 3922 sequii
2437 3849 2753 3920 temporalis
2781 3846 3052 3918 subjectos
3091 3852 3308 3917 oportet
3343 3843 3663 3914 impendere
3688 3883 3704 3907 ,
3757 3850 3816 3896 ut

2205 3957 2486 4014 nunquam
2512 3941 2834 3998 reverentiae
2868 3939 2954 3996 vel
2994 3937 3208 3995 timoris
3236 3951 3427 3994 eorum
3453 3944 3713 4006 respectu
3731 3974 3748 4002 ,
3777 3950 3810 3990 a

2205 4035 2292 4092 via
2321 4034 2568 4091 veritatis
2588 4033 2916 4089 exorbitent.

2283 4147 2302 4180 ι
2339 4127 2416 4182 De
2447 4125 2612 4182 verbo
2639 4125 2914 4180 sociorum
2951 4131 3008 4179 et
3039 4124 3339 4189 viatorum,
3378 4129 3435 4176 et
3478 4120 3549 4177 de
3589 4119 3813 4176 datione

2212 4240 2231 4273 ι
2268 4217 2606 4275 haereditatis
2631 4216 2951 4272 amicorum.
2985 4235 3004 4268 ι
3041 4213 3392 4278 Subauditur,
3422 4229 3488 4268 ne
3512 4213 3815 4283 confunda-

2207 4313 2299 4368 ris.
2334 4312 2436 4380 Qui
2465 4311 2610 4366 enim
2633 4318 2789 4365 cavet
2826 4323 3014 4366 coram
3040 4307 3183 4363 notis
3216 4315 3272 4363 et
3297 4305 3532 4378 ignotis,
3569 4302 3813 4374 propriis

2207 4414 2262 4461 et
2290 4405 2482 4462 alienis
2503 4406 2668 4460 verba
2691 4402 2831 4458 falsa
2859 4410 2917 4458 et
2937 4402 3121 4472 inepta
3145 4398 3314 4470 loqui,
3345 4407 3400 4453 et
3428 4412 3497 4452 ne
3523 4396 3706 4452 amico
3728 4394 3810 4450 vel

2207 4498 2301 4554 ulli
2338 4497 2543 4554 homini
2583 4512 2680 4567 per
2725 4493 2968 4550 fraudem
3011 4491 3214 4562 aliquid
3263 4491 3613 4547 machinetur
3640 4489 3808 4555 mali,

2209 4608 2426 4664 poenam
2450 4591 2615 4646 futuri
2640 4607 2748 4648 non
2776 4589 3071 4646 sustinebit
3085 4587 3294 4660 judicii.
3321 4587 3456 4642 Hinc
3478 4586 3686 4642 Paulus
3713 4587 3810 4642 do-

2209 4694 2298 4741 cet
2325 4684 2604 4739 ministros
2627 4682 2828 4738 Christi
2852 4680 3056 4737 nemini
3085 4679 3217 4736 dare
3236 4678 3400 4734 ullam
3423 4679 3805 4744 offensionem,

2208 4787 2270 4834 ut
2316 4793 2424 4833 non
2469 4777 2808 4846 vituperetur
2854 4772 3218 4830 ministerium
3261 4772 3514 4838 illorum;
3558 4775 3658 4828 sed
3698 4774 3806 4828 sint

2210 4869 2432 4934 sinceri,
2455 4877 2509 4924 et
2538 4869 2656 4924 sine
2692 4866 2896 4923 offensa
2929 4867 2986 4922 in
3015 4867 3157 4922 diem
3195 4864 3437 4930 Christi,
3471 4865 3669 4936 repleti
3694 4865 3807 4921 fru.

2209 4970 2300 5017 ctu
2321 4959 2547 5030 justitiae
2582 4961 2638 5015 in
2664 4960 2892 5032 gloriam
2931 4969 2986 5014 et
3024 4957 3238 5013 laudem
3262 4955 3393 5023 Dei,
3422 4956 3690 5013 facientes
3711 4960 3808 5012 bo-

2204 5069 2334 5108 num
2373 5053 2440 5109 ad
2461 5068 2650 5109 omnes
2673 5093 2689 5119 ,
2730 5051 2968 5108 maxime
2995 5059 3178 5107 autem
3214 5048 3283 5106 ad
3309 5049 3639 5106 domesticos
3678 5049 3804 5106 ﬁdei

2205 5147 2293 5220 (II
2321 5146 2444 5202 Cor.
2472 5145 2571 5218 vr).

2282 5257 2300 5290 ι
2329 5238 2406 5294 De
2431 5237 2736 5308 aequalitate
2763 5245 2979 5293 statere
3004 5245 3059 5292 et
3084 5236 3404 5307 ponderum,
3430 5241 3484 5290 et
3513 5234 3582 5290 de
3610 5234 3805 5304 acqui-

2209 5353 2227 5383 ‹
2259 5331 2455 5387 sitione
2477 5330 2771 5385 multorum
2793 5337 2849 5383 et
2870 5343 3186 5400 paucorum.
3211 5329 3290 5384 De
3311 5327 3664 5398 corruptione
3688 5342 3802 5381 em-

2210 5445 2228 5476 (
2261 5423 2463 5496 ptionis
2481 5431 2535 5477 ct
2562 5421 2971 5492 negotiatorum,
2999 5431 3055 5477 et
3073 5421 3139 5476 de
3165 5421 3334 5476 multa
3355 5422 3637 5493 disciplina
3664 5421 3802 5476 filio-

2213 5534 2232 5566 σ
2269 5531 2409 5569 rum.
2446 5535 2462 5567 ι
2499 5514 2580 5567 Ad
2604 5515 2719 5569 htec
2748 5513 2928 5568 omnia
2961 5513 3352 5582 respondetur,
3383 5512 3461 5568 Ne
3491 5513 3800 5568 confunda-

2205 5609 2301 5664 ris.
2326 5607 2721 5663 Attendendum
2749 5607 2892 5662 enim
2925 5613 3009 5662 est
3041 5605 3187 5660 omni
3220 5604 3531 5662 Christiano
3566 5615 3620 5660 et
3654 5604 3796 5660 ﬁdeli

2207 5702 2300 5757 Dei
2334 5701 2551 5764 famulo,
2581 5701 2714 5754 utin
2743 5699 2994 5755 omnibus
3023 5698 3331 5768 :equitatem
3355 5697 3601 5754 veritatis
3621 5708 3680 5753 et
3711 5713 3798 5752 re-

2208 5795 2385 5866 gulam
2408 5792 2634 5864 justitia:
2657 5801 2932 5865 sequatur,
2961 5792 3326 5864 aequalitatem
3349 5800 3566 5850 statera:
3584 5800 3640 5849 et
3657 5806 3796 5860 pon-
