4030 6474
303 366 443 430 1063

1169 372 1515 436 COMMENT.
1555 377 1622 433 IN
1659 377 2268 435 ECCLESIASTICUM.
2307 410 2379 421 —
2411 378 2538 435 LIB.
2579 378 2672 437 IX.

3424 379 3564 438 ροϐε

297 488 704 553 derumservct
725 507 739 557 ;
764 498 819 546 et
844 489 1103 562 quidquid
1125 490 1368 547 lucretur
1387 490 1501 567 sive
1522 490 1748 547 multum
1776 491 1889 547 sive
1916 494 1965 554 Α
1995 492 2095 546 sub
2123 489 2298 547 coelo:
2327 498 2540 561 tempus
2576 490 2813 559 tacendi,
2842 499 3054 564 tempus
3076 489 3326 563 loquendi
3357 491 3379 565 (
3394 491 3569 550 Eccle.

300 597 518 654 parum,
556 598 661 638 non
689 583 807 638 sine
825 580 1037 652 iustitia
1066 582 1230 639 faciat
1252 623 1268 648 ,
1300 598 1407 637 non
1449 581 1693 638 fraudem
1722 582 1885 637 ullam

304 676 360 731 in
390 674 662 746 emptione
696 682 751 730 et
776 676 1136 748 negotiatione
1168 676 1501 740 committat;
1534 683 1590 731 et
1618 672 1887 744 subjectos

300 766 407 822 sibi
434 781 542 822 non
571 767 762 833 nimia,
794 766 887 822 sed
914 768 1148 824 discreta
1178 767 1457 837 disciplina
1484 766 1706 821 nutriat.
1735 765 1888 833 Quod

298 867 490 914 autem
534 858 836 930 hypocrisis
874 866 930 914 et
974 858 1127 915 dolus
1172 858 1401 913 multum
1445 857 1674 913 Domino
1706 854 1889 928 displi-

302 956 444 1013 ceat,
475 945 790 1002 manifestat
822 947 1122 1019 Scriptura,
1153 947 1372 1003 dicens:
1408 964 1427 997 ι
1463 945 1677 1001 Statera
1703 946 1888 1001 dolosa

300 1038 637 1095 abominatio
663 1037 804 1107 apud
830 1038 1138 1103 Dominum,
1167 1044 1222 1092 et
1242 1035 1450 1106 pondus
1469 1049 1681 1105 mquum
1703 1032 1891 1089 volun-

309 1137 394 1184 tas
424 1129 558 1200 ejus.
597 1148 617 1179 ι
660 1127 874 1183 Statcra
920 1128 1102 1184 dolosa
1142 1141 1252 1182 non
1298 1135 1506 1181 tantum
1534 1126 1588 1179 in
1617 1139 1892 1179 mensura-

305 1219 455 1276 tioue
466 1220 730 1292 pecunia,
748 1220 845 1276 sed
856 1227 915 1275 et
937 1220 989 1274 in
1005 1220 1291 1291 iudiciaria
1306 1218 1629 1275 discretione
1652 1226 1833 1273 tenetu
1842 1233 1887 1271 r.

300 1311 406 1379 Qui
432 1310 576 1366 enim
605 1309 763 1365 aliter
784 1326 1001 1366 causam
1023 1310 1273 1381 pauperis
1292 1351 1306 1377 ,
1329 1310 1489 1364 aliter
1511 1308 1762 1379 potentis,
1794 1308 1892 1364 ali-

301 1410 388 1458 ter
415 1401 645 1467 sodalis,
683 1399 839 1455 aliter
868 1400 1017 1455 audit
1048 1399 1253 1470 ignoti,
1284 1406 1486 1454 statera
1517 1399 1705 1466 utique
1732 1398 1894 1452 librat

301 1491 508 1562 iniqua.
553 1490 661 1546 Sed
698 1498 754 1546 et
792 1490 840 1545 is
869 1490 962 1560 qui
988 1504 1086 1544 sua
1129 1490 1265 1544 bene
1302 1498 1452 1559 gesta
1481 1486 1704 1542 meliora
1728 1499 1892 1556 quam

301 1587 695 1657 proximorum,
747 1595 953 1653 suaque
1005 1591 1183 1638 errata
1228 1581 1437 1653 judicat
1487 1579 1687 1636 leviora
1729 1593 1893 1650 quam

302 1676 552 1742 aliorum,
597 1676 803 1731 trutina
849 1677 1114 1746 ponderat
1156 1675 1379 1741 dolosa;
1429 1689 1528 1730 nec
1572 1690 1679 1729 non
1722 1682 1774 1729 et
1804 1673 1895 1729 ille

303 1769 399 1839 qui
436 1784 601 1824 onera
640 1768 998 1839 importabilia
1040 1767 1269 1837 imponit
1316 1767 1369 1822 in
1417 1768 1672 1822 humeros
1714 1764 1890 1822 homi—

1993 578 2097 652 ιιι).
2133 600 2152 633 »

2626 672 2854 730 CAPUT
2889 673 2955 730 γ.

2329 762 2404 819 De
2435 763 2711 835 disciplina
2736 766 2986 821 insensati
3002 774 3054 821 et
3078 766 3238 837 fatui.

2064 874 2086 907 ι
2123 855 2199 912 De
2223 857 2506 927 disciplina
2550 858 2882 914 insensatiet
2902 857 3057 924 fatui,
3082 867 3136 915 et
3168 860 3237 916 de
3262 861 3570 920 senioribus

1995 965 2014 998 ι
2051 948 2143 1017 qui
2158 948 2471 1018 judicantur
2483 949 2551 1003 ab
2571 948 3019 1005 adolescentibus.
3037 950 3104 1004 Et
3123 951 3230 1005 eris
3249 952 3494 1007 eruditus
3516 952 3573 1007 in

1995 1054 2015 1088 ι
2048 1039 2319 1103 erunibus,
2355 1047 2409 1094 et
2435 1037 2729 1108 probabilis
2755 1039 2811 1094 in
2836 1049 3126 1110 conspectu
3154 1041 3396 1097 omnium
3424 1041 3577 1094 vivo-

1996 1146 2015 1179 ‹
2054 1145 2195 1184 rum.
2231 1150 2250 1181 ι
2281 1126 2409 1183 llaec
2436 1130 2504 1185 ad
2533 1130 2809 1200 superiora
2838 1131 3129 1201 respiciunt
3153 1171 3169 1197 ,
3204 1132 3297 1187 ubi
3321 1131 3486 1201 jussit
3514 1139 3576 1187 ut

1991 1222 2348 1293 quodcunque
2393 1223 2669 1287 traderes,
2711 1236 3030 1277 numerares
3065 1222 3353 1293 diligenter
3398 1231 3454 1279 et
3481 1238 3580 1293 ap-

1990 1312 2274 1383 penderes,
2297 1312 2479 1366 datum
2502 1327 2631 1367 vero
2652 1320 2706 1368 et
2724 1320 3005 1382 acceptum
3027 1328 3187 1368 omne
3210 1313 3569 1368 deseriberes.

1992 1402 2308 1472 Quicunque
2331 1417 2459 1473 ergo
2479 1418 2717 1473 congrua
2746 1402 3024 1473 disciplina
3050 1403 3230 1474 arguit
3252 1402 3579 1470 delenqueu-

1994 1500 2096 1559 tes,
2127 1501 2183 1548 et
2221 1494 2643 1564 uniuscujusque
2690 1508 2937 1563 persona:
2980 1493 3292 1563 qualitatem
3328 1491 3581 1547 conside-

1993 1600 2139 1650 rans,
2166 1583 2578 1640 eonvenientem
2602 1585 2820 1639 modum
2847 1584 3208 1655 correptionis
3237 1583 3313 1637 illi
3339 1582 3577 1653 apponit,

1994 1674 2313 1731 eruditionis
2341 1689 2451 1730 suae
2476 1672 2969 1731 certumlndicium
2991 1675 3210 1740 tribuit,
3244 1684 3299 1730 et
3327 1673 3583 1746 probabi-

1994 1767 2100 1823 lem
2123 1767 2178 1822 in
2208 1768 2482 1823 doctorem
2508 1774 2801 1837 conspectu
2814 1767 3052 1822 omnium
3068 1768 3331 1831 virorum,
3357 1765 3458 1820 hoc
3470 1773 3577 1831 est,

300 1878 455 1927 num,
485 1861 598 1932 ipse
619 1869 802 1917 autem
825 1875 933 1915 uno
963 1861 1131 1929 digito
1150 1874 1252 1915 suo
1275 1874 1382 1914 non
1409 1859 1523 1913 vult
1544 1873 1608 1913 ea
1638 1866 1889 1930 tangere;
1924 1852 1970 1913 B
1999 1866 2308 1912 sanctorum
2328 1865 2386 1911 et
2414 1857 2779 1911 virtuosorum
2802 1855 3080 1911 hominum
3103 1869 3163 1910 se
3183 1868 3304 1910 esse
3319 1854 3578 1910 ostendit.

299 1952 393 2008 ille
413 1953 575 2007 etiam
605 1953 695 2022 qui
726 1953 864 2007 bona
891 1952 945 2006 iu
973 1950 1189 2022 publico
1210 1958 1268 2006 et
1285 1949 1427 2005 mala
1448 1951 1558 2022 agit
1577 1951 1630 2013 in
1658 1951 1889 2017 occulto,

300 2057 402 2116 pro
434 2043 723 2113 iniquitate
753 2042 904 2098 libra:
942 2043 1141 2098 dolosae
1179 2042 1525 2098 abominatur
1560 2058 1590 2096 a
1620 2042 1847 2098 Domino
1874 2060 1888 2096 :

301 2141 361 2189 at
383 2133 473 2203 qui
496 2133 784 2188 sinceriter
810 2133 922 2205 agit
946 2132 1000 2187 in
1021 2132 1290 2196 omnibus,
1322 2133 1413 2203 qui
1440 2148 1661 2189 causam
1685 2143 1741 2189 et
1760 2149 1892 2189 cau-

300 2238 420 2280 sam
452 2239 607 2295 aeqna
638 2224 795 2279 lance
824 2222 1114 2290 discernit,
1159 2224 1204 2278 is
1246 2223 1501 2279 nimirum
1530 2222 1665 2295 justi
1692 2224 1894 2296 judicis

299 2314 567 2369 voluntati
599 2322 653 2369 et
680 2314 882 2370 actioni
909 2313 1178 2385 congruit.

379 2422 397 2454 ε
431 2401 603 2458 Servo
647 2403 882 2474 pessimo
928 2402 1068 2457 latus
1106 2404 1449 2475 sanguinare.
1488 2424 1508 2455 ο
1540 2404 1697 2473 Quali
1728 2404 1895 2461 disci-

298 2482 445 2567 plina
483 2497 627 2552 servi
677 2495 945 2551 tractandi
996 2496 1104 2552 sint
1133 2511 1297 2567 supra
1322 2496 1635 2569 descripsit,
1660 2499 1749 2554 ubi
1778 2513 1896 2553 ser-

304 2602 372 2643 vo
433 2588 699 2643 malevolo
747 2597 1011 2643 torturam
1061 2599 1118 2643 et
1170 2590 1486 2659 compcdem
1544 2589 1709 2660 jussit
1766 2588 1891 2658 inji-

302 2693 466 2746 cere,
520 2679 841 2736 benevolum
888 2688 1069 2735 autem
1114 2682 1270 2750 quasi
1339 2682 1563 2736 fratrem
1630 2690 1890 2737 tractare.

302 2769 414 2827 Sed
441 2778 495 2826 et
521 2787 666 2826 nunc
687 2770 831 2842 quod
853 2786 1014 2827 servo
1036 2772 1270 2841 pessimo
1297 2772 1549 2826 admonet
1574 2772 1745 2827 latera
1767 2788 1895 2829 san-

302 2865 571 2937 guiuare,
611 2864 717 2919 hoc
754 2864 991 2919 insinuat
1025 2863 1170 2933 quod
1207 2864 1299 2933 qui
1337 2864 1518 2919 verbis
1551 2865 1746 2936 corrigi
1784 2880 1895 2920 non

302 2964 504 3027 potest,
525 2955 842 3011 verberibus
869 2962 1204 3011 coerceatur.
1237 2953 1342 3011 Sed
1365 2954 1545 3010 altiori
1576 2971 1752 3019 sensu,
1780 2971 1897 3011 ser-

306 3064 406 3103 vus
434 3056 534 3103 iste
561 3062 667 3102 non
694 3047 992 3102 secundum
1015 3047 1379 3101 conditionem
1411 3046 1647 3117 generis,
1680 3045 1774 3101 sed
1804 3060 1895 3100 se-

304 3140 547 3195 cundum
589 3137 842 3193 allectum
888 3137 1086 3192 mentis
1112 3137 1280 3206 accipi
1312 3145 1508 3206 potest,
1558 3137 1685 3205 quia
1731 3156 1749 3188 ι
1788 3152 1894 3191 non

1994 1947 2106 2005 Nec
2130 1950 2296 2004 etiam
2322 1957 2456 2004 aetas
2485 1948 2738 2020 juvenilis
2767 1947 2821 2002 in
2847 1946 3067 2004 doctore
3103 1947 3449 2017 despicienda
3474 1954 3581 2012 est,

1992 2039 2040 2093 si
2073 2039 2188 2109 ipse
2227 2039 2567 2110 prudentiam
2598 2039 2797 2094 mentis
2830 2046 2887 2093 et
2923 2038 3094 2093 vitam
3123 2036 3456 2109 probabilem
3486 2037 3585 2091 ha—

1993 2129 2124 2185 bere
2151 2130 2473 2195 inveniatur,
2505 2129 2632 2200 quia
2651 2128 2879 2200 legimus
2901 2129 3047 2199 quod
3073 2126 3291 2184 Samuel
3312 2135 3366 2181 et
3391 2124 3580 2181 Daniel

1991 2220 2144 2289 pueri
2164 2222 2507 2293 presbyteros
2524 2219 2888 2290 iudicaverint
2902 2219 2957 2293 (Ι
2977 2219 3103 2291 Reg.
3134 2234 3242 2286 vn;
3266 2218 3404 2273 Dan.
3434 2217 3582 2289 xm).

1992 2314 2130 2371 Hinc
2150 2323 2206 2370 et
2227 2314 2427 2370 Paulus
2456 2315 2527 2370 ad
2551 2314 2894 2369 Timotheum
2921 2312 3187 2377 scribens,
3226 2310 3301 2366 ait
3331 2328 3345 2365 :
3379 2329 3399 2363 ι
3435 2310 3583 2365 Pras-

1993 2408 2112 2478 cipe
2136 2407 2254 2462 haec
2276 2415 2332 2461 et
2354 2406 2507 2461 doce.
2537 2405 2707 2460 Nemo
2728 2403 3145 2459 adolescentiam
3172 2410 3320 2460 tuam
3343 2410 3586 2458 contem-

1992 2507 2124 2563 nat;
2175 2498 2268 2552 sed
2301 2480 2607 2566 exemplum
2636 2504 2754 2551 esto
2783 2494 3022 2550 ﬁdelium
3048 2494 3104 2550 in
3131 2495 3298 2551 verbo
3319 2534 3335 2559 ,
3368 2494 3423 2547 in
3452 2508 3584 2548 con-

1990 2588 2322 2655 versatione,
2349 2588 2403 2642 in
2425 2587 2710 2652 charitate,
2737 2586 2792 2641 in
2816 2587 2940 2653 fide,
2970 2587 3025 2641 in
3046 2585 3317 2642 castitate.
3346 2584 3428 2639 Ad
3456 2593 3584 2640 teta-

1995 2690 2101 2737 tem
2122 2721 2138 2747 ,
2189 2680 2385 2750 inquit,
2423 2686 2569 2734 tuam
2608 2678 2718 2734 noli
2755 2678 3041 2750 respicere.
3070 2677 3414 2749 Diligentiam
3442 2690 3574 2732 vero

1993 2772 2190 2828 adhibe
2218 2787 2407 2828 eorum
2437 2780 2497 2825 ut
2523 2772 2671 2827 dicas
2710 2778 2766 2826 et
2795 2786 2925 2842 agas
2951 2771 3044 2826 illa
3085 2786 3206 2841 quae
3232 2771 3337 2826 dici
3368 2777 3588 2842 oportet

1993 2864 2047 2937 (1
2074 2864 2207 2918 Tim.
2233 2864 2330 2935 IV.)
2368 2884 2387 2916 ι
2423 2862 2540 2931 Quo
2570 2864 2866 2919 secundum
2910 2864 2965 2918 id
3000 2864 3144 2933 quod
3166 2863 3468 2918 eondecens
3498 2870 3587 2917 est

1994 2965 2387 3012 conversentur
2408 2997 2423 3022 ,
2454 2966 2515 3011 ut
2547 2956 2869 3012 cliaritatem
2901 2972 3022 3012 eam
3046 2997 3061 3023 ,
3099 2971 3219 3026 quze
3242 2970 3372 3027 erga
3395 2969 3585 3010 omnes

1993 3058 2101 3115 est,
2129 3056 2377 3113 teneant;
2400 3057 2458 3102 ut
2478 3047 2617 3102 ﬁrmi
2649 3047 2757 3102 sint
2776 3048 2828 3102 in
2845 3047 2969 3114 fide,
2990 3055 3049 3102 ut
3075 3047 3344 3118 pudicitia:
3362 3047 3590 3117 diligen-

1999 3142 2132 3196 tiam
2167 3141 2480 3205 adhibeant,
2514 3140 2587 3194 ita
2616 3148 2676 3195 ut
2708 3139 2824 3210 ipse
2850 3137 3079 3196 formam
3111 3148 3164 3194 te
3188 3137 3433 3210 praebeas
3458 3138 3594 3193 fide-

300 3237 390 3284 est
416 3244 768 3298 personarum
799 3236 1053 3297 acceptor
1077 3203 1385 3300 Deus—(Act.
1411 3228 1491 3286 x).
1522 3248 1540 3280 ι
1576 3203 1643 3282 Iit
1672 3247 1685 3282 :
1717 3248 1735 3280 ι
1770 3228 1897 3284 Sive
1923 3203 1970 3267 α
2001 3232 2142 3287 libus
2170 3246 2268 3302 pro
2309 3203 2507 3301 quibus
2554 3203 2744 3285 vitam-
2771 3231 2913 3302 regis
2955 3239 3123 3295 tuam,
3175 3203 3451 3285 instruens
3498 3244 3592 3286 eos

305 3319 449 3375 servi
472 3319 586 3374 sive
608 3318 788 3384 liberi,
808 3335 972 3373 unum
995 3333 1181 3374 sumus
1203 3319 1256 3372 in
1277 3319 1494 3374 Christo
1511 3318 1561 3392 (1
1578 3318 1701 3375 Cor.
1728 3320 1849 3391 xu).
1875 3340 1893 3372 ι

303 3407 412 3476 Qui
436 3416 616 3463 autem
642 3399 811 3463 servit
832 3409 1009 3473 vitiis,
1047 3417 1102 3463 et
1137 3425 1243 3464 non
1271 3409 1384 3464 vult
1419 3409 1557 3465 liber
1579 3424 1700 3465 esse
1722 3426 1752 3465 a
1776 3427 1901 3481 pec-

309 3500 467 3567 catis,
501 3501 696 3554 merito
722 3500 857 3555 dura
884 3500 1164 3571 disciplina
1190 3503 1501 3572 castigatur.
1519 3501 1595 3556 De
1622 3502 1712 3556 tali
1744 3517 1901 3557 servo

310 3590 387 3644 ita
428 3590 690 3659 scriptum
725 3598 854 3646 est:
893 3610 912 3641 ‹
948 3590 1149 3647 Servus
1183 3608 1291 3646 non
1330 3600 1508 3663 potest
1546 3593 1726 3649 verbis
1777 3610 1902 3650 eru—

305 3681 415 3736 diri
441 3679 621 3753 (Prov.
648 3682 820 3753 xxtx).
858 3703 878 3734 ι
904 3683 971 3737 Ει
992 3684 1045 3738 in
1076 3684 1367 3754 Evangelio
1400 3684 1513 3755 ipsa
1547 3685 1757 3740 Veritas
1782 3686 1858 3739 ait
1884 3703 1896 3740 :

314 3793 335 3825 ι
368 3773 572 3829 Servus
600 3791 707 3830 non
734 3786 919 3829 manet
956 3776 1009 3829 in
1041 3776 1202 3830 domo
1228 3776 1280 3830 in
1303 3785 1600 3842 azternum,
1631 3776 1773 3832 filius
1806 3793 1903 3830 au-

310 3870 421 3917 tem
447 3870 631 3917 manet
651 3863 704 3917 in
734 3871 993 3918 aeternum
1024 3862 1206 3935 (Joan.
1231 3864 1376 3938 vin).
1412 3884 1430 3917 ι

388 3976 406 4006 ι
440 3953 616 4024 Super
650 3955 932 4011 mulierem
971 3973 1204 4025 nequam
1244 3959 1447 4012 bonum
1487 3966 1570 4013 est
1604 3958 1839 4030 signum.
1878 3978 1896 4009 ι

311 4045 440 4101 Ιίωο
464 4055 550 4100 est
587 4045 784 4099 mulier
818 4046 930 4111 illa,
967 4061 1131 4116 quam
1179 4047 1234 4101 in
1288 4048 1391 4102 hoc
1426 4046 1565 4103 libro
1605 4048 1902 4119 schissime

313 4147 600 4202 memorat,
633 4153 753 4208 qua:
775 4146 864 4193 est
903 4138 1196 4193 fornicaria
1224 4148 1282 4193 et
1309 4139 1555 4194 adultera
1578 4181 1593 4204 ,
1618 4156 1820 4209 procax
1850 4148 1907 4195 et

311 4235 460 4292 oznni
475 4237 615 4290 bono
636 4235 942 4300 contraria;
974 4250 1311 4305 superquam
1336 4236 1535 4290 bonum
1560 4244 1646 4289 est
1669 4235 1902 4305 signum,

313 4328 526 4398 signum
562 4327 748 4396 utique
770 4326 1050 4382 catholica:
1076 4327 1219 4390 ﬁdei,
1245 4342 1342 4397 per
1362 4328 1504 4396 quod
1523 4341 1640 4395 (‘jtlS
1666 4328 1907 4398 pravitas

313 4419 635 4483 conteritur,
663 4425 718 4472 et
743 4418 993 4487 impietas
1013 4425 1317 4488 superatur.

395 4529 414 4561 ι
452 4509 553 4565 Ubi
581 4524 775 4563 manus
805 4508 987 4562 multa:
1015 4517 1160 4570 sunt,
1197 4508 1389 4562 claude
1422 4525 1436 4560 :
1467 4514 1522 4560 et
1547 4507 1907 4578 quodcunque

321 4618 342 4651 ι
381 4600 562 4654 trades
583 4641 597 4665 ,
634 4613 859 4654 numera
880 4638 894 4664 ,
923 4606 979 4652 et
1006 4598 1271 4669 appende.
1304 4599 1496 4653 Datum
1520 4614 1649 4653 vero
1672 4607 1728 4653 et
1751 4614 1907 4653 acce-
1935 4571 1986 4631 D

322 4709 342 4743 ‹
377 4698 528 4761 ptum
557 4705 719 4746 omne
748 4690 1018 4746 describe.
1054 4710 1072 4742 ι
1119 4688 1234 4745 Non
1268 4692 1369 4746 hoc
1390 4691 1546 4745 docet
1568 4699 1627 4745 ut
1656 4692 1806 4761 parci
1835 4690 1908 4746 si-

319 4796 442 4837 mus
470 4782 731 4853 proximis
769 4783 972 4837 nostris
1001 4781 1372 4854 indigentibus
1404 4783 1461 4838 in
1490 4784 1775 4839 tribuendo
1812 4799 1910 4838 ne-

319 4875 580 4941 cessaria,
627 4872 724 4928 sed
756 4875 929 4945 magis
972 4875 1200 4945 mystice
1231 4891 1330 4931 nos
1356 4876 1599 4941 instruit,
1627 4876 1803 4929 utubi
1829 4876 1909 4931 di-

318 4982 494 5023 versa:
534 4965 775 5021 existant
808 4965 1117 5021 voluntates
1163 4966 1425 5037 spiritalia
1469 4966 1621 5021 lucra
1664 4983 1910 5036 qureret:-

323 5059 458 5114 tium
481 5100 496 5123 ,
529 5058 604 5113 ibi
648 5065 805 5113 cauta
845 5057 917 5112 sit
950 5062 1006 5111 et
1036 5058 1257 5126 provida
1294 5058 1435 5111 ratio
1461 5058 1905 5127 dispensantium.

322 5151 428 5208 Alii
455 5151 603 5205 enim
632 5150 871 5206 tentandi
900 5191 915 5215 ,
944 5150 1035 5203 alii
1065 5150 1303 5205 discendi
1335 5159 1488 5217 voto;
1519 5152 1587 5207 ab
1614 5167 1709 5207 ore
1732 5151 1915 5206 docto-

324 5243 404 5299 ris
428 5246 724 5312 exquirunt
746 5242 995 5307 verbum,
1024 5244 1121 5295 sed
1146 5257 1248 5296 non
1281 5243 1462 5297 omnia
1488 5244 1739 5298 omnibus
1765 5258 1912 5297 com-

326 5333 592 5392 mittenda
611 5340 755 5388 sunt.
785 5333 925 5388 Dicit
952 5333 1096 5386 enim
1121 5333 1173 5387 in
1201 5333 1492 5404 Evangelio
1514 5335 1629 5405 ipsa
1650 5336 1865 5391 Veritas
1895 5354 1909 5389 :

335 5444 355 5478 ι
390 5423 567 5481 Nolite
587 5431 834 5479 sanctum
863 5423 995 5478 dare
1025 5422 1271 5490 canibus,
1311 5439 1488 5495 neque
1515 5424 1746 5479 mittatis
1771 5440 1914 5479 inar-

330 5518 534 5591 garitas
555 5524 771 5572 vestras
792 5522 918 5570 ante
943 5529 1137 5584 porcos
1166 5514 1382 5585 (Matth.
1411 5514 1531 5586 vn).
1569 5534 1587 5566 ι
1619 5514 1915 5586 Diligenter

331 5609 475 5663 enim
532 5606 816 5664 attendere
859 5605 1024 5661 debet
1076 5620 1245 5660 sacra:
1286 5607 1528 5677 pecuniae
1574 5607 1913 5672 distributor,

333 5698 464 5770 quid
492 5698 604 5763 det,
635 5706 692 5752 et
717 5697 801 5753 cui
832 5697 959 5763 det;
988 5704 1047 5751 et
1073 5697 1342 5766 quomodo
1381 5696 1669 5764 tribuatur,
1701 5707 1758 5752 et
1785 5714 1919 5768 quo-

333 5786 498 5846 modo
527 5789 842 5861 accipiatur.
879 5808 897 5839 ι
934 5788 1169 5857 Tempus
1210 5789 1356 5843 enim
1395 5796 1480 5845 est
1518 5788 1806 5860 unicuique
1840 5790 1916 5844 rei

732 5886 1011 5947 Pauor.
1061 5883 1223 5945 CIX.

1998 3322 2454 3393 quemadmodum
2487 3322 2775 3377 conveniat
2818 3322 2899 3376 eis
2937 3321 3283 3385 conversari,
3324 3320 3398 3374 ita
3425 3326 3486 3373 ut
3523 3333 3593 3374 ex

2002 3415 2134 3484 ipsis
2160 3414 2371 3469 actibus
2401 3414 2505 3469 tuis
2541 3413 2904 3469 testimonium
2942 3412 3066 3466 vita:
3105 3419 3211 3465 tua:
3238 3409 3428 3466 iisdem
3454 3423 3591 3480 prat-

2004 3507 2155 3564 beas.

2078 3621 2098 3654 ‹
2129 3600 2266 3656 Filia
2286 3596 2459 3670 patris
2487 3599 2802 3655 abscondita
2832 3586 2918 3654 est
2942 3638 2957 3663 ,
2988 3596 3173 3668 vigilia
3201 3604 3257 3651 et
3284 3592 3592 3651 sollicitudo

2009 3711 2028 3743 ε
2056 3691 2172 3759 ejus
2201 3689 2413 3745 auferet
2439 3704 2689 3745 somnum
2713 3730 2728 3754 ,
2770 3704 2838 3743 ne
2864 3688 3003 3743 forte
3031 3688 3086 3742 in
3107 3686 3470 3743 adolescentia
3496 3700 3596 3740 sua

2010 3802 2027 3833 ι
2061 3782 2307 3837 adultera
2328 3779 2614 3845 efficiatur,
2655 3788 2710 3835 et
2730 3787 3064 3835 commorata
3089 3793 3214 3834 cum
3237 3778 3355 3832 viro
3376 3777 3595 3833 odibilis

2010 3892 2029 3923 ι
2067 3871 2179 3927 fiat.
2213 3870 2508 3940 Nequando
2533 3870 2802 3941 polluatur
2830 3868 2881 3922 in
2922 3867 3234 3939 virginitate
3271 3881 3398 3930 sua,
3442 3874 3498 3921 et
3538 3867 3593 3920 in

2011 3984 2031 4015 α
2064 3965 2307 4036 paternis
2330 3964 2444 4019 suis
2463 3963 2686 4034 gravida
2718 3962 3051 4016 inveniatur:
3080 3976 3148 4015 ne
3174 3959 3313 4014 forte
3333 3973 3455 4013 cum
3478 3958 3599 4012 viro

2012 4079 2031 4109 ιι
2066 4066 2398 4112 commorata
2423 4055 2869 4124 transgrediatur,
2893 4061 2983 4109 aut
3004 4061 3153 4106 certe
3174 4049 3374 4106 sterilis
3395 4048 3597 4104 elllcia-

2012 4166 2030 4197 ι
2071 4157 2177 4201 tur.
2220 4166 2238 4198 ι
2270 4147 2438 4201 Docet
2474 4143 2829 4200 historialiter
2866 4150 3124 4211 parentes
3163 4148 3223 4195 ut
3252 4139 3452 4195 sobolis
3481 4153 3594 4193 sua:

2008 4253 2192 4292 curam
2218 4244 2611 4305 competentem
2635 4242 2846 4306 gerant,
2886 4248 3009 4287 cum
3035 4232 3313 4302 disciplina
3342 4246 3461 4286 eam
3493 4246 3598 4285 nu-

2010 4329 2179 4383 triant
2202 4368 2217 4393 ,
2248 4341 2318 4382 ne
2353 4326 2491 4381 forte
2519 4326 2572 4379 in
2597 4333 2783 4380 tenera
2809 4332 2966 4379 aetate
2991 4323 3238 4377 lasciviat
3270 4331 3326 4375 et
3353 4320 3597 4375 luxurie—

2013 4426 2132 4483 tur,
2174 4417 2486 4488 polluatque
2524 4431 2582 4472 se
2616 4416 2837 4472 libidine
2872 4423 3035 4484 atque
3064 4413 3334 4469 illecebris
3354 4413 3600 4482 volupta-

2012 4516 2148 4573 tum,
2173 4508 2315 4563 unde
2339 4508 2678 4577 postmodum
2717 4506 2839 4560 aliis
2875 4505 3086 4563 odibilis
3127 4504 3241 4558 fiat.
3287 4505 3366 4559 De
3407 4519 3516 4573 quo
3546 4512 3602 4556 et

2015 4599 2264 4673 superius
2288 4597 2574 4669 diligenter
2602 4597 2920 4669 disputavit,
2954 4604 3012 4653 ct
3038 4595 3295 4667 praecepit
3319 4595 3598 4661 nutritori,

1963 4692 1971 4702 '
2015 4692 2241 4748 dicens:
2276 4711 2295 4744 ι
2332 4691 2409 4746 Ne
2443 4691 2537 4747 des
2564 4699 2885 4762 potestatem
2911 4690 3019 4746 filio
3045 4691 3097 4745 in
3116 4688 3422 4759 juventute,
3453 4698 3509 4745 et
3534 4705 3604 4744 ne

2014 4782 2283 4853 despicias
2299 4781 2569 4852 cogitatus
2602 4780 2766 4836 illius.
2795 4781 2971 4835 Curva
3001 4781 3267 4836 cervicem
3293 4778 3411 4848 ejus
3437 4781 3491 4834 in
3517 4779 3603 4848 ju-

2013 4883 2255 4940 ventute,
2286 4884 2341 4929 et
2366 4875 2533 4928 tunde
2559 4873 2729 4929 latera
2758 4874 2922 4937 illius,
2952 4873 3078 4927 dum
3101 4871 3278 4928 infans
3298 4880 3381 4928 est
3407 4889 3420 4925 :
3453 4888 3520 4927 ne
3549 4874 3603 4926 in

2014 4966 2343 5036 turpitudine
2371 4965 2512 5020 illius
2545 4964 2914 5030 confundaris,
2946 4972 3001 5019 et
3026 4964 3266 5018 dolorem
3289 4964 3483 5019 animze
3514 4966 3606 5019 lia-

2013 5059 2144 5113 beas
2171 5058 2464 5113 maximum
2492 5056 2681 5129 (Eccli.
2713 5056 2863 5125 xxx).
2889 5055 3262 5124 [Spiritaliter
3284 5061 3463 5108 autem
3495 5054 3604 5109 filia

2015 5151 2185 5221 patris
2225 5160 2310 5205 est
2342 5151 2521 5204 anima
2560 5149 2731 5204 fidelis
2758 5148 2896 5211 viri,
2934 5146 3016 5200 vel
3058 5144 3295 5199 Ecclesia
3331 5145 3606 5199 credentis

2014 5243 2218 5314 populi,
2246 5242 2454 5298 doctori
2489 5250 2712 5296 strenuo
2753 5236 3165 5302 commendata;
3210 5234 3303 5305 qui
3345 5233 3606 5289 sollicitu-

2015 5336 2197 5392 dinem
2224 5333 2366 5390 illius
2388 5347 2600 5403 gerens,
2636 5329 2860 5402 pervigil
2892 5338 2976 5384 cst
2998 5368 3013 5394 ,
3053 5334 3110 5383 et
3137 5342 3303 5399 sagax
3344 5327 3398 5381 in
3430 5324 3608 5381 omni-

2017 5427 2141 5492 bus,
2170 5440 2238 5480 ne
2259 5424 2398 5479 forte
2424 5424 2550 5478 dum
2577 5422 2727 5477 rudis
2750 5421 2926 5476 adhuc
2949 5427 3032 5474 est
3061 5419 3114 5473 in
3138 5418 3242 5473 llde
3266 5425 3323 5473 et
3345 5417 3568 5473 scientia
3587 5457 3602 5482 ,

2019 5516 2262 5571 adultera
2301 5513 2564 5569 efﬁciatur
2602 5513 2981 5568 haareticorum
3022 5510 3260 5565 versutia
3309 5527 3322 5564 :
3370 5522 3470 5578 pro
3498 5524 3606 5577 quo

2019 5608 2233 5665 odibilis
2285 5606 2380 5661 fiat
2418 5607 2539 5660 viro
2575 5620 2674 5661 suo
2713 5604 2979 5675 legitimo,
3006 5602 3092 5657 cui
3124 5602 3448 5672 desponsata
3480 5598 3603 5664 fuit,

2013 5700 2169 5771 juxta
2196 5699 2327 5755 illud
2359 5694 2602 5768 Apostoli
2630 5713 2644 5749 :
2681 5715 2700 5747 ‹
2736 5693 2986 5751 Ᾱῑηιιιιοι*
3009 5693 3153 5748 enim
3186 5706 3281 5745 vos
3316 5688 3408 5742 Dei
3434 5703 3605 5742 temu-

2022 5793 2240 5847 latione.
2272 5789 2543 5862 Despondi
2568 5787 2711 5845 enim
2735 5803 2830 5844 vos
2850 5786 2943 5843 uni
2968 5785 3084 5840 viro
3111 5780 3371 5851 virginem
3398 5785 3605 5835 castam
