4030 6476
493 346 628 403 ΙΟϐἹ

1144 345 1205 399 Β.
1248 342 1501 399 MBAN
1542 342 1759 399 ΜΜΠΠ
1799 340 2072 398 ARClllEl

2179 342 2473 400 HOGUNT.
2515 343 2798 402 OPERUM
2835 342 3015 400 PARS
3040 342 3093 400 Ἱ.

3622 346 3773 405 ιοεε

480 463 741 520 exhibere
773 460 988 517 Christo
1026 458 1123 530 (II
1156 457 1281 513 Cor.
1314 474 1365 512 xt
1387 457 1406 531 )
1432 475 1447 523 ;
1484 478 1503 511 ι
1531 473 1609 514 ne
1637 458 1739 513 sub
1772 457 2063 512 nutrimiuc
2091 457 2142 517 A
2169 455 2485 524 ﬁrmorum,
2512 457 2729 514 occasio
2762 452 2991 527 peccati.
3021 456 3147 512 [late
3176 455 3372 511 mulier
3395 454 3679 513 confundit
3711 458 3775 513 in

486 553 729 625 magistri
760 551 1073 617 constituta,
1108 566 1296 606 errore
1326 550 1629 605 inveniatur
1663 550 1905 621 gravida,
1936 557 1992 601 et
2015 547 2069 601 in

478 646 644 700 domo
684 643 786 698 viri
831 657 1198 708 commorans,
1236 641 1666 711 transgrediatur
1708 639 1879 711 legem
1929 637 2070 706 ejus,

483 739 625 794 unde
655 739 707 792 in
739 737 896 792 bonis
921 736 1173 806 operibus
1198 733 1460 790 efﬁciatur
1482 733 1711 799 sterilis,
1748 747 1844 787 nec
1874 732 1923 787 ei
1953 748 2067 788 me-

481 832 588 887 rito
615 832 796 887 dicere
823 830 991 901 possit
1018 849 1029 883 :
1065 848 1082 879 ε
1115 827 1239 883 Filii
1269 828 1344 883 tui
1377 827 1517 883 sicut
1555 826 1779 885 novellae
1805 825 2069 881 olivarum

484 923 538 976 in
564 923 791 977 circuitu
823 937 1025 977 mensa:
1059 930 1180 976 tua}.
1212 920 1276 974 Et
1307 920 1492 974 videas
1518 918 1657 973 ﬁlios
1685 916 1917 974 ﬁliorum
1947 924 2069 972 tuo—

483 1031 626 1075 nun.
656 1030 843 1082 pacem
872 1029 1034 1083 super
1059 1013 1222 1068 lsrael
1258 1012 1431 1082 (Psal.
1464 1011 1690 1083 cxxvu).
1729 1032 1748 1065 ι

561 1124 580 1155 ι
613 1104 787 1175 Super
833 1104 998 1158 ﬁliam
1044 1104 1375 1159 luxuriosam
1425 1102 1684 1157 conﬁrma
1727 1102 2069 1167 custodiam,

486 1217 511 1250 ι
548 1198 832 1268 nequando
861 1196 1024 1251 faciat
1054 1205 1106 1250 te
1141 1196 1194 1249 in
1222 1196 1564 1265 opprobrium
1588 1194 1775 1249 venire
1814 1193 2067 1249 inimicis.

490 1309 508 1340 ι
537 1289 583 1343 Α
625 1288 960 1342 detractione
1004 1287 1057 1341 in
1100 1286 1318 1341 civitate
1342 1295 1397 1341 et
1442 1286 1746 1357 abjectione
1781 1286 1972 1356 plebis,
2014 1292 2072 1339 et

489 1399 508 1430 ι
542 1379 836 1435 confundat
864 1378 992 1433 tein
1022 1378 1358 1433 multitudine
1386 1378 1588 1449 populi.
1624 1397 1641 1429 ι
1672 1378 1912 1433 Persona
1940 1391 2070 1445 ergo

478 1469 758 1524 "luxuriosa
783 1469 1091 1538 diligentem
1116 1469 1359 1540 magistri
1382 1468 1575 1538 qumrit
1596 1468 1920 1533 custodiam,
1944 1468 2069 1536 quia

483 1561 527 1615 si
545 1560 833 1615 dimittitur
852 1560 1109 1614 voluntati
1133 1576 1263 1624 sua),
1289 1559 1571 1615 confundit
1590 1560 1866 1615 doctorem
1887 1573 2065 1613 suum.

479 1651 540 1707 In
583 1653 925 1707 multitudine
967 1653 1148 1723 populi
1194 1653 1342 1708 illum
1388 1651 1710 1708 erubescere
1737 1650 1903 1715 facit,
1945 1667 2067 1706 cum

482 1744 627 1800 domi
678 1743 913 1815 forisque
961 1747 1132 1815 turpis
1175 1753 1230 1800 et
1277 1743 1479 1799 inutilis
1521 1744 1844 1809 inveniatur,
1893 1744 2071 1799 detra-

482 1835 649 1893 etioni
679 1851 902 1902 vacans,
933 1846 988 1892 et
1010 1836 1170 1908 vulgo
1199 1835 1516 1907 ignobilium
1544 1834 1922 1907 ignominiosis
1946 1834 2079 1889 acti—

482 1932 587 1986 bus
608 1944 668 1985 se
704 1929 1034 1986 immisccns.
1076 1930 1231 1985 Unde
1262 1930 1523 2000 scriptum
1551 1936 1638 1984 est
1670 1947 1684 1983 :
1733 1946 1753 1979 ι
1791 1927 1962 1983 Natus
1991 1937 2075 1983 est

479 2019 679 2075 stultus
704 2019 762 2074 in
793 2019 1143 2090 ignominiam
1172 2036 1356 2087 suam;
1396 2020 1491 2075 sed
1529 2035 1632 2075 nec
1665 2021 1895 2091 paterin
1922 2019 2073 2075 fatuo

478 2109 787 2176 laetabitur,
824 2110 1012 2182 iraque
1040 2113 1216 2182 patris
1253 2121 1366 2176 est,
1400 2111 1542 2168 ﬁlius
1565 2112 1761 2168 stultus
1786 2152 1801 2178 ,
1836 2121 1893 2167 et
1921 2112 2074 2168 dolor

481 2199 674 2255 matris
698 2214 818 2269 quae
845 2201 1030 2268 genuit
1057 2218 1200 2257 eum.
1246 2221 1263 2253 ι
1308 2202 1350 2255 Ε
1381 2201 1654 2257 contrario
1685 2216 1813 2256 vero
1838 2202 2074 2258 exsultat

478 2291 1024 2365 gaudiopaterjusti,
1052 2295 1145 2365 qui
1169 2294 1469 2365 sapientem
1494 2294 1702 2365 genuit,
1724 2305 1780 2350 et
1796 2294 2075 2352 laetabitur

476 2385 536 2440 in
562 2398 649 2441 eo.

557 2494 577 2525 ε
619 2475 780 2532 Omni
810 2477 1015 2532 homini
1040 2475 1149 2531 noli
1181 2478 1462 2535 intendere
1494 2479 1547 2534 in
1570 2479 1772 2547 specie,
1798 2488 1853 2536 et
1879 2480 1931 2535 in
1958 2494 2074 2534 me-

485 2585 507 2617 ι
541 2565 630 2621 dio
649 2566 938 2622 mulierum
964 2567 1074 2622 noli
1096 2568 1443 2621 commorari.
1470 2568 1545 2623 De
1568 2571 1908 2625 vestimentis
1927 2571 2072 2625 enim

486 2675 505 2707 ι
539 2657 787 2726 procedit
827 2657 995 2724 tinea,
1052 2668 1106 2714 et
1152 2675 1182 2714 a
1230 2659 1455 2715 muliere
1496 2660 1756 2730 iniquitas
1782 2662 1904 2716 viri.
1939 2681 1958 2714 ι
1988 2662 2076 2716 ln-

480 2748 648 2804 struit
672 2764 771 2805 nos
798 2748 1072 2821 Sapientia
1098 2753 1374 2822 quomodo
1396 2754 1684 2823 puritatem
1712 2756 1893 2811 cordis
1910 2764 1967 2811 et
1989 2771 2075 2811 oa-

476 2839 726 2894 stitatcm
746 2842 1007 2912 corporis
1043 2858 1264 2900 servare
1308 2845 1580 2914 possimus
1606 2885 1623 2911 ,
1662 2847 1848 2916 utique
1876 2857 1936 2901 ut
1966 2861 2072 2901 non

474 2932 764 2989 libidinosa
792 2941 971 2990 mente
1001 2935 1345 2990 attendamus
1366 2936 1429 2990 'in
1465 2936 1658 2992 faciem
1703 2937 1917 2993 lasciva:
1944 2954 2073 3008 per-

474 3039 631 3079 sona:
652 3064 669 3089 ,
708 3032 763 3079 et
791 3040 821 3079 a
849 3025 1109 3080 societate
1156 3026 1442 3082 mulierum
1487 3043 1801 3097 separemus
1828 3029 2073 3099 corporis

470 3116 656 3173 nostri
682 3117 869 3173 situm.
902 3116 1052 3173 Sicut
1074 3119 1218 3174 enim
1251 3119 1395 3175 tinea
1429 3120 1517 3175 diu
1552 3135 1660 3175 uno
1686 3120 1807 3177 loco
1831 3135 2073 3177 commo-

479 3222 609 3264 rans
651 3208 893 3265 corrodit
941 3210 1347 3276 vestimentum,
1396 3210 1474 3266 ita
1504 3210 1829 3267 «libidinosae
1873 3212 2074 3269 mentis

478 3302 735 3359 diuturna
769 3304 1029 3377 cogitatio
1060 3321 1095 3359 a
1131 3320 1230 3361 suo
1260 3305 1444 3377 vigore
1472 3304 1786 3364 mollescere
1802 3307 1944 3365 facit
1971 3310 2073 3365 ho-

479 3393 644 3449 minis
671 3394 945 3464 spiritum.
982 3393 1134 3450 Unde
1159 3394 1379 3464 quidam
1407 3395 1687 3467 eleganter
1711 3396 1789 3452 ait
1817 3416 1829 3452 :
1866 3417 1885 3450 ι
1924 3397 2076 3455 Peri-

479 3482 663 3540 culose
691 3483 787 3538 tibi
817 3484 1120 3550 ministrat,
1160 3485 1315 3554 cujus
1337 3485 1540 3541 vultum
1569 3487 1880 3556 frequenter
1898 3497 2066 3544 atten-

480 3574 585 3631 dis.
617 3593 636 3626 ι
666 3573 800 3629 Nam
822 3574 1082 3645 impudici
1109 3576 1248 3631 oculi
1274 3592 1379 3632 non
1401 3586 1602 3633 norunt
1624 3579 1820 3635 anima:
1840 3579 2075 3650 pulchri-

484 3667 726 3721 tudinem
752 3667 1117 3730 considerare,
1153 3670 1249 3723 sed
1270 3684 1589 3739 corporum.

558 3774 578 3807 ι
612 3756 800 3810 Melior
838 3766 922 3812 est
954 3756 1214 3827 iniquitas
1252 3761 1353 3814 viri
1376 3776 1538 3829 quam
1573 3761 1916 3818 benefaciens
1954 3778 2075 3817 mu-

489 3864 509 3898 r
543 3846 665 3913 licr,
693 3856 746 3903 et
771 3846 963 3902 mulier
988 3848 1323 3906 confundens
1352 3852 1404 3906 in
1429 3852 1801 3922 opprobrium.
1836 3873 1855 3905 ι
1882 3853 1946 3908 in
1975 3869 2075 3909 sa-

480 3951 577 3993 cro
598 3938 814 4007 eloquio
845 3938 1041 3993 mulier
1062 3949 1156 3994 aut
1178 3957 1276 4010 pro
1297 3957 1430 3997 sexu
1448 3944 1708 4013 ponitur,
1736 3952 1830 3999 aut
1858 3959 1957 4014 pro
1986 3944 2074 4000 in-

482 4026 741 4083 ﬁrmitate
784 4047 796 4083 :
840 4044 940 4099 pro
986 4045 1120 4085 sexu
1157 4032 1395 4103 quippe,
1434 4034 1574 4088 sicut
1620 4035 1885 4105 scriptum
1939 4045 2068 4092 est;

490 4138 508 4169 ι
548 4117 690 4173 Misit
723 4120 865 4175 Deus
897 4120 1092 4175 Filium
1134 4138 1289 4178 suum
1318 4163 1333 4189 ,
1364 4124 1567 4180 factum
1601 4142 1668 4181 ex
1704 4128 1949 4194 muliere,
1992 4127 2093 4205 fa-g

482 4218 630 4266 ctum
657 4212 757 4268 sub
787 4212 902 4283 lege
934 4211 1076 4284 (Gal.
1115 4215 1222 4285 tv);
1265 4237 1283 4269 ι
1309 4233 1408 4287 pro
1438 4217 1753 4276 inﬁrmitate
1783 4235 1929 4284 vero,
1965 4220 2071 4277 sic-

481 4311 542 4358 ut
588 4303 640 4358 in
666 4302 767 4359 Job
803 4305 1001 4375 legitur
1038 4325 1052 4361 :
1087 4327 1105 4358 ‹
1141 4307 1314 4363 l-lomo
1355 4318 1512 4365 natus
1536 4311 1603 4366 de
1628 4311 1853 4368 muliere
1878 4352 1893 4378 ,
1921 4313 2074 4369 brevi

480 4396 671 4452 vivens
698 4406 939 4468 tempore
970 4398 1130 4470 (Job.
1161 4401 1264 4471 tv).
1306 4420 1323 4452 ι
1362 4402 1428 4455 Et
1454 4402 1541 4456 hic
1566 4418 1663 4471 per
1688 4405 1833 4460 lumc
1860 4405 2075 4475 sapien-

483 4497 590 4543 tem
609 4488 828 4543 dicitur.
860 4509 877 4539 ι
910 4488 1099 4544 Melior
1120 4499 1204 4545 est
1230 4491 1488 4561 iniquitas
1517 4493 1643 4559 viri,
1665 4509 1827 4562 quam
1849 4494 2074 4549 benefa-

481 4578 630 4635 ciens
655 4580 869 4634 mulier.
912 4599 930 4630 ι
959 4579 1055 4634 Vir
1081 4582 1283 4636 etenim
1320 4582 1476 4638 fortis
1513 4584 1741 4653 quilibet
1769 4596 1825 4641 et
1868 4586 2075 4643 disere-

483 4680 572 4726 tus
606 4680 830 4726 vocatur
870 4685 886 4724 :
917 4670 1113 4726 mulier
1156 4686 1288 4728 vero
1318 4688 1472 4729 mens
1518 4675 1755 4743 inﬁrma,
1791 4677 1873 4732 vel
1908 4678 2075 4735 indis-

481 4773 633 4819 creta
676 4764 955 4833 accipitur.
987 4764 1055 4819 Et
1077 4779 1217 4834 saepe
1240 4767 1504 4836 contingit
1531 4770 1779 4825 utetiam
1806 4770 2075 4829 discretus

481 4859 712 4928 quisque
738 4857 915 4913 subito
945 4857 1158 4913 labatur
1182 4858 1236 4913 in
1264 4859 1473 4929 culpam
1500 4901 1515 4926 ,
1552 4870 1715 4932 atque
1750 4864 2075 4921 indiscretus

482 4950 622 5005 alius
645 4959 702 5004 et
738 4948 988 5003 inﬁrmus
1030 4948 1226 5004 bonam
1260 4950 1515 5006 exhibeat
1538 4954 1947 5021 operationem;
1978 4954 2075 5011 sed

483 5039 532 5095 is
572 5039 663 5109 qui
701 5038 1028 5095 indiscretus
1059 5048 1224 5111 atque
1254 5039 1501 5096 inﬁrmus
1529 5050 1614 5096 est
1635 5082 1651 5107 ,
1678 5059 2068 5115 nonnunquam

483 5131 550 5184 de
573 5144 640 5183 co
668 5131 811 5198 quod
841 5130 977 5185 bene
1006 5129 1180 5199 egerit
1207 5129 1437 5200 amplius
1460 5129 1703 5187 elevatur
1722 5173 1737 5197 ,
1759 5142 1923 5204 atque
1947 5150 2071 5204 gra-

485 5220 604 5275 vius
631 5219 685 5273 in
713 5219 924 5290 culpam
946 5219 1117 5275 cadit.
1147 5219 1427 5276 Discretus
1452 5235 1584 5276 vero
1613 5223 1873 5292 quisque,
1903 5226 2066 5281 etiam

480 5328 549 5365 ex
579 5326 644 5366 eo
673 5312 815 5381 quod
853 5312 991 5368 male
1022 5328 1081 5368 se
1108 5312 1282 5383 egisse
1311 5314 1595 5385 intelligit,
1631 5314 1700 5369 ad
1727 5315 2072 5374 discretionis

482 5403 725 5475 regulam
755 5405 959 5459 arctius
985 5406 1194 5462 reducit
1221 5447 1238 5474 ,
1275 5416 1332 5462 et
1367 5408 1493 5463 inde
1526 5409 1689 5465 altius
1712 5412 1778 5468 ad
1798 5410 2070 5481 justitiam

481 5496 698 5568 proﬁcit
722 5536 737 5560 ,
768 5497 911 5551 unde
939 5495 1006 5550 ad
1035 5506 1248 5570 tempus
1273 5513 1303 5553 a
1327 5499 1536 5570 justitia
1572 5503 1834 5559 cecidisse
1858 5485 2075 5560 videba-

483 5598 603 5655 tur,
641 5586 767 5658 quia
797 5586 854 5641 in
890 5600 949 5641 re
973 5597 1121 5642 recte
1146 5589 1387 5644 dicitur:
1424 5610 1443 5641 ί
1481 5591 1669 5647 Melior
1706 5595 2073 5665 estiniquitas

481 5680 607 5746 viri,
636 5694 800 5751 quam
837 5679 1183 5736 benefaciens
1214 5682 1426 5738 mulier.
1470 5702 1487 5734 ι
1517 5684 1651 5751 Quia
1682 5702 2071 5758 nonnunquam

481 5772 650 5829 etiam
672 5771 824 5843 culpa
849 5770 1093 5839 fortium,
1122 5773 1337 5829 occasio
1361 5772 1576 5830 virtutis
1600 5777 1679 5843 lit,
1714 5786 1766 5834 et
1793 5778 1965 5834 virtus
1992 5778 2073 5833 in-

2105 1827 2155 1887 Β

2172 548 2522 619 opprobrium
2546 590 2559 615 ,
2600 549 2726 619 quia
2766 550 2855 604 hic
2891 564 2980 604 res
3010 546 3325 603 confusione
3352 532 3781 623 dignasgercns

2172 656 2273 711 pro
2296 642 2400 696 hoc
2428 641 2781 711 opprobrium
2809 639 3098 695 sustinebit
3114 638 3180 693 in
3201 649 3492 695 internum.

2229 749 2268 782 ι(
2302 728 2509 786 Memor
2537 746 2629 786 ero
2659 730 2823 802 igitur
2862 745 3086 801 aperum
3129 730 3367 797 Domini,
3406 739 3461 787 et
3493 747 3617 804 qum
3656 732 3779 788 vidi

2179 845 2197 875 ι
2231 823 2565 879 annuntiabo
2605 842 2618 878 :
2654 823 2709 878 in
2740 824 3085 880 sermonibus
3124 824 3335 880 Domini
3365 841 3531 895 opera
3563 827 3708 897 ejus.
3750 845 3775 881 ι

2172 914 2446 970 Hactenus
2489 914 2721 984 scriptor
2762 914 3003 970 historia:
3058 915 3125 970 de
3177 916 3345 971 variis
3388 915 3553 972 rebus
3581 918 3781 986 dispu-

2174 1008 2327 1074 tavit,
2363 1014 2418 1062 et
2460 1007 2819 1062 moralitatem
2860 1007 3191 1078 singulorum
3215 1048 3230 1073 ,
3273 1010 3577 1065 secundum
3627 1010 3783 1079 quod

2172 1099 2275 1154 sibi
2302 1107 2664 1170 opportunum
2695 1098 2980 1156 videbatur
3011 1099 3359 1165 describens,
3389 1101 3579 1157 varias
3602 1100 3783 1156 virtu-

2173 1198 2287 1245 tum
2309 1200 2364 1246 et
2386 1191 2643 1247 vitiorum
2668 1191 2880 1261 species
2914 1193 3211 1261 expressit;
3245 1208 3391 1248 nunc
3413 1207 3546 1248 vero
3570 1192 3626 1247 in
3654 1192 3779 1247 lau-

2173 1282 2293 1337 dem
2333 1282 2636 1347 creatoris,
2688 1291 2739 1337 et
2783 1283 2850 1336 ad
2897 1283 3337 1353 praedicationem
3391 1297 3626 1354 operum
3659 1281 3785 1351 ejus

2172 1389 2476 1429 sermonem
2498 1376 2794 1430 convertit.
2838 1374 2907 1430 Et
2946 1385 3070 1445 post
3108 1376 3227 1431 haec
3264 1384 3483 1446 patrum
3526 1376 3783 1446 priorum

2174 1468 2489 1523 memoriam
2538 1467 2743 1525 faciens
2793 1468 3006 1524 illorum
3054 1468 3216 1524 fortia
3263 1468 3406 1525 facta
3452 1469 3722 1524 describit
3765 1486 3779 1520 :

2177 1580 2196 1611 ι
2225 1560 2282 1615 In
2310 1562 2649 1618 sermonibus
2672 1603 2685 1627 ,
2722 1563 2938 1634 inquit,
2974 1562 3184 1617 Domini
3223 1578 3389 1632 opera
3428 1562 3549 1633 ejus
3592 1579 3607 1614 :
3653 1561 3787 1630 quia

2173 1651 2288 1722 ipse
2316 1652 2480 1719 dixit,
2528 1662 2583 1708 et
2611 1653 2751 1709 facta
2774 1663 2902 1710 sunt
2940 1672 2954 1710 :
2997 1654 3110 1726 ipse
3144 1655 3460 1722 mandavit,
3490 1662 3548 1711 et
3589 1662 3785 1710 creata

2172 1744 2343 1817 sunt(
2376 1743 2525 1800 Psal.
2557 1746 2754 1818 xxx").
2789 1766 2803 1799 ι

2258 1856 2277 1889 ι
2328 1836 2419 1892 Sol
2446 1838 2871 1910 illuminanspcr
2901 1840 3080 1895 omnia
3111 1840 3373 1911 respexit,
3399 1848 3453 1897 et
3474 1840 3651 1911 gloria
3677 1840 3791 1896 Do-

2181 1948 2200 1980 ‹
2237 1931 2368 1985 mini
2408 1931 2622 2002 plenum
2672 1941 2757 1988 est
2803 1947 2940 2003 opus
2964 1931 3099 2001 ejus.
3139 1952 3156 1985 ι
3196 1933 3374 1988 Solem
3410 1933 3659 2004 appellat
3690 1934 3787 1989 hic

2176 2021 2459 2076 Dominum
2493 2022 2794 2090 Christum,
2833 2023 2925 2092 qui
2964 2031 3020 2079 et
3059 2022 3240 2078 lumen
3267 2024 3553 2093 sapientize
3583 2024 3790 2078 divina:

2173 2121 2293 2177 est,
2346 2121 2401 2168 et
2454 2113 2708 2183 splendor
2747 2114 2993 2185 justitiae.
3040 2113 3117 2169 De
3165 2129 3273 2184 quo
3325 2113 3453 2168 alibi
3509 2114 3714 2185 legitur
3764 2131 3783 2167 :

2178 2222 2197 2253 ι
2227 2202 2444 2259 Orietur
2462 2204 2619 2260 vobis
2647 2204 2962 2260 timentibus
2983 2220 3181 2260 nomen
3209 2220 3390 2261 meum
3412 2204 3494 2259 sol
3517 2205 3775 2274 justitiaz,

2177 2312 2198 2345 ε
2232 2303 2287 2349 et
2310 2294 2525 2350 sanitas
2550 2295 2604 2349 in
2627 2296 2818 2365 pennis
2848 2296 2965 2366 ejus
2992 2294 3168 2369 (Mal.
3209 2310 3263 2350 ιν
3288 2293 3330 2363 ).
3369 2314 3387 2346 ι
3426 2294 3546 2366 Ipse
3571 2304 3661 2349 est
3689 2294 3785 2349 lux

2170 2401 2333 2453 vera,
2376 2401 2498 2457 qua:
2540 2387 3043 2444 illuminat-omnem
3071 2387 3344 2443 hominem
3368 2387 3685 2443 venientem
3730 2388 3788 2441 in

2173 2480 2318 2536 hunc
2347 2480 2605 2535 mundum
2638 2479 2823 2554 (Joan.
2857 2480 2910 2554 ι)
2946 2499 2958 2535 :
2986 2501 3014 2534 -ι
3043 2488 3100 2536 et
3116 2482 3305 2537 omnia
3330 2482 3625 2553 conspicit,
3648 2481 3781 2552 quia

2180 2589 2198 2621 ι
2233 2585 2339 2626 non
2400 2579 2484 2626 est
2534 2571 2640 2626 ulla
2699 2579 2949 2627 creatura
3009 2572 3295 2628 invisibilis
3361 2573 3415 2629 in
3481 2582 3786 2644 conspectu

2172 2660 2290 2731 ejus
2324 2661 2510 2733 (Hebr.
2562 2662 2656 2735 tv).
2696 2681 2714 2713 ι
2760 2661 2943 2718 Gloria
2983 2663 3128 2718 enim
3170 2661 3387 2718 Domini
3429 2661 3658 2733 plenum
3697 2671 3789 2716 est

2172 2767 2310 2821 opus
2334 2749 2481 2819 ejus,
2518 2752 2771 2821 quoniam
2797 2752 3060 2823 sapientia
3090 2751 3209 2821 ejus
3254 2752 3401 2808 lucet
3430 2752 3486 2806 in
3514 2751 3678 2806 factis
3698 2753 3786 2822 ip-

2170 2841 2494 2898 sius.IUnde
2527 2858 2625 2912 per
2640 2842 2976 2915 Pr0phetam
3010 2843 3256 2899 dicitur:
3292 2863 3310 2895 c
3350 2843 3525 2911 Quam
3560 2844 3786 2914 magni-

2173 2934 2332 2988 ﬁcata
2378 2941 2505 3011 sunt
2543 2949 2708 3003 opera
2754 2943 2865 3001 tua,
2895 2935 3155 2991 Domine!
3194 2936 3379 2992 outuia
3410 2935 3467 2991 in
3511 2935 3785 3008 sapientia

2173 3022 2349 3079 fecisti
2379 3021 2551 3096 (Psal.
2575 3039 2663 3091 xc,
2689 3024 2829 3095 cm).
2867 3046 2887 3079 ι

2801 3116 3031 3175 CAPUT
3069 3118 3155 3173 Vl.

2086 3188 2149 3252 ’θ
2180 3206 2454 3281 Sapientia
2488 3208 2837 3293 “narratfper
2867 3225 3027 3293 quam
3067 3208 3423 3293 omn-injecta
3461 3207 3614 3282 sunt)
3642 3208 3786 3281 quod

2464 3280 2635 3336 sancti
2660 3279 2756 3335 viri
2783 3279 3012 3335 narrent
3039 3280 3306 3335 mirabilia
3332 3280 3470 3350 ejus.

2252 3410 2277 3445 ι
2320 3390 2508 3447 Nonne
2546 3390 2816 3448 Dominus
2846 3392 2985 3449 fecit
3024 3404 3244 3449 sanctos
3288 3408 3551 3450 enarrare
3593 3394 3783 3448 omnia

2177 3502 2202 3534 ι
2237 3481 2508 3537 mirabilia
2555 3496 2693 3547 sua,
2737 3497 2859 3552 qua;
2898 3481 3239 3538 conﬁrmavit
3289 3484 3552 3539 Dominus
3611 3484 3786 3538 stabi-

2182 3592 2203 3626 ι
2242 3572 2326 3628 liri
2358 3573 2411 3628 in
2428 3571 2613 3643 gloria
2636 3573 2776 3628 sua?
2804 3591 2835 3626 «ι
2863 3572 3143 3640 Quomddo
3165 3574 3341 3629 sancti
3372 3583 3643 3629 enarrant
3666 3589 3785 3629 om-

2177 3663 2268 3718 nia
2293 3663 2563 3717 mirabilia
2592 3662 2710 3730 Dei,
2734 3678 2857 3719 eum
2883 3663 3059 3717 nullus
3083 3664 3155 3718 sit
3175 3664 3266 3733 qui
3288 3664 3460 3735 possit
3483 3673 3785 3733 penetrare

2176 3754 2500 3824 sapientiam
2526 3754 2656 3809 Dei?
2692 3773 2710 3806 ι
2750 3753 3321 3825 incomprehensibilia
3358 3756 3505 3811 enim
3537 3764 3669 3812 sunt
3686 3758 3777 3826 ju-

2176 3846 2316 3901 dicia
2335 3844 2471 3914 ejus,
2500 3854 2555 3901 et
2583 3846 2981 3917 investigabiles
3006 3847 3107 3902 via:
3134 3845 3253 3915 ejus
3275 3844 3449 3918 (Rom.
3474 3847 3577 3918 ιι).
3606 3865 3635 3897 ο
3668 3845 3780 3901 Sed

2176 3937 2360 3991 omnia
2401 3937 2665 3993 mirabilia
2697 3936 2815 4006 ejus
2840 3979 2856 4003 ,
2888 3953 3008 4007 qua:
3047 3938 3309 4007 agnitioni
3347 3938 3635 3992 hominum
3684 3954 3781 4009 pa-

2177 4034 2313 4092 tcnt,
2336 4042 2441 4097 per
2466 4036 2685 4084 sanctos
2711 4027 2828 4096 ejus
2856 4028 3012 4084 nobis
3044 4029 3281 4084 revelata
3309 4038 3437 4084 sunt
3460 4047 3475 4082 :
3500 4045 3627 4100 qua:
3652 4045 3779 4084 out-

2177 4119 2429 4189 nipotens
2458 4119 2604 4174 Deus
2628 4118 2835 4174 stabilis
2867 4119 2920 4173 in
2950 4118 3121 4190 gloria
3149 4135 3247 4174 sua
3266 4160 3280 4185 ,
3305 4129 3362 4174 et
3390 4134 3612 4190 semper
3630 4118 3778 4174 idem

2178 4227 2427 4278 manens,
2459 4212 2675 4282 quando
2704 4210 2911 4276 voluit,
2949 4219 3004 4266 et
3030 4212 3302 4282 quomodo
3328 4211 3537 4275 voluit,
3561 4210 3776 4265 forma-

2174 4307 2250 4361 vit
2278 4345 2293 4370 ,
2331 4314 2388 4360 et
2431 4304 2793 4360 continuavit.
2823 4302 2958 4359 iluic
2986 4304 3161 4360 simile
3196 4311 3279 4360 est
3308 4303 3438 4360 illud
3460 4304 3607 4374 quod
3635 4303 3777 4359 Pro-

2176 4396 2336 4466 pheta
2376 4396 2427 4450 in
2460 4394 2682 4466 psalmis
2725 4395 2803 4449 ait
2838 4413 2851 4448 :
2905 4413 2923 4444 ι
2961 4394 3016 4449 lu
3063 4394 3223 4450 labiis
3255 4395 3390 4449 meis
3424 4396 3776 4465 pronuntiavi

2179 4488 2361 4542 omnia
2394 4485 2598 4556 judicia
2621 4487 2734 4541 oris
2763 4485 2836 4540 tui
2867 4483 3041 4557 (I’sol.
3081 4485 3295 4555 cxvnt).
3334 4504 3352 4537 ι
3396 4486 3593 4542 Omnia
3627 4488 3777 4544 enim

2100 4555 2692 4651 I)judiciasigniﬁcat
2716 4620 2731 4644 ,
2768 4555 2886 4649 quai
2930 4579 3131 4649 scripta
3171 4578 3254 4633 vel
3300 4578 3443 4633 dicta
3470 4589 3619 4633 sunt.
3660 4577 3777 4634 Ce-

2182 4682 2358 4727 terum
2401 4672 2783 4728 universalitcr
2826 4689 2932 4726 non
2980 4680 3157 4742 potest
3200 4672 3577 4742 pronuntiari,
3629 4672 3775 4743 quod

2180 4767 2324 4822 nulla
2355 4766 2547 4822 notitia
2576 4766 2834 4837 praevalet
2857 4765 3186 4837 apprehendi
3207 4806 3223 4831 ,
3249 4766 3390 4821 sicut
3413 4765 3467 4820 in
3496 4765 3607 4820 alio
3631 4764 3777 4835 psal-

2180 4873 2271 4913 mo
2307 4858 2511 4913 dictum
2539 4868 2661 4913 est:
2712 4875 2730 4909 ι
2772 4856 2984 4913 Iudicia
3017 4866 3108 4911 tua
3135 4856 3364 4928 abyssus
3398 4854 3568 4911 multa
3593 4853 3771 4928 (Paci.

2182 4948 2371 5021 xxxv).
2418 4970 2437 5003 ι
2487 4949 2624 5006 liinc
2667 4950 2782 5020 ipse
2828 4950 3088 5006 Dominus
3121 4950 3372 5020 passione
3412 4950 3591 5005 vicina
3634 4949 3775 5004 dixit

2177 5042 2435 5113 apostolis
2462 5057 2477 5097 :
2511 5060 2530 5094 ι
2561 5041 2676 5097 Non
2703 5042 2885 5098 omnia
2914 5041 3025 5097 dixi
3050 5043 3200 5098 vobis
3222 5041 3404 5115 (Joan.
3438 5041 3605 5113 ιω.»
3631 5044 3775 5110 Qua-

2177 5143 2401 5204 propter
2429 5134 2728 5206 ﬁguraliter
2764 5150 2865 5205 pro
2889 5144 3044 5205 parte
3086 5135 3286 5190 dicitur
3309 5137 3510 5201 totutn’,
3543 5134 3689 5205 quod
3717 5135 3768 5191 in

2181 5223 2480 5296 Scripturis
2510 5225 2709 5281 divinis
2730 5224 3041 5295 frequenter
3065 5234 3280 5281 constat
3298 5226 3577 5282 effectum.

2257 5336 2274 5368 ι
2310 5317 2579 5389 Abyssum
2621 5327 2676 5373 et
2722 5334 2818 5374 cor
2872 5318 3149 5372 hominum
3199 5319 3563 5390 investigarit,
3613 5327 3671 5375 et
3712 5318 3764 5373 in

2185 5427 2204 5460 ι
2240 5409 2443 5464 astucia
2476 5408 2686 5463 illorum
2727 5409 3075 5479 excogitavit.
3113 5430 3134 5463 ι
3170 5409 3450 5482 Sapientia
3490 5426 3622 5481 ergo
3647 5411 3767 5480 Dei,

2179 5516 2300 5571 qua:
2341 5507 2426 5556 est
2470 5499 2740 5567 Christus,
2776 5499 3196 5571 profunditatem
3231 5502 3379 5558 novit
3414 5501 3765 5558 consiliorum

2181 5591 2299 5655 Dei,
2324 5600 2381 5647 et
2403 5590 2643 5647 diversos
2674 5599 2932 5648 tractatus
2955 5592 3133 5649 cordis
3158 5593 3381 5649 humani
3416 5592 3531 5664 ipse
3556 5603 3768 5649 scruta-

2182 5695 2290 5750 tur,
2327 5683 2750 5754 sicutscriptum
2797 5692 2884 5739 est
2929 5698 2945 5738 :
2994 5684 3257 5741 Scrutans
3304 5684 3468 5741 corda
3512 5693 3568 5741 et
3608 5696 3769 5742 renes

2127 5801 2134 5808 ’
2182 5778 2323 5832 Deus
2348 5774 2366 5846 (
2394 5773 2540 5830 Psal.
2570 5775 2671 5845 vn)
2707 5792 2720 5829 :
2761 5794 2780 5827 ι
2812 5775 3069 5846 quoniam
3098 5794 3114 5831 ε
3147 5795 3166 5829 ι
3198 5776 3350 5834 Sicut
3379 5774 3576 5832 Filium
3601 5788 3769 5832 nemo
