4030 6466
278 400 424 460 1069

1135 390 1489 450 COMMENT.
1529 388 1597 444 IN
1634 379 2245 444 ECCLESIASTICUM.
2284 409 2355 419 —-
2394 374 2527 432 LIB.
2568 373 2661 429 IX.

3390 369 3413 425 Ι
3426 368 3532 426 070

270 513 426 571 novit
444 510 547 567 nisi
572 508 755 572 Pater,
781 507 1057 575 ita'neque
1079 504 1298 558 Patrem
1319 502 1441 571 quis
1463 500 1615 557 novit
1636 498 1738 553 nisi
1762 495 1850 550 Fi-
1879 498 1925 556 Α
1954 492 2127 562 ipsum
2155 497 2464 559 permanet;
2493 502 2612 557 quae
2653 484 2833 540 futura
2870 490 3030 547 sunt,
3052 480 3166 553 jam
3200 478 3451 548 fuerunt;
3480 491 3535 538 et

272 608 398 671 lius,
427 613 482 661 et
502 604 593 659 cui
612 599 843 657 vdluerit
862 598 1033 654 Filius
1052 596 1292 652 revelare
1315 593 1530 667 (Matth.
1560 590 1659 663 XI).
1691 610 1710 644 ι
1743 589 1853 643 Nec

268 697 439 753 etiam
468 693 705 765 Spiritus
724 697 942 747 sanctus
964 688 1033 743 ab
1061 689 1163 743 hac
1188 686 1427 756 potentia
1455 682 1740 752 excipitur.
1777 679 1853 733 De

268 804 381 861 quo
405 787 667 858 scriptum
686 791 772 839 est
799 800 813 836 :
850 801 868 833 (
899 780 1133 852 Spiritus
1150 777 1333 833 omnia
1360 783 1657 839 scrutatur,
1688 771 1852 828 etiam

256 881 539 956 profunda
560 879 656 934 Dei
677 877 729 951 (Ι
760 875 882 931 Cor.
907 874 990 946 ιι).
1022 893 1039 924 ι
1073 871 1200 927 Sola
1227 870 1374 926 enim
1397 874 1585 924 saneta
1614 864 1854 920 Trinitas

255 981 415 1036 ‘Dcus
461 975 805 1046 omnipotens
842 969 1190 1040 semetipsum
1229 979 1327 1035 per
1363 962 1547 1019 omnia
1591 960 1760 1023 novit,
1800 964 1855 1012 et

258 1088 488 1131 omnem
532 1067 818 1125 scientiam
856 1064 971 1136 ipse
1003 1055 1435 1131 comprehendit.
1472 1054 1549 1109 De
1582 1067 1691 1124 quo
1722 1050 1851 1106 sub-

262 1164 533 1236 iungitur.

255 1264 261 1270 '
346 1275 365 1305 ε
404 1250 669 1323 Cognovit
707 1249 853 1305 enim
887 1246 1147 1303 Dominus
1194 1259 1412 1301 omnem
1454 1241 1769 1304 scientiam,
1800 1245 1857 1293 et

264 1364 296 1398 4
326 1343 563 1415 inspexit
589 1343 642 1396 in
670 1341 882 1411 signum
916 1339 1038 1403 aevi,
1064 1338 1394 1392 annuntians
1424 1349 1544 1405 quae
1568 1330 1850 1404 praeterie-

256 1458 295 1492 ι(
327 1446 450 1494 runt
474 1479 490 1502 ,
519 1444 573 1491 et
600 1450 718 1505 qua:
744 1440 1135 1503 superventura
1165 1437 1325 1494 sunt,
1357 1425 1606 1482 revelans
1634 1421 1855 1493 vestigia

272 1550 294 1580 ι
330 1527 683 1583 occultorum.
724 1523 840 1578 Non
880 1521 1123 1592 praeterit
1155 1519 1305 1573 illum
1348 1517 1527 1572 omnis
1560 1514 1854 1585 cogitatus,

205 1606 213 1614 ’
254 1628 296 1675 ’‹
334 1630 389 1677 et
424 1635 530 1675 non
572 1616 853 1673 abscondit
891 1629 949 1669 se
981 1614 1052 1668 ab
1090 1627 1156 1667 eo
1186 1611 1325 1666 ullus
1351 1624 1550 1664 sermo.
1590 1628 1608 1659 ι
1636 1606 1859 1677 Inspicit

258 1713 415 1767 enim
456 1708 712 1765 Dominus
749 1707 807 1761 in
847 1706 1062 1775 signum
1108 1702 1230 1766 mvi,
1274 1701 1400 1771 quia
1435 1714 1626 1756 omnes
1667 1704 1857 1762 aetates

269 1802 455 1857 mundi
482 1808 588 1854 tam
614 1797 901 1868 praeterita:
928 1809 1092 1864 quam
1117 1792 1279 1848 etiam
1309 1795 1604 1861 praesentes
1629 1787 1744 1843 sive
1770 1784 1859 1840 fu-

1952 585 2096 641 Deus
2122 583 2406 645 instaurat,
2434 579 2575 649 quod
2603 578 2757 634 abiit.
2788 576 2932 631 Nihil
2960 583 3045 630 est
3072 574 3126 629 in
3162 574 3362 629 mundo
3390 575 3537 645 quod

1950 689 2151 730 novum
2182 672 2255 727 sit
2281 689 2294 724 :
2323 670 2453 727 solis
2476 683 2701 733 cursus,
2730 673 2783 721 et
2816 666 2953 720 fume
2982 665 3152 731 vices,
3179 672 3234 719 et
3260 671 3418 719 terrae
3443 678 3533 718 ar-

1954 766 2254 834 borumque
2294 761 2540 825 siccitas,
2571 757 2657 813 vel
2689 758 2856 823 viror,
2889 771 3011 811 cum
3043 756 3157 826 ipso
3183 754 3382 811 mundo
3411 764 3540 810 nata

1954 864 2082 911 sunt
2108 862 2272 924 atque
2296 858 2619 917 conereata;
2651 856 2707 902 et
2739 847 2942 903 idcirco
2973 846 3116 901 Dcus
3143 853 3291 901 certa
3328 844 3541 899 ratione

1952 955 2149 1003 cuneta
2178 944 2491 999 moderatus
2518 952 2622 1008 est,
2653 948 2707 996 et
2728 939 2891 1009 jussit
2917 939 3182 994 elementa
3211 938 3450 1004 servire,
3481 946 3544 994 ut

1955 1037 2200 1113 homines
2239 1036 2354 1091 haec
2379 1034 2655 1098 videntes,
2687 1029 2992 1101 intelligant
3028 1029 3452 1099 providentiam,
3487 1037 3544 1084 et

1955 1127 2183 1183 timeant
2206 1142 2241 1181 a
2270 1125 2408 1181 facie
2435 1124 2552 1188 Dei,
2581 1123 2705 1178 dum
2733 1137 2802 1176 ex
2834 1136 3013 1174 rerum
3044 1119 3326 1189 qualitate,
3353 1134 3541 1186 cursu,

1946 1221 2167 1287 ordine,
2198 1228 2359 1290 atque
2384 1217 2709 1282 constantia,
2743 1213 3048 1285 intelligunt
3076 1220 3396 1268 creatorem.
3500 1198 3505 1209 ”

2032 1333 2050 1365 ‹
2089 1312 2283 1369 Omnia
2305 1311 2558 1382 duplicia,
2583 1324 2749 1364 unum
2778 1315 2965 1361 contra
2987 1321 3173 1371 unum,
3202 1313 3256 1359 et
3280 1320 3388 1359 non
3417 1302 3547 1357 fecit

1962 1428 1981 1460 ι
2019 1406 2312 1478 quidquam
2342 1404 2531 1459 deesse
2563 1421 2577 1455 :
2616 1398 3045 1469 uniuscujusque
3076 1394 3418 1452 confirmavit
3450 1393 3547 1473 ho-

1962 1519 1982 1551 (
2019 1514 2106 1553 na.
2140 1517 2159 1550 ι
2190 1496 2451 1553 Conditor
2486 1494 2631 1550 enim
2672 1491 3044 1547 universitatis
3085 1490 3154 1544 ita
3187 1487 3368 1544 omnia
3401 1486 3548 1541 ordi-

1959 1588 2109 1646 navit
2154 1597 2315 1657 atque
2359 1585 2658 1656 disposuit,
2702 1591 2762 1637 tit
2804 1598 2924 1652 quae
2964 1582 3109 1635 inter
3142 1595 3201 1636 se
3235 1579 3549 1635 viderentur

1956 1695 2080 1737 esse
2109 1679 2337 1743 diversa,
2373 1676 2427 1731 in
2458 1675 2684 1730 invicem
2710 1673 2813 1728 sibi
2842 1671 3210 1727 convenirent.
3236 1669 3388 1725 Unde
3414 1682 3549 1739 qua-

1961 1782 2084 1828 tuor
2114 1771 2382 1827 elementa
2419 1767 2545 1823 licet
2584 1765 2651 1820 ab
2686 1765 2915 1821 invicem
2940 1764 3120 1834 aliquo
3151 1762 3311 1818 modo
3341 1761 3550 1817 discre-

264 1905 427 1958 turm,
478 1892 530 1945 in
572 1855 858 1961 praesentia
897 1855 1016 1954 ejus
1065 1891 1230 1948 sunt,
1267 1855 1484 1952 quando
1528 1880 1671 1950 apud
1706 1878 1857 1932 iuum
1886 1856 1934 1917 Β
1961 1874 2123 1936 pent,
2165 1879 2272 1919 non
2320 1872 2498 1918 tamen
2541 1860 2762 1915 omnino
2802 1858 3095 1960 dissident,
3138 1857 3231 1961 sed
3272 1855 3553 1927 aptissime

264 1987 403 2041 nihil
436 1982 790 2055 pratteritum,
822 1978 953 2033 nihil
976 1977 1217 2032 futurum
1248 1982 1365 2035 est,
1395 1973 1492 2028 sed
1513 1972 1695 2026 omnia
1721 1986 1859 2042 pue-

264 2078 575 2133 scntialiter
622 2075 786 2131 videt.
830 2073 951 2143 Ipse
989 2070 1139 2126 solus
1185 2068 1392 2123 revelat
1435 2064 1714 2137 mysteria,
1766 2063 1858 2135 qui

267 2168 373 2223 scit
401 2165 733 2238 singulorum
758 2163 955 2227 corda;
987 2174 1088 2216 nec
1110 2158 1251 2213 ullus
1270 2165 1396 2211 ante
1411 2170 1535 2211 eum
1558 2167 1744 2209 sermo
1763 2166 1857 2206 oc-

264 2260 467 2317 cultari
488 2266 683 2330 potest,
713 2256 797 2312 vel
817 2256 987 2310 latere
1012 2252 1310 2324 cogitatus,
1345 2250 1472 2321 quia
1502 2248 1686 2305 omnia
1712 2246 1859 2302 nuda

268 2362 330 2409 et
358 2360 544 2423 aperta
568 2359 696 2405 sunt
723 2349 896 2404 oculis
919 2347 1056 2418 ejus.

347 2462 367 2495 ‹
401 2441 661 2514 Magnalia
693 2438 974 2511 sapientiae
1007 2452 1118 2493 sua:
1145 2433 1462 2499 decoravit,
1497 2431 1593 2504 qui
1619 2441 1709 2486 est
1735 2437 1860 2484 ante

274 2556 296 2588 ι
333 2537 590 2592 saeculum
613 2576 631 2601 ,
662 2541 715 2588 et
736 2546 909 2603 usque
933 2532 986 2585 in
1018 2529 1296 2591 smculum,
1324 2542 1426 2583 nec
1453 2526 1724 2597 adjectum
1752 2530 1857 2588 est,

267 2645 297 2677 ‹
336 2642 437 2682 nec
473 2626 766 2692 minuitur,
796 2632 850 2679 et
875 2638 979 2678 non
997 2630 1125 2694 eget
1150 2618 1377 2689 alicujus
1405 2618 1650 2675 consilio.
1691 2636 1710 2670 ι
1750 2615 1863 2670 Ma-

248 2718 449 2791 ‘gnalia
493 2716 771 2788 sapientiae
810 2730 924 2770 smn
966 2714 1109 2769 Deus
1148 2710 1456 2776 decoravit,
1506 2708 1722 2779 quando
1762 2721 1862 2777 per

264 2809 572 2882 Pmphetas
616 2815 674 2863 et
718 2806 990 2878 apostolos
1037 2810 1445 2860 sacramentum
1496 2798 1707 2856 consilii
1753 2797 1857 2863 sui,

261 2900 417 2970 quod
457 2914 490 2954 a
526 2897 740 2953 saaculis
770 2904 826 2952 et
859 2894 1301 2967 generationibus
1322 2890 1426 2946 fuit
1453 2887 1855 2952 absconditum,

268 2988 523 3044 fidelibus
551 2986 664 3042 suis
690 2984 968 3040 revelavit.
997 2983 1115 3053 Ipse
1138 2982 1284 3037 enim
1312 2988 1397 3035 est
1426 2987 1554 3034 ante
1573 2991 1783 3041 omnes,
1805 2983 1863 3031 et

265 3086 394 3148 post
423 3090 632 3140 omnes,
665 3089 767 3130 nec
795 3074 1072 3144 sapientia:
1092 3072 1209 3141 ejus
1243 3070 1446 3141 aliquid
1474 3068 1634 3139 adjici
1660 3076 1857 3138 potest,

262 3168 366 3224 sed
390 3183 491 3222 nec
523 3166 688 3222 etiam
728 3165 934 3231 minui;
983 3178 1160 3234 neque
1186 3171 1310 3233 eget
1343 3159 1573 3231 alicujus
1608 3160 1855 3223 consilio,

263 3257 427 3327 cujus
470 3256 696 3312 consilio
744 3255 994 3310 universa
1035 3254 1355 3310 subsistunt.
1403 3271 1422 3304 ι
1473 3252 1742 3321 Quoniam
1790 3266 1859 3308 ex

270 3348 411 3420 ipso,
447 3356 505 3404 et
529 3363 626 3417 per
654 3348 854 3419 ipsum,
883 3356 938 3401 ct
965 3346 1018 3400 in
1047 3346 1164 3417 ipso
1189 3353 1315 3401 sunt
1346 3345 1552 3402 omnia.
1588 3365 1608 3399 ι

873 3457 1103 3516 CAPUT
1144 3458 1251 3514 V'II.

268 3546 416 3601 Laus
452 3547 986 3632 uniuersitatisaqum
1018 3565 1110 3629 per
1136 3547 1478 3632 qug'lentiani
1498 3547 1642 3629 facta
1666 3555 1777 3632 est,
1812 3556 1863 3601 et

341 3635 439 3689 per
469 3619 678 3689 verbum
720 3627 768 3672 et
807 3617 1048 3673 unum
1074 3617 1147 3673 in
1184 3617 1387 3673 Filium
1430 3617 1648 3685 Patris,
1695 3617 1863 3673 Deum

246 3748 253 3752 ,
344 3688 486 3758 apud
520 3688 712 3755 Deum,
748 3701 925 3743 creata
950 3699 1046 3744 est.

345 3823 367 3855 ε
399 3803 573 3872 Quam
591 3802 969 3858 desiderabilia
984 3802 1167 3858 omnia
1187 3817 1353 3875 opera
1376 3801 1509 3873 ejus,
1528 3810 1583 3857 et
1602 3808 1862 3872 tanquam

275 3918 297 3952 ι
328 3897 585 3963 scintilla,
608 3912 770 3967 quam
792 3905 877 3953 est
892 3896 1260 3955 considerare.
1293 3916 1311 3948 ι
1347 3896 1541 3954 Omnia
1577 3910 1742 3967 Opera
1769 3893 1864 3950 Dei

270 3998 401 4044 sunt
435 3987 815 4042 desiderabilia
870 3987 1126 4057 quoniam
1161 3985 1402 4056 perfecta
1444 4004 1459 4041 :
1492 3987 1702 4056 dequo
1737 3984 1868 4039 scri-

270 4089 426 4150 ptum
446 4086 530 4133 est
551 4094 565 4131 :
594 4097 612 4128 ι
645 4076 814 4149 Igitur
830 4076 1057 4147 perfecti
1078 4085 1203 4132 sunt
1220 4076 1342 4132 ρωΙί
1361 4084 1417 4132 et
1432 4085 1598 4142 terra,
1616 4083 1670 4130 et
1690 4074 1867 4130 omnis

272 4181 502 4226 ornatus
518 4184 727 4234 eorum,
742 4177 799 4224 et
812 4168 942 4224 vidit
958 4168 1100 4223 Deus
1115 4177 1309 4224 cuncta
1332 4183 1451 4237 qua:
1475 4167 1620 4231 fecit,
1637 4176 1691 4221 et
1712 4172 1868 4221 erant

246 4261 431 4316 -valde
462 4262 602 4316 bona
629 4260 783 4331 (Gen.
812 4261 897 4331 ιι).
938 4278 956 4310 ι
988 4260 1119 4326 Quae
1144 4267 1400 4329 tanquam
1429 4257 1716 4314 scintillam
1741 4271 1869 4311 con-

276 4353 610 4418 sideramus,
643 4351 770 4421 quia
805 4351 893 4405 vix
934 4350 1169 4421 aliquam
1201 4366 1425 4420 parvam
1457 4348 1706 4404 notitiam
1746 4347 1869 4403 inde

274 4448 625 4519 percipimus.
649 4446 765 4502 Non
794 4455 974 4515 potest
994 4446 1140 4500 enim
1163 4444 1398 4498 humana
1423 4441 1709 4496 infirmitas
1737 4455 1867 4510 ope-

275 4557 397 4597 rum
437 4534 532 4596 Dei
570 4540 994 4611 magnitudinem
1038 4547 1094 4593 et
1130 4537 1517 4608 perfectionem
1558 4543 1864 4605 penetrare,

274 4648 342 4688 ac
368 4647 463 4703 per
489 4632 671 4687 omnia
698 4632 856 4697 scire,
881 4632 1135 4702 quoniam
1160 4631 1235 4687 illi
1262 4630 1362 4687 soli
1391 4631 1509 4686 hmo
1531 4644 1692 4685 nosse
1716 4644 1864 4684 com-

272 4726 447 4796 petit,
490 4725 582 4794 qui
629 4725 922 4780 secundum
965 4724 1244 4794 sapientia:
1284 4739 1396 4779 sum
1436 4721 1863 4794 magnitudinem

272 4827 473 4873 cuncta
497 4824 746 4887 potenter
772 4816 997 4871 creavit.
1132 4882 1151 4908 γ
1588 4870 1593 4881 ,

354 4930 373 4961 ι
410 4909 603 4964 Omnia
630 4908 746 4963 haec
770 4907 959 4962 vivunt
992 4916 1048 4962 et
1074 4903 1295 4962 manent
1325 4905 1380 4960 in
1409 4905 1697 4971 saeculum;
1727 4912 1784 4959 et
1807 4903 1864 4959 in

282 5022 302 5054 ι
339 4998 485 5055 omni
514 4998 839 5053 necessitate
865 4997 1048 5053 omnia
1077 4997 1333 5054 obediunt
1360 4996 1431 5052 ei.
1471 5015 1491 5047 ι
1533 4993 1723 5050 Omnia
1753 4993 1861 5049 sci-

278 5092 409 5147 licet
434 5090 665 5145 creatori
691 5105 789 5150 suo
818 5089 1006 5144 vivunt
1028 5097 1085 5146 et
1113 5097 1334 5143 manent
1363 5087 1417 5141 in
1441 5085 1715 5150 smeulum,
1742 5084 1867 5154 quia

281 5183 419 5240 nihil
446 5182 520 5238 illi
547 5182 741 5251 periet,
763 5182 850 5237 cui
876 5182 1057 5237 omnia
1081 5181 1370 5251 prmsentia
1395 5188 1552 5235 erant
1575 5186 1869 5247 antequam

278 5291 345 5332 ea
376 5282 587 5330 crearet
625 5292 641 5328 :
678 5283 733 5329 et
766 5274 822 5329 in
863 5274 1012 5331 omni
1055 5273 1380 5329 necessitate
1418 5272 1468 5327 ei
1505 5278 1701 5327 cuneta
1741 5270 1871 5325 obe-

280 5368 465 5431 diunt,
495 5365 620 5435 quia
651 5384 668 5417 ‹
705 5366 758 5420 in
794 5364 1071 5421 voluntate
1103 5364 1220 5436 ejus
1243 5364 1494 5419 universa
1519 5371 1646 5419 sunt
1671 5361 1867 5433 posita,

279 5469 338 5516 et
364 5474 469 5513 non
501 5467 586 5513 est
614 5458 705 5528 qui
732 5457 905 5528 possit
931 5456 1190 5513 resistere
1216 5456 1479 5514 voluntati
1504 5456 1639 5525 ejus.
1675 5476 1693 5508 ι
1731 5454 1868 5511 Hinc

257 5566 382 5624 per
407 5550 751 5605 Salomonem
782 5549 976 5604 dicitur
1004 5567 1016 5602 :
1054 5568 1074 5601 ί
1119 5548 1292 5604 Didici
1318 5548 1460 5618 quod
1489 5547 1671 5604 omnia
1703 5560 1867 5615 opera

281 5657 407 5713 quae
442 5639 569 5694 fecit
604 5639 775 5704 Deus,
818 5647 1168 5710 perseverant
1207 5638 1262 5692 in
1301 5645 1620 5708 perpetuum
1666 5633 1867 5707 (Eccle.

284 5734 391 5805 ιιι).
427 5752 446 5785 ι
479 5731 593 5787 Non
636 5747 923 5803 possumus
953 5732 1038 5789 his
1070 5728 1368 5801 quidquam
1409 5728 1607 5784 addere
1642 5742 1745 5783 nec
1769 5742 1870 5782 au-

285 5827 429 5882 ferre
453 5835 573 5895 quae
599 5822 727 5883 fecit
752 5825 915 5891 Deus,
936 5833 1005 5881 ut
1028 5824 1282 5880 timeatur
1315 5840 1329 5876 :
1357 5819 1502 5893 quod
1537 5817 1743 5877 factum
1764 5824 1868 5884 est,

1959 1957 2263 2022 colum-ent;
2294 1953 2543 2010 similiter
2570 1960 2624 2007 et
2652 1957 2885 2020 quatuor
2911 1947 3315 2003 vicissitudines
3343 1955 3549 2017 tempo-

1959 2064 2080 2103 rum
2118 2047 2173 2101 in
2202 2036 2555 2117 qualitatibus
2595 2041 2707 2099 suis
2743 2042 2884 2096 inter
2913 2055 2972 2096 se
2999 2041 3293 2105 distantes,
3333 2040 3387 2093 in
3424 2038 3552 2093 anni

1961 2157 2123 2197 cursu
2166 2139 2449 2210 aptissime
2489 2135 2593 2192 sibi
2639 2144 2765 2192 sunt
2804 2134 3228 2199 concordantes,
3278 2147 3401 2188 cum
3448 2132 3553 2187 hoc

1959 2232 2228 2304 quod'per
2255 2232 2537 2286 humorem
2561 2228 2705 2284 veris
2725 2228 2991 2294 exoritur,
3011 2242 3110 2298 per
3128 2225 3366 2281 calorem
3391 2232 3554 2280 msta-

1959 2326 2032 2381 tis
2062 2322 2349 2389 excrescit,
2380 2337 2482 2392 per
2509 2320 2813 2377 siceitatem
2838 2318 3084 2374 autumni
3110 2315 3451 2381 maturescit,
3477 2323 3557 2370 at-

1959 2433 2066 2490 que
2095 2431 2194 2488 per
2225 2415 2399 2487 frigus
2434 2412 2630 2468 hiemis
2657 2411 2947 2477 decrescit,
2979 2418 3040 2464 ut
3068 2409 3265 2464 iterum
3291 2408 3356 2462 ad
3387 2406 3556 2461 futuri

1960 2511 2090 2567 anni
2130 2511 2339 2564 fructus
2371 2505 2726 2583 proferendos
2757 2512 2903 2559 terra
2945 2509 3303 2574 prteparetur.
3331 2499 3466 2555 Nam
3499 2508 3558 2555 et

1959 2600 2139 2656 vitalis
2176 2607 2430 2655 creatura
2471 2605 2635 2667 atque
2677 2593 2977 2665 corporalis
3016 2594 3096 2649 sic
3144 2592 3203 2648 in
3243 2605 3408 2663 opere
3457 2591 3557 2647 Dei

1956 2684 2403 2757 concordant,ut
2424 2702 2623 2758 corpus
2648 2687 2885 2741 animam
2914 2693 3106 2756 gestet,
3140 2691 3197 2740 et
3223 2684 3405 2740 anima
3430 2698 3556 2738 cor-

1958 2798 2060 2854 pus
2089 2789 2335 2852 vegetet,
2357 2794 2425 2835 ne
2452 2777 2760 2848 conjunctio
2785 2776 3122 2832 nobilissima
3147 2774 3327 2847 aliqua
3356 2773 3560 2837 discor-

1958 2872 2049 2929 dia
2085 2873 2396 2945 dissipetur.
2439 2868 2876 2939 Uniuscujusque
2909 2881 3038 2937 ergo
3070 2874 3291 2922 creator
3319 2865 3559 2936 optimus

1959 2965 2249 3022 confirmat
2268 2965 2429 3030 bona,
2459 2970 2514 3018 et
2535 2962 2603 3018 ad
2628 2976 2845 3017 omnem
2867 2958 3265 3031 iucunditatem
3288 2956 3419 3011 facit
3439 2972 3561 3016 esse

1960 3057 2279 3122 utilissima;
2314 3061 2644 3127 quapropter
2678 3051 2767 3106 hic
2800 3052 2885 3106 vir
2913 3048 3347 3121 sapientissimus
3370 3047 3559 3103 obstu-

1959 3162 2189 3219 pescens
2230 3147 2284 3202 in
2323 3144 2682 3200 admiratione
2727 3155 2953 3211 operum
2998 3139 3126 3206 Dei,
3176 3139 3400 3211 gloriam
3441 3138 3561 3209 ejus

1967 3237 2387 3295 inenarrabilem
2408 3277 2427 3304 ,
2453 3244 2508 3293 et
2534 3234 2874 3290 dulcedinem
2906 3230 3337 3287 inmstimabilem
3365 3230 3558 3286 subse-

1965 3330 2172 3402 quitur,
2200 3328 2386 3384 dicens
2416 3346 2429 3381 :

2040 3437 2059 3469 ‹
2094 3417 2161 3472 Et
2183 3416 2303 3488 quis
2324 3417 2610 3473 satiabitur
2626 3416 2816 3473 videns
2840 3407 3066 3485 gloriam
3087 3413 3239 3483 ejus?
3271 3432 3289 3462 ι
3316 3413 3558 3466 Satietas

1962 3510 2109 3564 enim
2137 3510 2238 3565 ista
2266 3525 2373 3565 non
2405 3507 2680 3563 fastidium
2707 3514 2950 3579 generat,
2979 3505 3075 3559 sed
3106 3501 3433 3559 desiderium
3461 3515 3561 3557 ex-

1948 3600 2117 3675 rcitat,
2145 3608 2200 3656 et
2229 3607 2432 3670 quanto
2458 3599 2579 3670 quis
2601 3597 2719 3670 ejus
2751 3595 3100 3653 refectionem
3129 3591 3379 3665 percipit,
3410 3598 3561 3646 tanto

1966 3690 2139 3762 magis
2170 3690 2224 3745 in
2254 3687 2371 3760 ejus
2393 3704 2633 3745 amorem
2658 3687 2985 3743 exardescit.
3012 3685 3166 3751 Unde
3192 3684 3306 3756 ipsa
3328 3682 3563 3754 Sapien-

1967 3786 2041 3841 tia
2081 3785 2134 3839 in
2181 3784 2286 3840 hoc
2326 3783 2517 3839 eodem
2554 3782 2695 3838 libro
2737 3781 2984 3853 superius
3008 3779 3101 3834 'ait
3138 3796 3151 3833 :
3192 3800 3209 3829 ε
3254 3777 3355 3845 Qui
3396 3777 3564 3833 edunt

1966 3890 2076 3944 me,
2101 3877 2280 3931 adhuc
2307 3874 2554 3931 esuriens
2581 3893 2595 3927 :
2628 3882 2683 3930 et
2706 3874 2798 3944 qui
2826 3872 3019 3928 bibunt
3047 3885 3155 3936 me,
3182 3868 3357 3923 adhuc
3377 3867 3565 3922 sitient

1968 3967 2157 4040 (Eccli.
2187 3967 2396 4039 χειή.»
2432 3966 2633 4022 Beatus
2659 3966 2753 4037 qui
2790 3965 2844 4019 in
2879 3965 2981 4020 hac
3009 3963 3259 4019 satietate
3297 3960 3558 4032 repletur,

1966 4059 2225 4130 quoniam
2260 4058 2438 4112 anima
2481 4055 2600 4125 ejus
2643 4056 2696 4110 in
2741 4055 2911 4127 gloria
2944 4063 3147 4110 aeterna
3186 4067 3308 4107 cum
3356 4048 3563 4107 sanctis

1968 4151 2174 4222 angelis
2201 4150 2320 4206 sine
2350 4149 2456 4204 fine
2482 4148 2774 4203 laetabitur.

2040 4238 2191 4312 (Car.
2232 4236 2412 4309 xuii.)
2459 4255 2478 4289 ι
2525 4235 2839 4291 Altitudinis
2880 4233 3282 4288 firmamentum
3325 4230 3565 4302 pulchri-

1976 4351 1995 4384 ε
2034 4332 2164 4386 tudo
2193 4327 2328 4399 ejus,
2363 4327 2571 4399 species
2602 4327 2724 4383 σαὶιί
2751 4327 2804 4381 in
2829 4326 3037 4381 visione
3058 4324 3261 4395 gloriae.
3302 4340 3321 4373 ι
3352 4321 3563 4377 Artifex

1970 4439 2100 4497 ergo
2129 4422 2289 4493 hujus
2313 4423 2495 4494 operis
2520 4420 2875 4477 historialiter
2896 4418 3165 4474 narrando
3191 4417 3285 4472 Dei
3308 4417 3567 4487 praedicat

1972 4529 2304 4582 creaturam,
2354 4514 2448 4569 sed
2488 4512 2643 4583 juxta
2684 4512 3003 4583 mysterium
3052 4507 3462 4566 convenientius
3508 4506 3564 4561 in

1971 4607 2215 4663 Ecclesia
2257 4606 2353 4660 Dei
2388 4620 2547 4675 opem
2590 4604 2863 4661 collaudat
2903 4603 3161 4659 divinam.
3211 4599 3564 4655 Pulchritudo

1971 4714 2100 4770 ergo
2137 4699 2462 4753 ﬁrmamenti
2503 4712 2599 4767 per
2648 4696 2948 4751 claritatem
2988 4695 3226 4751 siderum
3265 4692 3565 4763 potentiam

1970 4793 2204 4848 ostendit
2231 4788 2515 4857 creatoris,
2544 4790 2636 4846 sed
2664 4789 3015 4859 multiplicius
3039 4788 3202 4842 decor
3230 4784 3485 4840 Ecclesia:
3507 4783 3563 4837 iu

1970 4884 2261 4939 virtutibus
2296 4893 2351 4939 et
2395 4884 2449 4938 in
2492 4881 2770 4937 miraculis
2822 4890 3133 4936 sanctorum
3182 4875 3563 4932 excellentiam

1972 4976 2286 5031 manifestat
2332 4974 2751 5046 Redemptoris,
2803 4974 2928 5042 quia
2973 4973 3087 5042 ipse
3135 4968 3281 5025 solus
3328 4976 3565 5023 aeternus

1973 5068 2261 5139 Splendore
2299 5082 2396 5121 suo
2438 5066 2674 5121 illustrat
2712 5065 3024 5128 credentes,
3057 5069 3113 5116 et
3148 5061 3343 5115 ardore
3370 5056 3564 5127 judicii

1973 5162 2056 5217 sui
2080 5161 2269 5231 puniet
2292 5168 2627 5230 peccatores.
2664 5158 2741 5213 De
2768 5172 2876 5228 quo
2905 5154 3265 5228 subjungitur.

2050 5276 2069 5308 ι
2105 5254 2199 5310 Sol
2225 5255 2278 5309 in
2307 5262 2526 5325 aspectu
2557 5251 2887 5307 annuntians
2915 5249 2967 5303 in
2997 5247 3179 5311 exitu,
3206 5260 3301 5299 vas
3327 5242 3562 5299 admira-

1978 5370 1997 5401 ί
2032 5349 2141 5406 bile
2169 5363 2306 5419 Opus
2341 5345 2575 5402 Execlsi.
2609 5344 2669 5399 In
2703 5342 3003 5399 meridiano
3028 5345 3219 5394 exuret
3247 5346 3478 5403 terram,
3508 5345 3564 5391 et

1977 5468 1995 5499 ι
2032 5446 2087 5500 in
2127 5452 2421 5514 conspectu
2463 5439 2674 5496 ardoris
2714 5437 2830 5507 ejus
2861 5436 2983 5507 quis
3016 5433 3215 5505 poterit
3255 5431 3561 5487 sustinere?

1978 5557 1996 5589 ι
2034 5537 2333 5592 Fornacem
2376 5532 2684 5588 custodiens
2721 5530 2773 5584 in
2806 5527 3059 5599 operibus
3094 5523 3301 5580 ardoris
3334 5541 3349 5577 :
3382 5521 3559 5597 tripli-

1978 5650 1995 5681 ι
2031 5627 2166 5683 eitcr
2192 5624 2273 5680 sol
2299 5639 2533 5679 exurens
2568 5629 2810 5685 montes,
2852 5617 3029 5672 radios
3058 5616 3244 5686 igneos
3271 5609 3560 5667 exsuﬂlans

1977 5738 1996 5771 ι
2034 5726 2091 5773 et
2122 5715 2424 5785 refulgens,
2453 5712 2620 5767 radiis
2646 5712 2886 5767 obcaecat
2913 5705 3117 5763 oculos.
3159 5724 3177 5756 ι
3213 5702 3303 5757 Sol
3335 5701 3436 5756 iste
3465 5700 3558 5769 qui

1972 5814 2147 5873 oritur
2177 5808 2491 5868 timentibus
2519 5807 2711 5877 Deum,
2734 5804 2788 5861 in
2811 5810 3047 5873 aspectu,
3078 5800 3182 5857 hoc
3208 5803 3312 5863 est,
3344 5794 3396 5850 in
3426 5807 3559 5866 pr'e-
