4030 6478
533 393 670 450 1071

1171 391 1232 448 Β.
1277 391 1528 448 RABANI
1570 392 1790 451 IIAURI
1828 390 2151 448 ARCHIEP.
2193 389 2506 449 MOGUNT.
2547 390 2834 450 OPERUM
2869 390 3053 450 PARS
3089 391 3131 448 Ι.

3667 393 3817 452 rm

535 503 708 562 sentia
741 501 1130 560 incarnationis
1163 519 1274 560 sua:
1311 503 1703 576 evangelizavit
1745 520 1967 576 regnum
2001 503 2116 559 Dei.
2147 509 2195 568 Α
2225 503 2327 559 bus
2350 513 2407 560 et
2441 519 2603 561 cursu
2638 521 2740 562 suo
2771 521 2876 577 per
2905 507 3184 563 zodiacum
3223 510 3420 566 seriem
3455 522 3738 566 annorum
3759 515 3826 570 et

532 595 700 670 Cujus
722 595 984 653 nativitas
1012 596 1302 669 singularis
1325 597 1660 654 admirabilis
1688 606 1774 653 est
1796 638 1812 663 ,
1841 597 1983 669 quod
2014 612 2119 652 non

531 703 602 747 ex
629 688 730 746 viri
758 688 990 757 semine,
1017 688 1112 746 sed
1139 705 1206 746 ex
1239 690 1627 761 omnipotentis
1655 689 1854 745 virtute
1883 709 1895 743 :
1931 708 1948 740 ι
1987 689 2122 745 Ver-

528 781 666 838 ‘bnm
681 785 818 837 caro'
831 779 1035 837 factum
1055 788 1160 848 est,
1181 790 1237 836 et
1261 781 1526 836 habitavit
1552 780 1606 835 in
1627 779 2003 851 nobis.(.loan.
2022 779 2114 852 l.)l

539 895 559 928 ε
593 874 652 931 ln
683 883 974 946 conspectu
999 874 1211 930 ardoris
1245 873 1363 946 ejus
1387 873 1510 943 quis
1534 873 1730 944 poterit
1766 873 2076 928 sustinere?
2095 891 2114 923 ι

520 965 658 1037 ‘quia
683 965 862 1022 nullus
893 964 1261 1035 corporalibus
1285 963 1457 1020 oculis
1481 963 1781 1018 divinitatis
1805 962 1920 1034 ejus
1945 963 2122 1034 splen-

521 1059 718 1115 dorem
754 1067 934 1130 potest
960 1057 1218 1125 sull‘erre;
1253 1058 1330 1112 ait
1357 1058 1552 1129 quippe
1588 1057 1658 1112 ad
1693 1055 1909 1130 Moysen
1939 1057 2119 1112 famu-

527 1151 641 1208 lu-m
671 1164 830 1209 Suum
861 1171 874 1207 :
913 1171 932 1204 ί
951 1150 1084 1208 ’Νοη
1115 1152 1260 1208 enim
1287 1151 1612 1208 videbit'me
1639 1153 1830 1230 homo,
1858 1163 1912 1208 et
1937 1153 2122 1208 vivere

528 1254 709 1320 potest
737 1244 936 1320 (Exod.
981 1245 1198 1319 xxxm).
1251 1265 1268 1297 ι
1305 1244 1428 1300 Ideo
1467 1244 1701 1300 humana
1743 1253 1935 1299 natura
1967 1245 2122 1299 indu-

515 1340 620 1396 ‘tus
665 1345 784 1406 est,
818 1347 878 1394 ut
929 1338 1196 1410 fragilitas
1235 1337 1512 1392 hominum
1559 1337 1898 1408 splendorem
1941 1337 2122 1408 aliquo

529 1429 692 1486 modo
718 1430 988 1503 primisset
1025 1429 1253 1486 Sull’errc
1294 1428 1571 1496 divinum;
1611 1430 1842 1500 sumpsit
1875 1431 2120 1486 velamen

527 1521 740 1584 carnis.
779 1535 886 1592 quo
927 1519 1138 1576 facilius
1177 1521 1246 1577 ad
1287 1533 1347 1577 se
1386 1521 1645 1576 accedere
1681 1521 1853 1592 possit
1883 1521 2121 1578 conditio

527 1612 796 1680 hominis;
829 1613 919 1669 hic
947 1613 1222 1670 fornacem
1249 1615 1486 1671 custo‘dit
1522 1615 1576 1670 in
1601 1613 1856 1685 operibus
1886 1617 2118 1684 ardoris,

527 1706 654 1778 quia
683 1706 946 1778 supplicia
976 1717 1246 1778 praeparat
1270 1707 1650 1779 peccatoribus
1673 1707 1933 1779 gehennae
1955 1709 2118 1781 ignis,

525 1797 818 1870 tripliciter
843 1814 1079 1856 exurens
1103 1808 1334 1868 montes,
1365 1801 1584 1872 quando
1609 1802 1873 1874 superbos
1897 1818 1997 1874 pro
2027 1819 2120 1859 eo—

2223 603 2412 652 aetates
2436 597 2622 654 mundi
2649 597 3002 665 demonstret,
3027 597 3156 669 quia
3181 598 3394 656 Hebraei
3413 615 3640 658 omnem
3661 615 3824 660 cinn-

2222 696 2411 758 putum
2441 687 2696 758 temporis
2723 696 2780 744 et
2809 689 3062 744 annalem
3087 689 3378 746 transitum
3399 691 3710 750 secundum
3727 690 3826 750 lu-

2223 793 2308 834 na:
2331 793 2552 836 cursum
2573 778 2956 846 metiebantur,
2978 781 3068 852 qui
3091 781 3326 852 primum
3347 797 3600 848 mensem
3623 799 3827 844 eam:

2223 885 2332 940 quo
2355 870 2606 925 exierunt
2625 871 2692 924 de
2718 869 2958 942 (Egypto
2979 871 3202 928 Pascha:
3226 873 3486 930 solemnis
3512 875 3828 932 honorare-

2224 968 2382 1028 runt,
2408 969 2464 1016 et
2490 960 2813 1018 Neomeuias
2842 963 3175 1036 singulorum
3203 966 3478 1024 mensium
3505 966 3829 1025 celebrave-

2217 1062 2371 1108 runt.
2404 1051 2513 1110 Nec
2541 1071 2648 1110 non
2679 1063 2734 1110 et
2767 1055 2914 1127 ipsos
2941 1072 3157 1114 menses
3181 1072 3332 1124 suos,
3361 1067 3424 1116 ut
3449 1058 3830 1131 Hieronymus

2225 1146 2379 1202 testis
2407 1157 2519 1212 est,
2553 1161 2583 1201 a
2612 1145 2754 1202 luna:
2780 1147 3074 1216 vocabulo,
3101 1165 3266 1221 quam
3293 1147 3480 1206 larem
3507 1153 3824 1216 nominant.

2220 1246 2584 1304 vocaverunt1
2628 1238 2697 1296 de
2733 1255 2844 1309 quo
2880 1239 3009 1296 hinc
3042 1241 3299 1296 dicitur‘:
3333 1259 3352 1293 ι
3391 1240 3599 1298 “ensis
3627 1257 3830 1297 secun—

2221 1327 2351 1384 dum
2373 1344 2576 1384 nomen
2611 1329 2735 1402 ejus
2769 1337 2876 1385 est.
2913 1349 2934 1383 ι
2967 1328 3230 1386 Similiter
3265 1338 3322 1386 et
3349 1331 3556 1388 mensis
3593 1346 3629 1385 a
3669 1346 3828 1386 men-

2222 1436 2350 1477 sura
2387 1420 2533 1476 velna
2559 1420 2718 1487 luna,
2745 1435 2866 1490 quae
2903 1420 3090 1476 Graeco
3124 1435 3380 1492 sermone
3397 1426 3542 1495 μήνη
3570 1431 3828 1489 vocatur,

2221 1514 2365 1584 apud
2401 1513 2625 1570 Latinos
2659 1512 2962 1585 appellatus
2995 1521 3120 1580 est;
3165 1512 3374 1582 antiqui
3407 1514 3564 1568 enim
3605 1527 3834 1568 menses

2221 1620 2371 1672 suos,
2405 1615 2464 1660 ut
2487 1602 2750 1671 diximus,
2779 1618 2886 1660 non
2913 1603 3102 1662 a-solis
3123 1606 3218 1661 sed
3244 1621 3274 1658 a
3295 1605 3452 1660 luna:
3472 1620 3647 1661 cursu
3673 1616 3868 1661 com-‘

2221 1706 2413 1769 putare
2446 1696 2710 1754 solebant.
2747 1695 2911 1756 Unde
2947 1698 3164 1769 quoties
3190 1697 3258 1752 .in
3281 1697 3584 1769 Scriptura
3630 1713 3829 1764 sacra,

2222 1787 2307 1845 vel
2344 1787 2546 1860 in-lege
2567 1803 2668 1845 seu
2700 1797 2829 1844 ante
2859 1787 3064 1860 legerit,
3103 1799 3272 1860 quota
3311 1788 3401 1844 die
3437 1789 3652 1844 mensis
3678 1789 3834 1859 quiod

525 1891 787 1964 gitatioue
823 1893 983 1958 mala,
1014 1909 1113 1964 pro
1137 1893 1349 1965 loquela
1384 1894 1612 1950 nefanda
1632 1937 1647 1962 ,
1679 1873 1782 1968 pro
1808 1873 2110 1968 operatione

2224 1880 2430 1937 factum
2462 1881 2738 1938 dictumve
2757 1881 2829 1938 sit
2853 1881 3144 1948 indicatur,
3177 1897 3284 1938 non
3311 1879 3457 1938 aliud
3473 1899 3651 1953 quam
3683 1883 3832 1937 luna:

526 1981 712 2052 iniqua
753 1991 957 2038 :eterna
996 1985 1276 2040 excruciat
1311 1984 1558 2051 flamma;
1600 1987 1701 2042 iste
1737 1988 2005 2058 siquidem
2043 1989 2125 2044 sol

529 2068 802 2142 refulgens
826 2071 992 2128 radiis
1017 2073 1132 2128 suis
1153 2087 1440 2143 pravorum
1462 2087 1701 2132 excaecat
1725 2078 1934 2143 oculos,
1956 2093 2126 2149 quan—

523 2161 592 2216 do
633 2164 875 2236 myIsticis
915 2165 1092 2221 verbis
1130 2180 1230 2237 pro
1270 2169 1509 2238 nequitia
1552 2184 1648 2224 sua
1693 2171 2124 2240 superbientium

521 2251 1111 2311 deluditintellectum.
1151 2257 1227 2313 De
1253 2269 1376 2328 quo'
1393 2257 1517 2330 ipsa
1538 2260 1762 2316 “Veritas
1789 2261 1840 2315 in
1875 2261 2121 2334 Evange-

518 2343 594 2400 l‘io
633 2344 938 2417 discipulis
965 2347 1426 2421 interrogantibus
1471 2352 1537 2407 de
1581 2349 1843 2424 paraboia
1896 2351 2122 2409 seminis

521 2435 802 2506 respondit
845 2453 858 2491 :
906 2455 925 2489 ι
978 2439 1142 2494 Vobis
1172 2441 1356 2496 datum
1385 2448 1469 2497 est
1500 2456 1662 2498 nosse
1690 2441 2006 2514 mysterium
2035 2456 2122 2498 re-

520 2526 612 2596 gni
641 2526 758 2591 Dei,
782 2530 994 2586 cmtcris
1019 2540 1198 2586 autem
1229 2531 1281 2586 in
1310 2531 1580 2602 parabolis
1613 2546 1628 2586 :
1657 2541 1718 2586 ut
1745 2533 1990 2588 videntes
2011 2549 2119 2590 non

520 2618 762 2686 videant,
798 2629 846 2677 et
879 2621 1161 2678 audientes
1191 2639 1297 2679 non
1327 2624 1628 2696 intelligant
1660 2623 1876 2698 (Matth.
1910 2624 2053 2699 xm).
2093 2645 2112 2681 ι

521 2708 658 2766 llinc
679 2719 732 2766 et
752 2712 818 2766 ad
837 2711 1029 2768 Isaiam
1059 2713 1240 2769 divina
1265 2731 1397 2771 voce
1419 2715 1622 2771 dicitur
1646 2733 1660 2770 :
1683 2735 1701 2767 ι
1722 2715 1870 2772 Vade
1893 2724 1948 2772 ct
1973 2716 2120 2772 dices

517 2799 718 2870 populo
743 2802 869 2858 huic
900 2822 915 2857 :
947 2804 1144 2860 Audite
1179 2807 1462 2863 audientes
1491 2823 1610 2873 me,
1647 2817 1702 2863 et
1729 2807 1895 2864 nolite
1921 2807 2118 2864 intelli-

517 2907 677 2963 gere,
709 2903 765 2949 et
799 2891 978 2950 videte
1009 2897 1307 2964 visionem,
1347 2907 1400 2953 et
1430 2897 1596 2954 nolite
1625 2914 1972 2972 cognoscere.
2007 2897 2118 2954 Ex-

517 3000 664 3040 ca‘ca
708 3000 804 3041 cor
852 2987 1038 3059 populi
1083 2988 1280 3061 hujus,
1322 2999 1585 3046 ct‘ames
1625 2988 1742 3060 ejus
1787 3006 2019 3062 aggrava
2063 2999 2118 3046 et

514 3078 701 3134 oculos
742 3079 860 3150 ejus
901 3080 1127 3148 claude,
1168 3099 1236 3138 ne
1275 3080 1413 3139 forte
1452 3085 1630 3140 videat
1673 3084 1843 3140 oculis
1885 3086 2034 3152 suis,
2061 3093 2118 3142 et

517 3167 742 3226 auribus
767 3171 882 3227 suis
909 3173 1126 3240 audiat,
1155 3183 1209 3230 et
1239 3175 1403 3230 corde
1444 3189 1543 3232 suo
1572 3176 1868 3248 intelligat,
1901 3186 1957 3234 ct
1978 3193 2114 3232 "con-

2225 1981 2357 2028 tetas
2387 1973 2759 2045 significatur,
2793 1989 2902 2044 qua
2929 1987 3144 2044 semper
3183 1973 3426 2038 Hebraei,
3469 1973 3679 2046 quibus
3707 1992 3832 2030 cre-

2224 2065 2336 2122 dita
2363 2075 2492 2121 sunt
2516 2065 2730 2137 eloquia
2759 2065 2887 2133 Dei,
2925 2066 3388 2138 antiquopatrum
3419 2081 3577 2122 inore
3606 2081 3832 2122 menses

2221 2159 2516 2214 observare
2554 2174 2662 2214 non
2688 2167 2938 2225 cessant,
2973 2159 3212 2230 primum
3239 2173 3496 2215 mensum
3525 2174 3829 2224 novorum,

2222 2255 2314 2326 qui
2338 2255 2560 2311 Pascha:
2584 2254 2925 2312 caeremoniis
2949 2263 3198 2310 sacratus
3217 2261 3328 2319 est,
3350 2251 3518 2310 Nisan
3533 2254 3834 2324 agmenas-

2223 2355 2336 2412 tes,
2369 2346 2460 2418 qui
2497 2354 2721 2418 propter
2745 2345 3096 2417 multivagum
3132 2343 3274 2400 lunae
3301 2343 3650 2407 discursum,
3683 2357 3832 2398 num

2221 2439 2277 2495 in
2307 2438 2558 2494 Martium
2588 2451 2830 2494 mensem
2850 2476 2868 2503 ,
2893 2451 3040 2493 nunc
3064 2435 3257 2492 incidit
3282 2433 3336 2490 in
3363 2433 3648 2506 Aprilem,
3679 2448 3830 2488 nunc

2219 2531 2428 2602 aliquot
2460 2529 2580 2586 dies
2610 2527 2735 2584 Maii
2765 2527 2968 2584 mensis
2993 2535 3253 2598 occupat;
3284 2525 3380 2583 sed
3407 2526 3620 2581 rectius
3650 2524 3826 2595 Aprili

2221 2625 2548 2695 deputatur,
2579 2621 2951 2694 quiasemper
2973 2621 3040 2676 ~in
3083 2621 3202 2691 ipso
3237 2619 3320 2676 vel
3339 2619 3587 2690 incipit,
3615 2617 3705 2673 vel
3733 2619 3828 2673 de-

2219 2715 2369 2781 siuit,
2398 2712 2484 2770 vel
2513 2721 2661 2768 totus
2674 2711 3003 2779 induditur,
3031 2719 3089 2767 et
3113 2711 3194 2767 sic
3219 2726 3318 2782 per
3343 2710 3600 2767 ordinem
3621 2709 3826 2778 singu-

2218 2807 2302 2863 los
2341 2820 2560 2863 menses
2595 2805 2894 2862 secundum
2935 2804 3204 2860 rationem
3247 2817 3440 2858 eorum
3467 2810 3824 2872 comunt.

2202 2896 2512 2968 Postquam
2549 2909 2680 2968 ergo
2717 2894 2786 2952 de
2824 2894 2938 2952 sole
2967 2894 3287 2965 disputavit,
3322 2902 3733 2964 consequenter
3759 2894 3825 2950 de

2219 2987 2345 3044 luna
2366 2988 2582 3060 adjecit,
2611 2987 2740 3060 quia
2766 2987 3044 3044 Christum
3064 2988 3312 3059 sequitur
3335 2985 3610 3052 Ecclesia,
3629 2996 3690 3042 et
3709 2987 3820 3044 sic-

2218 3091 2279 3138 ut
2320 3081 2445 3138 luna
2483 3097 2515 3138 a
2540 3081 2674 3150 sole,
2703 3082 2781 3138 ita
2803 3081 3126 3139 etEcclesia
3151 3097 3185 3137 a
3209 3079 3820 3144 Christoilluminatur,

2217 3182 2276 3230 et
2297 3173 2416 3247 ejus
2439 3173 2609 3247 gloria
2645 3174 2943 3231 stabilitur.
2969 3173 3048 3230 De
3080 3175 3184 3230 hoc
3201 3189 3336 3246 cego
3361 3173 3417 3228 in
3441 3172 3670 3244 psalm
3685 3215 3702 3238 ,
3731 3174 3820 3230 ubi

513 3268 760 3318 vertatur
785 3271 842 3320 ct
867 3280 1056 3321 sancm
1083 3281 1208 3322 eum
1237 3267 1374 3339 (Iw.
1405 3267 1506 3338 vi).
1544 3288 1563 3320 ι
1602 3268 1709 3326 Sed
1743 3242 1867 3340 quia
1898 3269 2017 3326 hazc
2042 3270 2112 3326 ad
2139 3242 2184 3305 c
2215 3267 2283 3322 de
2308 3242 2510 3338 regeet
2528 3266 2642 3324 ﬁlio
2661 3267 2806 3340 regis
2827 3267 3056 3340 mystice
3080 3242 3645 3338 Propheta-loquitur,
3671 3266 3824 3324 Scri-

513 3359 728 3426 tempus
758 3356 1052 3414 Dominica‘.
1089 3358 1481 3417 incarnationis
1516 3363 1754 3417 maxime
1791 3364 2108 3435 respiciunt,

512 3443 602 3499 ubi
632 3447 898 3518 superbus
927 3449 1146 3504 auditus
1185 3449 1494 3507 Judarorum
1525 3461 1580 3508 et
1608 3454 1758 3509 visus
1787 3464 1978 3526 captus
2003 3465 2109 3522 est,

514 3535 589 3590 ita
619 3547 678 3594 ut
703 3553 808 3593 non
833 3538 1134 3613 intelligere
1163 3542 1468 3612 potuissent
1491 3544 1634 3599 dicta
1659 3543 1983 3613 Salvatoris,
2013 3563 2112 3605 nec

511 3628 738 3684 credere
762 3631 1039 3690 miraculis
1059 3634 1128 3692 ab
1155 3651 1222 3690 eo
1249 3634 1430 3703 factis,
1453 3636 1700 3694 dicamus
1723 3639 1825 3696 hoc
1847 3641 1992 3712 quod
2019 3656 2110 3698 sc-

516 3717 706 3788 quitur
739 3737 751 3772 :

593 3827 613 3860 σ
657 3809 883 3883 Magnus
914 3813 1174 3870 Dominus
1201 3817 1293 3886 qui
1336 3816 1466 3875 fecit
1504 3819 1688 3886 illum,
1721 3829 1772 3875 ct
1808 3820 1862 3876 in
1898 3835 2107 3876 sermo-

517 3919 540 3955 c
578 3901 738 3958 nibus
764 3902 883 3974 ejus
916 3905 1193 3962 festinavit
1229 3909 1352 3962 iter.
1393 3929 1412 3962 ι
1455 3909 1681 3982 Magnus
1717 3911 1897 3980 itaque
1927 3910 2109 3966 Domi-

511 4008 638 4060 nus,
669 3995 761 4064 qui
799 3994 874 4050 ita
901 4000 1222 4068 temperavit
1251 4014 1317 4056 ac
1352 4002 1619 4072 disposuit
1647 4003 2106 4072 dispensationem

512 4082 908 4142 incarnationis
936 4087 1250 4145 mediatoris
1277 4092 1370 4146 Dei
1397 4101 1453 4147 et
1477 4093 1779 4160 hominum,
1808 4101 1866 4148 ut
1889 4093 2106 4165 superbi

509 4173 714 4244 quique
743 4175 1236 4246 confunderentur,
1268 4189 1325 4237 et
1357 4183 1590 4239 humiles
1620 4184 1846 4240 scientia
1877 4185 1972 4242 Dei
2009 4186 2106 4242 ho-

508 4276 856 4334 norarentur,
897 4278 957 4324 ut
993 4270 1289 4340 prudentes
1317 4283 1372 4330 et
1413 4276 1690 4346 sapientes
1729 4275 1886 4333 istius
1918 4278 2104 4334 mundi

506 4371 615 4412 nun
648 4368 907 4428 caperent
945 4361 1267 4432 sapientiam
1311 4364 1583 4432 divinam,
1623 4383 1744 4438 qua:
1773 4347 2022 4438 parvulis
2051 4376 2107 4424 et

506 4448 805 4507 humilibus
833 4453 1068 4508 revelata
1099 4464 1201 4510 est.
1229 4455 1379 4512 Tunc
1415 4457 1470 4512 in
1511 4461 1854 4516 sermonibus
1883 4461 2000 4532 ejus
2029 4461 2106 4518 fe-

508 4541 735 4598 stinavit
759 4544 885 4610 iter,
913 4545 1168 4617 quoniam
1199 4548 1252 4603 in
1281 4550 1662 4620 praedicatione
1684 4552 1826 4608 sacri
1856 4550 2103 4625 Evange-

505 4638 562 4694 lii
594 4650 893 4712 prcharata
935 4653 1020 4698 est
1058 4644 1145 4698 via
1175 4645 1395 4712 salutis,
1427 4655 1483 4702 et
1521 4647 1700 4704 aditus
1735 4648 1912 4719 patuit
1951 4649 2102 4721 regni

505 4733 764 4799 ctelestis,
797 4742 858 4790 ut
882 4735 1320 4816 rhomphzeajlla
1342 4737 1508 4810 ignea
1528 4781 1544 4806 ,
1572 4756 1693 4810 qua:
1717 4747 1845 4811 post
1882 4739 2104 4810 ejectio-

502 4841 626 4882 nem
666 4825 984 4898 protoplasti
1023 4831 1090 4885 de
1119 4829 1374 4899 paradiso
1410 4829 1476 4884 ad
1517 4831 1926 4886 custodiendam
1956 4830 2098 4886 viam

498 4913 632 4986 ligni
661 4915 784 4972 vita:
809 4914 1067 4986 deputata
1094 4926 1197 4982 est,
1227 4934 1325 4988 per
1343 4917 1548 4974 Christi
1581 4920 1896 4992 sanguinem
1926 4935 2100 4976 remo-

499 5013 750 5073 veretur,
791 5013 847 5062 et
881 5006 1070 5064 electis
1115 5007 1209 5065 Dei
1255 5009 1437 5066 aditus
1481 5010 1582 5066 viae
1626 5011 1881 5081 perennis
1923 5011 2098 5082 aperi-

497 5103 674 5154 retur.
1423 5167 1436 5183 .

573 5203 596 5240 ι
640 5187 710 5244 Et
753 5188 881 5245 luna
925 5189 981 5246 iu
1023 5192 1276 5247 omnibus
1319 5191 1655 5261 temporibus
1701 5191 1814 5252 suis
1855 5195 2096 5248 ostensio

499 5291 525 5331 α
561 5279 843 5350 temporis,
871 5289 928 5337 et
952 5281 1165 5354 signum
1191 5281 1312 5336 :evi.
1342 5280 1388 5335 A
1418 5281 1544 5336 luna
1569 5281 1782 5351 signum
1814 5281 1918 5337 diei
1947 5281 2091 5346 festi,

503 5383 524 5417 ι
561 5364 825 5426 luminare
848 5371 994 5441 quod
1023 5371 1287 5427 minuitur
1315 5371 1370 5427 in
1393 5371 1864 5428 consummatione
1891 5373 2093 5429 mensis

492 5482 522 5516 τ
559 5463 858 5521 secundum
890 5481 1087 5522 nomen
1116 5467 1234 5538 ejus
1262 5475 1662 5534 est,'crescens
1702 5466 2093 5522 admirabiliter

495 5571 522 5607 ι
547 5555 616 5611 in
651 5558 1138 5613 consummatione.
1173 5559 1281 5616 Vas
1312 5571 1616 5618 castrorum
1645 5561 1700 5616 in
1736 5561 2007 5618 excelsis:
2037 5563 2091 5617 in

494 5661 521 5698 ς
559 5647 901 5705 firmamento
928 5643 1058 5705 (ιωιῖ
1077 5651 1428 5720 rcsplcndcns
1449 5653 1708 5726 gloriosa.
1735 5673 1754 5705 ι
1783 5653 1938 5722 Quod
1962 5653 2092 5710 dicit

479 5735 680 5796 lunam
711 5739 1078 5796 ostensionem
1108 5758 1230 5799 esse
1259 5746 1518 5815 temporis
1551 5755 1606 5801 et
1629 5745 1844 5815 signum
1876 5745 1976 5800 :evi
2007 5754 2090 5802 at-

487 5839 600 5903 que
623 5827 732 5886 dici
759 5827 908 5900 festi,
935 5831 1172 5890 ostendit
1201 5837 1344 5907 quod
1383 5837 1496 5906 ipsa
1530 5836 1825 5894 menstruis
1866 5836 2090 5893 defecti-

2215 3367 2372 3432 ptura
2401 3369 2814 3428 commemorat,
2842 3361 3029 3416 dicens
3060 3377 3075 3414 :
3114 3379 3134 3412 ι
3169 3359 3520 3416 Permancbit
3536 3375 3678 3416 cum
3699 3358 3818 3416 sole

2213 3460 2270 3508 et
2295 3461 2422 3509 ante
2447 3453 2630 3508 lunam
2657 3453 2712 3508 in
2738 3452 2997 3509 saeculum
3029 3451 3214 3508 smculi
3245 3449 3420 3523 (Paul.
3445 3451 3625 3524 uxr).
3665 3471 3686 3505 ι
3721 3450 3816 3506 Sol

2208 3548 2412 3619 quippe
2431 3554 2514 3602 est
2539 3547 2775 3602 Verbum
2791 3546 2996 3609 Patris,
3031 3545 3200 3601 Filius
3224 3543 3340 3609 Dei,
3361 3544 3464 3616 qui
3481 3544 3632 3600 Deus
3651 3545 3816 3601 horno

2205 3651 2353 3693 unus
2381 3651 2450 3693 ex
2479 3635 2690 3692 duabus
2719 3637 2849 3692 etin
2877 3637 3087 3693 duabus
3114 3636 3327 3692 naturis
3347 3635 3627 3692 distinctis
3651 3646 3815 3708 atque

2210 3727 2470 3799 perfectis
2506 3736 2790 3798 permanet
2835 3727 3117 3796 Christus;
3164 3735 3448 3800 permanet
3483 3743 3624 3783 vero
3658 3727 3817 3784 Chri-

2209 3830 2326 3878 stus
2354 3819 2689 3876 antetlunam
2707 3860 2722 3884 ,
2752 3819 2804 3876 id
2831 3827 2946 3886 est,
2977 3828 3104 3875 ante
3139 3828 3492 3892 conspectum
3525 3820 3809 3897 Ecclesir,

2209 3927 2371 3982 quem
2404 3911 2584 3968 cordis
2603 3925 2820 3982 semper
2840 3909 3134 3966 luminibus
3153 3919 3473 3972 contuetur;
3500 3910 3634 3965 luna
3663 3911 3810 3966 enim

2207 4003 2472 4062 Ecclesia:
2491 4001 2688 4058 merito
2711 4011 3078 4074 comparatur,
3098 4016 3220 4074 quae
3241 4001 3487 4057 nativum
3511 4019 3622 4058 non
3645 4003 3810 4058 habet

2209 4095 2552 4168 splendorem
2568 4137 2582 4161 ,
2611 4097 2708 4153 sed
2743 4111 2774 4151 a
2803 4095 2918 4152 sole
2941 4095 3116 4152 certis
3141 4094 3318 4152 modis
3341 4094 3572 4166 suscipit
3601 4094 3808 4158 lumen,

2207 4187 2354 4257 quod
2389 4186 2690 4242 astronomi
2729 4185 2870 4241 inter
2902 4183 3010 4239 alia
3045 4183 3334 4256 diligenter
3363 4191 3687 4253 exponunt;
3729 4183 3808 4238 sic

2206 4293 2338 4350 ergo
2366 4277 2606 4333 Ecclesia
2637 4294 2669 4334 a
2707 4292 2838 4334 vero
2877 4276 2970 4332 illo
2995 4286 3242 4333 creatore
3274 4284 3589 4332 mensurate
3617 4289 3810 4329 susce-

2206 4371 2286 4443 pit
2310 4371 2512 4435 lumen,
2539 4385 2662 4440 quae
2689 4370 2848 4425 modo
2875 4367 3342 4439 persecutionibus
3371 4365 3590 4422 videtur
3621 4366 3806 4421 immi-

2206 4461 2323 4527 nui,
2350 4461 2653 4531 iterumque
2679 4459 3070 4530 tranquillitate
3092 4467 3308 4530 recepta
3329 4455 3620 4513 clarissimi
3648 4457 3809 4512 lumio

2207 4553 2293 4608 nis
2321 4552 2595 4610 hilaritate
2635 4551 2959 4623 completur.
2999 4550 3154 4608 Unde
3187 4549 3388 4606 dicitur
3415 4549 3561 4620 quod
3589 4559 3807 4606 crescat

2206 4641 2532 4698 mirabiliter
2559 4643 2614 4696 in
2643 4640 3126 4697 consummatione.
3151 4639 3276 4711 Ipsa
3312 4655 3446 4695 sane
3473 4648 3558 4696 est
3587 4655 3686 4696 vas
3712 4655 3806 4696 ca-

2203 4743 2440 4790 strorum
2469 4735 2524 4790 in
2555 4735 2805 4800 excelsis,
2839 4734 2892 4790 in
2922 4733 3265 4789 firmamento
3291 4733 3420 4788 αα·ιί
3450 4731 3802 4803 resplendens

2203 4828 2458 4900 gloriosa,
2479 4829 2607 4899 quia
2628 4828 2742 4899 ipsa
2761 4829 3064 4883 animarum
3088 4826 3324 4881 fidelium
3342 4826 3598 4881 consistit
3620 4827 3800 4891 turba,

2201 4936 2323 4992 quae
2351 4920 2406 4975 in
2443 4919 2788 4976 ﬁrmamento
2813 4919 3058 4975 veritatis
3084 4927 3141 4974 et
3165 4918 3362 4974 divina:
3389 4917 3800 4989 praedicationis

2201 5027 2300 5086 per
2325 5020 2496 5069 totum
2523 5014 2707 5070 orbem
2738 5012 2968 5086 gloriosa
2998 5011 3326 5084 resplendet.

2275 5123 2297 5155 ι
2331 5104 2556 5176 Species
2579 5104 2739 5170 caeli,
2765 5103 2934 5176 gloria
2960 5103 3237 5160 stellarum
3254 5143 3272 5168 ,
3306 5103 3569 5158 mundttm
3592 5101 3800 5158 illumi-

2206 5212 2226 5246 ι
2262 5211 2398 5251 nans
2428 5195 2483 5251 in
2508 5194 2744 5252 excelsis
2773 5194 3052 5250 Dominus.
3086 5193 3154 5248 Et
3186 5193 3240 5248 in
3269 5192 3454 5247 verbis
3479 5191 3660 5248 sancti
3683 5199 3798 5247 sta-

2201 5305 2225 5339 ί
2268 5286 2403 5343 bunt
2437 5287 2506 5343 ad
2533 5287 2828 5359 judicium,
2861 5296 2918 5342 et
2954 5301 3064 5342 non
3099 5285 3462 5342 exardescent
3501 5285 3560 5340 in
3591 5282 3794 5356 vigiliis

2203 5397 2222 5432 ι
2260 5379 2392 5435 suis.
2443 5398 2463 5432 ι
2498 5379 2735 5436 Ornatus
2775 5378 3030 5434 Ecclesia:
3061 5387 3376 5434 sanctorum
3418 5376 3789 5448 pulchritudo,

2198 5489 2336 5545 quos
2381 5473 2641 5528 Dominus
2683 5471 2939 5528 excelsus
2982 5471 3254 5527 ordinavit
3294 5478 3355 5526 ut
3398 5469 3789 5542 pmdicatione

2198 5562 2475 5636 Evangelii
2496 5573 2549 5618 et
2569 5563 2828 5618 virtutum
2855 5561 3024 5634 signis
3040 5562 3228 5618 orbem
3253 5561 3553 5620 illustraret
3565 5563 3790 5617 univer-

2197 5670 2340 5721 sum,
2373 5655 2428 5710 hi
2467 5655 2520 5710 in
2548 5653 2730 5710 verbis
2759 5655 2998 5720 sanctis,
3023 5653 3127 5711 hoc
3162 5663 3248 5710 est
3284 5653 3339 5708 iu
3365 5652 3613 5709 doctrina
3633 5665 3788 5706 .vcra

2199 5747 2322 5802 fidei
2359 5757 2744 5818 permanentes
2781 5747 3176 5819 exspectabant
3205 5744 3472 5814 judicium
3505 5744 3638 5808 Dei,
3683 5757 3787 5799 nec

2198 5839 2614 5896 adversitatibus
2661 5837 2819 5897 istius
2859 5837 3036 5896 seculi
3087 5837 3442 5908 franguntur,
3487 5849 3668 5908 neque
3714 5833 3784 5888 ad
