4030 6462
252 393 395 452 1073

1114 396 1469 458 COMMENT.
1511 402 1581 459 IN
1615 404 2232 477 ECCLESIASTICUM.
2273 445 2341 455 --
2377 416 2505 474 LIB.
2546 418 2638 478 ΙΧ.

3394 431 3538 496 1074

249 506 585 581 iracundiam
610 507 944 577 excitantur;
975 512 1070 568 sed
1089 516 1369 584 patienter
1393 520 1575 576 omnia
1603 520 1844 581 ferentes
1867 528 1922 589 Α
1945 526 2182 597 ignoras.
2214 530 2314 587 Nix
2342 536 2541 607 quippe
2564 538 2653 594 vel
2677 540 2883 612 grando
2914 542 3090 601 fuerat
3118 544 3313 606 Saulus
3337 564 3435 622 per
3457 552 3540 612 in-

246 601 543 671 persistunt
568 600 621 655 in
642 601 885 657 custodia
911 606 1096 677 gregis
1115 606 1218 662 sibi
1244 612 1543 678 commissi,
1571 630 1844 674 memores

248 707 465 763 semper
495 691 627 747 illud
654 692 1001 751 Dominicum
1028 698 1215 755 sedulo
1242 700 1295 754 in
1319 704 1485 759 corde
1511 706 1788 764 volventes
1825 726 1840 765 :

1944 618 2107 677 ﬁdam
2141 620 2611 685 insensibilitatcm
2630 646 2663 695 ;-
2678 632 2771 687 sed
2798 633 2899 688 nix;
2922 644 2980 690 et
2999 638 3206 708 grando
3227 618 3417 698 contra
3445 642 3538 701 ad-

1943 713 2307 770 versariorum
2335 724 2558 787 pectora
2587 718 2759 782 factus
2783 734 2888 790 est,
2917 725 3001 780 vel
3029 727 3264 786 candore
3283 729 3539 801 iustitiae,

251 799 271 832 α
307 781 431 837 Sint
466 781 634 838 lumbi
673 785 838 839 vestri
869 789 1192 857 praecincti,
1235 804 1292 848 et
1323 793 1557 853 lucerna:
1590 801 1847 858 ardentes
1940 801 2041 858 vel:
2072 803 2300 861 districti
2335 781 2561 878 -eloquii
2614 814 2978 884 correptione.
3027 815 3072 873 Ο
3122 818 3336 889 qualem
3386 811 3537 883 hunc

244 868 301 925 in
326 871 580 927 manibus
608 874 836 940 vestris,
866 885 930 932 et
954 893 1050 934 vos
1076 880 1624 945 simileshominibus
1650 905 1842 964 exspc-
1942 894 2348 953 thesaurumin
2364 868 2487 957 nive
2515 909 2571 958 et
2592 868 2856 975 grandine
2878 908 3104 978 habuit,
3135 914 3352 982 quando
3380 915 3535 976 illum

243 962 517 1019 ctantibus
546 964 824 1021 dominum
855 983 1049 1037 suum,
1089 974 1307 1043 quando
1344 988 1649 1036 revertatur
1674 998 1705 1038 a
1734 962 1838 1041 nu-

240 1053 373 1123 ptiis
410 1054 573 1126 (Luc.
614 1057 747 1130 xu).
796 1058 987 1118 Estote
1017 1065 1222 1134 parari,
1259 1068 1387 1138 quia
1427 1087 1532 1143 qua
1571 1075 1703 1131 hora
1728 1088 1835 1135 u'on

1940 984 2095 1043 inter.
2130 1006 2420 1060 pravorum
2462 995 2634 1051 vitam
2679 998 2916 1068 positum
2955 1000 3071 1071 jam
3122 1011 3252 1061 tunc
3297 1006 3535 1065 electum

1937 1093 2094 1134 suum
2136 1082 2394 1141 Dominus
2427 1085 2661 1144 latenter
2696 1092 2999 1160 prmseivit!
3027 1093 3078 1152 -Ο
3106 1096 3174 1153 ad
3200 1107 3401 1169 quanta
3432 1099 3532 1155 ad-

2696 1145 2714 1160 ,
2771 1145 2998 1148 ν
3043 1145 3071 1152 _
3107 1145 3174 1153 τ-
3201 1145 3401 1169 νη---
3433 1145 3498 1155 ..υ

239 1145 486 1213 putatis,
534 1146 676 1205 tibus
709 1148 1123 1212 hmninisgvenit
1150 1157 1364 1230 (Manli.
1392 1165 1565 1238 πυτ).
1597 1187 1621 1220 ι
1649 1168 1707 1225 ln
1743 1187 1839 1243 pa-
1937 1173 2309 1235 versariorum
2350 1177 2587 1248 pectora
2622 1180 2881 1241 ferienda;
2914 1183 3161 1246 hanc-in
3210 1203 3375 1246 manu
3431 1205 3530 1248 sua

243 1232 643 1292 tientiavestra
668 1242 1018 1307 possidebitis
1049 1248 1261 1305 animas
1289 1262 1516 1310 vestras.

317 1342 351 1377 ι
372 1326 507 1382 Vide
541 1342 776 1397 areum,
805 1341 863 1387 et
899 1335 1128 1393 benedic.
1155 1340 1248 1409 qui
1291 1340 1419 1398 fecit
1448 1344 1598 1402 illum
1632 1366 1646 1402 :
1677 1351 1835 1408 valde

246 1432 279 1466 ι
305 1416 583 1486 speciosus
611 1429 699 1477 est
735 1422 788 1477 in
818 1424 1104 1494 splendore
1143 1432 1514 1506 suo.-Gyravit
1548 1438 1746 1498 coelum
1775 1442 1830 1498 in

243 1523 275 1558 ι
299 1506 532 1563 circuitu
562 1509 749 1581 gloriae
775 1528 1157 1580 sum,,manus,
1177 1523 1376 1580 excelsi
1405 1538 1733 1596 aperuerunt
1766 1531 1833 1586 il-

241 1615 262 1648 ι
300 1597 433 1652 lum.
471 1618 492 1651 ι
523 1604 726 1658 Arcum
755 1606 1099 1678 omnipotens
1125 1610 1267 1669 Deus
1293 1614 1436 1670 inter
1461 1631 1521 1673 se
1545 1627 1708 1691 atque
1734 1622 1832 1679 bo-

234 1687 503 1745 minesin
543 1692 758 1764 signum
800 1698 1013 1767 posuit,
1059 1709 1124 1756 ut
1163 1702 1306 1759 ultra
1337 1708 1598 1765 mundum
1620 1687 1829 1773 diluvio

230 1795 342 1838 non
372 1778 613 1852 deleret,
641 1788 785 1845 unde
823 1797 881 1845 et
917 1790 973 1846 in
1000 1808 1134 1849 arcu
1169 1797 1361 1854 eodem
1394 1801 1547 1857 color
1578 1818 1733 1875 aqua:
1770 1816 1826 1864 et

227 1870 376 1942 ignis
413 1872 575 1930 simul
613 1882 949 1952 ostenditur,
977 1887 1105 1956 quia
1130 1902 1198 1944 ex
1234 1900 1392 1960 parte
1425 1904 1511 1951 est
1537 1870 1822 1968 caeruleus,
1852 1892 1899 1953 Β

222 1968 285 2016 et
315 1975 386 2017 ex
421 1974 579 2035 parte
617 1969 986 2041 rubicundus,
1025 1984 1085 2032 ut
1123 1981 1409 2054 utriusque
1444 1985 1632 2054 judicii
1669 1993 1826 2055 testis

221 2051 321 2106 sit.
357 2052 532 2113 Unius
562 2058 814 2117 videlicet
839 2062 1094 2135 faciendi,
1114 2079 1171 2126 et
1189 2051 1411 2132 alterius
1437 2051 1566 2136 lacti
1598 2082 1695 2141 :,id
1717 2093 1824 2153 est,

219 2141 359 2209 quia
388 2148 625 2204 mundus
647 2149 838 2244 judicii
876 2156 1002 2228 igne
1033 2164 1545 2234 cremabitur,wnam
1573 2188 1713 2244 aqua
1742 2141 1825 2233 di;

218 2229 361 2327 gravii
403 2243 488 2289 est
527 2236 759 2297 deletus.
801 2243 1010 2302 Arcum
1035 2249 1219 2322 itaque
1244 2229 1582 2327 Scriptorum
1607 2229 1823 2323 liloviﬁet

218 2316 445 2378 Veteris
476 2324 806 2388 Testamenti
830 2316 1193 2409 congruenter
1211 2316 1530 2419 accipimus,
1563 2354 1657 2425 qui
1686 2356 1823 2413 duo-

214 2408 330 2467 bus
363 2416 761 2484 quodammodo
801 2408 1043 2487 curvatis
1069 2408 1643 2505 ﬂexibusilevotorulm
1678 2447 1817 2505 colla

210 2507 623 2578 complectitur.
656 2514 733 2572 De
756 2535 865 2590 quo
895 2521 1093 2595 legitur
1121 2542 1136 2582 :
1173 2547 1199 2581 ι
1226 2529 1427 2588 Arcum
1455 2548 1814 2599 suumteten-

211 2597 305 2654 (lit
322 2641 340 2668 ,
359 2611 416 2658 et
434 2608 648 2674 paravit
670 2610 819 2668 illum
843 2613 1027 2687 (Paul.
1054 2621 1188 2694 ‘11.).
1216 2643 1234 2675 ι
1260 2625 1360 2682 llic
1381 2597 1627 2690 t‘ulclilms
1648 2649 1819 2692 suave

208 2688 406 2759 jugum
435 2698 772 2767 ostenditur,
802 2688 1222 2772 contumacibus
1246 2688 1440 2778 autem.
1465 2735 1615 2781 artua
1651 2726 1812 2780 terri-

215 2779 353 2859 bilia
375 2783 741 2846 declarantur.
770 2792 1120 2859 Arcusvahle
1147 2807 1424 2876 speciosus
1442 2779 1612 2876 est-iu
1633 2816 1813 2886 splen-

214 2871 354 2927 dore
379 2889 501 2941 suo,
528 2880 656 2947 quia
687 2883 965 2956 Scriptura
995 2907 1149 2949 sacra
1175 2871 1331 2955 valde
1352 2910 1437 2956 est
1463 2871 1723 2973 praeclara
1754 2910 1808 2966 in

212 2977 382 3018 sensu
425 2974 480 3020 et
518 2967 788 3031 intellectu
833 2993 953 3038 suo.
998 2981 1221 3061 nyavit
1259 2967 1547 3049 caelum-in
1577 2996 1809 3057 circuitu

210 3054 403 3126 gloriae
443 3073 584 3127 suae,
616 3064 739 3132 quia
782 3067 849 3124 de
873 3054 1125 3141 supernis
1153 3086 1211 3133 ct
1238 3080 1440 3139 inlimis
1475 3086 1809 3148 sufﬁcienter
1909 3112 1925 3152 ε

209 3155 428 3207 narrat.
452 3149 642 3209 Manus
663 3156 806 3214 enim
827 3162 1026 3221 excelsi
1046 3181 1376 3242 aperuerunt
1390 3175 1567 3246 illum,
1590 3185 1806 3251 quando

208 3252 314 3309 per
347 3240 603 3299 virtutem
644 3255 700 3301 et
739 3252 1062 3322 sapientiam
1104 3240 1198 3319 Dei
1242 3263 1527 3326 Dominum
1553 3240 1804 3334 videlicet
1831 3255 1878 3318 (ἶ

208 3328 490 3387 Christum
521 3343 663 3393 totus
684 3341 818 3396 ordo
842 3345 1053 3403 Veteris
1076 3359 1132 3405 et
1154 3351 1287 3411 Novi
1319 3328 1804 3428 Testamentiveon-

206 3417 359 3475 ditus
384 3431 488 3487 est,
514 3426 581 3481 de
607 3432 974 3502 quodicitur:
1004 3456 1022 3489 ι
1054 3439 1126 3497 Os
1149 3444 1295 3501 enim
1321 3417 1800 3515 Dominilocutinn

207 3517 295 3563 est
326 3511 442 3567 haec
474 3513 619 3586 (lsn.
648 3520 799 3593 xxv).
842 3547 883 3579 ι.

286 3617 305 3651 ι
344 3601 575 3679 Imperio
600 3625 698 3666 suo
726 3615 1050 3677 acceleravit
1082 3625 1261 3685 nivem
1281 3669 1306 3694 ι
1325 3639 1381 3685 et
1407 3634 1674 3694 accelerat
1702 3656 1798 3697 (ξος

208 3711 228 3742 ι
268 3697 609 3760 ruscatioues.
645 3706 896 3766 emittere
921 3709 1113 3781 judicii
1142 3720 1248 3776 sui.
1294 3723 1409 3779 »..Ιιι
1441 3727 1566 3785 nive
1599 3733 1799 3805 quippe

201 3784 371 3839 corda
414 3785 1253 3874 frigidapravorum.possumus
1281 3817 1562 3889 accipere,
1606 3784 1660 3879 in

200 3877 512 3935 ruscatione
553 3890 789 3944 terrores
819 3888 1010 3959 judicii
1053 3898 1167 3956 sive
1208 3877 1466 3962 virtutum
1507 3912 1791 3973 miracula.

200 3960 313 4017 Sed
347 3967 474 4065 quia
504 3986 646 4076 sirpe
680 3977 942 4040 Dominus
980 3991 1267 4048 sententiis
1295 4011 1464 4055 sacra:
1499 4002 1795 4076 Scripturae

1450 4054 1455 4055 ,
1510 4054 1790 4076 ---τωρ

196 4054 585 4154 comminando
607 4102 622 4129 ,
664 4074 825 4138 atque
861 4079 1235 4138 coruscatioue
1271 4087 1654 4151 miraculorum
1678 4107 1790 4154 ter-

196 4138 375 4201 rendo
398 4152 625 4223 corripit
645 4156 1010 4232 adversarios,
1042 4168 1102 4223 ﬁt
1124 4172 1366 4241 profecto
1390 4189 1448 4235 ut
1472 4181 1696 4257 frigidos
1720 4192 1791 4249 ad

193 4236 431 4350 nitorem
453 4241 679 4315 justitirc
706 4253 996 4323 perducat,
1024 4270 1080 4316 et
1106 4236 1204 4333 per
1241 4236 1789 4350 supernamgratiam

189 4323 456 4387 candidos
494 4349 614 4392 esse
649 4337 845 4407 faciat,
878 4323 1140 4419 scriptum
1180 4323 1415 4431 namque
1442 4373 1528 4420 cst
1620 4389 1640 4421 ι
1677 4371 1787 4429 La-

189 4419 349 4476 valiis
375 4424 482 4491 me,
511 4437 567 4481 et
594 4445 757 4507 super
786 4436 964 4493 nivem
991 4443 1281 4505 dealbabor
1309 4419 1482 4525 (.I’sal.
1511 4419 1587 4529 1.).
1676 4419 1786 4518 Suo

187 4524 408 4581 quoque
456 4515 699 4595 imperio,
737 4523 998 4589 Dominus
1043 4536 1222 4595 nivem
1275 4515 1336 4600 et
1379 4515 1783 4612 coruscationes

185 4600 494 4672 accelerat,
526 4623 651 4664 cum
686 4614 847 4671 celeri
879 4628 1290 4696 conversatione
1325 4632 1379 4688 id
1409 4639 1553 4707 quod
1578 4651 1709 4705 ante
1728 4646 1778 4703 ei

184 4688 510 4759 displicebat
535 4714 863 4774 commutat,
897 4721 952 4765 et
980 4729 1365 4781 conversorum
1395 4688 1565 4790 vitam
1598 4732 1651 4786 in
1678 4735 1776 4791 bo-

183 4781 272 4837 nis
300 4786 553 4857 operibus
582 4791 686 4848 sibi
726 4796 942 4865 placere
965 4802 1237 4877 declarat;
1280 4814 1375 4869 sed
1406 4819 1531 4886 quia
1562 4822 1674 4878 haec
1708 4842 1777 4883 ex

181 4872 401 4929 occulto
441 4876 634 4936 divinae
674 4884 894 4954 pictatis
931 4872 1233 4962 procedunt
1261 4872 1536 4976 thesauro,
1574 4913 1777 4975 idcirco

180 4961 575 5036 subjungitur:

260 5074 280 5105 ε
320 5055 613 5134 Propterea
656 5080 827 5141 aperti
868 5085 993 5131 sunt
1026 5079 1295 5152 thesauri,
1339 5100 1394 5144 et
1420 5095 1771 5163 evolaverunt

185 5163 203 5195 ι
243 5148 457 5205 nebula:
493 5155 633 5215 sicut
674 5176 823 5219 aves.
867 5186 885 5217 ι
923 5168 1065 5226 ‘lluic
1104 5191 1320 5253 quoque
1364 5182 1480 5241 loco
1517 5196 1769 5263 congruit

185 5236 311 5263 ill“)
340 5244 481 5263 ρ---)
512 5261 527 5263 ,
558 5247 573 5263 ι
595 5249 608 5263 ι
844 5256 863 5263 ..
903 5260 917 5263 _
980 5261 990 5263 μ

178 5236 313 5340 illud
336 5244 481 5340 quod
505 5247 573 5302 ad
594 5249 810 5314 beatum
834 5256 938 5315 Job
960 5236 1293 5329 divinajvoce
1314 5236 1769 5340 άίέῑίίιτῗῖἕιιᾟί

180 5330 313 5398 quid
357 5332 632 5405 ingressus
673 5358 734 5398 es
781 5348 1065 5409 thesauros
1112 5358 1296 5416 nivis?
1340 5378 1448 5426 aut.
1479 5371 1766 5435 thesauros

125 5724 135 5733 -
179 5695 406 5759 intueris
436 5706 611 5794 adhuc
644 5727 743 5780 per
775 5695 987 5790 culpam
1025 5695 1535 5802 frigidos,.quantos
1566 5695 1758 5811 opera-

182 5794 325 5846 torcs
353 5793 575 5864 justitize
613 5810 671 5859 et
694 5803 1005 5871 defensores
1036 5793 1197 5877 recta:
1234 5793 1356 5881 fidei

1933 1265 2251 1337 grandinem
2295 1273 2556 1343 sumpsit,
2607 1289 2706 1345 per
2748 1291 2910 1346 quam
2955 1286 3046 1335 tot'
3073 1280 3175 1338 sibi
3200 1284 3528 1341 resistentia

1932 1356 2097 1411 corda
2119 1362 2447 1429 prostravit?
2468 1362 2843 1438 Nemoitaque
2857 1368 2923 1424 de
2944 1369 3532 1442 suisoperibnsextol-

1932 1442 2111 1515 latur;
2141 1464 2303 1506 nemo
2327 1452 2579 1524 desperet
2606 1470 2719 1513 eos,
2739 1472 2874 1528 quos
2900 1460 3076 1518 adhuc
3100 1462 3328 1537 frigidos
3354 1466 3525 1534 videt,

1932 1536 2060 1606 quia
2101 1538 2383 1599 thesauros
2424 1540 2519 1601 Dei
2560 1545 2617 1601 in
2656 1547 2781 1604 nive
2815 1557 2872 1605 et
2909 1536 3316 1622 grandiuenon
3355 1558 3526 1615 videt.

1932 1627 2065 1696 Quis
2089 1631 2234 1687 enim
2257 1637 2509 1693 crederet
2533 1641 2674 1710 quod
2697 1657 2797 1713 per
2824 1645 3158 1713 apostolatus
3182 1650 3411 1721 gratiam
3439 1652 3526 1709 la-

1929 1724 2169 1796 pidatum
2209 1728 2547 1802 Stephanum
2587 1735 2677 1790 ille
2714 1740 3086 1808 praacederct,
3128 1744 3225 1813 qui.
3257 1745 3310 1800 iu
3351 1753 3528 1807 morte

1930 1818 2047 1889 ejus
2072 1823 2313 1881 omnium
2339 1824 2693 1898 lapidantium
2718 1832 3048 1889 vestimenta
3069 1839 3356 1893 servaret?
3383 1839 3523 1912 (Act.

1927 1914 2047 1988 vn.)
2077 1914 2136 1972 Si
2165 1932 2297 1990 ergo
2326 1921 2395 1976 ad
2430 1921 2537 1979 ista
2564 1923 2707 1980 dona
2748 1926 2835 1982 vel
2861 1928 3065 1999 judicia
3093 1932 3306 1989 occulta
3338 1948 3524 1991 recur-

1925 2005 2134 2073 rimus,
2171 2010 2349 2067 nullos
2384 2014 2610 2071 omnino
2640 2016 3022 2088 desperamus,
3059 2036 3160 2079 nec
3196 2024 3303 2081 illis
3340 2040 3439 2082 nos
3464 2028 3521 2083 in

1924 2099 2087 2154 corde
2109 2110 2294 2157 nostro
2319 2104 2678 2174 prasterimus,
2700 2109 2897 2179 quibus
2917 2127 3019 2183 pro
3049 2122 3290 2185 tempore
3312 2119 3520 2189 praalati

1920 2202 2131 2256 sumus,
2153 2192 2282 2263 quia
2301 2195 2403 2249 etsi
2420 2196 2534 2268 jam
2558 2196 2802 2256 videmus
2832 2210 3094 2273 quantum
3116 2208 3517 2276 prmcessimus,

1921 2280 2196 2339 nescimus
2233 2293 2497 2356 quantum
2528 2288 2656 2346 dum
2686 2305 2914 2349 currere
2950 2296 3216 2368 coeperint
3242 2301 3519 2371 praeceda-

1919 2386 2067 2429 mur.

1995 2480 2016 2515 ι
2056 2463 2114 2520 In
2153 2468 2523 2540 magnitudine
2562 2487 2662 2529 sua
2700 2476 2883 2546 posuit
2916 2479 3129 2547 nubes,
3156 2488 3215 2537 et
3249 2480 3516 2541 confracti

1922 2571 1943 2606 ι
1980 2562 2108 2610 sunt
2134 2555 2353 2629 lapides.
2369 2563 2668 2633 grandinis.
2702 2566 3087 2644 ».Nubes.ergo
3112 2572 3371 2632 doctores
3386 2584 3518 2633 sunt

1916 2647 2087 2702 sancti
2109 2650 2277 2720 ,,qui~~
2308 2651 2555 2713 imbrem
2578 2657 2817 2717 caelestis
2861 2661 3125 2720 doctrina:
3163 2674 3418 2735 portant,
3458 2677 3518 2724 et

1916 2741 2117 2794 terram
2149 2738 2374 2797 humani
2407 2745 2589 2802 cordis
2613 2747 2883 2820 irrigant,
2911 2753 3005 2824 qui
3033 2755 3202 2810 etiam
3224 2765 3281 2812 et
3308 2766 3514 2828 tempe-

1913 2834 2110 2889 statem
2133 2828 2186 2883 in
2209 2845 2269 2886 se
2309 2832 2695 2906 increpationis
2716 2850 2929 2911 gerunt,
2951 2851 3007 2899 et
3037 2846 3127 2901 ubi
3148 2856 3511 2918 opportunum

1911 2928 2003 2974 est
2032 2918 2335 2979 eil'undunt.
2381 2924 2536 2984 Unde
2576 2930 2778 2995 dicitur
2815 2935 2958 3004 quod
2994 2936 3199 3008 lapides
3226 2939 3508 3010 grandinis

1911 3006 2185 3081 frangant,
2200 3028 2323 3069 cum
2340 3015 2597 3074 duritiam
2618 3036 2912 3092 pravorum
2936 3006 3154 3084 fortiter
3173 3006 3506 3102 increpando

1907 3188 1975 3245 lis
2004 3194 2266 3261 germinis
2305 3195 2358 3251 in
2396 3197 2644 3258 ﬁdelibus
2685 3203 2893 3265 Christi
2925 3208 3258 3269 ulti-ayferirc
3293 3228 3507 3284 praeva-

1906 3278 2070 3336 leant.
2103 3283 2180 3340 De
2210 3285 2331 3351 istis,
2351 3289 2562 3353 scilicet
2588 3295 3010 3354 nubibussimul
3039 3310 3093 3357 et
3116 3278 3378 3375 grandine
3403 3307 3505 3364 ali-

1907 3379 1993 3426 ter
2022 3372 2075 3427 in
2116 3375 2328 3444 psalmo
2370 3381 2631 3453 scriptum
2665 3394 2751 3441 est
2782 3405 2796 3441 :
2839 3408 2859 3441 ‹
2898 3389 3015 3447 Prae
3044 3372 3256 3466 fulgore
3284 3398 3337 3453 in
3365 3414 3499 3456 con-

1903 3471 2090 3531 spectu
2127 3463 2450 3535 ejnsnubes
2484 3476 2818 3533 transierunt
2840 3521 2856 3544 ,
2900 3463 3206 3552 grando-et
3229 3486 3502 3548 caﬂiones

1901 3552 2062 3624 ignis.
2100 3576 2119 3609 ι
2153 3557 2274 3615 Bue
2302 3558 2510 3633 fulgore
2530 3581 2661 3623 vero
2687 3569 2859 3624 nubes
2887 3580 3195 3641 transeunt,
3214 3578 3338 3647 quia
3358 3593 3500 3648 pra:—

1901 3642 2173 3703 dicatores
2201 3652 2376 3706 sancti
2406 3654 2661 3712 universa
2694 3660 2877 3733 mandi
2906 3663 3084 3733 spatia
3109 3642 3497 3726 miraculorum

1900 3732 2152 3794 claritate
2187 3753 2559 3812 percurrunt;
2590 3748 2682 3816 qui
2724 3732 2888 3807 etiam
2915 3732 3124 3827 grando
3149 3766 3205 3812 et
3232 3759 3496 3820 carbones

1898 3826 2039 3900 ignis
2070 3833 2251 3888 vocati
2287 3844 2444 3903 sunt,
2475 3838 2602 3908 quia
2629 3849 2684 3896 et
2718 3857 2819 3912 per
2845 3826 3240 3905 correctionem
3264 3850 3491 3920 feriunt,

1896 3924 1953 3974 et
1976 3933 2074 3989 per
2110 3920 2389 3981 ﬂammam
2424 3928 2707 3988 charitatis
2748 3937 3073 3994 accendunt.
3115 3940 3235 4012 Ipsa
3276 3959 3492 4016 quoque

1894 4007 2065 4065 libera
2091 4023 2403 4085 sanctorum
2434 4018 2734 4093 increpatio
2754 4027 2808 4081 in
2835 4037 3029 4086 natura
3056 4034 3335 4103 grandinis
3358 4053 3491 4093 con-

1893 4104 2172 4162 venienter
2191 4112 2546 4184 exprimitur;
2572 4120 2781 4187 grando
2806 4122 2966 4185 enim,
2981 4127 3212 4189 veniens,
3229 4133 3485 4202 percutit,

1890 4193 2092 4266 liquida
2133 4202 2292 4273 rigat.
2333 4205 2520 4264 Sancti
2561 4222 2741 4268 autem
2784 4217 2887 4272 viri
2934 4221 3097 4275 corda
3146 4193 3484 4283 audientium

1892 4293 2163 4346 terrentes
2204 4294 2443 4363 feriunt,
2497 4312 2552 4356 et
2595 4302 2933 4364 blandientes
2979 4310 3309 4383 infundunt;
3354 4334 3484 4374 nam

1888 4380 2344 4447 quemadmodum
2380 4386 2585 4447 feriunt
2622 4392 2891 4465 Pmpbeta
2931 4408 3194 4471 testatur,
3234 4380 3479 4465 dicens:

1893 4486 1912 4518 ι
1948 4470 2229 4533 Virtutem.
2245 4480 2567 4538 terribilium
2596 4493 2809 4542 tuorum
2840 4489 3040 4559 dicent,
3064 4504 3120 4550 et
3148 4498 3478 4569 magnitudi-

1886 4578 2010 4618 nem
2042 4573 2188 4623 tuam
2221 4575 2519 4631 uarrabunt
2540 4575 2718 4649 (Plat.
2749 4583 2965 4657 cxuv);
2999 4607 3018 4640 ι
3049 4596 3105 4643 et
3126 4592 3479 4659 quemadmo—

1885 4651 2014 4709 dum
2039 4656 2581 4738 blandientesrigent
2604 4651 3001 4745 consequenter
3022 4651 3297 4749 adiunxit:
3316 4703 3338 4736 ς
3358 4684 3475 4742 Me-

1882 4746 2111 4802 moriam
2138 4751 2482 4815 abundantia:
2511 4763 2797 4822 suavitatis
2814 4777 2926 4830 tua:
2950 4746 3296 4845 eructahunt,
3324 4785 3382 4833 et
3415 4778 3473 4836 in

1880 4842 1971 4890 tua
1992 4836 2203 4907 justitia
2235 4847 2586 4907 exsultabunt
2613 4854 2823 4929 (Ibid.).
2860 4879 2881 4913 ι

1957 4946 1976 4979 ι
2009 4928 2066 4983 ln
2091 4938 2386 5005 conspectu
2411 4940 2529 5011 ejus
2557 4952 3045 5008 commovebuntur
3072 4968 3304 5027 montes,
3334 4971 3390 5017 et
3412 4962 3469 5019 in

1885 5019 2221 5080 c.voluntate
2238 5025 2357 5095 ejus
2384 5033 2846 5102 aspirabitnotus.
2896 5064 2915 5094 ι
2957 5045 3167 5105 Montes
3203 5054 3468 5123 superbos

1876 5118 1931 5165 et
1959 5111 2130 5173 elatos
2156 5116 2464 5189 signiﬁcant
2491 5125 2758 5187 homines.
2786 5131 3144 5209 Notusergo,
3173 5111 3347 5211 qui-et
3371 5160 3467 5200 au-

1876 5210 1987 5258 ster
2015 5205 2234 5274 dicitur,
2263 5224 2459 5275 ventus
2483 5219 2713 5287 calidus,
2733 5226 2824 5294 qui
2848 5242 3017 5297 aquas
3048 5205 3246 5306 frigore
3272 5237 3466 5312 ligatas

1874 5296 2090 5363 vaporis
2114 5300 2196 5354 sui
2226 5302 2427 5361 virtute
2454 5308 2717 5380 dissolvit,
2743 5296 3038 5386 ﬁguraliter
3057 5296 3463 5403 exprimitvgra-

1874 5383 2004 5439 tiam
2044 5387 2281 5458 Spiritus
2310 5398 2516 5464 sancti,
2547 5415 2669 5470 quae
2703 5383 2897 5463 delicta
2944 5383 3143 5471 mortis.
3173 5419 3296 5490 gelu
3326 5383 3460 5477 gen-

1868 5477 2055 5532 stricta
2092 5482 2175 5536 sui
2205 5483 2402 5541 caloris
2431 5490 2626 5546 ardore
2661 5494 2902 5554 discutit.
2939 5477 3327 5582 Aspiratvergo
3356 5529 3457 5566 no-

1745 5578 1760 5615 ;
1866 5576 1984 5634 tus,
2009 5579 2066 5627 et
2091 5578 2574 5660 commovebuntur
2608 5599 2853 5659 montes,
2892 5600 3108 5667 quando
3136 5617 3234 5672 per
3257 5576 3456 5676 pr;ch-

1862 5670 2075 5716 catores
2102 5657 2525 5728 sanctos‘llatum
2550 5691 2699 5736 sana:
2719 5657 2979 5745 doctrinae
2998 5657 3196 5753 emittrit
3217 5657 3308 5765 Spi
3319 5698 3456 5755 ritus

1862 5760 2101 5807 sanctus.
2123 5754 2274 5811 Unde
2296 5766 2779 5829 commovebuntur
2799 5788 3035 5846 montes,
3051 5798 3173 5840 cum
3201 5754 3457 5855 potentes

2758 5828 2766 5829 ,
2800 5828 3173 5846 -,,-__---,v.....
3201 5828 3454 5855 rw...“

1387 5828 1488 5887 sim
1514 5832 1757 5895 facturus
1857 5842 2016 5902 istius
2035 5850 2221 5906 mundi
2241 5852 2539 5914 incitantur
2563 5861 2628 5918 ad
2652 5864 3086 5929 Christianorum
3108 5882 3454 5947 persecqu-
