4030 6484
285 429 428 485 Illi?

1150 421 1507 481 COMMENT.
1550 418 1616 474 ΙΝ
1656 412 2266 474 ECCLESIASTICUM.
2306 443 2373 457 α-
2411 413 2538 470 LIB.
2580 411 2669 467 IX.

3426 410 3562 467 1078

276 560 408 615 pore
439 541 685 614 frigidus,
719 537 976 611 magister
1018 538 1326 610 iniquitatis
1361 535 1561 598 exivit;
1594 534 1711 605 ipse
1745 530 1867 601 gelu
1896 530 1948 589 Α
1973 526 2080 582 otio
2109 526 2305 582 diaboli
2336 528 2616 599 accipitur,
2642 526 2781 581 sicut
2803 523 2869 580 de
2896 524 2990 580 illo
3015 540 3046 580 a
3072 523 3300 579 Domino
3326 523 3559 581 dicitur:

273 636 341 694 de
368 636 511 693 cmlo
532 643 615 689 est
642 634 874 705 g‘-nitus,
906 632 1029 702 quia
1055 632 1450 687 constricturus
1471 628 1634 684 corda
1669 642 1698 679 a
1726 641 1868 680 sum-
1905 632 1911 638 ’

274 734 379 788 uiis
402 731 602 788 cadere
623 737 706 783 est
728 728 796 783 ad
826 728 931 782 ima
964 727 1297 796 permissus;
1328 724 1419 793 qui
1446 724 1582 777 bene
1616 720 1670 774 in
1702 719 1868 774 coale-

272 824 448 878 stibus
487 822 775 886 conditus,
800 821 853 875 in
890 820 1059 889 culpae
1082 818 1285 889 frigore
1312 813 1863 884 mentesscquacium

273 913 569 983 quasigcm
598 913 724 967 dum
759 910 956 966 cecidit
976 909 1248 973 astrinxit,
1286 908 1379 979 qui
1426 907 1493 961 ad
1537 914 1739 961 terram
1776 919 1873 959 ve.

275 1006 453 1071 aiens,
486 1006 616 1074 quid
646 1007 697 1060 in
728 1003 1038 1059 hominibus
1068 1003 1239 1074 egerit
1262 1001 1508 1072 expletur
1534 1016 1657 1056 cum
1688 999 1871 1055 subdi-

274 1104 366 1150 tur
393 1114 408 1150 :
442 1096 546 1150 cln
574 1095 981 1151 similitudinem
1003 1094 1195 1164 lapidis
1224 1108 1377 1162 aqum
1406 1092 1688 1148 durantur.
1719 1109 1740 1145 ι
1774 1089 1868 1144 Illo

275 1187 441 1257 igitur
469 1187 537 1242 ad
570 1188 679 1242 ima
708 1187 958 1241 veniente
984 1186 1037 1241 in
1068 1185 1471 1241 similitudinem
1500 1184 1694 1254 lapidis
1714 1196 1869 1252 aqum

271 1280 481 1335 durata:
515 1289 661 1345 sunt,
705 1281 830 1352 quia
872 1278 989 1347 ejus
1042 1278 1300 1333 malitiam
1352 1277 1546 1332 imitati
1594 1276 1864 1341 homines,

274 1373 456 1428 mollia
506 1374 717 1429 viscera
759 1373 1039 1429 cliaritatis
1066 1371 1383 1427 amiserunt.
1422 1367 1598 1439 'Cujus
1649 1368 1869 1423 fraudu-

273 1462 419 1519 lenta
450 1464 698 1532 consilia,
732 1464 858 1534 quia
885 1478 914 1517 a
943 1462 1182 1518 seductis
1205 1461 1512 1516 hominibus
1538 1456 1864 1529 deprehendi

273 1570 379 1611 non
435 1565 698 1627 possunt,
754 1564 901 1610 recte
950 1552 1308 1624 sulijungitur.
1373 1569 1392 1602 ι
1429 1552 1496 1605 Ει
1550 1547 1867 1619 superﬁcies

270 1647 455 1718 abyssi
497 1648 905 1719 constringitur.
941 1645 1186 1718 rAbyssi
1233 1660 1363 1716 ergo
1385 1642 1700 1715 superﬁcies
1740 1657 1868 1698 eou-

269 1741 596 1811 stringitnr,
627 1741 753 1811 quia
802 1741 927 1795 dum
973 1738 1128 1808 quasi
1168 1738 1307 1792 bona
1342 1735 1710 1807 persuasionis
1750 1734 1866 1805 ejus

269 1832 419 1886 velut
445 1832 614 1887 solida
651 1830 849 1903 glacies
878 1830 1202 1893 ostenditur,
1231 1828 1403 1883 latens
1429 1826 1544 1896 ejus
1569 1834 1626 1880 et
1647 1826 1700 1880 in
1736 1841 1864 1896 pro-

270 1921 497 1976 fundum
522 1922 743 1976 trahens
771 1921 974 1976 malitia
1001 1936 1107 1975 non
1139 1920 1374 1975 videtur.

346 2035 365 2066 ι
394 2014 568 2085 Super
585 2030 798 2070 omnem
822 2014 1248 2070 contractionem
1269 2028 1529 2084 aquarum
1550 2012 1864 2082 requiescit,

276 2126 295 2156 ι
325 2115 381 2161 et
417 2109 555 2162 sicut
595 2107 822 2163 loricam
854 2107 1027 2162 induit
1056 2123 1114 2161 se
1143 2108 1317 2178 aquis.
1353 2128 1375 2159 ι
1427 2106 1526 2162 llic
1563 2107 1715 2162 locus
1753 2108 1866 2162 sive

271 2199 400 2254 illud
432 2208 646 2271 tempus
676 2201 953 2271 exprimit,
988 2202 1204 2271 quando
1232 2199 1519 2256 infidelitas
1544 2207 1669 2254 ante
1689 2198 1867 2254 incar.

269 2291 544 2346 nationem
594 2291 798 2347 Christi
848 2292 904 2345 in
947 2293 1155 2347 mundo
1186 2292 1418 2347 maxime
1457 2290 1868 2362 prmvaluit,.et

267 2379 548 2449 gentilium
576 2379 732 2435 turba
762 2379 1027 2436 idolorum
1058 2381 1285 2436 cultura:
1313 2389 1426 2436 toto
1466 2381 1587 2435 nisu
1618 2381 1873 2448 servivit,

265 2486 364 2526 seu
390 2472 717 2538 etiamnum,
738 2488 862 2528 cum
894 2472 1021 2528 licet
1046 2474 1200 2528 multi
1242 2474 1349 2529 sint
1389 2474 1607 2530 Christo
1633 2475 1863 2530 creden-

266 2572 368 2629 tes,
399 2572 457 2618 et
488 2572 666 2619 tamen
705 2564 757 2619 in
805 2565 1036 2636 singulis
1070 2565 1379 2622 nationibus
1422 2566 1564 2622 idem
1608 2566 1866 2638 antiquus

264 2654 440 2711 hostis
471 2671 598 2711 suos
626 2658 919 2713 servitores
941 2658 1127 2721 habet,
1161 2658 1213 2712 iu
1245 2658 1441 2728 quibus
1465 2658 1579 2729 ipse
1603 2658 1868 2727 quodam-

264 2748 426 2803 modo
452 2749 765 2818 requiescit,
786 2758 841 2804 et
867 2757 1056 2805 contra
1086 2750 1179 2805 Dei
1211 2749 1431 2814 milites,
1475 2765 1604 2805 suos
1643 2749 1865 2806 bellum.

264 2852 353 2891 res
376 2838 631 2908 disponit.
687 2838 888 2895 Contra
936 2855 1072 2909 quos
1117 2838 1349 2909 qualiter
1387 2856 1629 2911 pugnare
1667 2839 1864 2895 debea-

264 2944 404 2994 mus,
428 2928 624 2984 Paulus
647 2931 927 3002 apostolus
945 2947 1042 2987 nos
1063 2930 1318 2996 instituit,
1343 2929 1532 2986 dicens
1557 2950 1569 2986 :
1601 2950 1621 2984 ι
1651 2930 1862 2987 lnduite

260 3034 360 3075 vos
388 3031 718 3076 armaturam
747 3022 865 3087 Dei,
894 3032 953 3078 ut
994 3022 1214 3092 possitis
1252 3030 1400 3078 stare
1433 3021 1694 3079 adversus
1733 3021 1836 3077 insi

261 3110 381 3165 dias
405 3110 625 3177 diaboli,
653 3113 777 3182 quia
804 3128 907 3168 non
940 3121 1026 3168 est
1060 3113 1215 3167 nobis
1246 3111 1559 3168 colluctatio
1601 3112 1863 3167 adversus

257 3218 483 3257 carnem
511 3212 567 3259 et
593 3205 934 3277 sanguinem,
961 3205 1057 3261 sed
1082 3205 1346 3260 adversus
1375 3204 1649 3276 principes
1671 3213 1727 3259 et
1758 3219 1857 3274 po—

259 3300 505 3359 testates,
529 3293 787 3348 adversus
810 3294 991 3350 mundi
1014 3302 1253 3349 rectores
1276 3294 1621 3350 tenebrarum
1642 3294 1856 3359 harum,

257 3392 450 3437 contra
486 3383 748 3452 spiritalia
789 3385 1044 3455 nequitia:
1083 3385 1136 3440 iu
1185 3385 1518 3442 coelestibus.
1564 3385 1859 3457 Propterea

258 3473 492 3543 accipite
531 3484 866 3530 annaturam
906 3476 1022 3541 Dei,
1065 3485 1122 3531 ut
1157 3477 1377 3547 possitis
1412 3477 1666 3534 resistere
1690 3477 1744 3533 in
1771 3478 1858 3534 die

260 3566 427 3632 malo,
460 3575 516 3623 et
550 3568 604 3623 iu
643 3569 895 3625 omnibus
922 3569 1145 3643 perfecti
1174 3582 1339 3626 stare.
1392 3572 1545 3627 State
1577 3587 1707 3642 ergo
1737 3588 1858 3628 suc-

258 3663 428 3718 cincti
463 3663 676 3718 lumbos
710 3674 925 3720 vestros
954 3664 1010 3718 in
1044 3665 1293 3731 veritate,
1324 3675 1378 3720 ct
1408 3666 1612 3720 induite
1634 3666 1855 3722 loricam

250 3755 500 3827 iustitiae,
537 3766 592 3812 et
628 3757 854 3812 calceati
884 3758 1049 3828 pedes
1077 3758 1131 3813 in
1156 3758 1554 3828 praeparatione
1581 3759 1855 3830 Evangelii

259 3849 453 3920 pacis:
481 3850 535 3905 in
575 3851 826 3906 omnibus
864 3859 1141 3906 sumentes
1188 3861 1401 3906 scutum
1448 3850 1594 3917 ﬁdei,
1648 3851 1700 3906 in
1747 3868 1855 3923 quo

252 3942 474 4012 possitis
499 3944 680 3999 omnia
709 3945 813 3999 tela
849 3945 1167 4014 nequissimi
1206 3946 1362 4017 ignea
1393 3946 1757 4017 exstinguere,
1800 3955 1856 4002 et

253 4033 462 4105 galeam
500 4034 692 4089 salutis
729 4037 1008 4100 assumite,
1045 4045 1099 4092 et
1135 4036 1374 4105 gladium
1421 4038 1662 4108 spiritus,
1708 4038 1855 4108 quod

253 4131 344 4179 est
367 4125 589 4179 verbum
615 4123 709 4180 Dei
737 4124 951 4196 (Epiros.
983 4124 1079 4197 vi).
1112 4146 1130 4179 ι

332 4232 357 4265 ι
373 4214 662 4271 Devorabit
684 4224 916 4281 montes,
942 4225 1133 4273 exuret
1158 4216 1452 4281 desertum,
1475 4225 1531 4272 et
1546 4218 1853 4290 exstingue-

259 4323 291 4357 ι.
312 4314 401 4360 tur
436 4305 608 4362 viride
650 4307 793 4362 sicut
828 4307 970 4376 igne.
1003 4327 1025 4359 ι
1078 4307 1215 4374 Quid
1244 4323 1341 4377 per
1370 4316 1613 4370 montes,
1634 4310 1736 4365 nisi
1763 4327 1853 4366 su-

250 4396 405 4467 perbi
435 4405 490 4452 et
516 4397 645 4453 elati
669 4398 960 4454 homines?
998 4407 1052 4454 et
1089 4399 1218 4470 quid
1261 4415 1359 4471 per
1404 4402 1700 4467 desertum,
1747 4403 1852 4458 nisi

249 4490 558 4544 desertores
589 4490 835 4545 veritatis
859 4498 914 4545 et
927 4490 1153 4560 justitim
1181 4492 1569 4547 insinuantur?
1612 4493 1851 4549 Devorat

1925 630 1935 641 ·
1977 638 1996 670 ι
2020 619 2159 674 lluic
2200 628 2412 674 montes
2458 617 2653 674 herbas
2692 616 2892 681 fei'imt,
2922 636 2940 668 ι
2988 630 3052 670 ac
3089 615 3137 671 si
3169 617 3369 683 diceret
3405 630 3419 669 :
3453 613 3559 669 Su-

1968 710 2122 782 perbi
2146 726 2211 765 ac
2250 709 2441 766 tumidi
2478 711 2604 766 dum
2637 726 2695 765 se
2730 709 2929 763 illicitis
2951 708 3379 778 cogitationibus
3401 716 3564 779 atque

1969 801 2275 857 actionibus
2325 799 2601 866 ederunt,
2655 801 2767 855 suis
2821 800 2972 855 illum
3032 799 3409 870 iniquitatibus
3466 814 3567 870 pa-

1969 904 2172 960 scunt;
2224 895 2322 950 sed
2363 895 2495 965 quid
2540 893 2698 963 hujus
2747 894 2919 949 hostis
2973 893 3289 963 nequissimi
3341 893 3564 951 malitia:

1968 986 2198 1043 obsistat
2244 987 2299 1043 in
2353 987 2706 1058 sequentibus
2756 987 3181 1042 demonstratur.

2045 1100 2067 1132 ι
2093 1079 2354 1136 Medicina
2383 1080 2625 1135 oninium
2653 1080 2708 1141 in
2734 1078 3103 1146 festinatione,
3133 1079 3361 1145 nebula},
3386 1089 3564 1139 et‘ros

1975 1193 1994 1225 ‹
2027 1174 2253 1230 obvians
2298 1174 2483 1230 ardori
2527 1174 2767 1229 venienti
2815 1172 3073 1229 humilem
3115 1172 3310 1229 etliciet
3357 1189 3505 1229 eum.
3536 1192 3559 1226 ι

1969 1265 2107 1334 Quid
2132 1283 2228 1337 per
2250 1267 2448 1322 nubem
2472 1265 2563 1320 vel
2582 1265 2855 1329 nebulam,
2878 1264 2982 1319 nisi
3005 1263 3305 1319 incarnatio
3325 1263 3560 1319 Redem-

1969 1359 2144 1429 ptoris
2169 1359 2339 1415 nostri
2367 1366 2422 1413 et
2448 1358 2692 1414 doctrina
2731 1356 2850 1427 ejus
2880 1355 3239 1426 designatur?
3269 1369 3363 1425 per
3397 1370 3562 1424 quam

1969 1452 2152 1508 divina
2192 1452 2366 1522 pietas
2406 1451 2641 1506 humano
2680 1449 2864 1521 generi
2910 1447 3203 1513 consuluit,
3235 1454 3290 1502 et
3322 1462 3443 1501 rore
3472 1462 3562 1502 su.

1967 1559 2150 1614 perna:
2181 1543 2367 1615 gratiae
2396 1543 2623 1598 obviaus
2652 1540 3118 1613 persecutionihns
3151 1538 3325 1594 hostis
3353 1538 3561 1608 antiqui

1968 1654 2093 1694 cum
2138 1638 2338 1692 virtute
2378 1635 2633 1706 potentia:
2677 1649 2790 1689 suae
2831 1632 3104 1696 contrivit,
3144 1639 3198 1687 et
3227 1630 3464 1700 praedam
3490 1631 3560 1685 al.

1968 1745 2063 1785 ore
2092 1727 2209 1798 ejus
2246 1728 2467 1799 eripuit.
2523 1727 2599 1781 De
2645 1726 2750 1781 hoc
2784 1725 2947 1780 etiam
2992 1722 3160 1778 Isaias
3200 1721 3464 1792 prOphcta
3506 1720 3560 1774 in

1969 1837 2138 1877 onere
2160 1820 2381 1892 Egypti
2410 1827 2638 1875 testatus
2671 1825 2773 1879 est.
2817 1818 3004 1872 dicens
3029 1833 3041 1869 :
3072 1834 3090 1865 ς
3121 1815 3259 1869 Ecce
3300 1813 3560 1868 Dominus

1894 1885 1939 1945 Β
1968 1885 2414 1984 ascendet's'u-per
2442 1913 2642 1967 nubem
2682 1910 2879 1975 levem,
2923 1915 2978 1964 et
3020 1906 3352 1978 ingredietur
3392 1904 3561 1977 Egy-

1908 2082 1913 2086 δ
1968 2015 2143 2078 ptum,
2170 2014 2226 2061 et
2249 2006 2608 2061 movebuntur
2635 2002 2924 2059 simulacra
2955 2000 3173 2072 [Egypli
3204 2015 3234 2055 a
3263 2000 3400 2055 facie
3421 1998 3568 2069 ejus,

1962 2103 2023 2151 et
2063 2110 2160 2151 cor
2204 2093 2426 2165 ngypti
2470 2091 2714 2148 tabescet
2743 2091 2801 2148 in
2832 2089 3011 2145 medio
3048 2089 3166 2160 ejus
3198 2087 3334 2161 (180.
3368 2089 3503 2160 xix).
3535 2107 3561 2141 ι

1909 2189 1920 2203 ⁸
1970 2206 1992 2240 ι
2014 2187 2278 2244 Ascendet
2293 2185 2550 2241 Dominus
2561 2200 2724 2256 super
2737 2185 2933 2240 nubem
2956 2183 3146 2248 levem,
3170 2202 3191 2236 ι
3215 2197 3409 2253 corpus
3430 2197 3559 2238 san-

1966 2289 2067 2336 cta:
2093 2279 2318 2352 virginis
2348 2277 2715 2349 Mari-.e,.quod
2740 2276 2891 2332 mullo
2915 2276 3135 2331 humani
3163 2275 3391 2332 seminis
3423 2289 3561 2346 pou-

1963 2374 2095 2429 dere
2122 2380 2516 2444 przegravatum
2538 2379 2640 2438 est,
2670 2369 2756 2426 vel
2790 2377 2938 2425 certe
2968 2382 3165 2440 corpus
3193 2382 3374 2433 suum,
3407 2365 3552 2436 quod

1966 2464 2034 2520 de
2077 2462 2283 2534 Spiritu
2331 2469 2519 2518 saneto
2559 2468 2880 2531 conceptum
2925 2466 3047 2525 est;
3079 2466 3137 2514 et
3173 2456 3448 2528 ingressus
3475 2462 3569 2510 est

1964 2552 2259 2625 A‘Zgyptum
2290 2551 2456 2623 hujus
2476 2552 2693 2618 mundi,
2714 2551 3018 2620 statimque
3030 2548 3212 2605 omnia
3237 2546 3458 2620 Egypti
3485 2546 3562 2602 si-

1964 2645 2207 2702 mulacra
2245 2652 2516 2702 commota
2561 2651 2707 2709 sunt,
2752 2643 2825 2698 ita
2861 2652 2922 2698 ut
2962 2640 3323 2698 divinationes
3349 2647 3405 2694 et
3433 2638 3557 2693 uni.

1964 2752 2121 2794 versa
2152 2737 2299 2793 fraus
2327 2736 2663 2803 idololatria),
2707 2751 2829 2806 qua:
2872 2743 3087 2805 captum
3118 2732 3432 2805 possidebat
3458 2747 3552 2787 or-

1963 2829 2111 2896 hem,
2139 2845 2198 2885 se
2223 2829 2450 2886 fractam
2480 2844 2601 2886 esse
2633 2828 2882 2894 sentiret,
2910 2828 2962 2883 in
2993 2835 3204 2883 tantum
3238 2835 3297 2882 ut
3324 2825 3462 2898 Magi
3486 2827 3567 2881 ab.

1961 2921 2174 2976 oriente
2219 2920 2362 2975 docti
2408 2935 2439 2975 a
2484 2918 2841 2983 daemonibus,
2887 2917 2993 2973 vel.
3013 2916 3170 2989 juxta
3217 2917 3561 2989 prophetiam

1961 3011 2181 3067 Balaam
2208 3009 3005 3082 intelligentesnatumFilium
3047 3009 3165 3075 Dei,
3209 3009 3300 3080 qui
3337 3022 3583 3065 omnem.

1962 3104 2098 3158 artis
2141 3118 2330 3160 eorum
2388 3102 2693 3157 destrueret
2733 3108 3055 3171 potestatem
3079 3141 3095 3166 ,
3146 3101 3397 3156 venirent
3453 3098 3561 3155 lte-

1966 3196 2186 3262 thieem,
2243 3206 2297 3252 et
2340 3195 2658 3252 ostendente
2696 3194 2849 3250 ste'lla
2905 3194 3253 3249 adoraverint
3301 3208 3590 3264 puerum..-

1962 3287 2045 3343 De
2092 3287 2195 3342 hoc
2239 3302 2363 3342 rore
2405 3286 2567 3342 etiam
2598 3288 2856 3342 Dominus
2887 3286 2953 3340 ad
2984 3285 3085 3340 Job
3115 3286 3192 3341 ait
3220 3303 3234 3341 :
3264 3304 3283 3337 ι
3314 3286 3446 3353 Quis
3470 3293 3577 3341 est-

1956 3379 2153 3451 pluvia:
2201 3389 2376 3450 pater,
2427 3378 2513 3434 vel
2562 3380 2684 3449 quis
2735 3379 2922 3450 genuit
2964 3378 3138 3434 stillas
3184 3378 3366 3437 roris?
3402 3377 3570 3449 (Job...

1958 3471 2211 3545 xxxvin.)
2242 3493 2261 3526 ι
2299 3488 2363 3528 ac
2389 3472 2435 3527 si
2458 3472 2670 3528 diceret
2695 3490 2706 3526 :
2733 3471 2844 3527 Nisi
2872 3487 2971 3541 ego
2997 3513 3012 3538 ,
3050 3473 3173 3542 quis
3204 3472 3405 3527 siccam
3436 3481 3549 3526 ter-
3575 3511 3578 3513 λ

1958 3580 2074 3619 ram
2107 3565 2326 3620 humani
2359 3565 2541 3621 cordis
2568 3566 2735 3637 guttis
2764 3564 3005 3620 Scientia:
3029 3566 3265 3636 gratuito
3292 3565 3551 3635 aspergit.
3580 3612 3590 3619 ,

1957 3655 2034 3712 De
2059 3656 2160 3712 hac
2184 3657 2329 3712 enim
2353 3657 2530 3726 pluvia
2556 3657 2692 3712 alias
2716 3657 2916 3712 dicitur
2942 3677 2954 3711 :
2985 3675 3003 3709 ι
3032 3657 3274 3735 Pluvia‘m
3304 3656 3550 3712 voluntte-

1957 3749 2096 3805 riam
2119 3750 2430 3820 segregabis
2458 3750 2602 3806 Deus
2624 3749 2928 3805 lnereditati
2955 3757 3059 3804 tuae
3092 3749 3264 3821 (Psal.
3298 3749 3487 3820 uvn).
3520 3768 3541 3802 ι

1956 3844 2329 3900 Voluntariam
2368 3847 2565 3914 quippe
2590 3842 2827 3913 pluviam
2856 3841 3188 3896 haereditatis
3227 3856 3337 3897 sua:
3366 3842 3555 3897 Domi-

1955 3950 2058 3990 nus
2083 3942 2353 4007 segregat,
2379 3933 2507 4003 quia
2531 3947 2638 3989 non
2670 3947 2790 3987 eam
2827 3932 2998 3987 nobis.
3016 3947 3113 4002 pro
3149 3931 3355 3987 nostris
3378 3931 3577 3986 meri--

1954 4028 2045 4093 tis,
2078 4028 2172 4083 sed
2197 4044 2297 4099 pro
2325 4043 2437 4083 sua:
2467 4041 2694 4082 munere
2726 4027 3073 4096 benignitatis
3095 4034 3348 4096 prastat;
3376 4033 3432 4080 et
3460 4025 3547 4081 ἰός-

1952 4118 2101 4174 circo
2129 4120 2234 4174 hoc
2256 4118 2374 4175 loco
2401 4127 2556 4189 pater
2580 4118 2773 4188 pluvia:
2797 4118 3010 4182 dicitur,
3040 4117 3165 4188 quia
3188 4132 3420 4187 superna
3448 4131 3547 4171 no-

1953 4208 2037 4265 bis
2063 4209 2385 4280 prtedieatio
2405 4225 2509 4264 non
2539 4210 2608 4265 de
2636 4217 2820 4264 nostro
2850 4209 3041 4264 merito
3063 4209 3157 4263 sed
3181 4209 3247 4263 de
3273 4206 3389 4275 ejus
3413 4222 3542 4278 gra-

1954 4300 2026 4355 tia
2049 4307 2361 4372 generatur.
2420 4298 2589 4355 Stillte
2611 4298 2755 4352 enim
2782 4298 2920 4353 roris
2944 4298 3045 4365 ipsi
3077 4297 3247 4352 sancti
3278 4298 3543 4367 prcedica-

1950 4400 2101 4446 tores
2136 4399 2285 4456 sunt,
2317 4390 2410 4461 qui
2449 4404 2587 4458 arva
2608 4388 2843 4457 pectoris
2872 4388 3040 4444 nostri
3068 4388 3209 4443 inter
3244 4387 3381 4442 mala
3417 4389 3575 4443 vitae-

1944 4484 2256 4555 przesentis,
2288 4482 2442 4555 quasi
2472 4481 2613 4537 inter
2636 4482 2893 4537 tenebras
2919 4481 3079 4536 siccae
3108 4482 3283 4534 noctis
3303 4480 3569 4544 arentia“

247 4596 379 4655 ergo
404 4582 651 4640 diabolus
678 4593 888 4640 montes
912 4593 969 4641 et
989 4586 1170 4641 exurit
1191 4584 1727 4658 desertum,_quando
1748 4605 1842 4644 su-

1955 4576 2125 4647 gratia
2155 4589 2401 4645 supernae
2431 4573 2698 4642 largitatis
2734 4571 3039 4627 infundunt.
3096 4570 3193 4627 llic
3231 4571 3275 4626 si
3319 4572 3574 4641 quidem.

247 4675 443 4743 perbos
470 4689 713 4745 quosque
737 4683 793 4730 et
819 4676 1034 4746 iniquos
1057 4677 1303 4734 homines
1322 4678 1533 4733 cunctis
1555 4679 1844 4737 virtutibus

246 4766 505 4839 spoliatos
533 4769 588 4823 in
620 4784 776 4825 suum
808 4779 1021 4839 pastum
1045 4770 1260 4840 redigit,
1291 4780 1345 4827 et
1372 4770 1495 4843 igne
1527 4772 1841 4843 cupiditatis

246 4861 415 4936 quasi.
434 4862 704 4919 desertum
731 4863 968 4919 incendit
998 4881 1011 4917 :
1041 4864 1131 4919 ubi
1171 4864 1217 4918 si
1255 4864 1387 4934 quid
1428 4864 1644 4920 virtutis
1675 4873 1840 4936 atque

243 4953 488 5009 scientiae
531 4955 773 5026 germine
812 4954 997 5020 viruit,
1042 4969 1141 5025 per
1180 4954 1360 5027 ignem
1398 4954 1620 5011 malitia:
1663 4965 1837 5013 totum

243 5046 489 5115 protinus
507 5046 799 5118 exstinguit
816 5064 828 5100 :
848 5046 901 5101 in
915 5046 1193 5117 Scriptura
1209 5046 1352 5101 enim
1375 5061 1530 5102 sacra
1547 5046 1836 5117 aliquando

242 5154 340 5210 per
364 5138 587 5194 herbam
616 5140 763 5195 viror
789 5139 974 5210 gloria:
1003 5138 1315 5210 temporalis
1347 5137 1834 5210 signiﬁcatur-,_ali-

242 5232 463 5301 quando
488 5230 710 5287 refectio
736 5230 967 5297 diaboli,
982 5231 1270 5300 aliquando
1291 5231 1615 5286 sustentatio
1640 5232 1836 5302 praedi-

239 5328 510 5387 catorum,
534 5321 820 5391 aliquando
844 5321 985 5376 bona
1009 5321 1279 5391 Operatio,
1300 5319 1599 5390 aliquando.
1616 5329 1835 5377 aeterna:

242 5412 367 5470 vita:
396 5411 621 5468 scientia
665 5422 828 5484 atque
856 5411 1122 5468 doctrina.
1173 5410 1335 5467 Viror
1374 5427 1608 5482 namque
1648 5412 1833 5484 gloria:

243 5504 553 5576 temporalis
597 5504 895 5575 accipitur,
954 5504 1093 5560 sicut
1148 5502 1422 5574 Propheta
1467 5504 1588 5559 ait:
1628 5522 1659 5556 (ι
1679 5504 1834 5561 Mane

241 5598 384 5653 sicut
427 5596 589 5652 herba
648 5604 913 5663 transeat,
954 5610 1115 5652 mane
1156 5594 1347 5651 ﬂoreat
1392 5604 1449 5651 et
1492 5603 1835 5666 pertranseat

243 5687 415 5762 (Psal.
448 5689 693 5761 sxxxtx).
725 5709 744 5743 ι
804 5688 960 5746 Mane
992 5704 1227 5759 namque
1265 5689 1405 5745 sicut
1446 5690 1611 5747 herba
1636 5689 1830 5748 ﬂorere

240 5787 405 5848 atque
437 5779 689 5844 transire,
722 5788 805 5835 est
834 5781 888 5835 in
915 5781 1274 5852 prosperitate
1295 5779 1457 5850 hujus
1483 5781 1660 5836 saeculi
1690 5790 1827 5837 tem-

243 5871 445 5940 poralis
473 5871 653 5944 gloria:
676 5873 928 5931 velociter
955 5875 1121 5933 decus
1154 5890 1423 5932 arescere.
1481 5873 1658 5931 llerba
1693 5877 1827 5931 refe-

1948 4682 2039 4721 ros
2084 4665 2339 4722 humilem
2386 4664 2515 4720 fecit
2559 4664 2853 4729 diabolum,
2905 4664 3007 4719 hoc
3049 4663 3551 4733 est,.despectum,

1945 4760 2073 4830 quia
2099 4758 2341 4813 occultas
2367 4758 2588 4813 insidias
2616 4758 2732 4828 ejus
2760 4758 2905 4813 claro
2929 4770 3178 4813 sermone
3206 4756 3459 4827 produxit
3480 4756 3533 4810 in
3550 4777 3565 4810 :-

1945 4851 2313 4917 manifestum,
2356 4860 2414 4905 ut
2439 4851 2551 4921 jam
2590 4850 2822 4907 mundus
2842 4851 2911 4906 ab
2936 4849 3239 4905 idololatria
3268 4856 3324 4902 et
3351 4863 3535 4918 perse-

1942 4945 2175 5003 cutionis
2216 4952 2537 5015 tempestate
2574 4951 2834 5010 cessaret,
2871 4943 2962 5012 qui
2995 4958 3054 4997 se
3085 4942 3174 4995 diu
3219 4940 3434 4997 illusum
3462 4940 3532 4993 ab

1940 5037 2164 5109 antiquo
2196 5039 2354 5093 hoste
2381 5036 2626 5092 sentiret.
2664 5034 2816 5091 Unde
2843 5042 2894 5088 et
2919 5032 3169 5088 subditur
3194 5050 3233 5083 ιι

2014 5167 2032 5200 ι
2063 5147 2122 5202 In
2156 5160 2406 5203 sermone
2452 5145 2595 5200 illius
2632 5144 2782 5199 siluit
2812 5151 3023 5206 ventus,
3073 5139 3399 5211 cogitatione
3419 5154 3525 5195 sua

1942 5258 1961 5290 ι
1990 5239 2222 5312 placavit
2253 5240 2530 5310 abyssum,
2558 5245 2610 5292 et
2638 5235 2900 5306 plantavit
2930 5235 2984 5287 in
3019 5232 3105 5287 illa
3144 5231 3407 5288 Dominus
3441 5233 3526 5287 in-

1941 5350 1960 5383 ι
1989 5331 2153 5387 sulas.
2185 5352 2204 5384 ι
2252 5331 2307 5385 lu
2338 5343 2589 5386 sermone
2608 5343 2739 5399 ergo
2767 5324 3078 5396 evangelico
3105 5339 3134 5378 a
3161 5323 3376 5381 turbine
3400 5338 3526 5395 pera

1933 5425 2269 5481 secutionum
2319 5422 2596 5492 mitigatus
2646 5427 2730 5474 est
2784 5417 3039 5481 mundus,
3084 5415 3211 5486 quia
3260 5415 3535 5485 sapientia

1937 5515 2141 5579 divina,
2168 5528 2288 5582 qua:
2307 5511 2715 5567 creavitorbem
2739 5515 3031 5572 terrarum,
3062 5506 3235 5576 ipsam
3264 5521 3373 5561 suo
3394 5514 3549 5559 nutat

1934 5610 2262 5659 commotum
2294 5599 2528 5669 placavit
2553 5599 2840 5668 abyssum;
2868 5599 3094 5670 abyssus
3134 5596 3281 5652 enim
3326 5595 3528 5664 dicitur

1932 5707 2197 5763 aquarum
2232 5674 2601 5760 copiosissima
2634 5688 2942 5754 multitudo,
2978 5704 3099 5760 quae
3125 5696 3180 5743 et
3209 5687 3265 5741 in
3293 5687 3437 5741 bono
3469 5691 3549 5738 et.

1932 5782 1985 5837 in
2015 5781 2499 5852 nialo‘plerumque
2522 5779 2766 5850 ponitur.
2807 5779 2934 5836 Haec
2965 5780 3163 5836 merito
3204 5777 3295 5833 hic
3325 5789 3521 5845 super.

1930 5877 2154 5934 stitiosis
2200 5884 2363 5947 atque
2397 5874 2838 5945 persecutoribus
2870 5879 3235 5943 comparatur.
3282 5868 3359 5925 Et
3389 5873 3560 5923 uota...
