4030 6484
500 431 641 488 1079
1137 424 1199 479 Β.
1239 420 1495 479 RABANI
1532 419 1753 477 MAURI
1787 413 2109 474 ARCHIEP.

2222 410 2463 469 )GUNT.
2500 410 2790 468 OPERUM
2825 408 3007 467 PARS
3043 398 3086 463 Ιξ
3626 391 3779 458 ωδε)

493 536 642 609 quod
676 538 873 591 dicitur
896 536 1192 589 Dominum
1216 528 1402 586 Iesum
1435 529 1714 600 plantasse
1747 535 1804 583 et
1842 526 2083 597 placasse
2109 527 2163 588 Α
2186 523 2385 595 pcstati
2424 529 2483 577 ιιι
2519 522 2784 593 quiescat,
2816 529 2875 577 et
2898 519 3145 590 quiescit.
3209 514 3512 586 Sequitur:
3546 529 3568 565 ι
3596 511 3782 571 Draco

488 603 766 698 abyssum,
794 624 921 695 quia
943 624 1063 693 ipse
1094 631 1285 678 auctor
1304 629 1391 677 est
1413 622 1654 678 omnium
1688 634 1893 685 rerum,
1926 637 1947 670 ι
1976 633 2078 690 per
2185 614 2289 670 iste
2321 626 2482 683 quem
2523 612 2770 669 formasti
2806 610 2889 666 ad‘
2920 608 3246 667 illudendum
3292 605 3366 662 ei.
3388 625 3410 657 ι
3452 603 3555 660 Hic
3589 607 3781 674 aperte

488 736 651 793 quem
679 718 858 776 omnia
892 716 1036 772 facta
1059 724 1204 783 sunt,
1237 724 1294 770 et
1319 716 1436 771 sine
1458 716 1575 785 ipso
1602 710 1804 769 factum
1832 720 1917 769 est
1942 711 2078 767 nihil
2186 705 2458 761 diabolum
2501 703 2795 775 significat,
2828 702 2919 773 qui
2949 715 3079 756 vere
3106 700 3273 755 draco
3302 697 3524 793 dicitur,
3553 702 3784 793 propter

491 784 679 881 (:Iaan.
706 808 768 881 ι).
802 827 824 860 ›
858 808 1002 862 ldem
1028 804 1159 877 ergo
1180 813 1397 874 quantae
1417 784 1704 874 potestatis
1727 813 1873 859 esset
1895 810 2085 858 osten-
2186 812 2454 852 venenum
2486 796 2628 866 quod
2657 794 2782 850 Erae
2809 795 2996 864 prima:
3020 789 3236 846 mulieri
3258 786 3533 860 pestiferis
3566 784 3785 840 suasio-

1137 424 1199 479 B.
1239 420 1495 479 RABANI
1532 419 1753 477 MAURI
1787 413 2109 474 ARCHIEP.
2149 410 2463 469 MOGUNT.
2500 410 2790 468 OPERUM
2825 408 3007 467 PARS
3043 398 3086 463 Ιξ

487 902 588 967 dit,
617 898 837 970 quando
875 897 930 952 in
961 896 1204 952 navicula
1232 910 1330 965 per
1367 894 1659 965 discipulos
1686 910 1717 947 a
1744 908 1933 950 somno
1960 908 2082 948 sus-

492 991 692 1045 citatus
732 987 987 1051 surrexit,
1043 994 1099 1041 et
1128 1005 1149 1036 tu
1177 984 1462 1055 imperavit
1500 984 1680 1040 ventis
1719 991 1775 1039 et
1817 982 1980 1049 mari,
2025 989 2084 1036 et

488 1077 636 1134 facta
683 1085 769 1135 est
812 1074 1176 1146 tranquillitas
1220 1089 1414 1145 magna
1462 1072 1678 1145 (Matth.
1725 1073 1864 1144 vni).
1897 1093 1922 1125 ι.
1975 1071 2079 1128 Ubi

487 1168 645 1240 juxta
672 1170 916 1225 litteram
951 1166 1246 1222 notandum
1274 1165 1417 1235 quod
1444 1179 1634 1220 omnes
1661 1171 1926 1220 creaturae
1954 1176 2081 1217 sen-

492 1263 635 1319 tiant
660 1270 998 1327 creatorem;
1029 1259 1226 1329 quibus
1249 1258 1394 1313 enim
1418 1257 1731 1327 inerepatur
1758 1263 1814 1310 et
1845 1255 2081 1324 impera-

491 1361 608 1419 tur,
654 1353 894 1408 sentiunt
924 1352 1303 1421 imperantem,
1334 1364 1440 1404 non
1464 1363 1652 1404 errore
1680 1346 2084 1411 haereticorum,

496 1445 591 1516 qui
626 1444 807 1500 omnia
843 1451 1035 1513 putant
1058 1442 1377 1507 animantia,
1408 1442 1502 1497 sed
1530 1439 1811 1510 majestate
1841 1438 2087 1496 condito-

494 1535 598 1600 ris,
626 1549 748 1605 qnie
780 1533 919 1603 apud
969 1548 1066 1589 nos
1106 1532 1461 1598 insensibilia,
1505 1532 1584 1591 illi
1626 1532 1908 1589 sensibilia
1939 1537 2084 1588 sunt.

496 1623 725 1696 Mystiee
751 1630 931 1679 autem
961 1630 1182 1678 ventum
1212 1622 1474 1678 Dominus
1498 1636 1729 1694 surgens
1764 1619 2088 1692 increpavit,

496 1717 624 1787 quia
648 1714 1046 1771 resurrectione
1068 1713 1345 1771 celebrata
1369 1713 1577 1770 diaboli
1608 1712 1916 1784 superbiam
1950 1720 2090 1769 stra-

495 1805 595 1872 vit,
647 1804 775 1861 dum
823 1818 921 1876 per
960 1812 1193 1862 mortem
1231 1803 1503 1860 destruxit
1544 1803 1688 1870 eum',
1733 1804 1825 1875 qui
1859 1804 2093 1861 habebat

497 1899 692 1955 mortis
730 1873 1051 1968 imperium;
1099 1904 1478 1967 tempestatem
1521 1873 1926 1968 quoqueiaqua:
1971 1911 2094 1951 sur-
2119 1873 2169 1934 Β

500 2004 636 2063 gens
658 2003 875 2044 cessare
900 1986 1051 2054 fecit,
1082 1987 1207 2057 quia
1236 2002 1489 2044 vesanam
1521 1985 1831 2043 Judazorum
1860 1986 2092 2054 rabiem,

501 2097 627 2154 quae
651 2085 814 2151 caput
841 2078 1093 2150 quatiens
1119 2079 1470 2144 elamaverat,
1504 2098 1523 2130 ο
1548 2076 1606 2134 Si
1631 2078 1804 2135 Filius
1849 2078 1947 2134 Dei
1987 2087 2093 2145 est,

501 2172 798 2230 descendat
847 2185 993 2226 nunc
1038 2170 1105 2225 de
1150 2184 1336 2237 cruce,
1385 2176 1441 2225 et
1488 2169 1764 2225 credimus
1795 2168 1846 2226 ei
1877 2167 2093 2242 (Matth.

503 2263 662 2336 xvn),
695 2283 712 2314 δ
769 2262 841 2318 de
891 2259 1141 2332 sepulcro
1184 2260 1454 2332 surgendo
1505 2258 1777 2316 labefecit.
2009 2326 2018 2332 _

581 2378 603 2409 ι
630 2356 733 2426 Qui
762 2355 1020 2428 navigant
1048 2370 1223 2422 mare,
1254 2362 1514 2410 enarrant
1541 2353 1841 2427 periculum
1866 2352 2019 2425 ejus:
2045 2358 2102 2407 et

510 2469 533 2503 ι
563 2450 844 2506 audientes
885 2448 1114 2505 auribus
1155 2449 1378 2515 nostris,
1428 2448 1789 2515 admiramur,
1812 2445 1923 2501 illic
1958 2460 2101 2516 prm-

513 2562 536 2595 ι
564 2542 710 2597 clara
738 2551 796 2598 et
823 2540 1091 2596 mirabilia
1122 2555 1310 2609 opera,
1343 2540 1493 2594 varia
1537 2553 1739 2611 genera
1782 2536 2101 2605 bestiarum,

515 2657 535 2685 s
564 2643 622 2689 et
681 2635 922 2690 omnium
976 2633 1268 2704 pecudum,
1318 2641 1374 2687 et
1419 2642 1669 2688 creatura
1724 2631 2046 2687 belluarum.
2079 2649 2098 2683 ι

510 2725 663 2782 Mare
689 2725 1006 2781 historicum
1035 2732 1237 2794 quanta
1273 2722 1509 2793 pericula
1531 2731 1586 2779 et
1606 2721 1883 2778 obstacula
1908 2722 2108 2776 habeat

511 2816 806 2888 navigandi
832 2816 888 2870 in
909 2814 1167 2886 scopulis,
1196 2814 1250 2869 in
1265 2814 1535 2885 Charybdi
1564 2822 1620 2870 et
1640 2815 1697 2869 in
1723 2813 1984 2885 syrtibus,
2013 2826 2107 2867 no-

509 2914 641 2961 runt
662 2904 754 2976 qui
779 2904 834 2959 in
864 2904 955 2959 illo
986 2903 1303 2974 frequenter
1328 2913 1559 2977 pergunt
1593 2922 1606 2959 :
1641 2904 1732 2960 ubi
1760 2913 1813 2959 et
1841 2902 2110 2958 mirabilia

512 2995 611 3051 Dei
637 3003 1008 3051 monstrantur
1030 3009 1216 3065 opera,
1243 2995 1299 3050 in
1326 2995 1487 3050 variis
1509 2995 1795 3065 generibus
1816 2994 2110 3050 bestiarum

513 3095 576 3143 et
597 3086 893 3157 pecudum,
913 3094 968 3142 et
990 3095 1240 3142 creatura
1268 3085 1588 3151 belluarum,
1620 3086 1760 3141 sicut
1784 3084 2112 3140 naturalium

513 3192 701 3234 rerum
744 3178 1041 3248 scriptores.
1067 3179 1122 3233 in
1153 3178 1268 3233 suis
1304 3177 1458 3234 libris
1482 3178 1737 3249 produnt,
1763 3185 1817 3233 et
1840 3178 2110 3249 Propheta

514 3276 575 3332 in
601 3274 867 3331 Psalterio
892 3282 1302 3341 commemorat,
1334 3274 1521 3330 dicens
1556 3292 1568 3327 :
1609 3292 1629 3325 ι
1655 3276 1760 3331 hoc
1797 3288 1951 3332 mare
1998 3288 2115 3328 ma-

518 3382 686 3440 gnum
709 3376 765 3422 et
790 3366 1107 3439 spatiosum,
1134 3366 1242 3421 illic
1273 3365 1484 3436 reptilia
1512 3381 1742 3436 quorum
1771 3380 1879 3420 non
1905 3371 1989 3420 est
2015 3378 2117 3418 nu-
2178 3386 2187 3391 -

519 3477 707 3518 merus
740 3479 754 3516 :
783 3460 1036 3516 animalia
1064 3458 1259 3532 pusilla
1288 3467 1343 3513 et
1380 3474 1595 3530 magna,
1644 3457 1754 3514 illic
1798 3472 1962 3513 naves
1993 3472 2118 3528 per-

520 3553 850 3617 transibunt,
884 3552 1049 3609 draco
1075 3551 1198 3618 iste,
1227 3565 1387 3621 quem
1410 3549 1654 3606 formasti
1686 3549 1755 3605 ad
1787 3548 2118 3605 illudendum

522 3645 574 3700 ei
601 3642 774 3717 (Psal.
801 3644 939 3718 Clll).
972 3664 991 3698 ι
1056 3643 1165 3701 Sed
1189 3644 1437 3715 quamvis
1464 3643 1520 3698 in
1544 3645 1722 3715 capite
1747 3644 1908 3716 hujus
1932 3658 2122 3699 versus

524 3739 593 3794 de
621 3740 757 3795 mari
781 3738 1071 3809 navigabili
1095 3739 1276 3794 dicere
1302 3739 1569 3806 videatur,
1596 3748 1777 3793 tamen
1804 3738 1870 3794 de
1892 3738 1995 3793 hoc
2020 3742 2129 3793 sua;

529 3830 652 3886 culo
677 3838 1040 3902 congruenter
1083 3830 1366 3901 accipitur,
1404 3831 1497 3887 ubi
1541 3830 1822 3887 diabolicae
1860 3830 1979 3886 sine
2014 3846 2118 3885 nu-

526 3935 682 3978 mero
717 3936 936 3993 serpere
972 3921 1270 3992 probantur
1311 3922 1542 3989 insidia},
1581 3922 1894 3993 malitiaque
1922 3923 2121 3978 daemo-

525 4026 685 4079 num,
709 4011 856 4067 velut
879 4012 1201 4082 quibusdam
1234 4011 1488 4069 ﬂuetibus
1508 4006 1829 4069 animarum
1872 4011 2124 4068 voluntas

527 4101 805 4158 instabilis
841 4111 1229 4159 commovetur.
1288 4103 1436 4159 Mare
1481 4103 1625 4159 enim
1677 4103 1807 4174 ipsa:
1854 4104 2119 4171 reddunt,

528 4192 659 4248 dum
692 4192 1013 4266 naufragare
1054 4194 1404 4265 compellunt,
1454 4194 1582 4265 quia
1625 4194 1844 4250 dubium
1888 4210 1998 4250 non
2037 4202 2123 4251 est

527 4285 680 4341 illum
702 4288 874 4344 undas
898 4287 1320 4343 immanissimas
1346 4287 1481 4359 pati,
1510 4287 1605 4359 qui
1626 4288 1890 4359 mergitur
1910 4288 2123 4360 gurgite

528 4386 903 4451 peccatorum.
958 4380 1108 4437 Mare
1162 4381 1362 4451 quippe
1401 4397 1433 4435 a
1479 4383 1711 4437 meando
1764 4382 1966 4438 dictum
2015 4390 2121 4448 est,

531 4472 678 4543 quod
709 4487 924 4542 semper
950 4481 1042 4529 eat
1070 4488 1134 4529 ac
1171 4473 1377 4529 redeat.
1425 4473 1534 4529 Sed
1577 4473 1667 4529 isti
1709 4469 1933 4546 spiritus
1967 4474 2125 4532 innu-

2188 888 2349 944 nibus
2375 886 2690 957 inspiravit;
2716 886 2818 940 iste
2838 893 3059 940 creatus
3084 884 3259 938 bonus
3283 888 3391 946 est,
3417 878 3560 935 sicut
3590 878 3649 932 in
3675 874 3792 932 Ge-

2188 980 2305 1036 nesi
2352 979 2548 1051 legitur
2585 995 2598 1033 :
2636 996 2655 1029 ι
2682 975 2836 1032 Fecit
2880 975 3143 1031 Dominus
3193 973 3379 1029 munia
3423 970 3584 1027 valde
3638 970 3791 1025 bona

2192 1068 2344 1143 (Gen.
2373 1069 2436 1144 ι).
2466 1090 2486 1124 ι
2533 1069 2639 1125 Sed
2677 1074 2962 1139 postquam
3004 1081 3101 1122 sua
3135 1063 3413 1121 voluntate
3441 1061 3718 1135 peccavit,
3754 1073 3792 1115 a

2189 1165 2302 1241 Deo
2344 1166 2420 1220 ita
2466 1164 2731 1220 l'omtatus
2766 1171 2870 1229 est,
2910 1171 2972 1216 nt
3013 1161 3065 1218 ei
3113 1161 3430 1217 illuderetur
3456 1159 3525 1214 ah
3553 1156 3794 1229 angelis,

2191 1259 2411 1329 quando
2444 1265 2665 1327 propter
2706 1254 3093 1312 exsecrabilem
3142 1254 3553 1325 perversitatem
3604 1251 3798 1304 nativa

2194 1354 2454 1426 dignitate
2473 1353 2719 1424 privatus
2740 1360 2844 1419 est,
2869 1352 3009 1408 sicut
3027 1350 3171 1405 enim
3197 1349 3330 1405 dicit
3357 1347 3629 1404 Dominus
3645 1346 3702 1400 in
3725 1346 3796 1400 li-

2193 1446 2292 1502 bro
2310 1444 2412 1501 Job
2437 1463 2451 1499 :
2484 1464 2503 1496 ι
2532 1444 2650 1499 Non
2677 1452 2761 1500 est
2783 1444 3077 1515 quidquam
3100 1440 3277 1498 simile
3306 1441 3357 1497 ei
3387 1438 3597 1494 factum
3631 1451 3804 1508 super

2196 1547 2419 1606 terram,
2467 1538 2535 1594 ad
2573 1537 2903 1594 illudendum
2943 1536 3012 1592 ab
3051 1534 3259 1606 angelis
3292 1532 3451 1589 meis.
3483 1551 3504 1583 ι
3540 1529 3801 1585 llluditur

2196 1631 2341 1687 mite
2367 1630 2419 1686 ei
2446 1630 2516 1686 ab
2539 1628 2746 1701 angelis
2775 1627 2891 1694 Dei,
2919 1628 3034 1683 sive
3057 1642 3155 1697 per
3176 1624 3514 1695 justissimas
3545 1622 3802 1689 increpa-

2198 1725 2395 1790 tiones,
2419 1732 2481 1778 ut
2507 1724 2603 1795 qui
2635 1730 2854 1778 creatus
2878 1730 2961 1777 est
2993 1719 3064 1775 ad
3083 1718 3403 1788 obsequium
3427 1714 3671 1780 Domini,
3696 1711 3802 1766 fin-

2200 1816 2287 1873 dis
2332 1817 2579 1872 videatur
2614 1813 3062 1886 perversitatibus
3105 1809 3406 1882 implicari,
3462 1806 3581 1863 sive
3628 1803 3808 1874 magis

2195 1907 2439 1965 illuditur
2480 1907 2699 1980 quando
2726 1906 2783 1963 ei
2808 1906 3004 1961 anima:
3047 1902 3419 1960 conﬁtentium
3448 1897 3684 1969 imperio
3715 1911 3811 1951 su-

2194 2015 2369 2072 perno
2419 1999 2491 2055 de
2538 1997 2842 2069 perniciosa
2893 2003 3162 2066 potestate
3210 1992 3504 2057 tolluntur;
3558 1988 3812 2043 illuditnr

2197 2090 2362 2147 etiam
2397 2099 2453 2145 et
2492 2105 2523 2145 a
2558 2088 2806 2145 ﬁdelibus
2850 2087 3002 2151 viris,
3046 2086 3176 2141 dum
3220 2083 3496 2140 incentiva
3543 2080 3810 2135 vitiorum

2199 2179 2318 2252 ejus
2345 2180 2653 2239 detestabili
2678 2194 2870 2235 errore
2897 2176 3172 2247 rejiciunt.

2277 2308 2297 2341 ι
2322 2289 2551 2359 Propter
2575 2288 2749 2359 ipsum
2776 2285 3126 2342 conﬁrmatus
3151 2291 3237 2339 est
3262 2281 3472 2338 itineris
3493 2279 3646 2343 linis,
3673 2287 3735 2332 ct
3758 2277 3813 2330 in

2210 2401 2228 2434 ι
2255 2394 2507 2438 sermone
2548 2377 2667 2447 ejus
2717 2376 3017 2448 composita
3067 2382 3195 2431 sunt
3244 2372 3447 2428 omnia.
3487 2390 3507 2423 ι
3575 2368 3813 2438 Propter

2204 2477 2403 2547 ipsum,
2435 2473 2627 2544 inquit,
2662 2472 2767 2527 hoc
2807 2479 2892 2527 est
2924 2469 3123 2525 Filium
3163 2467 3283 2534 Dei,
3328 2464 3696 2521 continuatus
3730 2470 3814 2515 est

2205 2569 2341 2626 ordo
2381 2564 2777 2621 transeuntium
2828 2577 3037 2625 rerum,
3071 2568 3127 2615 et
3170 2557 3435 2614 terminus
3479 2553 3816 2610 constitutus

2207 2669 2292 2718 est
2313 2658 2516 2723 szeculi,
2551 2654 2677 2712 auia
2701 2654 2844 2711 sicut
2867 2654 2935 2708 ab
2959 2653 3075 2723 ipso
3094 2650 3260 2705 verbo
3287 2647 3385 2702 Dei
3408 2645 3670 2701 universa
3698 2640 3815 2695 ori-

2210 2752 2387 2824 ginem
2407 2752 2751 2817 acceperunt,
2777 2745 2858 2801 sic
2883 2752 2937 2799 et
2964 2744 3015 2798 in
3048 2742 3165 2813 ipso
3195 2739 3477 2795 ﬁniuntur.
3517 2735 3642 2806 ipse
3668 2732 3817 2788 enim

2211 2844 2267 2899 in
2306 2836 2628 2910 Apocalypsi
2664 2836 2778 2892 ait:
2815 2854 2834 2887 ι
2857 2834 2969 2906 Ego
2996 2848 3116 2889 sum
3151 2854 3187 2888 α
3215 2838 3271 2886 et
3303 2853 3365 2894 ω,
3393 2825 3737 2898 principium
3757 2832 3815 2877 et

2212 2935 2357 2992 ﬁnis.
2390 2952 2410 2986 ι

2291 3047 2311 3081 ι
2344 3027 2509 3084 Multa
2545 3025 2775 3082 dicimus
2816 3030 2874 3078 et
2908 3034 3131 3092 egemus
3168 3014 3370 3080 verbis,
3409 3008 3821 3068 consummatio

2222 3138 2241 3171 ι
2274 3130 2454 3176 autem
2486 3129 2798 3174 sermonum
2826 3114 2944 3185 ipse
2968 3119 3071 3166 est.
3104 3128 3123 3161 ι
3179 3105 3369 3163 Omnis
3408 3102 3623 3157 locutio
3646 3113 3818 3170 parva

2138 3240 2184 3302 α
2215 3220 2301 3269 est
2349 3212 2405 3266 in
2452 3206 2854 3280 comparatione
2892 3201 3077 3275 gloriae
3113 3198 3234 3269 ejus
3261 3237 3276 3262 ,
3316 3204 3374 3252 et
3409 3194 3605 3294 omnis.
3636 3191 3821 3262 lingua

2217 3318 2387 3374 egena
2415 3301 2619 3365 verbis,
2662 3312 2761 3353 nec
2790 3293 2985 3352 sullieit
3024 3293 3089 3348 ad
3133 3287 3527 3346 enuntiandum
3550 3284 3819 3338 virtutem

2216 3399 2333 3470 ejus
2349 3414 2375 3463 ;.
2417 3395 2543 3467 quia
2598 3388 2994 3448 inaestimabilis
3038 3394 3094 3441 et
3134 3380 3419 3439 inellahilis
3450 3376 3724 3434 aestimari
3766 3382 3823 3428 et

2217 3466 2372 3543 ell‘ari
2422 3466 2454 3540 a
2500 3496 2775 3554 quoquam
2821 3494 2927 3534 non
2974 3483 3176 3548 potest.
3243 3473 3362 3544 Ipse
3414 3466 3824 3526 consummatio

2219 3590 2533 3635 sermonum
2562 3579 2885 3629 nostrorum
2914 3576 3016 3635 est,
3052 3566 3195 3623 sicut
3233 3571 3291 3620 et
3327 3561 3578 3619 conditor
3609 3566 3823 3614 natura:

2218 3679 2444 3728 nostrae.

2296 3780 2316 3813 ι
2345 3761 2403 3816 ln
2443 3757 2695 3815 omnibus
2734 3753 3032 3825 gloriantes
3061 3765 3134 3806 au
3167 3746 3302 3819 quid
3337 3742 3683 3800 valebimus?
3705 3741 3824 3811 ipse

2226 3872 2247 3906 ι
2278 3852 2424 3907 enim
2472 3849 2815 3918 omnipotens
2852 3858 3014 3915 super
3049 3841 3231 3899 omnia
3274 3851 3439 3909 opera
3463 3851 3585 3891 sua.
3618 3855 3641 3889 ›
3681 3831 3825 3902 Quid

2220 3944 2365 3999 enim
2395 3940 2538 3996 valet
2569 3935 2941 4008 corruptibilis
2973 3941 3224 3990 creatura
3254 3930 3323 3986 de
3347 3924 3824 3998 incomprehensi-

2219 4035 2316 4092 bili
2343 4033 2437 4089 Dei
2459 4032 2736 4102 disputare
2756 4027 3014 4092 essentia,
3035 4040 3195 4095 quem
3219 4037 3378 4079 nemo
3398 4020 3537 4075 vidit
3553 4033 3823 4088 unquam,

2222 4139 2324 4181 nec
2375 4143 2393 4175 ι
2428 4124 2590 4178 homo
2633 4121 2824 4175 vivens
2869 4132 3032 4188 super
3072 4125 3273 4171 terram
3319 4111 3508 4167 videre
3552 4106 3775 4178 potest?
3800 4125 3819 4157 ι

2223 4220 2342 4287 ipse
2366 4215 2511 4271 enim
2536 4220 2621 4269 est
2646 4209 2990 4279 omnipotens
3016 4220 3179 4276 super
3208 4202 3392 4259 omnia
3423 4213 3591 4271 opera
3617 4212 3742 4261 sua,
3771 4205 3829 4249 et

2222 4307 2476 4362 universa
2507 4303 2609 4359 sub
2632 4308 2903 4372 potestate
2931 4298 3052 4370 ejus
3074 4296 3401 4353 consistunt.

2299 4416 2317 4449 ι
2356 4394 2639 4452 Terribilis
2683 4392 2948 4447 Dominus
2993 4396 3048 4445 et
3099 4402 3331 4457 magnus
3363 4384 3747 4445 vehementer,
3772 4389 3832 4434 et

2231 4508 2252 4541 ι
2286 4486 2551 4543 mirabilis
2582 4484 2825 4554 potentia
2856 4481 3025 4554 ipsius
3058 4498 3071 4534 :
3103 4477 3481 4535 Gloriﬁcantes
3508 4474 3831 4535 Dominum,

532 4564 828 4663 merabdes
876 4565 1039 4663 nobis
1058 4565 1169 4621 Deo
1196 4565 1572 4636 comprehensi
1598 4576 1743 4631 sunt,
1776 4568 1869 4640 qui
1899 4583 2121 4625 arenam
2148 4602 2203 4663 D
2235 4598 2253 4630 ι
2292 4586 2768 4649 quantumcunque
2795 4571 3101 4643 potueritis,
3131 4566 3501 4641 supervalebit
3524 4565 3705 4620 adhuc
3731 4564 3831 4617 ad-

533 4654 724 4720 maris,
760 4663 815 4709 et
849 4653 1150 4724 pluviarum
1180 4662 1359 4726 guttas
1381 4666 1698 4724 enumerat;
1728 4666 1784 4715 et
1810 4674 1879 4714 ne
1904 4658 2125 4714 omnino

535 4745 1110 4816 ineomprehensibiles
1163 4745 1542 4817 linquerentur
1571 4789 1588 4815 ,
1653 4749 1954 4820 quantitate
2019 4764 2127 4804 non

533 4838 799 4908 qualitate
828 4853 895 4894 ea
925 4836 1186 4894 deﬁnivit.
1217 4838 1460 4910 Denique
1484 4840 1551 4896 de
1573 4843 1653 4895 eis
1681 4841 1881 4898 dicitur
1905 4859 1918 4894 :
1952 4857 1973 4892 ι
1993 4839 2127 4895 Ani-

535 4928 702 4985 malia
729 4928 919 5001 pusilla
939 4936 995 4984 et
1017 4943 1228 4999 magna,
1262 4948 1281 4982 ι
1319 4931 1575 5000 quoniam
1600 4931 1743 4986 inter
1770 4931 1916 5002 ipsos
1942 4939 1997 4986 et
2017 4945 2131 4985 ma-

529 5019 682 5090 jores
714 5035 837 5076 esse
878 5020 1135 5092 nequitia:
1168 5021 1466 5092 probantur
1507 5022 1836 5079 onmimodis
1873 5030 1928 5078 et
1962 5021 2134 5076 mino—

538 5125 649 5168 res.
709 5110 870 5178 llluc,
931 5112 1144 5182 inquit,
1196 5127 1369 5168 naves
1409 5113 1852 5186 pertransibunt,
1906 5112 2038 5177 illic,
2078 5110 2134 5165 in

541 5204 749 5262 mundo
796 5204 1004 5261 scilicet
1031 5244 1049 5272 ,
1110 5219 1271 5274 quem
1318 5203 1565 5276 superius
1616 5203 1752 5259 dixit
1799 5220 1971 5260 mare.
2033 5201 2138 5256 Per

542 5311 710 5352 naves
754 5305 934 5353 autem
989 5294 1325 5366 signiﬁcatur
1378 5295 1646 5362 Ecclesia,
1702 5311 1822 5367 qua:
1870 5293 2139 5368 periculo-

541 5401 638 5444 sos
675 5385 871 5442 ﬁuctus
910 5387 1097 5444 mundi
1133 5403 1231 5459 per
1272 5386 1474 5459 lignum
1520 5385 1766 5457 gloriosa:
1796 5387 1975 5443 crucis
2013 5401 2139 5442 eva-

545 5481 666 5549 dit,
713 5490 938 5552 portans
983 5482 1210 5553 populos
1258 5481 1352 5552 qui
1397 5480 1552 5554 signo
1602 5479 1722 5535 ﬁdei
1772 5480 2135 5537 crediderunt.

545 5574 737 5632 Nautat
790 5583 970 5630 autem
1018 5582 1076 5630 et
1131 5574 1362 5644 remiges
1409 5575 1792 5646 praedicatores
1844 5582 1971 5630 sunt
2017 5588 2138 5629 san-

545 5670 643 5736 cti,
683 5668 776 5739 qui
821 5666 1117 5723 Ecclesiam
1169 5672 1363 5735 regunt
1416 5667 1560 5723 inter
1595 5664 1795 5727 ﬂuctus
1828 5665 1988 5737 hujus
2036 5680 2138 5720 sae-

546 5762 679 5820 culi.
736 5762 794 5817 ln
825 5761 914 5816 his
965 5758 1164 5830 quippe
1198 5759 1429 5815 navibus
1475 5759 1686 5817 habitat
1724 5758 1994 5826 Christus,
2044 5756 2139 5828 qui

551 5855 600 5914 si
636 5870 668 5912 a
694 5855 1040 5914 credentibus
1078 5855 1368 5928 excitetur,
1398 5855 1528 5915 dicit
1560 5855 1971 5914 immanissima:
1997 5862 2136 5912 tem-

2238 4691 2257 4722 ι
2291 4668 2558 4725 mirabilis
2593 4664 2994 4738 magniﬁcentia
3025 4661 3161 4731 ejus.
3193 4682 3212 4713 ι
3273 4659 3409 4715 Huic
3435 4657 3557 4713 loco
3580 4655 3829 4713 concinit

2233 4761 2377 4834 quod
2408 4760 2699 4817 Psalmista
2744 4769 3053 4813 convocans
3073 4767 3265 4809 omnes
3292 4758 3480 4822 gentes
3502 4748 3572 4803 ad
3598 4746 3830 4801 laudan-

2234 4856 2362 4911 dum
2389 4853 2560 4907 Deum
2589 4851 2704 4906 ait:
2744 4868 2765 4900 ι
2796 4847 2997 4903 Omnes
3046 4852 3238 4915 gentes
3274 4842 3515 4914 plaudite
3550 4838 3829 4901 manibus,

2228 4946 2457 5019 jubilate
2494 4945 2606 5000 Deo
2650 4943 2886 5019 in‘voee
2926 4936 3337 5003 exsultationis,
3374 4934 3635 5007 quoniam
3690 4931 3835 4987 Deus

2238 5052 2484 5096 summus
2512 5034 2775 5092 terribilis
2807 5042 2862 5089 et
2893 5048 2990 5088 rex
3030 5046 3261 5101 magnus
3289 5043 3455 5099 super
3476 5040 3676 5081 ornnes
3701 5025 3837 5079 deos

2243 5127 2416 5202 (Paul.
2445 5126 2614 5198 XLVl).
2650 5146 2669 5179 ι
2726 5126 2794 5183 Et
2820 5126 2948 5179 item
2980 5138 2994 5177 :
3029 5141 3048 5174 ι
3079 5121 3431 5184 Annuntiate,
3460 5118 3663 5188 inquit,
3689 5116 3837 5170 inter

2242 5226 2428 5291 gentes
2460 5217 2688 5288 gloriam
2721 5214 2854 5286 ejus,
2909 5214 2963 5268 in
3009 5212 3261 5268 onmibus
3301 5209 3514 5281 p0pulis
3559 5205 3837 5261 mirabilia

2243 5310 2382 5381 ejus,
2413 5306 2669 5379 quoniam
2696 5319 2923 5376 magnus
2950 5302 3213 5357 Dominus
3233 5309 3290 5355 et
3320 5296 3606 5354 laudabilis
3647 5295 3832 5359 nimis,

2245 5411 2302 5458 et
2346 5398 2603 5455 terribilis
2651 5406 2736 5452 est
2786 5410 2949 5467 super
3001 5408 3193 5449 omnes
3243 5390 3375 5447 deos
3422 5388 3597 5462 (Ρωι.
3628 5386 3774 5459 xcv).
3806 5402 3832 5440 ι

2246 5488 2442 5549 Reddit
2479 5503 2673 5547 causas
2699 5502 2871 5557 quare
2897 5483 3128 5543 Domino
3155 5490 3213 5538 et
3234 5481 3417 5553 plaudi
3440 5481 3637 5536 debeat
3666 5488 3722 5533 et
3739 5475 3835 5547 jn-

2239 5582 2420 5641 bilari.
2460 5580 2701 5635 Primum
2743 5576 2872 5648 quia
2915 5590 3158 5631 summus
3195 5580 3281 5629 est
3319 5571 3464 5627 Deus
3488 5611 3505 5638 ,
3549 5569 3837 5633 terribilis,

2241 5673 2370 5744 quia
2392 5672 2507 5743 ipse
2521 5669 2865 5740 judicaturus
2888 5674 2974 5722 est
2990 5664 3281 5730 mundum;
3309 5678 3407 5718 rex
3431 5673 3678 5731 magnus,
3701 5676 3837 5731 quo-

2242 5763 2391 5817 niam
2418 5777 2515 5817 rex
2547 5776 2735 5832 regum
2761 5768 2816 5815 et
2846 5757 3106 5814 Dominus
3130 5763 3216 5812 est
3243 5755 3637 5811 dominantium
3670 5770 3685 5805 :
3720 5765 3839 5807 ma-

2242 5867 2380 5925 gnus
2416 5852 2484 5908 ad
2519 5858 2841 5924 potestatem
2869 5846 3127 5922 pertinet,
3167 5845 3292 5918 quia
3327 5861 3491 5918 super
3515 5849 3712 5901 cuncta
3737 5855 3841 5913 po-
