4030 6492
336 381 475 446 1881

1221 381 1575 443 (ΣΟΜΜΕΝΤ.
1614 382 1684 439 ΙΝ
1721 380 2334 443 ΕεειεειΑδτιαωί.
2373 410 2445 428 -
2480 383 2611 441 LIB.
2652 385 2723 443 Χ.

3458 390 3600 452 1082

334 497 534 556 lentior
568 504 681 564 est;
728 494 1016 554 laudabilis
1061 498 1129 553 ad
1164 498 1444 568 pietatem,
1491 495 1745 565 quoniam
1779 496 1908 552 dum
1933 497 1987 558 Α
2016 513 2036 547 ι
2081 494 2198 551 Non
2226 497 2371 552 enim
2397 497 2663 554 habebitis
2683 515 2696 551 :
2720 497 2846 569 quis
2871 497 3016 555 videt
3054 515 3179 557 eum
3207 508 3263 556 et
3291 504 3595 569 enarrahit,

332 602 578 645 essemus
603 588 823 659 captivi,
846 590 1085 659 pretioso
1114 591 1377 661 sanguine
1405 605 1504 645 nos
1538 588 1799 655 redemit;
1830 589 1912 643 ni-

334 680 440 737 mis
462 688 643 736 autem
666 681 916 752 congruit
935 680 1003 736 ad
1025 689 1335 753 utrumque,
1365 682 1491 753 quia
1518 696 1620 738 nec
1646 688 1910 753 quantum

334 786 579 842 magnus,
606 786 707 827 nec
723 779 984 843 quantum
995 772 1280 829 laudabilis
1294 774 1589 844 sitpoterat
1604 773 1908 844 explicare;

331 863 425 918 sed
454 862 709 932 quoniam
736 862 1101 919 consideranti
1130 865 1419 921 aestimatio
1444 864 1660 931 defecit,
1687 863 1913 934 pulchre

338 951 538 1007 addidit
565 953 755 1019 nimis;
791 953 866 1008 ita
906 970 1013 1011 non
1044 954 1361 1025 exponendo
1394 956 1539 1027 quod
1576 956 1909 1024 intendebat,

332 1043 605 1101 uberrime
632 1045 979 1116 signiﬁcavit,
1003 1055 1060 1104 et
1087 1048 1378 1105 declaravit
1417 1064 1523 1104 non
1562 1049 1914 1120 comprehen-

331 1133 507 1189 dendo
545 1134 687 1205 quod
726 1136 914 1192 voluit.
950 1136 1087 1193 Nam
1128 1138 1272 1193 idem
1309 1138 1577 1210 Propheta
1624 1139 1753 1196 alibi
1787 1141 1863 1195 ait
1894 1158 1910 1197 ;

337 1242 355 1274 ι
393 1223 616 1297 Magnus
641 1224 900 1283 Dominus
928 1236 984 1283 et
1010 1227 1292 1285 laudabilis
1318 1229 1505 1297 nimis,
1543 1238 1600 1286 et
1644 1231 1913 1304 magnitu-

332 1314 475 1370 dinis
514 1314 632 1384 ejus
667 1332 773 1373 non
816 1325 901 1373 est
940 1317 1062 1374 ﬁnis
1098 1319 1270 1391 (Paul.
1304 1335 1469 1386 xcvu,
1500 1337 1623 1389 xcv,
1659 1321 1861 1394 cxmv).
1885 1342 1906 1375 ι

331 1406 572 1463 Miranda
604 1408 928 1479 complexio,
964 1425 1092 1465 vera
1115 1411 1428 1482 praedicatio
1455 1413 1535 1468 sic
1563 1412 1785 1469 laudare
1809 1415 1914 1471 Do-

328 1497 558 1563 minum,
590 1506 651 1553 ut
674 1508 934 1570 quantum
956 1508 1039 1556 est
1081 1516 1310 1575 magnus
1336 1519 1444 1558 non
1472 1503 1710 1560 aestimes
1737 1504 1912 1576 expli-

328 1587 592 1656 candum;
621 1604 812 1645 sensus
842 1591 988 1647 enim
1015 1593 1180 1650 totius
1207 1604 1473 1651 creatura:
1508 1595 1709 1661 deﬁcit,
1754 1605 1811 1652 et
1845 1595 1915 1651 ad

328 1679 419 1734 illa
448 1681 704 1736 retractio
737 1696 949 1753 semper
973 1686 1258 1741 excrescit.
1292 1686 1428 1741 Nam
1457 1686 1600 1742 sicut
1629 1687 1773 1743 nullo
1795 1686 1914 1745 loco

327 1772 620 1838 clauditur,
663 1773 740 1828 ita
785 1790 889 1832 nec
933 1776 1240 1847 eloquentia
1285 1779 1533 1849 quamvis
1577 1777 1913 1850 amplissima

2018 605 2038 638 ι
2082 595 2137 643 et
2174 588 2296 658 quis
2342 589 2710 659 magniﬁcabit
2751 606 2875 646 eum
2914 591 3055 647 sicut
3098 600 3183 648 est
3226 593 3295 649 ab
3338 592 3537 651 initio?
3570 614 3592 652 ι

2012 676 2181 733 Valde
2214 679 2358 734 enim
2393 680 2697 750 indigemus
2742 682 2909 751 ipsius
2948 698 3074 754 ope,
3112 691 3172 738 ut
3203 684 3274 740 ad
3309 699 3433 740 eum
3478 685 3597 741 lau-

2012 767 2250 823 dandum
2296 768 2414 839 ejus
2455 770 2760 840 repleamur
2794 772 3016 827 virtute.
3066 772 3221 840 Quod
3260 774 3404 829 enim
3434 774 3593 831 dicit:

2019 877 2038 910 ι
2083 858 2162 913 Ne
2190 858 2466 926 laboretis,
2495 876 2602 916 non
2633 862 2778 916 enim
2805 863 3102 929 habebitis,
3137 882 3156 915 ι
3190 863 3433 919 ostendit
3455 863 3603 934 quod

2014 950 2193 1007 divina
2242 963 2477 1019 secreta,
2518 969 2639 1024 qua:
2689 955 2832 1010 ultra
2886 964 3130 1011 nostrum
3177 956 3395 1012 modum
3448 965 3599 1025 sunt,

2014 1043 2244 1097 scrutari
2292 1058 2399 1098 non
2431 1043 2722 1099 debeamus
2753 1045 2914 1113 :quia
2967 1045 3084 1115 ejus
3130 1045 3342 1101 occulta
3395 1043 3600 1115 judicia

2011 1134 2235 1189 omnino
2284 1142 2569 1204 penetrare
2617 1150 2724 1189 non
2774 1150 3081 1205 possumus.
3143 1136 3295 1192 Unde
3335 1136 3600 1207 scriptum

2013 1232 2134 1280 est:
2168 1244 2186 1275 ι
2224 1225 2301 1281 Ne
2321 1241 2533 1296 quaeras
2557 1242 2688 1297 opes
2718 1227 2784 1281 ad
2814 1242 2951 1297 quas
2976 1229 3282 1301 pertingere
3320 1243 3429 1286 non
3473 1246 3603 1302 pos-

2020 1336 2039 1368 ι
2082 1317 2157 1374 sis
2181 1315 2363 1384 (Prov.
2389 1318 2569 1390 χχιιι).
2603 1338 2622 1371 ι
2656 1319 2722 1373 Et
2746 1319 3142 1376 Ecclesiastes:
3173 1341 3191 1371 ι
3229 1321 3374 1387 Dixi,
3403 1322 3597 1392 inquit,

2014 1407 2232 1478 sapiens
2258 1405 2484 1473 eﬁiciar,
2514 1415 2570 1461 et
2594 1407 2709 1477 ipsa
2734 1407 2946 1479 longius
2973 1409 3202 1463 recessit
3237 1423 3269 1462 a
3298 1424 3404 1464 me.
3435 1408 3601 1464 Multo

2014 1496 2186 1567 magis
2214 1512 2377 1566 quam
2404 1505 2544 1563 erat,
2571 1505 2628 1552 et
2651 1497 2760 1552 alta
2790 1498 3149 1569 profunditas,
3190 1499 3313 1569 quis
3360 1498 3602 1555 inveniet

2015 1590 2170 1644 eam?
2193 1589 2394 1662 (Eccle.
2423 1589 2541 1662 vn.)
2575 1611 2596 1643 ι

2092 1700 2111 1733 ι
2157 1680 2321 1735 Multa
2351 1681 2666 1736 abscondita
2703 1687 2831 1737 sunt
2860 1677 3066 1752 majOra
3094 1680 3209 1748 his;
3253 1696 3425 1751 pauca
3452 1681 3600 1737 enim

2024 1790 2044 1824 ι
2087 1773 2322 1828 vidimus
2352 1787 2516 1843 opera
2546 1771 2701 1841 ejus:
2733 1771 2914 1827 omnia
2944 1779 3129 1828 autem
3154 1771 3416 1827 Dominus
3450 1770 3597 1837 fecit,

326 1866 449 1936 ejus
479 1876 707 1938 possunt
737 1870 1007 1939 praeconia
1044 1846 1327 1928 terminari
1354 1889 1369 1926 :
1400 1872 1577 1928 virtus
1612 1846 1910 1943 inexplica-
1939 1846 1987 1906 Β
2020 1887 2039 1920 ι
2083 1875 2139 1923 et
2163 1867 2252 1938 pie
2281 1865 2567 1937 agentibus
2596 1865 2744 1921 dedit
2768 1865 3109 1934 sapientiam.
3143 1884 3162 1915 ι
3198 1864 3255 1920 Si
3281 1864 3350 1919 ad
3378 1864 3601 1918 univer-

326 1959 471 2023 hilis,
504 1960 678 2030 pietas
703 1961 1285 2033 incomprehensibilis,
1308 1963 1570 2032 sapientia
1594 1963 1908 2030 ineli‘ahilis;

327 2050 483 2120 cujus
503 2066 630 2108 vera
653 2052 894 2109 deﬁnitio
913 2063 999 2110 est
1020 2054 1183 2111 ﬁnem
1213 2056 1268 2110 in
1295 2057 1500 2111 sanctis
1526 2056 1776 2112 laudibus
1804 2072 1911 2112 non

325 2137 548 2196 habere.
599 2142 667 2197 Et
694 2152 820 2199 nota
850 2145 976 2215 quia
1007 2146 1133 2201 dum
1160 2146 1357 2203 dicitur
1380 2143 1767 2218 magnitudinis
1796 2147 1913 2218 ejus

324 2227 494 2287 ﬁnem
517 2247 624 2289 non
649 2249 790 2300 esse,
818 2251 1095 2306 nunquam
1128 2247 1179 2293 te
1209 2239 1451 2309 praecipit
1478 2241 1547 2295 ah
1574 2239 1692 2310 ejus
1719 2241 1914 2311 praedi-

327 2325 543 2381 catione
567 2340 812 2396 cessare;
844 2346 970 2385 nam
997 2339 1051 2387 et
1081 2333 1228 2388 taciti
1261 2322 1466 2405 gratias
1503 2334 1733 2406 agimus,
1787 2350 1914 2391 cum

327 2431 431 2473 nos
457 2420 720 2489 probabili
741 2425 1155 2481 conversatione
1177 2434 1491 2493 tractamus,
1517 2428 1609 2498 qui
1639 2444 1762 2483 cum
1794 2428 1917 2489 nul-

328 2506 399 2565 lis
427 2512 597 2580 possit
622 2511 869 2570 laudibus
896 2517 1304 2587 comprehendi,
1334 2518 1564 2590 singulis
1592 2528 1775 2577 tamen
1802 2536 1918 2577 ser-

329 2600 581 2658 monibus
608 2602 899 2672 indicatur,
929 2622 1051 2665 cum
1080 2608 1315 2665 dicitur:
1354 2628 1373 2661 ι
1408 2610 1634 2681 Magnus
1668 2612 1851 2668 nimis.
1889 2632 1910 2667 ι

330 2692 401 2747 Ει
428 2692 624 2748 iterum
659 2713 672 2749 :
711 2716 730 2747 ι
761 2697 1145 2770 Magnitudinis
1167 2702 1284 2772 ejus
1310 2716 1416 2757 non
1439 2711 1523 2758 est
1549 2702 1691 2760 ﬁnis.
1724 2723 1742 2755 ι

409 2802 427 2834 ι
477 2783 866 2844 Benedicentes
894 2790 1179 2848 Dominum
1217 2793 1453 2849 exaltate
1485 2794 1632 2850 illum
1657 2804 1920 2865 quantum

339 2890 358 2924 ι
399 2875 662 2944 potestis:
687 2876 860 2946 major
885 2887 969 2935 est
990 2880 1134 2936 enim
1158 2884 1304 2938 omni
1331 2883 1509 2939 laude.
1544 2906 1563 2938 ι
1597 2885 1791 2941 Incitat
1819 2902 1923 2942 nos

335 2964 611 3036 Sapientia
644 2966 712 3022 ad
757 2968 1184 3027 benedicendum
1232 2975 1425 3041 Deum,
1472 2985 1534 3030 ut
1568 2987 1831 3046 quantum
1864 2978 1918 3031 in

260 3062 271 3072 ‘
333 3054 492 3111 nobis
519 3056 609 3122 sit,
642 3064 698 3111 et
726 3067 986 3128 quantum
1023 3077 1121 3116 nos
1153 3062 1241 3118 ille
1269 3078 1427 3133 posse
1458 3066 1748 3131 concessit,
1771 3081 1920 3120 sem-

332 3161 433 3217 per
470 3146 750 3204 laudemus
794 3149 975 3217 illum;
1013 3159 1254 3209 attamen
1291 3155 1441 3210 omni
1469 3156 1630 3212 modo
1664 3157 1917 3223 scientes,

334 3239 479 3308 quod
512 3240 775 3312 condigne
812 3255 936 3297 eum
972 3243 1193 3301 laudare
1229 3260 1337 3301 non
1363 3260 1669 3315 possumus,
1698 3248 1826 3318 quia
1849 3249 1919 3304 ad

335 3326 706 3382 celsitudinem
735 3331 1120 3402 magnitudinis
1146 3333 1264 3404 ejus
1293 3335 1603 3406 pertingere
1633 3350 1739 3391 non
1766 3335 1907 3391 vale-

336 3432 490 3484 mus;
518 3417 634 3488 cjus
663 3427 746 3476 est
772 3423 917 3476 enim
943 3422 1138 3494 gratia,
1167 3425 1429 3495 quidquid
1458 3427 1560 3481 rite
1587 3425 1641 3480 in
1667 3426 1917 3484 laudibus

336 3505 458 3578 dus
498 3508 840 3579 proferimus.
880 3511 960 3570 De
1006 3528 1113 3583 quo
1149 3516 1411 3587 scriptum
1443 3527 1568 3571 est:
1603 3535 1622 3567 ι
1653 3517 1914 3574 Dominus

336 3596 594 3653 virtutem
617 3599 812 3669 populo
835 3616 934 3656 suo
962 3603 1128 3670 dabit,
1166 3624 1184 3656 ι
1222 3612 1276 3662 et
1303 3623 1321 3657 ι
1353 3604 1643 3663 Benedicet
1664 3608 1923 3679 populum

336 3702 497 3746 Suum
527 3689 581 3744 in
601 3705 735 3759 pace
773 3691 945 3763 (Paul.
978 3696 1192 3767 xxvm).
1227 3717 1247 3750 ι

417 3796 435 3830 ι
478 3777 795 3838 Exaltautes
829 3798 951 3838 eum
981 3785 1263 3856 replemiui
1289 3788 1505 3855 virtute,
1550 3805 1621 3846 ne
1646 3789 1921 3847 laboretis.

2013 1958 2229 2015 sitatem
2259 1957 2586 2013 mirabilium
2608 1956 2701 2012 Dei
2733 1957 3078 2022 attendimus,
3105 1955 3432 2027 paucissima
3475 1961 3603 2011 sunt

2012 2048 2080 2105 de
2122 2048 2319 2120 quibus
2363 2048 2612 2105 notitiam
2658 2047 2958 2102 habemus:
3004 2047 3097 2116 qui
3146 2054 3325 2102 tamen
3367 2061 3500 2101 sana
3544 2053 3603 2100 et

2011 2139 2168 2211 plena
2197 2138 2302 2195 (ide
2327 2137 2601 2195 credimus
2634 2148 2690 2195 et
2722 2138 3072 2205 conﬁtemur,
3116 2137 3262 2207 quod
3290 2151 3428 2192 unus
3455 2134 3602 2192 Deus

2012 2232 2355 2303 oumipotens
2405 2231 2569 2287 Pater
2627 2239 2683 2288 et
2738 2231 2907 2286 Filius
2961 2239 3018 2287 et
3070 2230 3307 2300 Spiritus
3376 2236 3602 2309 sanctus

2014 2326 2255 2382 omnium
2282 2324 2574 2380 visibilium
2599 2333 2655 2381 et
2678 2324 3022 2381 invisibilium
3054 2332 3272 2381 creator
3295 2330 3398 2389 est,
3427 2330 3484 2378 et
3510 2322 3599 2392 pie

2017 2417 2322 2489 agentibus,
2352 2418 2458 2473 hoc
2487 2424 2594 2482 est,
2620 2416 2870 2487 religiose
2898 2416 3200 2472 viventibus
3245 2425 3301 2471 et
3324 2415 3602 2470 humiliter

2015 2510 2382 2579 quaerentibus
2431 2510 2522 2565 dat
2580 2509 2910 2578 agnitionem
2961 2524 3150 2574 suam,
3202 2517 3462 2578 quantum
3514 2506 3604 2563 ille

2016 2602 2230 2657 noverit
2271 2602 2355 2657 eis
2394 2603 2671 2672 prodesse.
2725 2602 2991 2657 Cancrum
3036 2601 3104 2655 de
3143 2599 3260 2670 ejus
3304 2600 3606 2669 majestatis

2017 2694 2351 2751 scrutatione
2398 2694 2651 2751 cohibere
2698 2709 2797 2750 nos
2833 2693 3117 2759 debemus,
3163 2702 3218 2748 et
3263 2693 3442 2750 dicere
3480 2709 3606 2749 Clllll

2017 2785 2185 2841 Paulo
2231 2785 2515 2857 apostolo:
2548 2805 2566 2836 ι
2601 2786 2648 2841 0
2685 2785 2923 2840 altitudo
2972 2785 3285 2839 divitiarum
3330 2785 3609 2853 sapientiae

2018 2887 2074 2935 et
2103 2880 2343 2935 scicntia:
2378 2878 2494 2944 Dei,
2528 2894 2693 2949 quam
2743 2879 3311 2949 incomprehensibilia
3357 2887 3483 2932 sunt
3519 2876 3609 2945 ju-

2018 2970 2160 3025 dicia
2207 2970 2355 3041 ejus,
2407 2977 2461 3024 et
2508 2969 2910 3038 investigahiles
2945 2970 3044 3024 via:
3081 2969 3236 3039 ejus!
3285 2968 3416 3036 Quis
3462 2966 3606 3022 enim

2020 3061 2273 3131 cognovit
2315 3075 2534 3117 sensum
2564 3060 2797 3127 Domini,
2845 3068 2937 3115 aut
2962 3061 3086 3130 quis
3112 3059 3457 3115 consiliarius
3491 3057 3611 3128 ejus

2020 3152 2151 3221 fuit,
2188 3137 2448 3224 aut'quis
2494 3153 2646 3225 prior
2686 3154 2836 3209 dedit
2878 3154 2990 3219 illi,
3038 3162 3095 3209 et
3143 3153 3476 3208 retribuetur
3523 3151 3612 3206 ei?

2022 3246 2278 3316 quoniam
2326 3260 2396 3301 ex
2441 3246 2577 3316 ipso,
2627 3252 2684 3301 et
2722 3261 2820 3316 per
2865 3246 3072 3316 ipsum,
3121 3254 3178 3300 et
3223 3246 3279 3299 in
3306 3245 3442 3315 ipso
3484 3252 3613 3300 sunt

2022 3336 2242 3393 omnia:
2279 3336 2382 3407 ipsi
2426 3336 2605 3392 honor
2640 3343 2695 3390 et
2739 3334 2912 3406 gloria
2956 3336 3010 3390 in
3054 3333 3251 3390 saecula
3287 3333 3613 3390 saeculorum

2022 3424 2195 3497 (Rom.
2225 3426 2326 3498 xi).
2365 3446 2385 3480 ι
2428 3425 2535 3482 Sed
2564 3427 2691 3497 quia
2709 3425 2824 3494 jam
2850 3425 3080 3495 plurima
3108 3424 3389 3480 moraliter
3430 3425 3614 3495 dispu-

2020 3519 2182 3574 tando
2202 3517 2515 3589 allegoriam
2542 3527 2600 3573 et
2629 3533 2909 3589 anagogen
2957 3518 3011 3572 in
3041 3516 3319 3587 plerisque
3342 3515 3613 3586 tangendo

2024 3614 2279 3684 mysteria
2324 3613 2655 3669 sacramenti
2685 3612 2851 3667 divini
2883 3613 3132 3683 superius
3174 3610 3437 3668 ediderat.
3465 3623 3615 3664 nunc

2025 3703 2093 3760 de
2133 3704 2336 3761 sanctis
2370 3703 2626 3760 Patrihus
2672 3713 2729 3760 et
2752 3703 3017 3759 virtutum
3075 3702 3207 3757 viris
3248 3701 3439 3772 incipit
3486 3715 3616 3755 nar-

2026 3810 2174 3853 rare.

1562 4107 1864 4186 LIBER
1937 4107 2423 4188 DECIMUS.

1752 4264 2156 4283 ~—

855 4344 1082 4401 CAPUT
1113 4343 1404 4403 PRIMUM.

344 4461 487 4517 Laus
524 4469 773 4533 patrum,
828 4459 884 4512 id
930 4469 1004 4513 est
1052 4460 1480 4533 patriarcharum
1527 4460 1924 4533 prophetarum,

2031 4349 2158 4404 vina
2183 4347 2262 4403 uti
2282 4346 2553 4403 locutione
2577 4344 2740 4402 simul
2764 4352 2822 4401 et
2847 4344 3084 4411 visione;
3117 4352 3173 4399 et
3204 4344 3487 4414 propheta:
3513 4346 3607 4414 qui

2033 4440 2174 4496 dono
2209 4438 2447 4509 Spiritus
2485 4436 2657 4493 sancti
2703 4435 2891 4508 repleti
2937 4435 3103 4490 multa
3134 4434 3335 4490 Christi
3366 4434 3620 4491 Ecclesiae

415 4511 773 4604 ἇῇοὲίρὶόιιξλῶ
807 4511 876 4584 et
897 4511 1312 4600 "thermis
1328 4511 1793 4601 ﬁam’sifiiiiis
1809 4511 1924 4588 i551
1949 4511 2004 4572 Ῑ)
2028 4544 2149 4599 qua:
2174 4528 2354 4583 futura
2383 4527 2643 4600 mysteria
2667 4528 3019 4598 praecinere.
3090 4526 3156 4582 lii
3193 4528 3535 4582 dominantes
3562 4528 3620 4582 in

414 4600 547 4657 mini
581 4600 783 4657 locutus
805 4611 900 4656 est.

417 4713 571 4787 (CAP.
598 4711 774 4784 κων.)
804 4729 824 4763 ι
856 4709 1162 4767 Laudemus
1184 4710 1332 4766 viros
1357 4710 1624 4783 gloriosos
1651 4719 1707 4767 et
1731 4726 1933 4783 paren-

352 4821 376 4860 ι
416 4813 501 4862 tes
537 4813 753 4861 nostros
795 4804 849 4859 in
885 4802 1233 4874 generatione
1270 4817 1390 4857 sua.
1442 4801 1664 4857 Multam
1706 4802 1932 4874 gloriam

355 4916 377 4949 ι
421 4896 549 4951 fecit
569 4894 830 4949 Dominus
861 4891 1260 4964 magniﬁcentia
1303 4905 1401 4946 sua
1440 4906 1471 4945 a
1496 4890 1712 4948 saeculo.
1744 4891 1934 4947 Domi-

357 5006 379 5042 ι
422 4994 614 5044 nantes
640 4986 694 5040 in
719 4982 1077 5055 potestatibus
1101 4980 1213 5036 suis
1238 4981 1487 5036 homines
1511 4981 1691 5051 magni
1709 4982 1930 5045 virtute,

358 5099 379 5134 ι
421 5088 478 5136 et
505 5075 790 5148 prudentia
829 5087 926 5130 sua
950 5072 1185 5144 praediti,
1215 5071 1527 5126 nuntiantes
1571 5072 1626 5126 in
1655 5072 1936 5142 prophetis

357 5192 378 5226 ι
422 5170 738 5241 dignitatem
788 5167 1195 5238 prophetarum,
1236 5173 1294 5220 et
1329 5164 1661 5234 imperantes
1700 5165 1753 5219 iu
1796 5179 1938 5235 prae-

358 5285 379 5317 ι
424 5263 564 5320 senti
593 5261 812 5335 populo,
839 5270 894 5317 et
928 5262 1127 5315 virtute
1149 5260 1449 5330 prudentia:
1476 5256 1686 5328 p0pnlis
1705 5256 1936 5312 sanctis-

362 5376 381 5409 ι
427 5356 566 5412 sima
602 5355 789 5410 verba.
814 5353 899 5420 ‘ln
942 5351 1172 5424 pueritia
1221 5367 1318 5407 sua
1364 5351 1706 5421 requirentes
1747 5350 1937 5405 modos

361 5468 381 5500 ι
426 5447 685 5512 musicos,
716 5452 772 5500 et
797 5450 1083 5499 narrantes
1109 5442 1352 5497 carmina
1379 5440 1801 5511 Scripturarum.
1829 5439 1939 5496 Ho-

363 5559 382 5592 ι
427 5538 603 5593 mines
646 5534 840 5591 divites
876 5533 932 5589 in
976 5532 1197 5597 virtute,
1238 5529 1653 5602 pulchritudinis
1699 5530 1935 5586 studium

362 5647 383 5681 ι
430 5628 716 5693 habentes,
738 5624 1084 5696 paciﬁcanles
1111 5622 1166 5677 in
1191 5621 1440 5678 domibus
1465 5622 1597 5677 suis.
1624 5642 1642 5675 ι
1668 5621 1782 5677 Viri
1807 5637 1940 5695 ergo

361 5716 579 5791 gloriosi
609 5716 943 5788 temporibus
970 5715 1083 5772 suis
1112 5714 1353 5782 fuerunt,
1380 5721 1435 5769 et
1464 5713 1610 5785 digni
1637 5729 1737 5785 per
1757 5715 1937 5770 onmia

359 5807 540 5879 laude,
566 5808 741 5868 sancti
767 5806 974 5866 scilicet
1000 5805 1347 5878 patriarchae,
1379 5803 1470 5877 qui
1513 5814 1830 5863 meruerunt
1855 5804 1938 5862 di-

2029 4621 2388 4693 potestatihus
2436 4621 2550 4676 suis
2593 4626 2769 4684 erant,
2811 4620 2939 4690 quia
2978 4619 3163 4691 plures
3211 4619 3425 4674 illorum
3461 4633 3620 4691 reges

2034 4711 2188 4768 fuere
2211 4711 2556 4768 facultatibus
2581 4712 2948 4778 abundantes;
2991 4712 3087 4767 sed
3117 4711 3324 4783 majore
3348 4714 3621 4782 potestate

2034 4801 2355 4871 semetipsos
2383 4801 2665 4873 regebant,
2693 4817 2817 4858 cum
2845 4802 2916 4857 ab
2939 4800 3144 4857 illicitis
3168 4799 3622 4871 concupiscentiis

2035 4909 2095 4950 se
2112 4893 2455 4949 coercebant.
2478 4895 2816 4965 lmperantes
2837 4894 3048 4965 populis
3074 4903 3132 4948 et
3158 4894 3357 4948 virtute
3385 4892 3623 4963 pruden-

2035 4985 2124 5040 tiae
2161 5000 2274 5040 suae
2313 4986 2674 5052 instruebant,
2709 5000 2941 5056 quomm
2974 4986 3139 5055 aliqui
3181 4985 3416 5040 musicos
3455 4998 3623 5039 sonos

2037 5076 2407 5147 requirebant,
2439 5086 2500 5133 ut
2529 5079 2718 5144 David,
2745 5086 2801 5134 et
2829 5078 3031 5142 erctcri,
3056 5078 3146 5147 qui
3171 5091 3293 5132 cum
3324 5077 3442 5147 ipso
3470 5075 3619 5147 psal-

2035 5170 2269 5225 modiam
2288 5170 2632 5225 ordinahant.
2660 5170 2766 5225 Alii
2788 5186 2921 5227 vero
2941 5170 3356 5241 pulchritudinis
3384 5171 3623 5228 studium

2037 5261 2325 5327 habentes,
2370 5268 2432 5315 ut
2456 5260 2667 5332 Moyses
2701 5269 2758 5316 et
2784 5259 3062 5327 Salomon,
3092 5261 3184 5332 qui
3212 5259 3619 5317 tabernaculum

2038 5362 2201 5423 atque
2247 5354 2510 5425 templum
2547 5369 2672 5410 cum
2704 5354 2875 5410 variis
2900 5355 3046 5411 vasis
3080 5363 3135 5411 et
3171 5353 3494 5411 utensilibus
3520 5353 3624 5410 Do-

2036 5446 2187 5500 mino
2220 5445 2651 5502 aediﬁcaverunt.

2114 5556 2131 5586 ι
2161 5535 2363 5593 Omnes
2386 5535 2475 5591 isti
2502 5536 2557 5590 in
2580 5534 3017 5607 generationibus
3043 5533 3222 5607 gentis
3259 5549 3371 5591 sua:
3393 5533 3623 5605 gloriam

2046 5645 2066 5679 ι
2111 5626 2289 5697 adepti
2326 5635 2474 5694 sunt,
2502 5634 2558 5682 et
2601 5626 2656 5681 in
2700 5625 2889 5682 diebus
2922 5626 3036 5681 suis
3068 5625 3340 5682 habentur
3370 5625 3426 5679 in
3451 5622 3624 5678 laudi—

2047 5737 2066 5771 ι
2110 5719 2230 5774 bus.
2268 5717 2371 5785 Qui
2419 5718 2486 5773 de
2534 5716 2640 5773 illis
2683 5716 2797 5773 nati
2833 5726 2979 5783 sunt,
3031 5717 3369 5789 reliquerunt
3424 5729 3622 5771 nomen

2050 5831 2069 5863 ι
2115 5811 2370 5868 narrandi
2414 5811 2843 5903 laudeseorum.
2879 5831 2898 5864 ι
2934 5809 3255 5867 Habuerunt
3289 5824 3420 5879 ergo
3445 5806 3620 5862 sancti
