4030 6466
348 369 489 428 1085
523 393 555 411 κ

356 505 375 540 ι
419 493 476 542 et
515 484 571 540 in
612 480 910 539 tentatione
949 479 1199 535 inventus
1236 486 1321 534 est
1349 476 1540 533 ﬁdelis.
1564 474 1691 534 Ideo
1715 475 1922 547 jureju-
1948 480 2001 538 Α
2044 479 2053 487 ’

354 596 375 631 ι
421 576 592 632 rando
638 575 786 629 dedit
831 573 905 628 illi
946 572 1178 645 gloriam
1217 571 1272 626 in
1309 579 1470 642 gente
1508 569 1641 633 sua',
1674 583 1925 625 crescere

354 687 373 721 ι
416 666 562 723 illum
592 664 747 736 quasi
786 671 946 719 terra;
973 662 1267 725 cumulum,
1295 669 1351 716 et
1378 668 1440 715 ut
1465 659 1651 715 stellas
1684 657 1929 714 exaltare

352 777 373 809 ς
417 772 602 813 semen
636 755 770 825 ejus,
809 762 864 810 et
897 753 1202 810 hereditari
1246 752 1367 807 illos
1403 767 1434 806 a
1472 750 1608 806 mari
1643 765 1817 819 usque
1854 748 1925 803 ad

352 866 372 900 σ
418 861 599 911 mare,
654 854 712 901 et
756 860 789 900 a
830 843 1048 899 llumine
1109 856 1280 912 usque
1337 840 1406 895 ad
1462 838 1721 895 terminos
1774 837 1957 894 orbis;

351 958 372 992 ι
417 947 597 993 terrae.
637 955 657 990 ι
713 935 988 991 Abraham
1022 935 1176 1005 juxta
1207 932 1445 987 nominis
1476 931 1557 986 sui
1598 931 1922 1001 interpreta-

345 1029 546 1084 tionem
573 1036 723 1099 pater
745 1035 819 1081 est
862 1025 1182 1089 multarum,
1227 1023 1468 1079 omnium
1511 1021 1762 1077 videlicet
1800 1036 1924 1089 gen-

343 1122 476 1176 tium
515 1120 569 1176 in
607 1120 825 1176 Christo
869 1117 1238 1182 credentium;
1269 1115 1394 1186 quia
1421 1114 1520 1169 soli
1550 1113 1732 1169 ﬁdeles
1774 1112 1924 1167 testi-

344 1219 564 1266 mantur
591 1211 643 1266 in
670 1209 897 1271 semine,
930 1209 1183 1279 quoniam
1214 1221 1323 1262 non
1351 1205 1444 1275 qui
1470 1204 1564 1259 ﬁlii
1597 1203 1801 1269 carnis,
1828 1202 1922 1258 sed

343 1302 437 1371 qui
469 1301 562 1356 ﬁlii
602 1311 730 1356 sunt
758 1298 901 1364 ﬁdei,
942 1298 1041 1368 ipsi
1083 1313 1267 1352 semen
1307 1304 1435 1352 sunt
1466 1295 1720 1351 Abrahae.
1770 1315 1789 1347 ς
1823 1292 1921 1349 Cui

344 1410 452 1449 tiou
478 1393 580 1447 fuit
606 1391 803 1447 similis
832 1392 1083 1446 inventus
1108 1389 1162 1444 in
1191 1388 1381 1460 gloria,
1420 1407 1443 1440 ›
1474 1387 1602 1457 quia
1630 1387 1743 1442 suis
1786 1394 1925 1442 tem-

340 1484 565 1556 poribus
615 1484 1099 1541 excellentissimus
1140 1491 1295 1549 erat,
1350 1490 1407 1538 et
1451 1481 1794 1538 ﬁdelissimus
1840 1482 1925 1536 in-

341 1585 537 1631 ventus
561 1583 666 1630 est.
705 1574 805 1631 Hic
834 1574 935 1628 fuit
973 1574 1026 1629 in
1059 1581 1380 1628 testamento
1413 1587 1535 1628 cum
1564 1570 1679 1636 illo,
1708 1571 1923 1641 quando

341 1667 392 1723 ei
432 1667 754 1737 promissum
786 1674 872 1721 est
907 1664 1051 1735 quod
1093 1664 1146 1719 in
1183 1663 1389 1719 semine
1431 1662 1601 1732 ipsius
1635 1659 1924 1716 benedice-

343 1766 538 1813 rentur
581 1772 770 1813 omnes
818 1755 1172 1826 cognationes
1218 1763 1393 1809 terra}.
1449 1751 1506 1806 lu
1552 1750 1706 1821 cujus
1755 1762 1921 1805 carne

1235 361 1587 422 COMMENT.
1626 361 1696 418 ΙΝ
1726 360 2336 421 ECCLESIASTICUM.
2377 393 2448 405 ι·-
2484 360 2610 419 L18.
2651 362 2722 420 Χ.

3463 366 3607 430 1086

2622 477 2849 535 CAPUT
2888 478 2995 533 vn.

2669 571 2747 626 De
2763 572 2949 627 Iacob.

2097 678 2117 713 ε
2161 659 2229 715 Et
2257 666 2634 716 testamentum
2662 661 3010 718 conﬁrmavit
3033 679 3197 736 super
3229 673 3393 736 eaput
3412 665 3596 730 Iacob.

2028 767 2049 802 ί
2093 750 2311 822 agnovit
2338 766 2462 806 eum
2509 751 2564 806 in
2607 753 3072 809 benedictionibus
3098 755 3232 821 suis,
3261 766 3317 811 et
3349 758 3494 814 dedit
3527 756 3605 813 illi

2029 855 2049 889 ι
2093 839 2484 903 hazreditatem,
2538 848 2594 894 et
2639 840 2821 896 divisit
2879 843 2929 897 ei
2997 853 3207 913 partem
3251 845 3305 900 in
3357 846 3608 902 tribubus

2029 945 2049 980 ε
2091 928 2407 995 duodecim;
2442 937 2498 985 et
2537 932 2880 986 conservavit
2915 932 2990 987 illi
3018 934 3269 990 homines
3297 935 3604 992 misericor-

2022 1023 2123 1078 dia:
2163 1022 2496 1079 invenientes
2542 1024 2768 1094 gratiam
2819 1023 2872 1077 iu
2902 1024 3072 1080 oculis
3118 1026 3297 1081 omnis
3340 1027 3543 1082 carnis.
3578 1048 3604 1080 ι

2022 1112 2410 1169 Conﬁrmatum
2467 1122 2551 1169 est
2597 1114 2742 1169 enim
2806 1122 3187 1171 testamentum
3237 1131 3399 1188 super
3443 1127 3608 1188 caput

2020 1203 2208 1269 Iacob,
2263 1204 2366 1260 hoc
2410 1213 2516 1269 est,
2564 1204 2781 1276 gentilis
2827 1205 3031 1276 populi,
3080 1207 3171 1277 qui
3221 1208 3491 1277 posterior
3537 1208 3607 1262 ad

2020 1296 2254 1367 gratiam
2276 1296 2398 1351 ﬁdei
2416 1304 2472 1350 et
2496 1295 2833 1366 baptismatis
2856 1299 3319 1366 regenerationem
3343 1300 3599 1355 accessit.

2021 1384 2119 1440 Cui
2146 1394 2324 1440 tamen
2349 1385 2621 1456 plenitudo
2646 1386 3036 1443 benedictionis
3061 1395 3301 1457 paternae
3325 1389 3603 1457 provenit:

2028 1493 2047 1527 ι
2091 1485 2145 1531 et
2170 1476 2316 1532 dedit
2341 1476 2418 1531 illi
2445 1476 2838 1543 hereditatem,
2875 1498 2896 1531 ι
2942 1493 3191 1548 supernae
3220 1478 3471 1534 videlicet
3511 1494 3606 1548 pa-

2024 1566 2160 1632 trize,
2196 1586 2215 1623 ‹
2252 1574 2307 1623 et
2332 1568 2514 1623 divisit
2539 1569 2589 1625 ei
2616 1576 2825 1638 partem
2858 1569 2913 1624 in
2943 1570 3190 1626 tribubus
3238 1570 3543 1626 duodecim.
3582 1590 3602 1621 ι

2023 1657 2094 1713 Ut
2140 1673 2239 1729 per
2281 1659 2562 1715 duodecim
2607 1661 2878 1730 apostolos
2925 1662 3148 1716 edoctus
3174 1701 3191 1728 ,
3261 1661 3423 1716 simul
3471 1676 3595 1716 cum

2023 1748 2129 1804 illis
2167 1764 2393 1821 regnum
2419 1749 2516 1806 Dei
2544 1751 2845 1821 possideret
2878 1760 3140 1806 aeternum
3173 1768 3186 1803 :
3216 1751 3345 1805 huic
3381 1765 3604 1805 conser-

341 1855 487 1903 stare
512 1845 641 1902 fecit
668 1853 1050 1901 testamentum
1081 1843 1533 1907 eireumcisionis,
1557 1850 1617 1897 ut
1642 1840 1921 1912 signiﬁca-
1955 1830 1997 1888 Β
2023 1841 2171 1896 vavit
2197 1842 2456 1898 Dominus
2484 1844 2914 1900 misericordiam
2943 1859 3116 1908 suam,
3149 1853 3207 1899 ut
3236 1844 3461 1899 haberet
3486 1859 3609 1912 gra-
3636 1878 3637 1881 η

341 1946 495 1992 retur
515 1946 774 1993 renovata
799 1946 992 1993 natura
1020 1944 1203 1992 nostra
1232 1949 1327 2006 per
1349 1936 1675 2006 baptismum
1697 1932 1918 1995 Christi,

339 2039 465 2102 post
499 2031 945 2101 exspoliationem
976 2031 1176 2087 veteris
1207 2031 1439 2087 hominis
1470 2039 1527 2086 et
1566 2030 1922 2085 induitionem

341 2121 487 2187 novi,
516 2121 608 2191 qui
646 2122 944 2178 secundum
968 2123 1139 2177 Deum
1178 2130 1395 2177 creatus
1421 2129 1506 2177 est
1540 2121 1595 2176 in
1630 2120 1841 2192 justitia
1869 2129 1924 2175 et

338 2215 627 2271 sanctitate
670 2215 935 2271 veritatis.
992 2215 1093 2271 Hie
1130 2229 1260 2271 vero
1300 2215 1610 2285 patriarcha
1653 2213 1707 2268 in
1746 2219 1924 2268 tenta-

340 2306 490 2363 tione
514 2307 767 2362 inventus
794 2314 884 2362 est
911 2306 1085 2363 ﬁdelis
1109 2307 1327 2377 quando
1374 2306 1428 2360 i'n
1457 2306 1686 2376 ﬁguram
1712 2304 1922 2375 passio-

339 2400 427 2455 nis
452 2400 738 2457 dominica:
765 2399 916 2457 visus
953 2407 1039 2457 est
1079 2401 1361 2457 immolare
1401 2400 1568 2456 ﬁlium
1601 2416 1758 2455 suum
1805 2397 1927 2452 uni-

337 2491 598 2561 genitum.
627 2489 752 2546 ldeo
769 2488 1123 2563 jurejurando
1148 2491 1300 2546 dedit
1344 2490 1422 2546 illi
1446 2490 1704 2546 Dominus
1735 2503 1923 2544 semen

340 2582 396 2638 in
435 2591 597 2654 gente
636 2598 757 2650 sua,
787 2596 1036 2639 crescere
1085 2581 1234 2636 illum
1285 2581 1338 2636 in
1384 2580 1592 2637 semine
1634 2596 1733 2635 suo
1778 2579 1925 2635 velut

339 2691 503 2731 arena
523 2676 710 2742 maris,
729 2682 786 2731 et
807 2676 947 2732 sicut
961 2674 1144 2730 stellas
1158 2672 1281 2731 οωιί
1292 2689 1413 2744 qua:
1427 2688 1536 2743 prre
1555 2672 1921 2736 multitudine,

339 2765 617 2822 numerari
646 2781 754 2820 non
777 2774 1026 2835 possunt.
1078 2765 1283 2836 Duplex
1337 2780 1468 2835 ergo
1504 2763 1566 2818 ﬁt
1599 2762 1767 2835 ﬁgura
1792 2777 1923 2833 pro-

338 2857 493 2913 missi
539 2857 763 2913 seminis
800 2855 940 2925 ejus,
981 2856 1034 2911 id
1076 2865 1179 2922 est,
1217 2856 1272 2911 in
1302 2855 1708 2912 similitudinem
1743 2870 1924 2911 arena:

339 2949 533 3013 maris,
561 2948 615 3003 in
643 2963 752 3018 quo
784 2948 1162 3020 exprimuntur
1193 2947 1364 3004 ,ἰυόωί
1404 2947 1648 3013 steriles;
1676 2944 1741 3003 'et
1767 2948 1821 3003 in
1850 2948 1928 3003 si-

340 3039 698 3095 militudinem
744 3040 1019 3095 stellarum
1063 3040 1211 3105 cmli,
1253 3041 1308 3095 in
1333 3054 1441 3110 quo
1482 3040 1927 3096 demonstrantur

2026 1934 2156 1987 tiam
2207 1933 2261 1989 in
2304 1935 2475 1991 oculis
2519 1936 2698 1991 omnis
2735 1936 2935 2002 carnis,
2983 1937 3110 2006 quia
3139 1935 3375 1995 Ecclesia
3405 1935 3605 1991 Christi

2023 2024 2092 2080 ab
2117 2025 2376 2098 omnibus.
2394 2026 2644 2097 gentibus
2675 2027 2990 2091 honoratur,
3016 2035 3071 2082 et
3100 2027 3260 2098 digna
3297 2026 3455 2081 laude
3481 2041 3608 2097 pro-

2022 2126 2144 2186 pter
2172 2114 2441 2170 culturam
2472 2116 2585 2171 veri
2614 2116 2705 2171 Dei
2744 2118 2810 2172 ab
2839 2117 3092 2171 universo
3123 2116 3322 2170 mundo
3351 2116 3609 2184 praedica-

2023 2212 2131 2259 tur.
2162 2204 2262 2260 Cui
2289 2205 2453 2260 etiam
2483 2221 2580 2277 per
2605 2206 2796 2261 lsaiam
2845 2207 2961 2277 ipse
2989 2206 3246 2261 Dominus
3272 2206 3386 2260 ait:
3420 2226 3439 2257 ι
3472 2207 3611 2263 Ecce

2022 2292 2142 2349 levo
2166 2294 2231 2348 ad
2258 2303 2449 2365 gentes
2472 2311 2691 2350 manum
2717 2311 2915 2362 meam,
2939 2304 2995 2352 et
3019 2296 3084 2350 ad
3111 2295 3337 2366 populos
3361 2297 3613 2352 exaltabo

2022 2384 2240 2454 signum
2288 2400 2505 2451 meum,
2543 2393 2599 2440 et
2644 2384 2873 2440 all‘erent
2916 2385 3057 2441 ﬁlios
3100 2394 3219 2440 tuos
3250 2384 3305 2440 in
3348 2385 3524 2449 ulnis,
3557 2390 3612 2438 et

2023 2475 2160 2531 ﬁlias
2199 2484 2320 2530 tuas
2360 2491 2521 2546 super
2546 2477 2802 2531 humeros
2829 2478 3143 2548 portabunt,
3181 2484 3236 2531 et
3266 2483 3427 2530 erunt
3455 2488 3610 2545 reges

2022 2565 2233 2621 nutritii
2288 2566 2386 2634 tui,
2418 2576 2475 2624 et
2503 2567 2704 2638 regium
2752 2568 2991 2624 nutrices
3026 2576 3165 2635 tum;
3220 2570 3372 2623 vultu
3411 2568 3467 2623 in
3498 2574 3612 2622 ter-

2024 2672 2141 2711 ram
2170 2657 2406 2714 demisso
2435 2658 2741 2715 adorabunt
2770 2668 2840 2724 te,
2869 2669 2925 2716 et
2950 2659 3227 2730 pulverem
3259 2659 3459 2731 pedum
3487 2667 3611 2713 tuo-

2022 2765 2145 2805 rum
2174 2749 2411 2821 lingent;
2448 2761 2504 2807 et
2534 2753 2673 2809 scies
2701 2754 2827 2825 quia
2873 2768 2975 2824 ego
3004 2753 3289 2818 Dominus,
3318 2768 3480 2822 super
3506 2768 3616 2822 quo

2023 2856 2130 2898 non
2156 2842 2576 2911 confundentur,
2610 2844 2700 2915 qni
2728 2853 3049 2916 exspectant
3070 2861 3195 2900 eum
3220 2844 3358 2916 (lea.
3382 2844 3552 2916 xux).
3592 2863 3612 2896 ι

2609 2956 2837 3013 CAPUT
2879 2956 3011 3012 Vill.

2667 3047 2747 3101 De
2774 3045 2977 3117 Moyse.

339 3145 533 3241 omnes
561 3141 748 3238 gentes
775 3131 1070 3241 in‘Christo
1092 3132 1518 3235 eredentesaqui
1558 3131 1921 3241 resurrectio-
1948 3178 1994 3241 Ο
2094 3135 2248 3210 (Cn.
2279 3116 2428 3210 uv.)
2474 3154 2494 3189 ι
2516 3136 2762 3194 Dilectus
2782 3153 2812 3192 a
2837 3116 2951 3192 Deo
2970 3146 3027 3192 et
3046 3137 3357 3194 hominibus
3380 3135 3617 3210 Moyses,

340 3224 430 3281 nis
474 3224 680 3280 lumine
723 3225 776 3279 in
824 3224 1008 3281 futuro
1055 3232 1346 3280 coruscant
1382 3223 1523 3280 sicut
1562 3232 1709 3280 astra
1759 3223 1917 3278 cteli.

345 3337 365 3371 ι
395 3316 561 3373 Stella
585 3318 730 3373 enim
756 3317 825 3372 ab
850 3316 1005 3372 stella
1031 3315 1210 3372 dill'ert
1238 3316 1293 3371 in
1316 3315 1604 3372 claritate:
1629 3314 1710 3370 sic
1734 3314 1840 3368 erit
1869 3320 1926 3369 et

340 3409 670 3464 resurrectio
707 3415 1061 3464 mortuorum.
1115 3428 1133 3461 ι
1168 3408 1519 3464 llaereditavit
1564 3422 1695 3479 ergo
1733 3420 1921 3462 semen

341 3499 461 3569 ejus
489 3516 520 3555 a
549 3501 687 3556 mari
722 3516 896 3572 usque
933 3502 1001 3556 ad
1030 3516 1200 3568 mare,
1233 3510 1288 3557 et
1326 3517 1355 3556 a
1393 3501 1614 3557 ﬂumine
1647 3515 1820 3571 usque
1851 3499 1921 3554 ad

342 3594 601 3649 terminos
630 3592 778 3649 orbis
834 3602 1010 3649 terrze.
1049 3613 1068 3645 ι
1115 3594 1251 3662 Quia
1305 3593 1553 3650 Christus
1597 3609 1665 3650 ex
1716 3594 1922 3649 semine

338 3683 615 3739 Abraham
643 3690 797 3739 ortus
839 3684 1150 3739 dominatur
1195 3699 1226 3738 a
1256 3683 1394 3738 mari
1425 3699 1595 3754 usque
1635 3684 1704 3738 ad
1749 3698 1921 3749 mare,

338 3780 396 3827 et
436 3787 467 3825 a
501 3770 721 3827 ﬂumine
753 3787 924 3842 usque
953 3773 1021 3827 ad
1052 3774 1311 3828 terminos
1351 3773 1500 3829 orbis
1532 3780 1708 3839 terrae,
1739 3780 1793 3827 et
1817 3772 1922 3826 Ec—

338 3862 504 3918 clesia
530 3862 666 3933 ejus,
697 3864 801 3919 hoc
827 3871 933 3930 est,
963 3879 1162 3935 corpus
1188 3863 1356 3935 ipsius
1384 3864 1671 3919 universos
1731 3863 1919 3918 termi-

274 4013 280 4019 _
338 3968 440 4009 nos
458 3960 687 4022 occupat
710 3954 915 4009 mundi.
938 3953 1244 4009 Notandum
1265 3954 1463 4025 quippe
1483 3954 1624 4025 quod
1648 3953 1922 4007 Abraham

340 4044 610 4115 triplicem
640 4044 805 4099 habet
832 4045 1056 4114 ﬁguram
1087 4045 1140 4099 in
1169 4046 1462 4116 semetipso
1489 4062 1501 4099 :
1531 4045 1708 4115 primo
1734 4045 1921 4100 Salva-

340 4136 500 4202 toris,
527 4136 743 4207 quando
785 4135 975 4191 relicta
1012 4136 1332 4206 cognatione
1374 4152 1471 4191 sua
1506 4137 1655 4191 venit
1695 4138 1746 4190 in
1783 4136 1925 4191 hunc

340 4225 637 4291 mundum;
668 4225 905 4280 secundo
926 4225 1117 4295 patris,
1139 4224 1355 4293 quando
1382 4223 1684 4279 immolavit
1706 4224 1923 4278 unicum

342 4316 545 4383 ﬁlium;
576 4317 737 4372 tertio
760 4330 889 4370 vero
913 4316 968 4369 in
995 4316 1100 4370 hoc
1131 4315 1272 4384 quod
1301 4323 1413 4369 tres
1440 4315 1583 4368 virus
1620 4312 1926 4382 suscipiens

343 4424 509 4465 unum
541 4408 807 4473 adoravit,
840 4406 1065 4477 ﬁguram
1096 4407 1324 4477 gestavit
1345 4413 1680 4469 sanctorum,
1709 4404 1800 4474 qui
1830 4404 1926 4459 ad-

341 4508 564 4555 ventum
591 4498 795 4554 Christi
842 4499 1091 4554 inearne
1135 4512 1259 4552 cum
1299 4497 1495 4567 gaudio
1546 4503 1921 4565 susceperunt.

343 4587 510 4658 Cujus
536 4589 922 4645 incarnationis
943 4596 1344 4646 sacramentum
1366 4597 1476 4644 tota
1491 4595 1675 4643 sancta
1688 4587 1926 4643 Trinitas

344 4685 493 4751 fecit,
522 4685 617 4741 sed
644 4685 792 4740 solus
820 4684 988 4741 Filius
1020 4684 1258 4756 suscepit
1284 4701 1297 4737 :
1322 4702 1340 4735 ε
1366 4682 1598 4740 Verbum
1625 4684 1772 4740 enim
1796 4696 1926 4740 caro

344 4780 550 4837 factum
576 4789 680 4846 est,
707 4787 761 4836 et
790 4780 1055 4836 habitavit
1080 4780 1134 4834 in
1165 4779 1342 4834 nobis.
1379 4797 1399 4831 ι

960 4871 1187 4929 CAPUT
1223 4871 1312 4926 Vl.

995 4963 1075 5019 De
1100 4963 1279 5019 Isaac.

426 5075 447 5110 σ
478 5056 547 5113 Et
573 5056 628 5112 in
656 5056 808 5112 Isaac
833 5054 1024 5112 eodem
1048 5052 1177 5111 iecit
1205 5055 1384 5121 modo,
1411 5061 1631 5125 propter
1650 5053 1925 5108 Abraham

353 5169 376 5204 ι
420 5158 631 5220 patrem
683 5148 854 5220 ipsius
905 5146 1335 5203 benedictionem
1387 5146 1626 5201 omnium
1683 5145 1925 5216 gentium

352 5259 374 5293 α
420 5240 572 5296 dedit
602 5239 702 5295 illi.
737 5258 756 5294 ι
790 5238 947 5293 Dedit
978 5253 1107 5309 ergo
1127 5237 1386 5294 Dominus
1418 5236 1568 5292 lsaac
1596 5238 1930 5293 benedictio-

348 5347 475 5390 nem
516 5332 755 5389 omnium
796 5329 1035 5402 gentium
1074 5338 1296 5401 propter
1331 5327 1732 5398 jusjurandum,
1784 5329 1929 5398 quod

343 5424 549 5500 juravit
573 5423 718 5494 patri
752 5421 945 5493 ipsius,
979 5438 999 5473 ι
1035 5430 1097 5476 ιιι
1130 5422 1183 5477 in
1213 5423 1417 5477 semine
1452 5419 1589 5490 ejus,
1627 5442 1645 5474 ι
1692 5422 1797 5477 hoc
1822 5430 1926 5487 est,

350 5517 565 5574 Christo
588 5533 609 5568 ι
639 5514 1085 5571 benedicerentur
1104 5528 1293 5572 omnes
1318 5516 1672 5587 cogitationes
1694 5528 1873 5575 terrae.
1902 5538 1922 5572 ι

352 5612 451 5669 Cui
489 5613 653 5670 Pater
700 5613 754 5668 in
784 5612 993 5684 psalmo
1020 5614 1097 5669 ait
1125 5631 1139 5667 :
1176 5629 1196 5665 ι
1226 5612 1445 5670 Postula
1502 5631 1533 5669 a
1562 5632 1650 5672 me
1684 5625 1741 5672 et
1787 5617 1929 5673 dabo

352 5703 452 5759 tibi
490 5711 678 5775 gentes
699 5704 1071 5762 hereditatem
1099 5710 1247 5763 tuam
1271 5713 1327 5763 et
1352 5707 1748 5777 possessionem
1781 5717 1928 5765 tuam

354 5790 619 5852 terminos
653 5805 829 5851 terrae.
870 5816 890 5850 ι

1950 4557 2004 4617 D

2034 3249 2054 3284 ι
2087 3231 2240 3301 cujus
2279 3232 2542 3288 memoria
2576 3232 2633 3287 in
2658 3230 3036 3287 benedictione
3062 3239 3166 3287 cst.
3198 3230 3445 3286 Similem
3468 3231 3619 3284 illum

2039 3343 2058 3377 ι
2098 3323 2230 3380 fecit
2256 3325 2309 3379 in
2342 3324 2511 3396 gloria
2540 3331 2879 3390 sanctorum,
2916 3331 2974 3378 et
3002 3322 3371 3393 magniﬁcavit
3404 3336 3531 3376 eum
3564 3338 3619 3376 m

2033 3432 2053 3466 ι
2082 3415 2277 3469 timore
2323 3413 2702 3478 inimicorum,
2763 3422 2821 3469 et
2871 3413 2925 3467 in
2982 3411 3164 3467 verbis
3210 3411 3327 3467 suis
3373 3419 3620 3467 monstra

2035 3525 2054 3560 ι
2083 3507 2335 3578 placavit.
2359 3506 2698 3562 Gloriﬁeavit
2728 3505 2876 3560 illum
2906 3505 2958 3558 in
2993 3511 3288 3574 conspectu
3315 3518 3528 3573 regum,
3559 3511 3618 3557 et

2036 3619 2055 3652 ι
2081 3600 2247 3672 jussit
2272 3599 2349 3654 illi
2379 3613 2565 3654 coram
2611 3596 2815 3669 populo
2860 3611 2981 3661 suo,
3005 3604 3062 3649 et
3102 3594 3346 3651 ostendit
3384 3594 3459 3648 illi
3506 3593 3621 3665 glo-

2035 3710 2053 3743 ι
2086 3692 2221 3746 riam
2250 3706 2425 3746 suam.
2453 3690 2509 3744 In
2547 3689 2651 3744 ﬁde
2675 3698 2730 3743 et
2760 3688 2988 3743 lenitate
3019 3686 3188 3757 ipsius
3209 3693 3459 3740 sanctum
3488 3684 3619 3738 fecit

2033 3802 2053 3835 ι
2082 3781 2253 3847 illum,
2281 3789 2338 3835 et
2364 3780 2530 3849 elegit
2559 3779 2705 3834 illum
2738 3780 2805 3832 de
2841 3777 2989 3832 omni
3025 3791 3216 3831 carne.
3247 3775 3500 3830 Auditam
3526 3775 3609 3828 fe-

2035 3894 2052 3926 c
2084 3873 2163 3929 cit
2190 3872 2263 3927 illi
2298 3886 2490 3927 vocem
2531 3886 2710 3935 suam,
2750 3878 2807 3925 et
2837 3869 3049 3923 induxit
3077 3867 3229 3923 illum
3260 3867 3314 3921 in
3354 3867 3526 3929 nube;
3561 3873 3618 3919 et

2035 3987 2054 4020 ι
2086 3966 2235 4022 dedit
2279 3966 2359 4020 illi
2395 3971 2667 4036 praecepta
2717 3973 2772 4017 et
2816 3962 2992 4033 legem
3037 3961 3183 4023 vitae,
3234 3968 3291 4014 et
3317 3957 3616 4028 disciplina:

2036 4076 2055 4109 ι
2085 4058 2285 4113 docere
2312 4056 2481 4112 Jacob
2511 4062 2924 4119 testamentum,
2953 4051 3233 4121 etjudieia
3264 4064 3361 4105 sua
3388 4047 3611 4103 Israel.»

2030 4148 2271 4204 Dilectus
2309 4148 2455 4203 enim
2498 4147 2611 4201 Deo
2645 4154 2703 4200 et
2735 4145 3045 4200 hominibus
3081 4142 3296 4213 Moyses
3324 4140 3447 4206 fuit,
3488 4141 3615 4209 quia

2030 4239 2194 4294 homo
2243 4245 2364 4292 erat
2408 4235 2592 4291 suavis
2623 4242 2681 4288 et
2721 4233 3057 4297 mitissimus,
3095 4240 3155 4285 ut
3186 4230 3469 4300 Scriptura
3495 4244 3619 4282 nar-

2030 4335 2116 4383 rat
2154 4325 2343 4398 (Num.
2386 4327 2510 4399 xu).
2542 4325 2709 4396 Cujus
2738 4327 2997 4382 memoria
3025 4327 3078 4380 in
3113 4325 3490 4380 benedictione
3508 4331 3632 4386 est,-

2032 4417 2287 4487 quoniam
2335 4430 2445 4471 non
2490 4417 2717 4471 minoris
2769 4416 2953 4486 gloriae
2999 4430 3161 4485 quam
3208 4414 3392 4469 caeteri
3441 4414 3617 4468 sancti

2029 4506 2219 4562 Patres
2265 4506 2453 4573 fuere,
2519 4507 2614 4562 sed
2665 4506 2889 4576 perenni
2933 4506 3129 4576 dignus
3171 4512 3256 4560 est
3305 4519 3405 4576 per
3432 4504 3620 4559 omnia

2032 4594 2207 4650 laude.
2248 4594 2349 4650 Hie
2387 4594 2893 4666 magniﬁcatus‘est
2930 4594 2985 4649 in
3019 4594 3213 4650 timore
3243 4593 3611 4657 inimicorum,

2032 4689 2161 4743 dum
2194 4696 2443 4759 portenta
2472 4689 2641 4743 multa
2681 4686 2811 4742 fecit
2835 4703 3018 4742 coram
3052 4687 3332 4743 Pharaone
3360 4695 3415 4742 et
3444 4688 3621 4743 servis

2032 4784 2151 4856 ejus
2178 4826 2192 4851 ,
2250 4794 2304 4840 et
2340 4784 2487 4856 ipsas
2530 4784 2719 4855 plagas
2763 4782 2982 4852 quando
3033 4781 3204 4836 voluit
3254 4780 3615 4850 temperavit;

2034 4877 2178 4933 unde
2223 4876 2451 4949 gloriam
2480 4877 2535 4931 in
2581 4882 2870 4946 conspectu
2902 4889 3087 4945 regum
3135 4880 3458 4929 consecutus
3505 4881 3611 4927 est.

2034 4970 2205 5026 Jussit
2248 4971 2322 5025 illi
2367 4970 2626 5025 Dominus
2671 4982 2853 5023 coram
2889 4965 3085 5037 popqu
3128 4980 3246 5029 suo,
3277 4971 3349 5019 et-
3377 4964 3616 5019 ostendit

2032 5063 2109 5118 illi
2137 5063 2366 5133 gloriam
2391 5077 2565 5128 suam,
2592 5061 2808 5131 quando
2848 5058 2931 5114 sui
2958 5057 3151 5114 secreti
3181 5071 3305 5111 eum
3332 5054 3459 5110 fecit
3493 5069 3616 5111 esse

2030 5154 2371 5224 participem,
2422 5161 2479 5209 et
2525 5151 2822 5208 voluntatis
2858 5165 2971 5205 sua:
3017 5148 3339 5220 agnitorem.
3386 5146 3463 5202 De
3494 5162 3617 5217 quo

2033 5247 2294 5317 scriptum
2342 5254 2464 5302 est:
2498 5244 2793 5316 «ingresso
2836 5249 3017 5297 autem
3066 5240 3158 5295 illo
3203 5239 3614 5295 tabernaculum

2031 5338 2272 5404 hederis,
2301 5338 2663 5394 descendebat
2706 5335 2958 5391 columna
3006 5332 3190 5397 nubis,
3217 5338 3273 5387 et
3320 5331 3500 5386 stabat
3547 5330 3616 5384 ad

2034 5432 2253 5496 ostium,
2276 5431 2703 5502 loquebaturque
2733 5443 2856 5483 cum
2885 5426 3087 5498 Moyse,
3118 5425 3467 5480 cernentibus
3496 5422 3617 5476 uni-

2036 5524 2210 5577 versis
2227 5523 2371 5591 quod
2390 5521 2644 5577 columna
2676 5521 2835 5575 nubis
2859 5527 3030 5575 staret
3050 5518 3118 5573 ad
3141 5518 3339 5574 ostium
3365 5516 3616 5571 taberna-

2037 5614 2162 5678 culi,
2194 5613 2517 5681 stabautque
2552 5611 2650 5682 ipsi
2695 5619 2751 5666 et
2788 5609 3087 5664 adorabant
3114 5623 3213 5679 per
3255 5606 3402 5661 fores
3440 5601 3616 5659 taber-

2037 5703 2357 5760 naculorum
2391 5716 2630 5757 suorum.
2661 5700 3006 5770 Loquebatur
3032 5707 3213 5753 autem
3256 5694 3517 5750 Dominus
3548 5691 3618 5747 ad

2038 5795 2257 5868 Moysen
2306 5795 2442 5851 facie
2479 5793 2546 5850 ad
2579 5793 2797 5861 faciem,
2822 5793 2962 5849 sicut
3002 5791 3149 5862 loqui
3191 5788 3329 5845 solet
3356 5791 3520 5843 homo
3545 5784 3621 5840 ad
