  <div class='ocr_page' id='page_1' title='image "/cluster/home/n/w/nwhite01/storage/ocr_20150623/109/hvd.32044015466857/547.png"; bbox 0 0 4030 6488; ppageno 0'>
   <div class='ocr_carea' id='block_1_1' title="bbox 501 350 632 413">
    <p class='ocr_par' dir='ltr' id='par_1_1' title="bbox 501 350 632 413">
     <span class='ocr_line' id='line_1_1' title="bbox 501 350 632 413; baseline 0.046 -6"><span class='ocrx_word' id='word_1_1' title='bbox 501 350 632 413; x_wconf 64' lang='grc' dir='ltr'><strong>ιθεπ</strong></span> 
     </span>
    </p>
   </div>
   <div class='ocr_carea' id='block_1_2' title="bbox 1146 343 3093 410">
    <p class='ocr_par' dir='ltr' id='par_1_2' title="bbox 1146 343 3093 410">
     <span class='ocr_line' id='line_1_2' title="bbox 1146 343 3093 410; baseline -0.005 0"><span class='ocrx_word' id='word_1_2' title='bbox 1146 350 1208 410; x_wconf 84' lang='grc' dir='ltr'><strong>Β.</strong></span> <span class='ocrx_word' id='word_1_3' title='bbox 1248 348 1504 406; x_wconf 75' lang='lat' dir='ltr'><strong>RABANI</strong></span> <span class='ocrx_word' id='word_1_4' title='bbox 1540 346 1761 407; x_wconf 77' lang='lat' dir='ltr'><strong>MAURI</strong></span> <span class='ocrx_word' id='word_1_5' title='bbox 1798 344 2122 405; x_wconf 76' lang='lat' dir='ltr'><strong>ARCHIEP.</strong></span> <span class='ocrx_word' id='word_1_6' title='bbox 2162 343 2475 402; x_wconf 76' lang='lat' dir='ltr'><strong>MOGUNT.</strong></span> <span class='ocrx_word' id='word_1_7' title='bbox 2514 343 2799 402; x_wconf 73' lang='lat' dir='ltr'><strong>OPERUM</strong></span> <span class='ocrx_word' id='word_1_8' title='bbox 2834 344 3016 402; x_wconf 80' lang='lat' dir='ltr'><strong>PARS</strong></span> <span class='ocrx_word' id='word_1_9' title='bbox 3051 345 3093 401; x_wconf 83' lang='grc' dir='ltr'><strong>Ι.</strong></span> 
     </span>
    </p>
   </div>
   <div class='ocr_carea' id='block_1_3' title="bbox 3602 348 3717 415">
    <p class='ocr_par' dir='ltr' id='par_1_3' title="bbox 3602 348 3717 415">
     <span class='ocr_line' id='line_1_3' title="bbox 3602 348 3717 415; baseline 0 0"><span class='ocrx_word' id='word_1_10' title='bbox 3602 348 3717 415; x_wconf 72' lang='grc'><strong>1088</strong></span> 
     </span>
    </p>
   </div>
   <div class='ocr_carea' id='block_1_4' title="bbox 499 454 3721 535">
    <p class='ocr_par' dir='ltr' id='par_1_4' title="bbox 499 454 3721 535">
     <span class='ocr_line' id='line_1_4' title="bbox 499 454 3721 535; baseline -0.002 -13"><span class='ocrx_word' id='word_1_11' title='bbox 499 466 735 522; x_wconf 89' lang='lat' dir='ltr'><strong>amicum</strong></span> <span class='ocrx_word' id='word_1_12' title='bbox 774 479 931 520; x_wconf 89' lang='lat' dir='ltr'><strong>suum</strong></span> <span class='ocrx_word' id='word_1_13' title='bbox 955 481 968 518; x_wconf 89' lang='lat'><strong>:</strong></span> <span class='ocrx_word' id='word_1_14' title='bbox 997 462 1051 518; x_wconf 93' lang='lat' dir='ltr'><strong>in</strong></span> <span class='ocrx_word' id='word_1_15' title='bbox 1083 462 1190 519; x_wconf 89' lang='lat' dir='ltr'><strong>ﬁde</strong></span> <span class='ocrx_word' id='word_1_16' title='bbox 1216 472 1274 518; x_wconf 91' lang='lat' dir='ltr'><strong>et</strong></span> <span class='ocrx_word' id='word_1_17' title='bbox 1299 462 1519 521; x_wconf 85' lang='lat' dir='ltr'><strong>lenitate</strong></span> <span class='ocrx_word' id='word_1_18' title='bbox 1544 459 1713 531; x_wconf 82' lang='lat' dir='ltr'><strong>ipsius</strong></span> <span class='ocrx_word' id='word_1_19' title='bbox 1735 466 1977 514; x_wconf 89' lang='lat' dir='ltr'><strong>sanctum</strong></span> <span class='ocrx_word' id='word_1_20' title='bbox 2006 455 2159 531; x_wconf 61' lang='grc' dir='ltr'>τις-Ἀ</span> <span class='ocrx_word' id='word_1_21' title='bbox 2184 455 2496 511; x_wconf 90' lang='lat' dir='ltr'><strong>ostendunt.</strong></span> <span class='ocrx_word' id='word_1_22' title='bbox 2526 454 2657 523; x_wconf 78' lang='lat' dir='ltr'><strong>Qua:</strong></span> <span class='ocrx_word' id='word_1_23' title='bbox 2676 465 2856 513; x_wconf 87' lang='lat' dir='ltr'><strong>autem</strong></span> <span class='ocrx_word' id='word_1_24' title='bbox 2886 465 3014 513; x_wconf 90' lang='lat' dir='ltr'><strong>sunt</strong></span> <span class='ocrx_word' id='word_1_25' title='bbox 3043 456 3170 528; x_wconf 75' lang='lat' dir='ltr'><strong>ipsa:</strong></span> <span class='ocrx_word' id='word_1_26' title='bbox 3201 466 3412 525; x_wconf 83' lang='lat' dir='ltr'><strong>vestes,</strong></span> <span class='ocrx_word' id='word_1_27' title='bbox 3441 473 3569 530; x_wconf 80' lang='lat' dir='ltr'><strong>quas</strong></span> <span class='ocrx_word' id='word_1_28' title='bbox 3597 459 3721 535; x_wconf 72' lang='lat' dir='ltr'><strong>loy-</strong></span> 
     </span>
    </p>
   </div>
   <div class='ocr_carea' id='block_1_5' title="bbox 499 548 2079 625">
    <p class='ocr_par' dir='ltr' id='par_1_5' title="bbox 499 548 2079 625">
     <span class='ocr_line' id='line_1_5' title="bbox 499 548 2079 625; baseline -0.007 -11"><span class='ocrx_word' id='word_1_29' title='bbox 499 558 576 614; x_wconf 92' lang='lat' dir='ltr'><strong>cit</strong></span> <span class='ocrx_word' id='word_1_30' title='bbox 622 555 806 621; x_wconf 91' lang='lat' dir='ltr'><strong>illum,</strong></span> <span class='ocrx_word' id='word_1_31' title='bbox 846 562 902 610; x_wconf 92' lang='lat' dir='ltr'><strong>et</strong></span> <span class='ocrx_word' id='word_1_32' title='bbox 947 554 1113 624; x_wconf 80' lang='lat' dir='ltr'><strong>elegit</strong></span> <span class='ocrx_word' id='word_1_33' title='bbox 1165 553 1343 625; x_wconf 88' lang='lat' dir='ltr'><strong>ipsum</strong></span> <span class='ocrx_word' id='word_1_34' title='bbox 1391 553 1457 608; x_wconf 89' lang='lat' dir='ltr'><strong>de</strong></span> <span class='ocrx_word' id='word_1_35' title='bbox 1497 551 1647 608; x_wconf 87' lang='lat' dir='ltr'><strong>omni</strong></span> <span class='ocrx_word' id='word_1_36' title='bbox 1677 548 2079 621; x_wconf 78' lang='lat' dir='ltr'><strong>carne(E:rod.</strong></span> 
     </span>
    </p>
   </div>
   <div class='ocr_carea' id='block_1_6' title="bbox 498 642 2084 716">
    <p class='ocr_par' dir='ltr' id='par_1_6' title="bbox 498 642 2084 716">
     <span class='ocr_line' id='line_1_6' title="bbox 498 642 2084 716; baseline -0.003 -14"><span class='ocrx_word' id='word_1_37' title='bbox 498 645 718 716; x_wconf 85' lang='lat' dir='ltr'><strong>xxxm).</strong></span> <span class='ocrx_word' id='word_1_38' title='bbox 754 665 773 698; x_wconf 77' lang='grc' dir='ltr'><strong><em>ι</em></strong></span> <span class='ocrx_word' id='word_1_39' title='bbox 803 645 1022 702; x_wconf 79' lang='lat' dir='ltr'><strong>Certum</strong></span> <span class='ocrx_word' id='word_1_40' title='bbox 1064 659 1279 715; x_wconf 89' lang='lat' dir='ltr'><strong>quoque</strong></span> <span class='ocrx_word' id='word_1_41' title='bbox 1322 652 1409 699; x_wconf 92' lang='lat' dir='ltr'><strong>est</strong></span> <span class='ocrx_word' id='word_1_42' title='bbox 1435 643 1580 714; x_wconf 90' lang='lat' dir='ltr'><strong>quod</strong></span> <span class='ocrx_word' id='word_1_43' title='bbox 1622 642 1755 699; x_wconf 94' lang='lat' dir='ltr'><strong>ﬁdes</strong></span> <span class='ocrx_word' id='word_1_44' title='bbox 1788 651 1845 698; x_wconf 89' lang='lat' dir='ltr'><strong>et</strong></span> <span class='ocrx_word' id='word_1_45' title='bbox 1890 642 2084 697; x_wconf 75' lang='lat' dir='ltr'><strong>lenitas</strong></span> 
     </span>
    </p>
   </div>
   <div class='ocr_carea' id='block_1_7' title="bbox 498 734 2082 810">
    <p class='ocr_par' dir='ltr' id='par_1_7' title="bbox 498 734 2082 810">
     <span class='ocr_line' id='line_1_7' title="bbox 498 734 2082 810; baseline -0.003 -17"><span class='ocrx_word' id='word_1_46' title='bbox 498 738 669 810; x_wconf 91' lang='lat' dir='ltr'><strong>ipsius</strong></span> <span class='ocrx_word' id='word_1_47' title='bbox 697 747 941 795; x_wconf 85' lang='lat' dir='ltr'><strong>sanctum</strong></span> <span class='ocrx_word' id='word_1_48' title='bbox 971 752 1094 793; x_wconf 91' lang='lat' dir='ltr'><strong>eum</strong></span> <span class='ocrx_word' id='word_1_49' title='bbox 1122 751 1245 791; x_wconf 88' lang='lat' dir='ltr'><strong>esse</strong></span> <span class='ocrx_word' id='word_1_50' title='bbox 1294 734 1427 791; x_wconf 88' lang='lat' dir='ltr'><strong>fecit</strong></span> <span class='ocrx_word' id='word_1_51' title='bbox 1460 743 1516 790; x_wconf 92' lang='lat' dir='ltr'><strong>et</strong></span> <span class='ocrx_word' id='word_1_52' title='bbox 1545 737 1655 791; x_wconf 91' lang='lat' dir='ltr'><strong>Deo</strong></span> <span class='ocrx_word' id='word_1_53' title='bbox 1694 734 2082 805; x_wconf 89' lang='lat' dir='ltr'><strong>acceptabilem</strong></span> 
     </span>
    </p>
   </div>
   <div class='ocr_carea' id='block_1_8' title="bbox 501 829 2084 904">
    <p class='ocr_par' dir='ltr' id='par_1_8' title="bbox 501 829 2084 904">
     <span class='ocr_line' id='line_1_8' title="bbox 501 829 2084 904; baseline -0.001 -17"><span class='ocrx_word' id='word_1_54' title='bbox 501 832 757 900; x_wconf 77' lang='lat' dir='ltr'><strong>reddidit,</strong></span> <span class='ocrx_word' id='word_1_55' title='bbox 794 834 887 904; x_wconf 92' lang='lat' dir='ltr'><strong>qui</strong></span> <span class='ocrx_word' id='word_1_56' title='bbox 913 833 980 888; x_wconf 89' lang='lat' dir='ltr'><strong>de</strong></span> <span class='ocrx_word' id='word_1_57' title='bbox 1000 833 1146 889; x_wconf 89' lang='lat' dir='ltr'><strong>omni</strong></span> <span class='ocrx_word' id='word_1_58' title='bbox 1177 831 1375 903; x_wconf 92' lang='lat' dir='ltr'><strong>populo</strong></span> <span class='ocrx_word' id='word_1_59' title='bbox 1398 831 1580 886; x_wconf 88' lang='lat' dir='ltr'><strong>divina</strong></span> <span class='ocrx_word' id='word_1_60' title='bbox 1610 830 1944 902; x_wconf 90' lang='lat' dir='ltr'><strong>providentia</strong></span> <span class='ocrx_word' id='word_1_61' title='bbox 1973 829 2084 885; x_wconf 86' lang='lat' dir='ltr'><strong>ele-</strong></span> 
     </span>
    </p>
   </div>
   <div class='ocr_carea' id='block_1_9' title="bbox 496 922 2081 996">
    <p class='ocr_par' dir='ltr' id='par_1_9' title="bbox 496 922 2081 996">
     <span class='ocr_line' id='line_1_9' title="bbox 496 922 2081 996; baseline -0.001 -18"><span class='ocrx_word' id='word_1_62' title='bbox 496 931 620 978; x_wconf 90' lang='lat' dir='ltr'><strong>ctus</strong></span> <span class='ocrx_word' id='word_1_63' title='bbox 658 931 763 989; x_wconf 89' lang='lat' dir='ltr'><strong>est,</strong></span> <span class='ocrx_word' id='word_1_64' title='bbox 814 933 877 979; x_wconf 93' lang='lat' dir='ltr'><strong>ut</strong></span> <span class='ocrx_word' id='word_1_65' title='bbox 913 931 1173 996; x_wconf 66' lang='lat' dir='ltr'><strong>praeesset</strong></span> <span class='ocrx_word' id='word_1_66' title='bbox 1219 923 1490 979; x_wconf 81' lang='lat' dir='ltr'><strong>universis</strong></span> <span class='ocrx_word' id='word_1_67' title='bbox 1530 941 1544 978; x_wconf 91' lang='lat'><strong>:</strong></span> <span class='ocrx_word' id='word_1_68' title='bbox 1591 922 1679 979; x_wconf 92' lang='lat' dir='ltr'><strong>cui</strong></span> <span class='ocrx_word' id='word_1_69' title='bbox 1730 922 1995 977; x_wconf 84' lang='lat' dir='ltr'><strong>Dominus</strong></span> <span class='ocrx_word' id='word_1_70' title='bbox 2025 922 2081 977; x_wconf 90' lang='lat' dir='ltr'><strong>in</strong></span> 
     </span>
    </p>
   </div>
   <div class='ocr_carea' id='block_1_10' title="bbox 496 1012 2122 1085">
    <p class='ocr_par' dir='ltr' id='par_1_10' title="bbox 496 1012 2122 1085">
     <span class='ocr_line' id='line_1_10' title="bbox 496 1012 2122 1085; baseline -0.002 -16"><span class='ocrx_word' id='word_1_71' title='bbox 496 1012 679 1070; x_wconf 84' lang='lat' dir='ltr'><strong>monte</strong></span> <span class='ocrx_word' id='word_1_72' title='bbox 701 1014 851 1069; x_wconf 91' lang='lat' dir='ltr'><strong>Sinai</strong></span> <span class='ocrx_word' id='word_1_73' title='bbox 882 1013 1055 1085; x_wconf 88' lang='lat' dir='ltr'><strong>legem</strong></span> <span class='ocrx_word' id='word_1_74' title='bbox 1077 1015 1228 1071; x_wconf 89' lang='lat' dir='ltr'><strong>dedit</strong></span> <span class='ocrx_word' id='word_1_75' title='bbox 1259 1023 1317 1070; x_wconf 92' lang='lat' dir='ltr'><strong>et</strong></span> <span class='ocrx_word' id='word_1_76' title='bbox 1333 1021 1603 1085; x_wconf 61' lang='lat' dir='ltr'><strong>pra-cepta</strong></span> <span class='ocrx_word' id='word_1_77' title='bbox 1625 1012 1751 1068; x_wconf 80' lang='lat' dir='ltr'><strong>vita:</strong></span> <span class='ocrx_word' id='word_1_78' title='bbox 1778 1012 2079 1079; x_wconf 86' lang='lat' dir='ltr'><strong>constituit,</strong></span> <span class='ocrx_word' id='word_1_79' title='bbox 2118 1034 2122 1038; x_wconf 93' lang='grc'><strong>·</strong></span> 
     </span>
    </p>
   </div>
   <div class='ocr_carea' id='block_1_11' title="bbox 495 1103 2082 1177">
    <p class='ocr_par' dir='ltr' id='par_1_11' title="bbox 495 1103 2082 1177">
     <span class='ocr_line' id='line_1_11' title="bbox 495 1103 2082 1177; baseline -0.003 -14"><span class='ocrx_word' id='word_1_80' title='bbox 495 1124 619 1163; x_wconf 89' lang='lat' dir='ltr'><strong>cum</strong></span> <span class='ocrx_word' id='word_1_81' title='bbox 644 1122 710 1163; x_wconf 87' lang='lat' dir='ltr'><strong>eo</strong></span> <span class='ocrx_word' id='word_1_82' title='bbox 737 1107 964 1177; x_wconf 90' lang='lat' dir='ltr'><strong>loquens</strong></span> <span class='ocrx_word' id='word_1_83' title='bbox 991 1107 1047 1163; x_wconf 93' lang='lat' dir='ltr'><strong>in</strong></span> <span class='ocrx_word' id='word_1_84' title='bbox 1089 1107 1234 1162; x_wconf 91' lang='lat' dir='ltr'><strong>nube</strong></span> <span class='ocrx_word' id='word_1_85' title='bbox 1259 1106 1604 1163; x_wconf 84' lang='lat' dir='ltr'><strong>audientibus</strong></span> <span class='ocrx_word' id='word_1_86' title='bbox 1631 1104 1760 1160; x_wconf 91' lang='lat' dir='ltr'><strong>ﬁliis</strong></span> <span class='ocrx_word' id='word_1_87' title='bbox 1803 1103 1994 1169; x_wconf 78' lang='lat' dir='ltr'><strong>Israel,</strong></span> <span class='ocrx_word' id='word_1_88' title='bbox 2021 1112 2082 1159; x_wconf 92' lang='lat' dir='ltr'><strong>ut</strong></span> 
     </span>
    </p>
   </div>
   <div class='ocr_carea' id='block_1_12' title="bbox 494 1197 2083 1272">
    <p class='ocr_par' dir='ltr' id='par_1_12' title="bbox 494 1197 2083 1272">
     <span class='ocr_line' id='line_1_12' title="bbox 494 1197 2083 1272; baseline -0.003 -15"><span class='ocrx_word' id='word_1_89' title='bbox 494 1201 550 1257; x_wconf 90' lang='lat' dir='ltr'><strong>in</strong></span> <span class='ocrx_word' id='word_1_90' title='bbox 575 1201 662 1257; x_wconf 92' lang='lat' dir='ltr'><strong>his</strong></span> <span class='ocrx_word' id='word_1_91' title='bbox 690 1201 934 1257; x_wconf 90' lang='lat' dir='ltr'><strong>erudiret</strong></span> <span class='ocrx_word' id='word_1_92' title='bbox 960 1200 1218 1272; x_wconf 91' lang='lat' dir='ltr'><strong>populum</strong></span> <span class='ocrx_word' id='word_1_93' title='bbox 1246 1216 1405 1256; x_wconf 92' lang='lat' dir='ltr'><strong>suum</strong></span> <span class='ocrx_word' id='word_1_94' title='bbox 1433 1209 1492 1255; x_wconf 88' lang='lat' dir='ltr'><strong>et</strong></span> <span class='ocrx_word' id='word_1_95' title='bbox 1518 1197 1986 1269; x_wconf 74' lang='lat' dir='ltr'><strong>disciplinabiﬁter</strong></span> <span class='ocrx_word' id='word_1_96' title='bbox 2005 1197 2083 1253; x_wconf 87' lang='lat' dir='ltr'><strong>vi-</strong></span> 
     </span>
    </p>
   </div>
   <div class='ocr_carea' id='block_1_13' title="bbox 493 1291 2081 1365">
    <p class='ocr_par' dir='ltr' id='par_1_13' title="bbox 493 1291 2081 1365">
     <span class='ocr_line' id='line_1_13' title="bbox 493 1291 2081 1365; baseline 0 -18"><span class='ocrx_word' id='word_1_97' title='bbox 493 1307 623 1349; x_wconf 86' lang='lat' dir='ltr'><strong>vere</strong></span> <span class='ocrx_word' id='word_1_98' title='bbox 673 1293 926 1361; x_wconf 86' lang='lat' dir='ltr'><strong>doceret;</strong></span> <span class='ocrx_word' id='word_1_99' title='bbox 980 1294 1075 1364; x_wconf 91' lang='lat' dir='ltr'><strong>qui</strong></span> <span class='ocrx_word' id='word_1_100' title='bbox 1112 1293 1237 1349; x_wconf 90' lang='lat' dir='ltr'><strong>licet</strong></span> <span class='ocrx_word' id='word_1_101' title='bbox 1261 1293 1507 1349; x_wconf 89' lang='lat' dir='ltr'><strong>diversas</strong></span> <span class='ocrx_word' id='word_1_102' title='bbox 1549 1292 1753 1365; x_wconf 89' lang='lat' dir='ltr'><strong>ﬁguras</strong></span> <span class='ocrx_word' id='word_1_103' title='bbox 1787 1292 1984 1349; x_wconf 83' lang='lat' dir='ltr'><strong>habeat</strong></span> <span class='ocrx_word' id='word_1_104' title='bbox 2025 1291 2081 1347; x_wconf 91' lang='lat' dir='ltr'><strong>in</strong></span> 
     </span>
    </p>
   </div>
   <div class='ocr_carea' id='block_1_14' title="bbox 490 1383 2080 1457">
    <p class='ocr_par' dir='ltr' id='par_1_14' title="bbox 490 1383 2080 1457">
     <span class='ocr_line' id='line_1_14' title="bbox 490 1383 2080 1457; baseline -0.001 -15"><span class='ocrx_word' id='word_1_105' title='bbox 490 1385 721 1457; x_wconf 75' lang='lat' dir='ltr'><strong>singulis</strong></span> <span class='ocrx_word' id='word_1_106' title='bbox 768 1385 924 1451; x_wconf 93' lang='lat' dir='ltr'><strong>locis,</strong></span> <span class='ocrx_word' id='word_1_107' title='bbox 973 1396 1153 1441; x_wconf 89' lang='lat' dir='ltr'><strong>tamen</strong></span> <span class='ocrx_word' id='word_1_108' title='bbox 1198 1385 1254 1440; x_wconf 92' lang='lat' dir='ltr'><strong>in</strong></span> <span class='ocrx_word' id='word_1_109' title='bbox 1312 1385 1435 1451; x_wconf 91' lang='lat' dir='ltr'><strong>hoc,</strong></span> <span class='ocrx_word' id='word_1_110' title='bbox 1483 1384 1628 1456; x_wconf 91' lang='lat' dir='ltr'><strong>quod</strong></span> <span class='ocrx_word' id='word_1_111' title='bbox 1680 1383 1937 1456; x_wconf 87' lang='lat' dir='ltr'><strong>populum</strong></span> <span class='ocrx_word' id='word_1_112' title='bbox 1982 1384 2080 1440; x_wconf 92' lang='lat' dir='ltr'><strong>Dei</strong></span> 
     </span>
    </p>
   </div>
   <div class='ocr_carea' id='block_1_15' title="bbox 491 1475 2078 1550">
    <p class='ocr_par' dir='ltr' id='par_1_15' title="bbox 491 1475 2078 1550">
     <span class='ocr_line' id='line_1_15' title="bbox 491 1475 2078 1550; baseline 0.001 -18"><span class='ocrx_word' id='word_1_113' title='bbox 491 1477 683 1533; x_wconf 92' lang='lat' dir='ltr'><strong>eduxit</strong></span> <span class='ocrx_word' id='word_1_114' title='bbox 705 1477 772 1534; x_wconf 91' lang='lat' dir='ltr'><strong>de</strong></span> <span class='ocrx_word' id='word_1_115' title='bbox 792 1475 1031 1550; x_wconf 67' lang='lat' dir='ltr'><strong>Egypto</strong></span> <span class='ocrx_word' id='word_1_116' title='bbox 1054 1493 1155 1550; x_wconf 92' lang='lat' dir='ltr'><strong>per</strong></span> <span class='ocrx_word' id='word_1_117' title='bbox 1185 1492 1355 1548; x_wconf 86' lang='lat' dir='ltr'><strong>aquas</strong></span> <span class='ocrx_word' id='word_1_118' title='bbox 1384 1478 1553 1534; x_wconf 89' lang='lat' dir='ltr'><strong>maris</strong></span> <span class='ocrx_word' id='word_1_119' title='bbox 1584 1477 1777 1545; x_wconf 80' lang='lat' dir='ltr'><strong>Rubri,</strong></span> <span class='ocrx_word' id='word_1_120' title='bbox 1803 1485 1860 1533; x_wconf 86' lang='lat' dir='ltr'><strong>et</strong></span> <span class='ocrx_word' id='word_1_121' title='bbox 1897 1478 1951 1533; x_wconf 90' lang='lat' dir='ltr'><strong>in</strong></span> <span class='ocrx_word' id='word_1_122' title='bbox 1981 1477 2078 1534; x_wconf 88' lang='lat' dir='ltr'><strong>de-</strong></span> 
     </span>
    </p>
   </div>
   <div class='ocr_carea' id='block_1_16' title="bbox 493 1570 2080 1641">
    <p class='ocr_par' dir='ltr' id='par_1_16' title="bbox 493 1570 2080 1641">
     <span class='ocr_line' id='line_1_16' title="bbox 493 1570 2080 1641; baseline 0 -16"><span class='ocrx_word' id='word_1_123' title='bbox 493 1579 640 1625; x_wconf 90' lang='lat' dir='ltr'><strong>serto</strong></span> <span class='ocrx_word' id='word_1_124' title='bbox 667 1570 918 1626; x_wconf 84' lang='lat' dir='ltr'><strong>educavit</strong></span> <span class='ocrx_word' id='word_1_125' title='bbox 955 1570 1205 1627; x_wconf 87' lang='lat' dir='ltr'><strong>columna</strong></span> <span class='ocrx_word' id='word_1_126' title='bbox 1234 1571 1397 1627; x_wconf 91' lang='lat' dir='ltr'><strong>nubis</strong></span> <span class='ocrx_word' id='word_1_127' title='bbox 1420 1578 1698 1641; x_wconf 71' lang='lat' dir='ltr'><strong>prmeunte</strong></span> <span class='ocrx_word' id='word_1_128' title='bbox 1725 1579 1782 1626; x_wconf 86' lang='lat' dir='ltr'><strong>et</strong></span> <span class='ocrx_word' id='word_1_129' title='bbox 1816 1570 1960 1625; x_wconf 81' lang='lat' dir='ltr'><strong>viam</strong></span> <span class='ocrx_word' id='word_1_130' title='bbox 1986 1571 2080 1625; x_wconf 90' lang='lat' dir='ltr'><strong>de-</strong></span> 
     </span>
    </p>
   </div>
   <div class='ocr_carea' id='block_1_17' title="bbox 491 1659 2079 1734">
    <p class='ocr_par' dir='ltr' id='par_1_17' title="bbox 491 1659 2079 1734">
     <span class='ocr_line' id='line_1_17' title="bbox 491 1659 2079 1734; baseline 0.001 -21"><span class='ocrx_word' id='word_1_131' title='bbox 491 1666 850 1726; x_wconf 80' lang='lat' dir='ltr'><strong>monstraute,</strong></span> <span class='ocrx_word' id='word_1_132' title='bbox 885 1669 1069 1732; x_wconf 85' lang='lat' dir='ltr'><strong>typum</strong></span> <span class='ocrx_word' id='word_1_133' title='bbox 1101 1668 1247 1716; x_wconf 92' lang='lat' dir='ltr'><strong>tenet</strong></span> <span class='ocrx_word' id='word_1_134' title='bbox 1285 1660 1444 1734; x_wconf 90' lang='lat' dir='ltr'><strong>legis,</strong></span> <span class='ocrx_word' id='word_1_135' title='bbox 1472 1676 1595 1731; x_wconf 67' lang='lat' dir='ltr'><strong>qua:</strong></span> <span class='ocrx_word' id='word_1_136' title='bbox 1619 1675 1719 1731; x_wconf 80' lang='lat' dir='ltr'><strong>per</strong></span> <span class='ocrx_word' id='word_1_137' title='bbox 1747 1660 1951 1717; x_wconf 75' lang='lat' dir='ltr'><strong>Christi</strong></span> <span class='ocrx_word' id='word_1_138' title='bbox 1974 1659 2079 1715; x_wconf 83' lang='lat' dir='ltr'><strong>du-</strong></span> 
     </span>
    </p>
   </div>
   <div class='ocr_carea' id='block_1_18' title="bbox 489 1752 2079 1825">
    <p class='ocr_par' dir='ltr' id='par_1_18' title="bbox 489 1752 2079 1825">
     <span class='ocr_line' id='line_1_18' title="bbox 489 1752 2079 1825; baseline 0.001 -18"><span class='ocrx_word' id='word_1_139' title='bbox 489 1760 671 1807; x_wconf 87' lang='lat' dir='ltr'><strong>catum</strong></span> <span class='ocrx_word' id='word_1_140' title='bbox 713 1753 996 1809; x_wconf 87' lang='lat' dir='ltr'><strong>credentes</strong></span> <span class='ocrx_word' id='word_1_141' title='bbox 1019 1753 1085 1809; x_wconf 84' lang='lat' dir='ltr'><strong>de</strong></span> <span class='ocrx_word' id='word_1_142' title='bbox 1110 1752 1345 1825; x_wconf 65' lang='lat' dir='ltr'><strong>Egypto</strong></span> <span class='ocrx_word' id='word_1_143' title='bbox 1370 1752 1620 1825; x_wconf 77' lang='lat' dir='ltr'><strong>spiritali,</strong></span> <span class='ocrx_word' id='word_1_144' title='bbox 1643 1753 1796 1810; x_wconf 82' lang='lat' dir='ltr'><strong>etde</strong></span> <span class='ocrx_word' id='word_1_145' title='bbox 1812 1760 2079 1824; x_wconf 81' lang='lat' dir='ltr'><strong>potestate</strong></span> 
     </span>
    </p>
   </div>
   <div class='ocr_carea' id='block_1_19' title="bbox 489 1845 2079 1919">
    <p class='ocr_par' dir='ltr' id='par_1_19' title="bbox 489 1845 2079 1919">
     <span class='ocr_line' id='line_1_19' title="bbox 489 1845 2079 1919; baseline 0 -18"><span class='ocrx_word' id='word_1_146' title='bbox 489 1847 604 1903; x_wconf 86' lang='lat' dir='ltr'><strong>veri</strong></span> <span class='ocrx_word' id='word_1_147' title='bbox 643 1846 942 1902; x_wconf 84' lang='lat' dir='ltr'><strong>Pharaonis</strong></span> <span class='ocrx_word' id='word_1_148' title='bbox 984 1861 1084 1917; x_wconf 92' lang='lat' dir='ltr'><strong>per</strong></span> <span class='ocrx_word' id='word_1_149' title='bbox 1111 1861 1280 1917; x_wconf 85' lang='lat' dir='ltr'><strong>aquas</strong></span> <span class='ocrx_word' id='word_1_150' title='bbox 1317 1846 1659 1919; x_wconf 81' lang='lat' dir='ltr'><strong>baptismatis</strong></span> <span class='ocrx_word' id='word_1_151' title='bbox 1703 1845 1978 1912; x_wconf 79' lang='lat' dir='ltr'><strong>liberavit,</strong></span> <span class='ocrx_word' id='word_1_152' title='bbox 2017 1854 2079 1901; x_wconf 94' lang='lat' dir='ltr'><strong>ut</strong></span> 
     </span>
    </p>
   </div>
   <div class='ocr_carea' id='block_1_20' title="bbox 487 1937 2081 2008">
    <p class='ocr_par' dir='ltr' id='par_1_20' title="bbox 487 1937 2081 2008">
     <span class='ocr_line' id='line_1_20' title="bbox 487 1937 2081 2008; baseline -0.001 -15"><span class='ocrx_word' id='word_1_153' title='bbox 487 1938 546 1993; x_wconf 92' lang='lat' dir='ltr'><strong>in</strong></span> <span class='ocrx_word' id='word_1_154' title='bbox 574 1952 762 1994; x_wconf 89' lang='lat' dir='ltr'><strong>eremo</strong></span> <span class='ocrx_word' id='word_1_155' title='bbox 793 1938 949 1993; x_wconf 87' lang='lat' dir='ltr'><strong>istius</strong></span> <span class='ocrx_word' id='word_1_156' title='bbox 990 1937 1175 1993; x_wconf 89' lang='lat' dir='ltr'><strong>mundi</strong></span> <span class='ocrx_word' id='word_1_157' title='bbox 1204 1938 1402 1993; x_wconf 84' lang='lat' dir='ltr'><strong>divinis</strong></span> <span class='ocrx_word' id='word_1_158' title='bbox 1427 1937 1725 2008; x_wconf 69' lang='lat' dir='ltr'><strong>prmeeptis:</strong></span> <span class='ocrx_word' id='word_1_159' title='bbox 1746 1937 1995 1993; x_wconf 81' lang='lat' dir='ltr'><strong>instructi</strong></span> <span class='ocrx_word' id='word_1_160' title='bbox 2023 1944 2081 1992; x_wconf 91' lang='lat' dir='ltr'><strong>et</strong></span> 
     </span>
    </p>
   </div>
   <div class='ocr_carea' id='block_1_21' title="bbox 488 2027 2078 2100">
    <p class='ocr_par' dir='ltr' id='par_1_21' title="bbox 488 2027 2078 2100">
     <span class='ocr_line' id='line_1_21' title="bbox 488 2027 2078 2100; baseline 0.001 -18"><span class='ocrx_word' id='word_1_161' title='bbox 488 2028 704 2084; x_wconf 83' lang='lat' dir='ltr'><strong>educati</strong></span> <span class='ocrx_word' id='word_1_162' title='bbox 765 2028 1088 2100; x_wconf 83' lang='lat' dir='ltr'><strong>perveniant</strong></span> <span class='ocrx_word' id='word_1_163' title='bbox 1123 2027 1190 2083; x_wconf 90' lang='lat' dir='ltr'><strong>ad</strong></span> <span class='ocrx_word' id='word_1_164' title='bbox 1241 2038 1443 2084; x_wconf 85' lang='lat' dir='ltr'><strong>terram</strong></span> <span class='ocrx_word' id='word_1_165' title='bbox 1502 2029 1959 2099; x_wconf 85' lang='lat' dir='ltr'><strong>repromissionis,</strong></span> <span class='ocrx_word' id='word_1_166' title='bbox 2008 2027 2078 2084; x_wconf 91' lang='lat' dir='ltr'><strong>ad</strong></span> 
     </span>
    </p>
   </div>
   <div class='ocr_carea' id='block_1_22' title="bbox 484 2119 2076 2190">
    <p class='ocr_par' dir='ltr' id='par_1_22' title="bbox 484 2119 2076 2190">
     <span class='ocr_line' id='line_1_22' title="bbox 484 2119 2076 2190; baseline -0.001 -15"><span class='ocrx_word' id='word_1_167' title='bbox 484 2119 764 2175; x_wconf 68' lang='lat' dir='ltr'><strong>coalcstem</strong></span> <span class='ocrx_word' id='word_1_168' title='bbox 809 2119 1059 2177; x_wconf 82' lang='lat' dir='ltr'><strong>videlicet</strong></span> <span class='ocrx_word' id='word_1_169' title='bbox 1103 2121 1353 2190; x_wconf 85' lang='lat' dir='ltr'><strong>patriam,</strong></span> <span class='ocrx_word' id='word_1_170' title='bbox 1384 2120 1475 2175; x_wconf 88' lang='lat' dir='ltr'><strong>ubi</strong></span> <span class='ocrx_word' id='word_1_171' title='bbox 1520 2120 1763 2175; x_wconf 89' lang='lat' dir='ltr'><strong>omnium</strong></span> <span class='ocrx_word' id='word_1_172' title='bbox 1812 2121 2076 2177; x_wconf 90' lang='lat' dir='ltr'><strong>honorum</strong></span> 
     </span>
    </p>
   </div>
   <div class='ocr_carea' id='block_1_23' title="bbox 485 2210 1774 2284">
    <p class='ocr_par' dir='ltr' id='par_1_23' title="bbox 485 2210 1774 2284">
     <span class='ocr_line' id='line_1_23' title="bbox 485 2210 1774 2284; baseline 0.001 -18"><span class='ocrx_word' id='word_1_173' title='bbox 485 2210 721 2267; x_wconf 79' lang='lat' dir='ltr'><strong>habeant</strong></span> <span class='ocrx_word' id='word_1_174' title='bbox 755 2211 985 2282; x_wconf 89' lang='lat' dir='ltr'><strong>copiam,</strong></span> <span class='ocrx_word' id='word_1_175' title='bbox 1011 2220 1068 2268; x_wconf 89' lang='lat' dir='ltr'><strong>et</strong></span> <span class='ocrx_word' id='word_1_176' title='bbox 1091 2212 1199 2266; x_wconf 87' lang='lat' dir='ltr'><strong>vita</strong></span> <span class='ocrx_word' id='word_1_177' title='bbox 1220 2212 1473 2267; x_wconf 79' lang='lat' dir='ltr'><strong>fruantur</strong></span> <span class='ocrx_word' id='word_1_178' title='bbox 1497 2223 1774 2284; x_wconf 58' lang='lat' dir='ltr'><strong>perpetuat</strong></span> 
     </span>
    </p>
   </div>
   <div class='ocr_carea' id='block_1_24' title="bbox 1098 2302 1461 2358">
    <p class='ocr_par' dir='ltr' id='par_1_24' title="bbox 1098 2302 1461 2358">
     <span class='ocr_line' id='line_1_24' title="bbox 1098 2302 1461 2358; baseline 0 0"><span class='ocrx_word' id='word_1_179' title='bbox 1098 2302 1328 2358; x_wconf 75' lang='lat' dir='ltr'><strong>CAPUT</strong></span> <span class='ocrx_word' id='word_1_180' title='bbox 1366 2302 1461 2358; x_wconf 81' lang='lat' dir='ltr'><strong>IX.</strong></span> 
     </span>
    </p>
   </div>
   <div class='ocr_carea' id='block_1_25' title="bbox 1128 2393 1430 2449">
    <p class='ocr_par' dir='ltr' id='par_1_25' title="bbox 1128 2393 1430 2449">
     <span class='ocr_line' id='line_1_25' title="bbox 1128 2393 1430 2449; baseline 0 -1"><span class='ocrx_word' id='word_1_181' title='bbox 1128 2393 1206 2448; x_wconf 82' lang='lat' dir='ltr'><strong>De</strong></span> <span class='ocrx_word' id='word_1_182' title='bbox 1230 2394 1430 2449; x_wconf 82' lang='lat' dir='ltr'><strong>Aaron.</strong></span> 
     </span>
    </p>
   </div>
   <div class='ocr_carea' id='block_1_26' title="bbox 559 2482 2071 2556">
    <p class='ocr_par' dir='ltr' id='par_1_26' title="bbox 559 2482 2071 2556">
     <span class='ocr_line' id='line_1_26' title="bbox 559 2482 2071 2556; baseline 0.007 -22"><span class='ocrx_word' id='word_1_183' title='bbox 559 2501 579 2534; x_wconf 71' lang='grc' dir='ltr'><strong><em>ο</em></strong></span> <span class='ocrx_word' id='word_1_184' title='bbox 622 2482 909 2538; x_wconf 79' lang='lat' dir='ltr'><strong>Excelsum</strong></span> <span class='ocrx_word' id='word_1_185' title='bbox 934 2483 1269 2540; x_wconf 82' lang='lat' dir='ltr'><strong>fecitAaron</strong></span> <span class='ocrx_word' id='word_1_186' title='bbox 1297 2484 1525 2540; x_wconf 75' lang='lat' dir='ltr'><strong>fratrem</strong></span> <span class='ocrx_word' id='word_1_187' title='bbox 1566 2484 1709 2556; x_wconf 85' lang='lat' dir='ltr'><strong>ejus,</strong></span> <span class='ocrx_word' id='word_1_188' title='bbox 1735 2495 1791 2543; x_wconf 87' lang='lat' dir='ltr'><strong>et</strong></span> <span class='ocrx_word' id='word_1_189' title='bbox 1838 2488 2071 2545; x_wconf 85' lang='lat' dir='ltr'><strong>similem</strong></span> 
     </span>
    </p>
   </div>
   <div class='ocr_carea' id='block_1_27' title="bbox 492 2571 2077 2638">
    <p class='ocr_par' dir='ltr' id='par_1_27' title="bbox 492 2571 2077 2638">
     <span class='ocr_line' id='line_1_27' title="bbox 492 2571 2077 2638; baseline 0.009 -16"><span class='ocrx_word' id='word_1_190' title='bbox 492 2591 511 2622; x_wconf 74' lang='grc' dir='ltr'><strong>ε</strong></span> <span class='ocrx_word' id='word_1_191' title='bbox 558 2571 660 2626; x_wconf 90' lang='lat' dir='ltr'><strong>sibi</strong></span> <span class='ocrx_word' id='word_1_192' title='bbox 683 2572 749 2627; x_wconf 89' lang='lat' dir='ltr'><strong>de</strong></span> <span class='ocrx_word' id='word_1_193' title='bbox 782 2572 926 2626; x_wconf 84' lang='lat' dir='ltr'><strong>tribu</strong></span> <span class='ocrx_word' id='word_1_194' title='bbox 957 2573 1108 2627; x_wconf 87' lang='lat' dir='ltr'><strong>Levi.</strong></span> <span class='ocrx_word' id='word_1_195' title='bbox 1138 2572 1341 2629; x_wconf 86' lang='lat' dir='ltr'><strong>Statuit</strong></span> <span class='ocrx_word' id='word_1_196' title='bbox 1390 2576 1439 2631; x_wconf 91' lang='lat' dir='ltr'><strong>ei</strong></span> <span class='ocrx_word' id='word_1_197' title='bbox 1491 2584 1876 2635; x_wconf 80' lang='lat' dir='ltr'><strong>testamentum</strong></span> <span class='ocrx_word' id='word_1_198' title='bbox 1922 2590 2077 2638; x_wconf 72' lang='lat' dir='ltr'><strong>teter-</strong></span> 
     </span>
    </p>
   </div>
   <div class='ocr_carea' id='block_1_28' title="bbox 492 2661 2068 2736">
    <p class='ocr_par' dir='ltr' id='par_1_28' title="bbox 492 2661 2068 2736">
     <span class='ocr_line' id='line_1_28' title="bbox 492 2661 2068 2736; baseline 0.011 -26"><span class='ocrx_word' id='word_1_199' title='bbox 492 2676 509 2710; x_wconf 82' lang='grc' dir='ltr'>ι</span> <span class='ocrx_word' id='word_1_200' title='bbox 554 2675 708 2725; x_wconf 90' lang='lat' dir='ltr'><strong>num,</strong></span> <span class='ocrx_word' id='word_1_201' title='bbox 743 2668 799 2716; x_wconf 90' lang='lat' dir='ltr'><strong>et</strong></span> <span class='ocrx_word' id='word_1_202' title='bbox 821 2661 968 2716; x_wconf 90' lang='lat' dir='ltr'><strong>dedit</strong></span> <span class='ocrx_word' id='word_1_203' title='bbox 990 2661 1063 2715; x_wconf 85' lang='lat' dir='ltr'><strong>illi</strong></span> <span class='ocrx_word' id='word_1_204' title='bbox 1085 2663 1446 2719; x_wconf 89' lang='lat' dir='ltr'><strong>sacerdotium</strong></span> <span class='ocrx_word' id='word_1_205' title='bbox 1476 2667 1674 2736; x_wconf 88' lang='lat' dir='ltr'><strong>gentis,</strong></span> <span class='ocrx_word' id='word_1_206' title='bbox 1700 2677 1756 2724; x_wconf 91' lang='lat' dir='ltr'><strong>et</strong></span> <span class='ocrx_word' id='word_1_207' title='bbox 1788 2670 2068 2727; x_wconf 80' lang='lat' dir='ltr'><strong>beatiﬁca-</strong></span> 
     </span>
    </p>
   </div>
   <div class='ocr_carea' id='block_1_29' title="bbox 490 2749 2076 2832">
    <p class='ocr_par' dir='ltr' id='par_1_29' title="bbox 490 2749 2076 2832">
     <span class='ocr_line' id='line_1_29' title="bbox 490 2749 2076 2832; baseline 0.011 -31"><span class='ocrx_word' id='word_1_208' title='bbox 490 2766 510 2800; x_wconf 72' lang='grc' dir='ltr'><strong><em>ι</em></strong></span> <span class='ocrx_word' id='word_1_209' title='bbox 557 2750 635 2804; x_wconf 87' lang='lat' dir='ltr'><strong>vit</strong></span> <span class='ocrx_word' id='word_1_210' title='bbox 660 2749 809 2805; x_wconf 91' lang='lat' dir='ltr'><strong>illum</strong></span> <span class='ocrx_word' id='word_1_211' title='bbox 837 2750 891 2805; x_wconf 90' lang='lat' dir='ltr'><strong>in</strong></span> <span class='ocrx_word' id='word_1_212' title='bbox 912 2749 1107 2823; x_wconf 87' lang='lat' dir='ltr'><strong>gloria,</strong></span> <span class='ocrx_word' id='word_1_213' title='bbox 1127 2761 1185 2808; x_wconf 91' lang='lat' dir='ltr'><strong>et</strong></span> <span class='ocrx_word' id='word_1_214' title='bbox 1197 2753 1577 2811; x_wconf 87' lang='lat' dir='ltr'><strong>circumcinxit</strong></span> <span class='ocrx_word' id='word_1_215' title='bbox 1593 2756 1741 2813; x_wconf 90' lang='lat' dir='ltr'><strong>illum</strong></span> <span class='ocrx_word' id='word_1_216' title='bbox 1759 2775 1895 2815; x_wconf 83' lang='lat' dir='ltr'><strong>zona</strong></span> <span class='ocrx_word' id='word_1_217' title='bbox 1909 2762 2076 2832; x_wconf 71' lang='lat' dir='ltr'><strong>fusti-</strong></span> 
     </span>
    </p>
   </div>
   <div class='ocr_carea' id='block_1_30' title="bbox 488 2841 2070 2918">
    <p class='ocr_par' dir='ltr' id='par_1_30' title="bbox 488 2841 2070 2918">
     <span class='ocr_line' id='line_1_30' title="bbox 488 2841 2070 2918; baseline 0.011 -25"><span class='ocrx_word' id='word_1_218' title='bbox 488 2861 508 2893; x_wconf 76' lang='grc' dir='ltr'>ι</span> <span class='ocrx_word' id='word_1_219' title='bbox 554 2842 662 2898; x_wconf 70' lang='lat' dir='ltr'><strong>tite.</strong></span> <span class='ocrx_word' id='word_1_220' title='bbox 686 2841 865 2898; x_wconf 82' lang='lat' dir='ltr'><strong>induit</strong></span> <span class='ocrx_word' id='word_1_221' title='bbox 886 2843 1031 2898; x_wconf 93' lang='lat' dir='ltr'><strong>illum</strong></span> <span class='ocrx_word' id='word_1_222' title='bbox 1053 2845 1189 2900; x_wconf 83' lang='lat' dir='ltr'><strong>stola</strong></span> <span class='ocrx_word' id='word_1_223' title='bbox 1225 2845 1431 2918; x_wconf 73' lang='lat' dir='ltr'><strong>gloriae,</strong></span> <span class='ocrx_word' id='word_1_224' title='bbox 1462 2856 1518 2903; x_wconf 88' lang='lat' dir='ltr'><strong>et</strong></span> <span class='ocrx_word' id='word_1_225' title='bbox 1547 2853 1991 2910; x_wconf 87' lang='lat' dir='ltr'><strong>coronavitillum</strong></span> <span class='ocrx_word' id='word_1_226' title='bbox 2017 2856 2070 2911; x_wconf 94' lang='lat' dir='ltr'><strong>in</strong></span> 
     </span>
    </p>
   </div>
   <div class='ocr_carea' id='block_1_31' title="bbox 487 2934 2069 3011">
    <p class='ocr_par' dir='ltr' id='par_1_31' title="bbox 487 2934 2069 3011">
     <span class='ocr_line' id='line_1_31' title="bbox 487 2934 2069 3011; baseline 0.01 -26"><span class='ocrx_word' id='word_1_227' title='bbox 487 2953 506 2985; x_wconf 82' lang='grc'>‹</span> <span class='ocrx_word' id='word_1_228' title='bbox 550 2934 695 2990; x_wconf 86' lang='lat' dir='ltr'><strong>vasis</strong></span> <span class='ocrx_word' id='word_1_229' title='bbox 722 2934 939 2990; x_wconf 89' lang='lat' dir='ltr'><strong>virtutis</strong></span> <span class='ocrx_word' id='word_1_230' title='bbox 970 2935 1025 2990; x_wconf 91' lang='lat' dir='ltr'><strong>in</strong></span> <span class='ocrx_word' id='word_1_231' title='bbox 1054 2935 1266 2993; x_wconf 89' lang='lat' dir='ltr'><strong>incessu</strong></span> <span class='ocrx_word' id='word_1_232' title='bbox 1296 2952 1415 3003; x_wconf 89' lang='lat' dir='ltr'><strong>suo,</strong></span> <span class='ocrx_word' id='word_1_233' title='bbox 1450 2939 1827 3011; x_wconf 88' lang='lat' dir='ltr'><strong>circumpedes</strong></span> <span class='ocrx_word' id='word_1_234' title='bbox 1871 2952 1927 2999; x_wconf 92' lang='lat' dir='ltr'><strong>et</strong></span> <span class='ocrx_word' id='word_1_235' title='bbox 1986 2944 2069 3001; x_wconf 83' lang='lat' dir='ltr'><strong>fe-</strong></span> 
     </span>
    </p>
   </div>
   <div class='ocr_carea' id='block_1_32' title="bbox 488 3027 2073 3100">
    <p class='ocr_par' dir='ltr' id='par_1_32' title="bbox 488 3027 2073 3100">
     <span class='ocr_line' id='line_1_32' title="bbox 488 3027 2073 3100; baseline 0.009 -23"><span class='ocrx_word' id='word_1_236' title='bbox 488 3045 507 3077; x_wconf 71' lang='grc' dir='ltr'>ι</span> <span class='ocrx_word' id='word_1_237' title='bbox 554 3027 781 3082; x_wconf 88' lang='lat' dir='ltr'><strong>moralia</strong></span> <span class='ocrx_word' id='word_1_238' title='bbox 823 3035 879 3084; x_wconf 88' lang='lat' dir='ltr'><strong>et</strong></span> <span class='ocrx_word' id='word_1_239' title='bbox 899 3028 1178 3085; x_wconf 89' lang='lat' dir='ltr'><strong>bumerale</strong></span> <span class='ocrx_word' id='word_1_240' title='bbox 1212 3030 1395 3100; x_wconf 84' lang='lat' dir='ltr'><strong>posuit</strong></span> <span class='ocrx_word' id='word_1_241' title='bbox 1412 3031 1482 3095; x_wconf 92' lang='lat' dir='ltr'><strong>ei,</strong></span> <span class='ocrx_word' id='word_1_242' title='bbox 1521 3040 1573 3087; x_wconf 91' lang='lat' dir='ltr'><strong>ct</strong></span> <span class='ocrx_word' id='word_1_243' title='bbox 1603 3033 1773 3087; x_wconf 86' lang='lat' dir='ltr'><strong>cinxit</strong></span> <span class='ocrx_word' id='word_1_244' title='bbox 1795 3033 1945 3090; x_wconf 91' lang='lat' dir='ltr'><strong>illum</strong></span> <span class='ocrx_word' id='word_1_245' title='bbox 1971 3035 2073 3090; x_wconf 90' lang='lat' dir='ltr'><strong>tin-</strong></span> 
     </span>
    </p>
   </div>
   <div class='ocr_carea' id='block_1_33' title="bbox 487 3117 2066 3195">
    <p class='ocr_par' dir='ltr' id='par_1_33' title="bbox 487 3117 2066 3195">
     <span class='ocr_line' id='line_1_33' title="bbox 487 3117 2066 3195; baseline 0.007 -25"><span class='ocrx_word' id='word_1_246' title='bbox 487 3137 505 3169; x_wconf 71' lang='grc' dir='ltr'>ι</span> <span class='ocrx_word' id='word_1_247' title='bbox 552 3117 844 3174; x_wconf 88' lang='lat' dir='ltr'><strong>tinnabulis</strong></span> <span class='ocrx_word' id='word_1_248' title='bbox 866 3119 1048 3175; x_wconf 88' lang='lat' dir='ltr'><strong>aureis</strong></span> <span class='ocrx_word' id='word_1_249' title='bbox 1076 3119 1324 3190; x_wconf 87' lang='lat' dir='ltr'><strong>plurimis</strong></span> <span class='ocrx_word' id='word_1_250' title='bbox 1348 3121 1402 3176; x_wconf 91' lang='lat' dir='ltr'><strong>in</strong></span> <span class='ocrx_word' id='word_1_251' title='bbox 1425 3138 1578 3195; x_wconf 85' lang='lat' dir='ltr'><strong>gyro,</strong></span> <span class='ocrx_word' id='word_1_252' title='bbox 1595 3123 1726 3181; x_wconf 88' lang='lat' dir='ltr'><strong>dare</strong></span> <span class='ocrx_word' id='word_1_253' title='bbox 1752 3125 1988 3181; x_wconf 87' lang='lat' dir='ltr'><strong>sonitum</strong></span> <span class='ocrx_word' id='word_1_254' title='bbox 2013 3127 2066 3181; x_wconf 83' lang='lat' dir='ltr'><strong>in</strong></span> 
     </span>
    </p>
   </div>
   <div class='ocr_carea' id='block_1_34' title="bbox 487 3209 2069 3289">
    <p class='ocr_par' dir='ltr' id='par_1_34' title="bbox 487 3209 2069 3289">
     <span class='ocr_line' id='line_1_34' title="bbox 487 3209 2069 3289; baseline 0.006 -26"><span class='ocrx_word' id='word_1_255' title='bbox 487 3228 505 3258; x_wconf 81' lang='grc' dir='ltr'>ι</span> <span class='ocrx_word' id='word_1_256' title='bbox 555 3209 769 3269; x_wconf 89' lang='lat' dir='ltr'><strong>incessu</strong></span> <span class='ocrx_word' id='word_1_257' title='bbox 796 3210 1184 3277; x_wconf 74' lang='lat' dir='ltr'><strong>suo,.auditum</strong></span> <span class='ocrx_word' id='word_1_258' title='bbox 1216 3212 1402 3270; x_wconf 85' lang='lat' dir='ltr'><strong>facere</strong></span> <span class='ocrx_word' id='word_1_259' title='bbox 1425 3214 1664 3271; x_wconf 85' lang='lat' dir='ltr'><strong>sonitum</strong></span> <span class='ocrx_word' id='word_1_260' title='bbox 1695 3215 1751 3271; x_wconf 92' lang='lat' dir='ltr'><strong>in</strong></span> <span class='ocrx_word' id='word_1_261' title='bbox 1783 3217 1986 3289; x_wconf 87' lang='lat' dir='ltr'><strong>templo</strong></span> <span class='ocrx_word' id='word_1_262' title='bbox 2013 3218 2069 3273; x_wconf 94' lang='lat' dir='ltr'><strong>in</strong></span> 
     </span>
    </p>
   </div>
   <div class='ocr_carea' id='block_1_35' title="bbox 488 3300 2071 3375">
    <p class='ocr_par' dir='ltr' id='par_1_35' title="bbox 488 3300 2071 3375">
     <span class='ocr_line' id='line_1_35' title="bbox 488 3300 2071 3375; baseline 0.008 -23"><span class='ocrx_word' id='word_1_263' title='bbox 488 3321 507 3352; x_wconf 77' lang='grc' dir='ltr'>ι</span> <span class='ocrx_word' id='word_1_264' title='bbox 556 3303 873 3357; x_wconf 84' lang='lat' dir='ltr'><strong>memoriam</strong></span> <span class='ocrx_word' id='word_1_265' title='bbox 903 3300 1030 3357; x_wconf 92' lang='lat' dir='ltr'><strong>ﬁliis</strong></span> <span class='ocrx_word' id='word_1_266' title='bbox 1058 3303 1238 3375; x_wconf 88' lang='lat' dir='ltr'><strong>gentis</strong></span> <span class='ocrx_word' id='word_1_267' title='bbox 1263 3320 1399 3361; x_wconf 66' lang='lat' dir='ltr'><strong>suae.</strong></span> <span class='ocrx_word' id='word_1_268' title='bbox 1431 3304 1639 3362; x_wconf 91' lang='lat' dir='ltr'><strong>Stolam</strong></span> <span class='ocrx_word' id='word_1_269' title='bbox 1663 3314 1908 3362; x_wconf 87' lang='lat' dir='ltr'><strong>sanctam</strong></span> <span class='ocrx_word' id='word_1_270' title='bbox 1936 3323 2071 3364; x_wconf 89' lang='lat' dir='ltr'><strong>auro</strong></span> 
     </span>
    </p>
   </div>
   <div class='ocr_carea' id='block_1_36' title="bbox 488 3392 2072 3469">
    <p class='ocr_par' dir='ltr' id='par_1_36' title="bbox 488 3392 2072 3469">
     <span class='ocr_line' id='line_1_36' title="bbox 488 3392 2072 3469; baseline 0.008 -27"><span class='ocrx_word' id='word_1_271' title='bbox 488 3412 505 3442; x_wconf 74' lang='grc' dir='ltr'>σ</span> <span class='ocrx_word' id='word_1_272' title='bbox 551 3401 607 3447; x_wconf 93' lang='lat' dir='ltr'><strong>et</strong></span> <span class='ocrx_word' id='word_1_273' title='bbox 632 3392 926 3465; x_wconf 85' lang='lat' dir='ltr'><strong>hyacintho</strong></span> <span class='ocrx_word' id='word_1_274' title='bbox 947 3400 1004 3448; x_wconf 90' lang='lat' dir='ltr'><strong>et</strong></span> <span class='ocrx_word' id='word_1_275' title='bbox 1021 3409 1280 3465; x_wconf 88' lang='lat' dir='ltr'><strong>purpura,</strong></span> <span class='ocrx_word' id='word_1_276' title='bbox 1295 3410 1433 3466; x_wconf 87' lang='lat' dir='ltr'><strong>opus</strong></span> <span class='ocrx_word' id='word_1_277' title='bbox 1462 3396 1668 3464; x_wconf 81' lang='lat' dir='ltr'><strong>textile,</strong></span> <span class='ocrx_word' id='word_1_278' title='bbox 1689 3397 1793 3453; x_wconf 90' lang='lat' dir='ltr'><strong>viri</strong></span> <span class='ocrx_word' id='word_1_279' title='bbox 1815 3399 2072 3469; x_wconf 87' lang='lat' dir='ltr'><strong>sapientis</strong></span> 
     </span>
    </p>
   </div>
   <div class='ocr_carea' id='block_1_37' title="bbox 487 3483 2068 3559">
    <p class='ocr_par' dir='ltr' id='par_1_37' title="bbox 487 3483 2068 3559">
     <span class='ocr_line' id='line_1_37' title="bbox 487 3483 2068 3559; baseline 0.009 -27"><span class='ocrx_word' id='word_1_280' title='bbox 487 3503 503 3532; x_wconf 76' lang='grc' dir='ltr'>ι</span> <span class='ocrx_word' id='word_1_281' title='bbox 543 3483 747 3553; x_wconf 74' lang='lat' dir='ltr'><strong>judicio</strong></span> <span class='ocrx_word' id='word_1_282' title='bbox 767 3491 825 3540; x_wconf 89' lang='lat' dir='ltr'><strong>ct</strong></span> <span class='ocrx_word' id='word_1_283' title='bbox 842 3485 1319 3557; x_wconf 66' lang='lat' dir='ltr'><strong>veritateprtediti,</strong></span> <span class='ocrx_word' id='word_1_284' title='bbox 1337 3495 1479 3543; x_wconf 91' lang='lat' dir='ltr'><strong>torto</strong></span> <span class='ocrx_word' id='word_1_285' title='bbox 1493 3502 1658 3544; x_wconf 87' lang='lat' dir='ltr'><strong>cocco</strong></span> <span class='ocrx_word' id='word_1_286' title='bbox 1672 3504 1809 3559; x_wconf 90' lang='lat' dir='ltr'><strong>opus</strong></span> <span class='ocrx_word' id='word_1_287' title='bbox 1821 3488 2068 3557; x_wconf 76' lang='lat' dir='ltr'><strong>artificis,</strong></span> 
     </span>
    </p>
   </div>
   <div class='ocr_carea' id='block_1_38' title="bbox 487 3575 2074 3653">
    <p class='ocr_par' dir='ltr' id='par_1_38' title="bbox 487 3575 2074 3653">
     <span class='ocr_line' id='line_1_38' title="bbox 487 3575 2074 3653; baseline 0.008 -28"><span class='ocrx_word' id='word_1_288' title='bbox 487 3594 505 3625; x_wconf 73' lang='grc' dir='ltr'>ι</span> <span class='ocrx_word' id='word_1_289' title='bbox 552 3575 781 3644; x_wconf 87' lang='lat' dir='ltr'><strong>gemmis</strong></span> <span class='ocrx_word' id='word_1_290' title='bbox 812 3576 1064 3646; x_wconf 88' lang='lat' dir='ltr'><strong>pretiosis</strong></span> <span class='ocrx_word' id='word_1_291' title='bbox 1097 3576 1343 3648; x_wconf 84' lang='lat' dir='ltr'><strong>ﬁguratis</strong></span> <span class='ocrx_word' id='word_1_292' title='bbox 1362 3578 1421 3634; x_wconf 89' lang='lat' dir='ltr'><strong>in</strong></span> <span class='ocrx_word' id='word_1_293' title='bbox 1439 3578 1667 3652; x_wconf 87' lang='lat' dir='ltr'><strong>ligatura</strong></span> <span class='ocrx_word' id='word_1_294' title='bbox 1698 3581 1839 3647; x_wconf 90' lang='lat' dir='ltr'><strong>auri,</strong></span> <span class='ocrx_word' id='word_1_295' title='bbox 1868 3589 1922 3637; x_wconf 90' lang='lat' dir='ltr'><strong>et</strong></span> <span class='ocrx_word' id='word_1_296' title='bbox 1944 3596 2074 3653; x_wconf 90' lang='lat' dir='ltr'><strong>ope-</strong></span> 
     </span>
    </p>
   </div>
   <div class='ocr_carea' id='block_1_39' title="bbox 487 3665 2070 3737">
    <p class='ocr_par' dir='ltr' id='par_1_39' title="bbox 487 3665 2070 3737">
     <span class='ocr_line' id='line_1_39' title="bbox 487 3665 2070 3737; baseline 0.006 -21"><span class='ocrx_word' id='word_1_297' title='bbox 487 3686 504 3716; x_wconf 76' lang='grc' dir='ltr'>ι</span> <span class='ocrx_word' id='word_1_298' title='bbox 554 3665 878 3736; x_wconf 88' lang='lat' dir='ltr'><strong>rclapidarii</strong></span> <span class='ocrx_word' id='word_1_299' title='bbox 905 3667 1152 3737; x_wconf 85' lang='lat' dir='ltr'><strong>sculptis,</strong></span> <span class='ocrx_word' id='word_1_300' title='bbox 1177 3667 1232 3722; x_wconf 90' lang='lat' dir='ltr'><strong>in</strong></span> <span class='ocrx_word' id='word_1_301' title='bbox 1258 3669 1583 3725; x_wconf 88' lang='lat' dir='ltr'><strong>memoriam</strong></span> <span class='ocrx_word' id='word_1_302' title='bbox 1626 3670 1923 3726; x_wconf 88' lang='lat' dir='ltr'><strong>secundum</strong></span> <span class='ocrx_word' id='word_1_303' title='bbox 1966 3687 2070 3725; x_wconf 89' lang='lat' dir='ltr'><strong>nu-</strong></span> 
     </span>
    </p>
   </div>
   <div class='ocr_carea' id='block_1_40' title="bbox 488 3756 2071 3829">
    <p class='ocr_par' dir='ltr' id='par_1_40' title="bbox 488 3756 2071 3829">
     <span class='ocr_line' id='line_1_40' title="bbox 488 3756 2071 3829; baseline 0.004 -22"><span class='ocrx_word' id='word_1_304' title='bbox 488 3776 505 3807; x_wconf 75' lang='grc' dir='ltr'>ι</span> <span class='ocrx_word' id='word_1_305' title='bbox 550 3772 759 3811; x_wconf 89' lang='lat' dir='ltr'><strong>merum</strong></span> <span class='ocrx_word' id='word_1_306' title='bbox 789 3756 1026 3811; x_wconf 89' lang='lat' dir='ltr'><strong>tribuum</strong></span> <span class='ocrx_word' id='word_1_307' title='bbox 1050 3757 1217 3813; x_wconf 89' lang='lat' dir='ltr'><strong>Israel</strong></span> <span class='ocrx_word' id='word_1_308' title='bbox 1245 3774 1506 3815; x_wconf 91' lang='lat' dir='ltr'><strong>coronam</strong></span> <span class='ocrx_word' id='word_1_309' title='bbox 1532 3774 1755 3815; x_wconf 89' lang='lat' dir='ltr'><strong>auream</strong></span> <span class='ocrx_word' id='word_1_310' title='bbox 1785 3774 1948 3829; x_wconf 89' lang='lat' dir='ltr'><strong>super</strong></span> <span class='ocrx_word' id='word_1_311' title='bbox 1970 3758 2071 3815; x_wconf 90' lang='lat' dir='ltr'><strong>mi-</strong></span> 
     </span>
    </p>
   </div>
   <div class='ocr_carea' id='block_1_41' title="bbox 488 3847 2074 3924">
    <p class='ocr_par' dir='ltr' id='par_1_41' title="bbox 488 3847 2074 3924">
     <span class='ocr_line' id='line_1_41' title="bbox 488 3847 2074 3924; baseline 0.005 -23"><span class='ocrx_word' id='word_1_312' title='bbox 488 3870 505 3901; x_wconf 81' lang='grc' dir='ltr'>ι</span> <span class='ocrx_word' id='word_1_313' title='bbox 553 3858 692 3904; x_wconf 88' lang='lat' dir='ltr'><strong>tram</strong></span> <span class='ocrx_word' id='word_1_314' title='bbox 713 3847 832 3919; x_wconf 84' lang='lat' dir='ltr'><strong>ejus</strong></span> <span class='ocrx_word' id='word_1_315' title='bbox 860 3864 1175 3920; x_wconf 77' lang='lat' dir='ltr'><strong>expressam</strong></span> <span class='ocrx_word' id='word_1_316' title='bbox 1199 3852 1353 3922; x_wconf 88' lang='lat' dir='ltr'><strong>signo</strong></span> <span class='ocrx_word' id='word_1_317' title='bbox 1368 3852 1694 3918; x_wconf 89' lang='lat' dir='ltr'><strong>sanctitatis,</strong></span> <span class='ocrx_word' id='word_1_318' title='bbox 1714 3861 1772 3908; x_wconf 90' lang='lat' dir='ltr'><strong>et</strong></span> <span class='ocrx_word' id='word_1_319' title='bbox 1791 3851 1960 3924; x_wconf 86' lang='lat' dir='ltr'><strong>gloria</strong></span> <span class='ocrx_word' id='word_1_320' title='bbox 1976 3852 2074 3909; x_wconf 84' lang='lat' dir='ltr'><strong>ho-</strong></span> 
     </span>
    </p>
   </div>
   <div class='ocr_carea' id='block_1_42' title="bbox 490 3940 2071 4012">
    <p class='ocr_par' dir='ltr' id='par_1_42' title="bbox 490 3940 2071 4012">
     <span class='ocr_line' id='line_1_42' title="bbox 490 3940 2071 4012; baseline 0.004 -20"><span class='ocrx_word' id='word_1_321' title='bbox 490 3958 508 3992; x_wconf 76' lang='grc' dir='ltr'>ι</span> <span class='ocrx_word' id='word_1_322' title='bbox 555 3940 726 4007; x_wconf 89' lang='lat' dir='ltr'><strong>noris,</strong></span> <span class='ocrx_word' id='word_1_323' title='bbox 752 3950 809 3997; x_wconf 93' lang='lat' dir='ltr'><strong>et</strong></span> <span class='ocrx_word' id='word_1_324' title='bbox 826 3956 964 4012; x_wconf 92' lang='lat' dir='ltr'><strong>opus</strong></span> <span class='ocrx_word' id='word_1_325' title='bbox 983 3940 1224 4008; x_wconf 89' lang='lat' dir='ltr'><strong>virtutis,</strong></span> <span class='ocrx_word' id='word_1_326' title='bbox 1254 3942 1525 3999; x_wconf 89' lang='lat' dir='ltr'><strong>desideria</strong></span> <span class='ocrx_word' id='word_1_327' title='bbox 1550 3943 1832 4000; x_wconf 86' lang='lat' dir='ltr'><strong>oculorum</strong></span> <span class='ocrx_word' id='word_1_328' title='bbox 1855 3952 2071 4000; x_wconf 83' lang='lat' dir='ltr'><strong>ornata.</strong></span> 
     </span>
    </p>
   </div>
   <div class='ocr_carea' id='block_1_43' title="bbox 491 4032 2072 4108">
    <p class='ocr_par' dir='ltr' id='par_1_43' title="bbox 491 4032 2072 4108">
     <span class='ocr_line' id='line_1_43' title="bbox 491 4032 2072 4108; baseline 0.004 -24"><span class='ocrx_word' id='word_1_329' title='bbox 491 4051 509 4084; x_wconf 73' lang='grc' dir='ltr'>ι</span> <span class='ocrx_word' id='word_1_330' title='bbox 559 4032 652 4088; x_wconf 87' lang='lat' dir='ltr'><strong>Sic</strong></span> <span class='ocrx_word' id='word_1_331' title='bbox 677 4033 908 4103; x_wconf 89' lang='lat' dir='ltr'><strong>pulchra</strong></span> <span class='ocrx_word' id='word_1_332' title='bbox 937 4042 1064 4088; x_wconf 87' lang='lat' dir='ltr'><strong>ante</strong></span> <span class='ocrx_word' id='word_1_333' title='bbox 1091 4032 1267 4103; x_wconf 88' lang='lat' dir='ltr'><strong>ipsum</strong></span> <span class='ocrx_word' id='word_1_334' title='bbox 1295 4049 1405 4090; x_wconf 90' lang='lat' dir='ltr'><strong>non</strong></span> <span class='ocrx_word' id='word_1_335' title='bbox 1445 4033 1665 4090; x_wconf 86' lang='lat' dir='ltr'><strong>fuerunt</strong></span> <span class='ocrx_word' id='word_1_336' title='bbox 1714 4035 1848 4092; x_wconf 89' lang='lat' dir='ltr'><strong>talia</strong></span> <span class='ocrx_word' id='word_1_337' title='bbox 1899 4052 2072 4108; x_wconf 88' lang='lat' dir='ltr'><strong>usque</strong></span> 
     </span>
    </p>
   </div>
   <div class='ocr_carea' id='block_1_44' title="bbox 491 4123 2073 4198">
    <p class='ocr_par' dir='ltr' id='par_1_44' title="bbox 491 4123 2073 4198">
     <span class='ocr_line' id='line_1_44' title="bbox 491 4123 2073 4198; baseline 0.006 -25"><span class='ocrx_word' id='word_1_338' title='bbox 491 4143 509 4173; x_wconf 76' lang='grc' dir='ltr'>ι</span> <span class='ocrx_word' id='word_1_339' title='bbox 553 4125 621 4179; x_wconf 88' lang='lat' dir='ltr'><strong>ad</strong></span> <span class='ocrx_word' id='word_1_340' title='bbox 644 4123 933 4195; x_wconf 88' lang='lat' dir='ltr'><strong>originem.</strong></span> <span class='ocrx_word' id='word_1_341' title='bbox 959 4123 1075 4180; x_wconf 84' lang='lat' dir='ltr'><strong>Non</strong></span> <span class='ocrx_word' id='word_1_342' title='bbox 1106 4125 1327 4181; x_wconf 90' lang='lat' dir='ltr'><strong>indutus</strong></span> <span class='ocrx_word' id='word_1_343' title='bbox 1355 4134 1443 4181; x_wconf 91' lang='lat' dir='ltr'><strong>est</strong></span> <span class='ocrx_word' id='word_1_344' title='bbox 1476 4125 1569 4181; x_wconf 88' lang='lat' dir='ltr'><strong>illa</strong></span> <span class='ocrx_word' id='word_1_345' title='bbox 1619 4126 1922 4198; x_wconf 88' lang='lat' dir='ltr'><strong>alienigena</strong></span> <span class='ocrx_word' id='word_1_346' title='bbox 1956 4128 2073 4183; x_wconf 78' lang='lat' dir='ltr'><strong>ali-</strong></span> 
     </span>
    </p>
   </div>
   <div class='ocr_carea' id='block_1_45' title="bbox 490 4215 2073 4290">
    <p class='ocr_par' dir='ltr' id='par_1_45' title="bbox 490 4215 2073 4290">
     <span class='ocr_line' id='line_1_45' title="bbox 490 4215 2073 4290; baseline 0.006 -23"><span class='ocrx_word' id='word_1_347' title='bbox 490 4234 509 4267; x_wconf 78' lang='grc' dir='ltr'>ι</span> <span class='ocrx_word' id='word_1_348' title='bbox 554 4216 697 4286; x_wconf 90' lang='lat' dir='ltr'><strong>quis,</strong></span> <span class='ocrx_word' id='word_1_349' title='bbox 726 4215 824 4273; x_wconf 87' lang='lat' dir='ltr'><strong>sed</strong></span> <span class='ocrx_word' id='word_1_350' title='bbox 856 4225 1066 4272; x_wconf 83' lang='lat' dir='ltr'><strong>tantum</strong></span> <span class='ocrx_word' id='word_1_351' title='bbox 1100 4216 1198 4273; x_wconf 92' lang='lat' dir='ltr'><strong>ﬁlii</strong></span> <span class='ocrx_word' id='word_1_352' title='bbox 1219 4218 1391 4290; x_wconf 90' lang='lat' dir='ltr'><strong>ipsius</strong></span> <span class='ocrx_word' id='word_1_353' title='bbox 1416 4216 1543 4285; x_wconf 92' lang='lat' dir='ltr'><strong>soli,</strong></span> <span class='ocrx_word' id='word_1_354' title='bbox 1590 4225 1648 4274; x_wconf 91' lang='lat' dir='ltr'><strong>et</strong></span> <span class='ocrx_word' id='word_1_355' title='bbox 1685 4228 1913 4288; x_wconf 84' lang='lat' dir='ltr'><strong>nepotes</strong></span> <span class='ocrx_word' id='word_1_356' title='bbox 1953 4216 2073 4288; x_wconf 87' lang='lat' dir='ltr'><strong>ejus</strong></span> 
     </span>
    </p>
   </div>
   <div class='ocr_carea' id='block_1_46' title="bbox 489 4312 2073 4385">
    <p class='ocr_par' dir='ltr' id='par_1_46' title="bbox 489 4312 2073 4385">
     <span class='ocr_line' id='line_1_46' title="bbox 489 4312 2073 4385; baseline 0.003 -20"><span class='ocrx_word' id='word_1_357' title='bbox 489 4332 509 4365; x_wconf 85' lang='grc'><strong><em>‹</em></strong></span> <span class='ocrx_word' id='word_1_358' title='bbox 553 4328 652 4383; x_wconf 88' lang='lat' dir='ltr'><strong>per</strong></span> <span class='ocrx_word' id='word_1_359' title='bbox 667 4328 830 4370; x_wconf 90' lang='lat' dir='ltr'><strong>omne</strong></span> <span class='ocrx_word' id='word_1_360' title='bbox 850 4322 1078 4385; x_wconf 89' lang='lat' dir='ltr'><strong>tempus.</strong></span> <span class='ocrx_word' id='word_1_361' title='bbox 1102 4334 1122 4367; x_wconf 75' lang='grc' dir='ltr'><strong><em>ι</em></strong></span> <span class='ocrx_word' id='word_1_362' title='bbox 1167 4314 1351 4370; x_wconf 90' lang='lat' dir='ltr'><strong>Ritum</strong></span> <span class='ocrx_word' id='word_1_363' title='bbox 1375 4314 1635 4371; x_wconf 89' lang='lat' dir='ltr'><strong>describit</strong></span> <span class='ocrx_word' id='word_1_364' title='bbox 1654 4314 1947 4372; x_wconf 85' lang='lat' dir='ltr'><strong>sacerdotii</strong></span> <span class='ocrx_word' id='word_1_365' title='bbox 1968 4312 2073 4370; x_wconf 78' lang='lat' dir='ltr'><strong>Ve-</strong></span> 
     </span>
    </p>
   </div>
   <div class='ocr_carea' id='block_1_47' title="bbox 484 4405 2071 4479">
    <p class='ocr_par' dir='ltr' id='par_1_47' title="bbox 484 4405 2071 4479">
     <span class='ocr_line' id='line_1_47' title="bbox 484 4405 2071 4479; baseline -0.001 -16"><span class='ocrx_word' id='word_1_366' title='bbox 484 4408 622 4463; x_wconf 88' lang='lat' dir='ltr'><strong>teris</strong></span> <span class='ocrx_word' id='word_1_367' title='bbox 654 4405 1014 4471; x_wconf 84' lang='lat' dir='ltr'><strong>Testamcnti,</strong></span> <span class='ocrx_word' id='word_1_368' title='bbox 1036 4416 1091 4463; x_wconf 92' lang='lat' dir='ltr'><strong>et</strong></span> <span class='ocrx_word' id='word_1_369' title='bbox 1110 4416 1360 4463; x_wconf 89' lang='lat' dir='ltr'><strong>ornatum</strong></span> <span class='ocrx_word' id='word_1_370' title='bbox 1389 4407 1662 4479; x_wconf 90' lang='lat' dir='ltr'><strong>pontiﬁcis</strong></span> <span class='ocrx_word' id='word_1_371' title='bbox 1688 4422 1809 4478; x_wconf 76' lang='lat' dir='ltr'><strong>qua:</strong></span> <span class='ocrx_word' id='word_1_372' title='bbox 1843 4408 2071 4478; x_wconf 88' lang='lat' dir='ltr'><strong>ﬁguram</strong></span> 
     </span>
    </p>
   </div>
   <div class='ocr_carea' id='block_1_48' title="bbox 483 4497 2148 4593">
    <p class='ocr_par' dir='ltr' id='par_1_48' title="bbox 483 4497 2148 4593">
     <span class='ocr_line' id='line_1_48' title="bbox 483 4497 2148 4593; baseline -0.001 -41"><span class='ocrx_word' id='word_1_373' title='bbox 483 4512 582 4568; x_wconf 91' lang='lat' dir='ltr'><strong>per</strong></span> <span class='ocrx_word' id='word_1_374' title='bbox 602 4499 786 4553; x_wconf 88' lang='lat' dir='ltr'><strong>omnia</strong></span> <span class='ocrx_word' id='word_1_375' title='bbox 813 4497 1077 4568; x_wconf 89' lang='lat' dir='ltr'><strong>gerebant</strong></span> <span class='ocrx_word' id='word_1_376' title='bbox 1101 4497 1236 4553; x_wconf 86' lang='lat' dir='ltr'><strong>Novi</strong></span> <span class='ocrx_word' id='word_1_377' title='bbox 1265 4497 1623 4564; x_wconf 88' lang='lat' dir='ltr'><strong>Testamenti,</strong></span> <span class='ocrx_word' id='word_1_378' title='bbox 1657 4505 1719 4554; x_wconf 91' lang='lat' dir='ltr'><strong>et</strong></span> <span class='ocrx_word' id='word_1_379' title='bbox 1739 4497 1855 4552; x_wconf 88' lang='lat' dir='ltr'><strong>veri</strong></span> <span class='ocrx_word' id='word_1_380' title='bbox 1888 4512 2070 4553; x_wconf 88' lang='lat' dir='ltr'><strong>sacer-</strong></span> <span class='ocrx_word' id='word_1_381' title='bbox 2097 4532 2148 4593; x_wconf 69' lang='grc' dir='ltr'>Π</span> 
     </span>
    </p>
   </div>
   <div class='ocr_carea' id='block_1_49' title="bbox 484 4586 2075 4659">
    <p class='ocr_par' dir='ltr' id='par_1_49' title="bbox 484 4586 2075 4659">
     <span class='ocr_line' id='line_1_49' title="bbox 484 4586 2075 4659; baseline -0.001 -16"><span class='ocrx_word' id='word_1_382' title='bbox 484 4587 627 4643; x_wconf 87' lang='lat' dir='ltr'><strong>dotis</strong></span> <span class='ocrx_word' id='word_1_383' title='bbox 656 4586 869 4641; x_wconf 84' lang='lat' dir='ltr'><strong>Domini</strong></span> <span class='ocrx_word' id='word_1_384' title='bbox 899 4588 1071 4643; x_wconf 87' lang='lat' dir='ltr'><strong>nostri</strong></span> <span class='ocrx_word' id='word_1_385' title='bbox 1092 4587 1217 4643; x_wconf 81' lang='lat' dir='ltr'><strong>Jesu</strong></span> <span class='ocrx_word' id='word_1_386' title='bbox 1241 4586 1475 4643; x_wconf 86' lang='lat' dir='ltr'><strong>Christi:</strong></span> <span class='ocrx_word' id='word_1_387' title='bbox 1502 4588 1595 4658; x_wconf 89' lang='lat' dir='ltr'><strong>qui</strong></span> <span class='ocrx_word' id='word_1_388' title='bbox 1634 4608 1652 4640; x_wconf 73' lang='grc' dir='ltr'>ε</span> <span class='ocrx_word' id='word_1_389' title='bbox 1694 4586 1801 4644; x_wconf 81' lang='lat' dir='ltr'><strong>nun</strong></span> <span class='ocrx_word' id='word_1_390' title='bbox 1825 4603 1925 4659; x_wconf 89' lang='lat' dir='ltr'><strong>per</strong></span> <span class='ocrx_word' id='word_1_391' title='bbox 1951 4602 2075 4643; x_wconf 87' lang='lat' dir='ltr'><strong>san-</strong></span> 
     </span>
    </p>
   </div>
   <div class='ocr_carea' id='block_1_50' title="bbox 483 4677 2067 4751">
    <p class='ocr_par' dir='ltr' id='par_1_50' title="bbox 483 4677 2067 4751">
     <span class='ocr_line' id='line_1_50' title="bbox 483 4677 2067 4751; baseline 0.001 -19"><span class='ocrx_word' id='word_1_392' title='bbox 483 4678 704 4751; x_wconf 88' lang='lat' dir='ltr'><strong>guinent</strong></span> <span class='ocrx_word' id='word_1_393' title='bbox 741 4677 1013 4734; x_wconf 88' lang='lat' dir='ltr'><strong>hircorum</strong></span> <span class='ocrx_word' id='word_1_394' title='bbox 1055 4688 1114 4732; x_wconf 91' lang='lat' dir='ltr'><strong>et</strong></span> <span class='ocrx_word' id='word_1_395' title='bbox 1156 4678 1471 4745; x_wconf 88' lang='lat' dir='ltr'><strong>vitulorum,</strong></span> <span class='ocrx_word' id='word_1_396' title='bbox 1514 4678 1609 4735; x_wconf 89' lang='lat' dir='ltr'><strong>sed</strong></span> <span class='ocrx_word' id='word_1_397' title='bbox 1652 4695 1750 4750; x_wconf 86' lang='lat' dir='ltr'><strong>per</strong></span> <span class='ocrx_word' id='word_1_398' title='bbox 1790 4679 2067 4751; x_wconf 88' lang='lat' dir='ltr'><strong>proprium</strong></span> 
     </span>
    </p>
   </div>
   <div class='ocr_carea' id='block_1_51' title="bbox 484 4765 2069 4837">
    <p class='ocr_par' dir='ltr' id='par_1_51' title="bbox 484 4765 2069 4837">
     <span class='ocr_line' id='line_1_51' title="bbox 484 4765 2069 4837; baseline 0.001 -14"><span class='ocrx_word' id='word_1_399' title='bbox 484 4766 805 4837; x_wconf 83' lang='lat' dir='ltr'><strong>sanguinem</strong></span> <span class='ocrx_word' id='word_1_400' title='bbox 849 4765 1092 4823; x_wconf 82' lang='lat' dir='ltr'><strong>introivit</strong></span> <span class='ocrx_word' id='word_1_401' title='bbox 1137 4768 1304 4823; x_wconf 89' lang='lat' dir='ltr'><strong>semel</strong></span> <span class='ocrx_word' id='word_1_402' title='bbox 1351 4778 1540 4825; x_wconf 88' lang='lat' dir='ltr'><strong>sancta</strong></span> <span class='ocrx_word' id='word_1_403' title='bbox 1600 4779 1805 4826; x_wconf 82' lang='lat' dir='ltr'><strong>:eterna</strong></span> <span class='ocrx_word' id='word_1_404' title='bbox 1860 4771 2069 4826; x_wconf 89' lang='lat' dir='ltr'><strong>redem-</strong></span> 
     </span>
    </p>
   </div>
   <div class='ocr_carea' id='block_1_52' title="bbox 483 4858 2070 4933">
    <p class='ocr_par' dir='ltr' id='par_1_52' title="bbox 483 4858 2070 4933">
     <span class='ocr_line' id='line_1_52' title="bbox 483 4858 2070 4933; baseline 0.001 -17"><span class='ocrx_word' id='word_1_405' title='bbox 483 4861 670 4933; x_wconf 90' lang='lat' dir='ltr'><strong>ptione</strong></span> <span class='ocrx_word' id='word_1_406' title='bbox 695 4858 913 4915; x_wconf 87' lang='lat' dir='ltr'><strong>inventa</strong></span> <span class='ocrx_word' id='word_1_407' title='bbox 942 4858 1128 4932; x_wconf 81' lang='lat' dir='ltr'><strong>(Hebr.</strong></span> <span class='ocrx_word' id='word_1_408' title='bbox 1159 4860 1256 4925; x_wconf 80' lang='lat' dir='ltr'><strong>rx).</strong></span> <span class='ocrx_word' id='word_1_409' title='bbox 1304 4880 1323 4913; x_wconf 82' lang='grc'>›</span> <span class='ocrx_word' id='word_1_410' title='bbox 1359 4860 1691 4918; x_wconf 84' lang='lat' dir='ltr'><strong>Vestimenta</strong></span> <span class='ocrx_word' id='word_1_411' title='bbox 1729 4871 1911 4919; x_wconf 91' lang='lat' dir='ltr'><strong>autem</strong></span> <span class='ocrx_word' id='word_1_412' title='bbox 1941 4878 2070 4933; x_wconf 91' lang='lat' dir='ltr'><strong>pon-</strong></span> 
     </span>
    </p>
   </div>
   <div class='ocr_carea' id='block_1_53' title="bbox 485 4950 2069 5024">
    <p class='ocr_par' dir='ltr' id='par_1_53' title="bbox 485 4950 2069 5024">
     <span class='ocr_line' id='line_1_53' title="bbox 485 4950 2069 5024; baseline 0 -17"><span class='ocrx_word' id='word_1_413' title='bbox 485 4952 647 5008; x_wconf 87' lang='lat' dir='ltr'><strong>tiﬁcis</strong></span> <span class='ocrx_word' id='word_1_414' title='bbox 671 4967 779 5007; x_wconf 91' lang='lat' dir='ltr'><strong>non</strong></span> <span class='ocrx_word' id='word_1_415' title='bbox 802 4950 906 5006; x_wconf 90' lang='lat' dir='ltr'><strong>alia</strong></span> <span class='ocrx_word' id='word_1_416' title='bbox 928 4961 1055 5008; x_wconf 90' lang='lat' dir='ltr'><strong>sunt</strong></span> <span class='ocrx_word' id='word_1_417' title='bbox 1081 4968 1244 5022; x_wconf 87' lang='lat' dir='ltr'><strong>quam</strong></span> <span class='ocrx_word' id='word_1_418' title='bbox 1264 4968 1431 5022; x_wconf 88' lang='lat' dir='ltr'><strong>opera</strong></span> <span class='ocrx_word' id='word_1_419' title='bbox 1458 4953 1741 5020; x_wconf 90' lang='lat' dir='ltr'><strong>virtutum,</strong></span> <span class='ocrx_word' id='word_1_420' title='bbox 1772 4963 1830 5009; x_wconf 87' lang='lat' dir='ltr'><strong>et</strong></span> <span class='ocrx_word' id='word_1_421' title='bbox 1859 4953 2069 5024; x_wconf 88' lang='lat' dir='ltr'><strong>sapien-</strong></span> 
     </span>
    </p>
   </div>
   <div class='ocr_carea' id='block_1_54' title="bbox 483 5042 2065 5119">
    <p class='ocr_par' dir='ltr' id='par_1_54' title="bbox 483 5042 2065 5119">
     <span class='ocr_line' id='line_1_54' title="bbox 483 5042 2065 5119; baseline 0.001 -23"><span class='ocrx_word' id='word_1_422' title='bbox 483 5042 576 5098; x_wconf 70' lang='lat' dir='ltr'><strong>tia:</strong></span> <span class='ocrx_word' id='word_1_423' title='bbox 594 5042 862 5108; x_wconf 85' lang='lat' dir='ltr'><strong>doctrina,</strong></span> <span class='ocrx_word' id='word_1_424' title='bbox 893 5058 1014 5119; x_wconf 68' lang='lat' dir='ltr'><strong>qua:</strong></span> <span class='ocrx_word' id='word_1_425' title='bbox 1043 5058 1168 5097; x_wconf 87' lang='lat' dir='ltr'><strong>vere</strong></span> <span class='ocrx_word' id='word_1_426' title='bbox 1210 5043 1424 5098; x_wconf 87' lang='lat' dir='ltr'><strong>Domini</strong></span> <span class='ocrx_word' id='word_1_427' title='bbox 1471 5043 1823 5116; x_wconf 42' lang='lat' dir='ltr'><strong>sacerdotem.</strong></span> <span class='ocrx_word' id='word_1_428' title='bbox 1847 5054 2065 5110; x_wconf 86' lang='lat' dir='ltr'><strong>ornant,</strong></span> 
     </span>
    </p>
   </div>
   <div class='ocr_carea' id='block_1_55' title="bbox 480 5136 2067 5195">
    <p class='ocr_par' dir='ltr' id='par_1_55' title="bbox 480 5136 2067 5195">
     <span class='ocr_line' id='line_1_55' title="bbox 480 5136 2067 5195; baseline -0.001 0"><span class='ocrx_word' id='word_1_429' title='bbox 480 5153 607 5195; x_wconf 90' lang='lat' dir='ltr'><strong>cum</strong></span> <span class='ocrx_word' id='word_1_430' title='bbox 634 5138 690 5192; x_wconf 90' lang='lat' dir='ltr'><strong>in</strong></span> <span class='ocrx_word' id='word_1_431' title='bbox 714 5137 800 5193; x_wconf 88' lang='lat' dir='ltr'><strong>his</strong></span> <span class='ocrx_word' id='word_1_432' title='bbox 817 5138 1125 5193; x_wconf 77' lang='lat' dir='ltr'><strong>conversari</strong></span> <span class='ocrx_word' id='word_1_433' title='bbox 1156 5138 1259 5193; x_wconf 88' lang='lat' dir='ltr'><strong>rite</strong></span> <span class='ocrx_word' id='word_1_434' title='bbox 1281 5136 1647 5193; x_wconf 89' lang='lat' dir='ltr'><strong>inveniuntur.</strong></span> <span class='ocrx_word' id='word_1_435' title='bbox 1680 5137 1837 5194; x_wconf 90' lang='lat' dir='ltr'><strong>Unde</strong></span> <span class='ocrx_word' id='word_1_436' title='bbox 1886 5146 1943 5194; x_wconf 87' lang='lat' dir='ltr'><strong>et</strong></span> <span class='ocrx_word' id='word_1_437' title='bbox 1978 5139 2067 5194; x_wconf 89' lang='lat' dir='ltr'><strong>hic</strong></span> 
     </span>
    </p>
   </div>
   <div class='ocr_carea' id='block_1_56' title="bbox 481 5228 2066 5286">
    <p class='ocr_par' dir='ltr' id='par_1_56' title="bbox 481 5228 2066 5286">
     <span class='ocr_line' id='line_1_56' title="bbox 481 5228 2066 5286; baseline 0.001 -2"><span class='ocrx_word' id='word_1_438' title='bbox 481 5230 714 5285; x_wconf 89' lang='lat' dir='ltr'><strong>dicitur:</strong></span> <span class='ocrx_word' id='word_1_439' title='bbox 760 5246 781 5279; x_wconf 72' lang='grc' dir='ltr'>ι</span> <span class='ocrx_word' id='word_1_440' title='bbox 814 5228 1109 5285; x_wconf 85' lang='lat' dir='ltr'><strong>Coronavit</strong></span> <span class='ocrx_word' id='word_1_441' title='bbox 1151 5230 1304 5285; x_wconf 92' lang='lat' dir='ltr'><strong>illum</strong></span> <span class='ocrx_word' id='word_1_442' title='bbox 1347 5229 1402 5284; x_wconf 92' lang='lat' dir='ltr'><strong>in</strong></span> <span class='ocrx_word' id='word_1_443' title='bbox 1445 5229 1591 5285; x_wconf 86' lang='lat' dir='ltr'><strong>vasis</strong></span> <span class='ocrx_word' id='word_1_444' title='bbox 1630 5230 1870 5286; x_wconf 89' lang='lat' dir='ltr'><strong>virtutis.</strong></span> <span class='ocrx_word' id='word_1_445' title='bbox 1902 5250 1923 5283; x_wconf 74' lang='grc' dir='ltr'><strong><em>ι</em></strong></span> <span class='ocrx_word' id='word_1_446' title='bbox 1960 5229 2066 5285; x_wconf 77' lang='lat' dir='ltr'><strong>Sa-</strong></span> 
     </span>
    </p>
   </div>
   <div class='ocr_carea' id='block_1_57' title="bbox 479 5318 2066 5392">
    <p class='ocr_par' dir='ltr' id='par_1_57' title="bbox 479 5318 2066 5392">
     <span class='ocr_line' id='line_1_57' title="bbox 479 5318 2066 5392; baseline -0.001 -17"><span class='ocrx_word' id='word_1_447' title='bbox 479 5320 692 5392; x_wconf 86' lang='lat' dir='ltr'><strong>pientes</strong></span> <span class='ocrx_word' id='word_1_448' title='bbox 725 5326 906 5375; x_wconf 89' lang='lat' dir='ltr'><strong>autem</strong></span> <span class='ocrx_word' id='word_1_449' title='bbox 928 5320 1091 5376; x_wconf 89' lang='lat' dir='ltr'><strong>corde</strong></span> <span class='ocrx_word' id='word_1_450' title='bbox 1126 5335 1264 5390; x_wconf 87' lang='lat' dir='ltr'><strong>quos</strong></span> <span class='ocrx_word' id='word_1_451' title='bbox 1319 5319 1387 5375; x_wconf 89' lang='lat' dir='ltr'><strong>ad</strong></span> <span class='ocrx_word' id='word_1_452' title='bbox 1427 5318 1704 5376; x_wconf 83' lang='lat' dir='ltr'><strong>faciendas</strong></span> <span class='ocrx_word' id='word_1_453' title='bbox 1728 5319 1947 5376; x_wconf 88' lang='lat' dir='ltr'><strong>easdem</strong></span> <span class='ocrx_word' id='word_1_454' title='bbox 1976 5334 2066 5374; x_wconf 78' lang='lat' dir='ltr'><strong>ve-</strong></span> 
     </span>
    </p>
   </div>
   <div class='ocr_carea' id='block_1_58' title="bbox 479 5410 2067 5487">
    <p class='ocr_par' dir='ltr' id='par_1_58' title="bbox 479 5410 2067 5487">
     <span class='ocr_line' id='line_1_58' title="bbox 479 5410 2067 5487; baseline 0 -20"><span class='ocrx_word' id='word_1_455' title='bbox 479 5420 593 5467; x_wconf 84' lang='lat' dir='ltr'><strong>stes</strong></span> <span class='ocrx_word' id='word_1_456' title='bbox 612 5410 767 5487; x_wconf 83' lang='lat' dir='ltr'><strong>Deus</strong></span> <span class='ocrx_word' id='word_1_457' title='bbox 789 5411 983 5482; x_wconf 87' lang='lat' dir='ltr'><strong>spiritu</strong></span> <span class='ocrx_word' id='word_1_458' title='bbox 1011 5412 1312 5481; x_wconf 64' lang='lat' dir='ltr'><strong>prudentiae</strong></span> <span class='ocrx_word' id='word_1_459' title='bbox 1338 5411 1584 5482; x_wconf 87' lang='lat' dir='ltr'><strong>replevit,</strong></span> <span class='ocrx_word' id='word_1_460' title='bbox 1632 5410 1735 5482; x_wconf 92' lang='lat' dir='ltr'><strong>ipsi</strong></span> <span class='ocrx_word' id='word_1_461' title='bbox 1791 5420 1919 5467; x_wconf 92' lang='lat' dir='ltr'><strong>sunt</strong></span> <span class='ocrx_word' id='word_1_462' title='bbox 1944 5426 2067 5482; x_wconf 90' lang='lat' dir='ltr'><strong>pro-</strong></span> 
     </span>
    </p>
   </div>
   <div class='ocr_carea' id='block_1_59' title="bbox 477 5503 2064 5575">
    <p class='ocr_par' dir='ltr' id='par_1_59' title="bbox 477 5503 2064 5575">
     <span class='ocr_line' id='line_1_59' title="bbox 477 5503 2064 5575; baseline 0.001 -17"><span class='ocrx_word' id='word_1_463' title='bbox 477 5503 659 5575; x_wconf 72' lang='lat' dir='ltr'><strong>phetze</strong></span> <span class='ocrx_word' id='word_1_464' title='bbox 694 5512 752 5561; x_wconf 92' lang='lat' dir='ltr'><strong>et</strong></span> <span class='ocrx_word' id='word_1_465' title='bbox 801 5503 1050 5575; x_wconf 86' lang='lat' dir='ltr'><strong>apostoli,</strong></span> <span class='ocrx_word' id='word_1_466' title='bbox 1088 5506 1377 5575; x_wconf 81' lang='lat' dir='ltr'><strong>caeterique</strong></span> <span class='ocrx_word' id='word_1_467' title='bbox 1405 5505 1656 5562; x_wconf 85' lang='lat' dir='ltr'><strong>doctores</strong></span> <span class='ocrx_word' id='word_1_468' title='bbox 1678 5504 1945 5569; x_wconf 88' lang='lat' dir='ltr'><strong>veritatis,</strong></span> <span class='ocrx_word' id='word_1_469' title='bbox 1970 5504 2064 5575; x_wconf 87' lang='lat' dir='ltr'><strong>qui</strong></span> 
     </span>
    </p>
   </div>
   <div class='ocr_carea' id='block_1_60' title="bbox 478 5595 2064 5679">
    <p class='ocr_par' dir='ltr' id='par_1_60' title="bbox 478 5595 2064 5679">
     <span class='ocr_line' id='line_1_60' title="bbox 478 5595 2064 5679; baseline -0.001 -26"><span class='ocrx_word' id='word_1_470' title='bbox 478 5595 641 5653; x_wconf 75' lang='lat' dir='ltr'><strong>nobis</strong></span> <span class='ocrx_word' id='word_1_471' title='bbox 682 5595 1026 5666; x_wconf 89' lang='lat' dir='ltr'><strong>apertissime</strong></span> <span class='ocrx_word' id='word_1_472' title='bbox 1065 5606 1391 5663; x_wconf 91' lang='lat' dir='ltr'><strong>monstrant,</strong></span> <span class='ocrx_word' id='word_1_473' title='bbox 1445 5598 1718 5668; x_wconf 90' lang='lat' dir='ltr'><strong>quomodo</strong></span> <span class='ocrx_word' id='word_1_474' title='bbox 1765 5598 1949 5654; x_wconf 88' lang='lat' dir='ltr'><strong>vivere</strong></span> <span class='ocrx_word' id='word_1_475' title='bbox 1977 5612 2064 5679; x_wconf 82' lang='lat' dir='ltr'><strong>sa-</strong></span> 
     </span>
    </p>
   </div>
   <div class='ocr_carea' id='block_1_61' title="bbox 478 5686 2064 5759">
    <p class='ocr_par' dir='ltr' id='par_1_61' title="bbox 478 5686 2064 5759">
     <span class='ocr_line' id='line_1_61' title="bbox 478 5686 2064 5759; baseline 0.001 -16"><span class='ocrx_word' id='word_1_476' title='bbox 478 5686 733 5743; x_wconf 67' lang='lat' dir='ltr'><strong>cerdotes</strong></span> <span class='ocrx_word' id='word_1_477' title='bbox 759 5694 816 5742; x_wconf 89' lang='lat' dir='ltr'><strong>et</strong></span> <span class='ocrx_word' id='word_1_478' title='bbox 840 5686 1071 5743; x_wconf 91' lang='lat' dir='ltr'><strong>ministri</strong></span> <span class='ocrx_word' id='word_1_479' title='bbox 1095 5686 1303 5754; x_wconf 87' lang='lat' dir='ltr'><strong>altaris,</strong></span> <span class='ocrx_word' id='word_1_480' title='bbox 1335 5690 1569 5759; x_wconf 86' lang='lat' dir='ltr'><strong>qualiter</strong></span> <span class='ocrx_word' id='word_1_481' title='bbox 1588 5690 1786 5747; x_wconf 87' lang='lat' dir='ltr'><strong>docere</strong></span> <span class='ocrx_word' id='word_1_482' title='bbox 1810 5691 2064 5758; x_wconf 85' lang='lat' dir='ltr'><strong>debeant,</strong></span> 
     </span>
    </p>
   </div>
   <div class='ocr_carea' id='block_1_62' title="bbox 479 5776 2062 5859">
    <p class='ocr_par' dir='ltr' id='par_1_62' title="bbox 479 5776 2062 5859">
     <span class='ocr_line' id='line_1_62' title="bbox 479 5776 2062 5859; baseline 0.002 -23"><span class='ocrx_word' id='word_1_483' title='bbox 479 5776 600 5837; x_wconf 73' lang='lat' dir='ltr'><strong>sive</strong></span> <span class='ocrx_word' id='word_1_484' title='bbox 626 5778 873 5840; x_wconf 79' lang='lat' dir='ltr'><strong>exemplo</strong></span> <span class='ocrx_word' id='word_1_485' title='bbox 902 5792 1015 5837; x_wconf 63' lang='lat' dir='ltr'><strong>suae</strong></span> <span class='ocrx_word' id='word_1_486' title='bbox 1034 5778 1282 5847; x_wconf 83' lang='lat' dir='ltr'><strong>actionis,</strong></span> <span class='ocrx_word' id='word_1_487' title='bbox 1324 5794 1421 5837; x_wconf 83' lang='lat' dir='ltr'><strong>seu</strong></span> <span class='ocrx_word' id='word_1_488' title='bbox 1446 5783 1610 5840; x_wconf 70' lang='lat' dir='ltr'><strong>verbo</strong></span> <span class='ocrx_word' id='word_1_489' title='bbox 1649 5781 2062 5859; x_wconf 72' lang='lat' dir='ltr'><strong>exhortationis,</strong></span> 
     </span>
    </p>
   </div>
   <div class='ocr_carea' id='block_1_63' title="bbox 2181 547 3724 623">
    <p class='ocr_par' dir='ltr' id='par_1_63' title="bbox 2181 547 3724 623">
     <span class='ocr_line' id='line_1_63' title="bbox 2181 547 3724 623; baseline 0.005 -21"><span class='ocrx_word' id='word_1_490' title='bbox 2181 562 2270 603; x_wconf 90' lang='lat' dir='ltr'><strong>ses</strong></span> <span class='ocrx_word' id='word_1_491' title='bbox 2311 547 2441 602; x_wconf 91' lang='lat' dir='ltr'><strong>fecit</strong></span> <span class='ocrx_word' id='word_1_492' title='bbox 2474 549 2656 604; x_wconf 82' lang='lat' dir='ltr'><strong>Aaron</strong></span> <span class='ocrx_word' id='word_1_493' title='bbox 2702 547 2861 604; x_wconf 79' lang='lat' dir='ltr'><strong>fratri</strong></span> <span class='ocrx_word' id='word_1_494' title='bbox 2909 565 3030 615; x_wconf 90' lang='lat' dir='ltr'><strong>suo,</strong></span> <span class='ocrx_word' id='word_1_495' title='bbox 3057 549 3159 606; x_wconf 91' lang='lat' dir='ltr'><strong>hoc</strong></span> <span class='ocrx_word' id='word_1_496' title='bbox 3179 559 3291 617; x_wconf 85' lang='lat' dir='ltr'><strong>est,</strong></span> <span class='ocrx_word' id='word_1_497' title='bbox 3315 547 3724 623; x_wconf 64' lang='lat' dir='ltr'><strong>Scripturamsa-</strong></span> 
     </span>
    </p>
   </div>
   <div class='ocr_carea' id='block_1_64' title="bbox 2181 640 3726 710">
    <p class='ocr_par' dir='ltr' id='par_1_64' title="bbox 2181 640 3726 710">
     <span class='ocr_line' id='line_1_64' title="bbox 2181 640 3726 710; baseline 0.005 -16"><span class='ocrx_word' id='word_1_498' title='bbox 2181 654 2330 694; x_wconf 90' lang='lat' dir='ltr'><strong>cram</strong></span> <span class='ocrx_word' id='word_1_499' title='bbox 2360 640 2493 710; x_wconf 85' lang='lat' dir='ltr'><strong>legis</strong></span> <span class='ocrx_word' id='word_1_500' title='bbox 2520 641 2821 695; x_wconf 87' lang='lat' dir='ltr'><strong>rectoribus</strong></span> <span class='ocrx_word' id='word_1_501' title='bbox 2843 641 3144 696; x_wconf 87' lang='lat' dir='ltr'><strong>habendam</strong></span> <span class='ocrx_word' id='word_1_502' title='bbox 3166 643 3531 710; x_wconf 84' lang='lat' dir='ltr'><strong>commendat,</strong></span> <span class='ocrx_word' id='word_1_503' title='bbox 3569 654 3620 700; x_wconf 90' lang='lat' dir='ltr'><strong>et</strong></span> <span class='ocrx_word' id='word_1_504' title='bbox 3653 663 3726 702; x_wconf 84' lang='lat' dir='ltr'><strong>os-</strong></span> 
     </span>
    </p>
   </div>
   <div class='ocr_carea' id='block_1_65' title="bbox 2181 730 3727 806">
    <p class='ocr_par' dir='ltr' id='par_1_65' title="bbox 2181 730 3727 806">
     <span class='ocr_line' id='line_1_65' title="bbox 2181 730 3727 806; baseline 0.005 -20"><span class='ocrx_word' id='word_1_505' title='bbox 2181 730 2581 803; x_wconf 86' lang='lat' dir='ltr'><strong>tenditPaulus,</strong></span> <span class='ocrx_word' id='word_1_506' title='bbox 2600 732 2817 788; x_wconf 89' lang='lat' dir='ltr'><strong>dicens:</strong></span> <span class='ocrx_word' id='word_1_507' title='bbox 2856 752 2874 783; x_wconf 78' lang='grc' dir='ltr'>ι</span> <span class='ocrx_word' id='word_1_508' title='bbox 2905 731 3295 802; x_wconf 86' lang='lat' dir='ltr'><strong>Oportetenim</strong></span> <span class='ocrx_word' id='word_1_509' title='bbox 3315 735 3614 806; x_wconf 85' lang='lat' dir='ltr'><strong>episcopum</strong></span> <span class='ocrx_word' id='word_1_510' title='bbox 3628 738 3727 795; x_wconf 82' lang='lat' dir='ltr'><strong>sine</strong></span> 
     </span>
    </p>
   </div>
   <div class='ocr_carea' id='block_1_66' title="bbox 2180 823 3724 895">
    <p class='ocr_par' dir='ltr' id='par_1_66' title="bbox 2180 823 3724 895">
     <span class='ocr_line' id='line_1_66' title="bbox 2180 823 3724 895; baseline 0.004 -17"><span class='ocrx_word' id='word_1_511' title='bbox 2180 823 2408 878; x_wconf 87' lang='lat' dir='ltr'><strong>crimine</strong></span> <span class='ocrx_word' id='word_1_512' title='bbox 2453 837 2596 889; x_wconf 89' lang='lat' dir='ltr'><strong>esse,</strong></span> <span class='ocrx_word' id='word_1_513' title='bbox 2634 831 2695 879; x_wconf 91' lang='lat' dir='ltr'><strong>ut</strong></span> <span class='ocrx_word' id='word_1_514' title='bbox 2726 824 2820 878; x_wconf 92' lang='lat' dir='ltr'><strong>Dei</strong></span> <span class='ocrx_word' id='word_1_515' title='bbox 2842 823 3422 893; x_wconf 88' lang='lat' dir='ltr'><strong>dispensatorem,non</strong></span> <span class='ocrx_word' id='word_1_516' title='bbox 3446 826 3724 895; x_wconf 84' lang='lat' dir='ltr'><strong>superbum,</strong></span> 
     </span>
    </p>
   </div>
   <div class='ocr_carea' id='block_1_67' title="bbox 2180 916 3729 989">
    <p class='ocr_par' dir='ltr' id='par_1_67' title="bbox 2180 916 3729 989">
     <span class='ocr_line' id='line_1_67' title="bbox 2180 916 3729 989; baseline 0.005 -20"><span class='ocrx_word' id='word_1_517' title='bbox 2180 932 2287 971; x_wconf 89' lang='lat' dir='ltr'><strong>non</strong></span> <span class='ocrx_word' id='word_1_518' title='bbox 2345 916 2687 982; x_wconf 86' lang='lat' dir='ltr'><strong>iracundum,</strong></span> <span class='ocrx_word' id='word_1_519' title='bbox 2741 934 2847 973; x_wconf 87' lang='lat' dir='ltr'><strong>non</strong></span> <span class='ocrx_word' id='word_1_520' title='bbox 2916 918 3274 986; x_wconf 90' lang='lat' dir='ltr'><strong>vinolentum,</strong></span> <span class='ocrx_word' id='word_1_521' title='bbox 3325 934 3434 975; x_wconf 89' lang='lat' dir='ltr'><strong>non</strong></span> <span class='ocrx_word' id='word_1_522' title='bbox 3480 933 3729 989; x_wconf 80' lang='lat' dir='ltr'><strong>percusso-</strong></span> 
     </span>
    </p>
   </div>
   <div class='ocr_carea' id='block_1_68' title="bbox 2180 1008 3727 1083">
    <p class='ocr_par' dir='ltr' id='par_1_68' title="bbox 2180 1008 3727 1083">
     <span class='ocr_line' id='line_1_68' title="bbox 2180 1008 3727 1083; baseline 0.005 -20"><span class='ocrx_word' id='word_1_523' title='bbox 2180 1021 2316 1073; x_wconf 89' lang='lat' dir='ltr'><strong>rem,</strong></span> <span class='ocrx_word' id='word_1_524' title='bbox 2371 1024 2481 1064; x_wconf 90' lang='lat' dir='ltr'><strong>non</strong></span> <span class='ocrx_word' id='word_1_525' title='bbox 2531 1011 2704 1080; x_wconf 89' lang='lat' dir='ltr'><strong>turpis</strong></span> <span class='ocrx_word' id='word_1_526' title='bbox 2746 1008 2883 1065; x_wconf 89' lang='lat' dir='ltr'><strong>lucri</strong></span> <span class='ocrx_word' id='word_1_527' title='bbox 2911 1011 3203 1081; x_wconf 91' lang='lat' dir='ltr'><strong>cupidum,</strong></span> <span class='ocrx_word' id='word_1_528' title='bbox 3254 1010 3357 1067; x_wconf 88' lang='lat' dir='ltr'><strong>sed</strong></span> <span class='ocrx_word' id='word_1_529' title='bbox 3412 1011 3727 1083; x_wconf 81' lang='lat' dir='ltr'><strong>hospitalem,</strong></span> 
     </span>
    </p>
   </div>
   <div class='ocr_carea' id='block_1_69' title="bbox 2180 1100 3730 1174">
    <p class='ocr_par' dir='ltr' id='par_1_69' title="bbox 2180 1100 3730 1174">
     <span class='ocr_line' id='line_1_69' title="bbox 2180 1100 3730 1174; baseline 0.004 -18"><span class='ocrx_word' id='word_1_530' title='bbox 2180 1100 2505 1173; x_wconf 88' lang='lat' dir='ltr'><strong>benignum,</strong></span> <span class='ocrx_word' id='word_1_531' title='bbox 2560 1102 2832 1170; x_wconf 91' lang='lat' dir='ltr'><strong>sobrium,</strong></span> <span class='ocrx_word' id='word_1_532' title='bbox 2873 1102 3111 1174; x_wconf 86' lang='lat' dir='ltr'><strong>justum,</strong></span> <span class='ocrx_word' id='word_1_533' title='bbox 3159 1113 3443 1170; x_wconf 87' lang='lat' dir='ltr'><strong>sanctum,</strong></span> <span class='ocrx_word' id='word_1_534' title='bbox 3490 1105 3730 1162; x_wconf 78' lang='lat' dir='ltr'><strong>continen-</strong></span> 
     </span>
    </p>
   </div>
   <div class='ocr_carea' id='block_1_70' title="bbox 2181 1194 3729 1266">
    <p class='ocr_par' dir='ltr' id='par_1_70' title="bbox 2181 1194 3729 1266">
     <span class='ocr_line' id='line_1_70' title="bbox 2181 1194 3729 1266; baseline 0.002 -17"><span class='ocrx_word' id='word_1_535' title='bbox 2181 1202 2313 1260; x_wconf 88' lang='lat' dir='ltr'><strong>tem,</strong></span> <span class='ocrx_word' id='word_1_536' title='bbox 2363 1194 2773 1266; x_wconf 86' lang='lat' dir='ltr'><strong>amplectentem</strong></span> <span class='ocrx_word' id='word_1_537' title='bbox 2809 1210 2956 1261; x_wconf 90' lang='lat' dir='ltr'><strong>eum,</strong></span> <span class='ocrx_word' id='word_1_538' title='bbox 2992 1195 3085 1265; x_wconf 82' lang='lat' dir='ltr'><strong>qui</strong></span> <span class='ocrx_word' id='word_1_539' title='bbox 3123 1195 3428 1251; x_wconf 87' lang='lat' dir='ltr'><strong>secundum</strong></span> <span class='ocrx_word' id='word_1_540' title='bbox 3466 1194 3729 1252; x_wconf 78' lang='lat' dir='ltr'><strong>doctrinam</strong></span> 
     </span>
    </p>
   </div>
   <div class='ocr_carea' id='block_1_71' title="bbox 2180 1284 3732 1361">
    <p class='ocr_par' dir='ltr' id='par_1_71' title="bbox 2180 1284 3732 1361">
     <span class='ocr_line' id='line_1_71' title="bbox 2180 1284 3732 1361; baseline 0 -18"><span class='ocrx_word' id='word_1_541' title='bbox 2180 1295 2286 1352; x_wconf 91' lang='lat' dir='ltr'><strong>est,</strong></span> <span class='ocrx_word' id='word_1_542' title='bbox 2338 1286 2549 1343; x_wconf 89' lang='lat' dir='ltr'><strong>ﬁdelem</strong></span> <span class='ocrx_word' id='word_1_543' title='bbox 2595 1303 2903 1345; x_wconf 88' lang='lat' dir='ltr'><strong>sermonem</strong></span> <span class='ocrx_word' id='word_1_544' title='bbox 2951 1287 3080 1361; x_wconf 79' lang='lat' dir='ltr'><strong>(Tit.</strong></span> <span class='ocrx_word' id='word_1_545' title='bbox 3118 1288 3180 1361; x_wconf 88' lang='grc' dir='ltr'><strong>ι).</strong></span> <span class='ocrx_word' id='word_1_546' title='bbox 3234 1308 3256 1340; x_wconf 74' lang='grc' dir='ltr'><strong><em>ι</em></strong></span> <span class='ocrx_word' id='word_1_547' title='bbox 3317 1284 3457 1343; x_wconf 88' lang='lat' dir='ltr'><strong>Octo</strong></span> <span class='ocrx_word' id='word_1_548' title='bbox 3501 1303 3622 1358; x_wconf 85' lang='lat' dir='ltr'><strong>ergo</strong></span> <span class='ocrx_word' id='word_1_549' title='bbox 3656 1304 3732 1359; x_wconf 80' lang='lat' dir='ltr'><strong>go-</strong></span> 
     </span>
    </p>
   </div>
   <div class='ocr_carea' id='block_1_72' title="bbox 2179 1379 3734 1454">
    <p class='ocr_par' dir='ltr' id='par_1_72' title="bbox 2179 1379 3734 1454">
     <span class='ocr_line' id='line_1_72' title="bbox 2179 1379 3734 1454; baseline -0.001 -16"><span class='ocrx_word' id='word_1_550' title='bbox 2179 1382 2406 1438; x_wconf 85' lang='lat' dir='ltr'><strong>neribus</strong></span> <span class='ocrx_word' id='word_1_551' title='bbox 2426 1382 2657 1439; x_wconf 89' lang='lat' dir='ltr'><strong>vestium</strong></span> <span class='ocrx_word' id='word_1_552' title='bbox 2684 1383 2926 1454; x_wconf 75' lang='lat' dir='ltr'><strong>pontifex</strong></span> <span class='ocrx_word' id='word_1_553' title='bbox 2974 1390 3216 1453; x_wconf 90' lang='lat' dir='ltr'><strong>tempore</strong></span> <span class='ocrx_word' id='word_1_554' title='bbox 3269 1380 3525 1438; x_wconf 87' lang='lat' dir='ltr'><strong>sacriﬁcii</strong></span> <span class='ocrx_word' id='word_1_555' title='bbox 3556 1379 3734 1437; x_wconf 81' lang='lat' dir='ltr'><strong>solebat</strong></span> 
     </span>
    </p>
   </div>
   <div class='ocr_carea' id='block_1_73' title="bbox 2180 1469 3734 1544">
    <p class='ocr_par' dir='ltr' id='par_1_73' title="bbox 2180 1469 3734 1544">
     <span class='ocr_line' id='line_1_73' title="bbox 2180 1469 3734 1544; baseline -0.002 -17"><span class='ocrx_word' id='word_1_556' title='bbox 2180 1474 2360 1530; x_wconf 89' lang='lat' dir='ltr'><strong>indui:</strong></span> <span class='ocrx_word' id='word_1_557' title='bbox 2394 1474 2500 1530; x_wconf 88' lang='lat' dir='ltr'><strong>hoc</strong></span> <span class='ocrx_word' id='word_1_558' title='bbox 2521 1483 2627 1539; x_wconf 92' lang='lat' dir='ltr'><strong>est,</strong></span> <span class='ocrx_word' id='word_1_559' title='bbox 2651 1472 3408 1544; x_wconf 87' lang='lat' dir='ltr'><strong>rationali,_superhumerali,</strong></span> <span class='ocrx_word' id='word_1_560' title='bbox 3435 1472 3614 1527; x_wconf 78' lang='lat' dir='ltr'><strong>tunica</strong></span> <span class='ocrx_word' id='word_1_561' title='bbox 3631 1469 3734 1541; x_wconf 71' lang='lat' dir='ltr'><strong>bys-</strong></span> 
     </span>
    </p>
   </div>
   <div class='ocr_carea' id='block_1_74' title="bbox 2179 1559 3731 1631">
    <p class='ocr_par' dir='ltr' id='par_1_74' title="bbox 2179 1559 3731 1631">
     <span class='ocr_line' id='line_1_74' title="bbox 2179 1559 3731 1631; baseline -0.004 -10"><span class='ocrx_word' id='word_1_562' title='bbox 2179 1566 2448 1631; x_wconf 87' lang='lat' dir='ltr'><strong>cinthina,</strong></span> <span class='ocrx_word' id='word_1_563' title='bbox 2477 1572 2534 1621; x_wconf 93' lang='lat' dir='ltr'><strong>et</strong></span> <span class='ocrx_word' id='word_1_564' title='bbox 2558 1565 2700 1621; x_wconf 89' lang='lat' dir='ltr'><strong>linea</strong></span> <span class='ocrx_word' id='word_1_565' title='bbox 2729 1564 3149 1628; x_wconf 89' lang='lat' dir='ltr'><strong>stricta,cidari,</strong></span> <span class='ocrx_word' id='word_1_566' title='bbox 3173 1563 3383 1626; x_wconf 87' lang='lat' dir='ltr'><strong>balteo,</strong></span> <span class='ocrx_word' id='word_1_567' title='bbox 3404 1559 3731 1624; x_wconf 64' lang='lat' dir='ltr'><strong>feminalibus,</strong></span> 
     </span>
    </p>
   </div>
   <div class='ocr_carea' id='block_1_75' title="bbox 2180 1652 3737 1726">
    <p class='ocr_par' dir='ltr' id='par_1_75' title="bbox 2180 1652 3737 1726">
     <span class='ocr_line' id='line_1_75' title="bbox 2180 1652 3737 1726; baseline -0.003 -14"><span class='ocrx_word' id='word_1_568' title='bbox 2180 1664 2235 1712; x_wconf 89' lang='lat' dir='ltr'><strong>et</strong></span> <span class='ocrx_word' id='word_1_569' title='bbox 2255 1652 2420 1726; x_wconf 80' lang='lat' dir='ltr'><strong>su&#39;pra</strong></span> <span class='ocrx_word' id='word_1_570' title='bbox 2441 1655 2649 1721; x_wconf 89' lang='lat' dir='ltr'><strong>omnia,</strong></span> <span class='ocrx_word' id='word_1_571' title='bbox 2682 1656 2786 1712; x_wconf 92' lang='lat' dir='ltr'><strong>hoc</strong></span> <span class='ocrx_word' id='word_1_572' title='bbox 2803 1665 2891 1712; x_wconf 89' lang='lat' dir='ltr'><strong>est</strong></span> <span class='ocrx_word' id='word_1_573' title='bbox 2917 1655 3119 1720; x_wconf 82' lang='lat' dir='ltr'><strong>fronte,</strong></span> <span class='ocrx_word' id='word_1_574' title='bbox 3143 1653 3359 1709; x_wconf 83' lang='lat' dir='ltr'><strong>lamina.</strong></span> <span class='ocrx_word' id='word_1_575' title='bbox 3375 1652 3737 1723; x_wconf 79' lang='lat' dir='ltr'><strong>aurea,.inqno</strong></span> 
     </span>
    </p>
   </div>
   <div class='ocr_carea' id='block_1_76' title="bbox 2182 1744 3733 1818">
    <p class='ocr_par' dir='ltr' id='par_1_76' title="bbox 2182 1744 3733 1818">
     <span class='ocr_line' id='line_1_76' title="bbox 2182 1744 3733 1818; baseline 0 -17"><span class='ocrx_word' id='word_1_576' title='bbox 2182 1762 2378 1803; x_wconf 90' lang='lat' dir='ltr'><strong>nomen</strong></span> <span class='ocrx_word' id='word_1_577' title='bbox 2407 1747 2503 1802; x_wconf 90' lang='lat' dir='ltr'><strong>Dei</strong></span> <span class='ocrx_word' id='word_1_578' title='bbox 2537 1747 2801 1818; x_wconf 91' lang='lat' dir='ltr'><strong>scriptum</strong></span> <span class='ocrx_word' id='word_1_579' title='bbox 2829 1753 2967 1803; x_wconf 80' lang='lat' dir='ltr'><strong>erat.</strong></span> <span class='ocrx_word' id='word_1_580' title='bbox 3001 1745 3298 1803; x_wconf 78' lang='lat' dir='ltr'><strong>Rationale</strong></span> <span class='ocrx_word' id='word_1_581' title='bbox 3327 1744 3733 1815; x_wconf 73' lang='lat' dir='ltr'><strong>autempectotsis</strong></span> 
     </span>
    </p>
   </div>
   <div class='ocr_carea' id='block_1_77' title="bbox 2108 1813 3735 1908">
    <p class='ocr_par' dir='ltr' id='par_1_77' title="bbox 2108 1813 3735 1908">
     <span class='ocr_line' id='line_1_77' title="bbox 2108 1813 3735 1908; baseline -0.002 -14"><span class='ocrx_word' id='word_1_582' title='bbox 2108 1813 2155 1873; x_wconf 72' lang='grc' dir='ltr'><strong>Β</strong></span> <span class='ocrx_word' id='word_1_583' title='bbox 2181 1838 2399 1895; x_wconf 89' lang='lat' dir='ltr'><strong>habitus</strong></span> <span class='ocrx_word' id='word_1_584' title='bbox 2427 1846 2566 1901; x_wconf 87' lang='lat' dir='ltr'><strong>erat,</strong></span> <span class='ocrx_word' id='word_1_585' title='bbox 2594 1813 2737 1894; x_wconf 76' lang='lat' dir='ltr'><strong>sicut</strong></span> <span class='ocrx_word' id='word_1_586' title='bbox 2780 1836 3222 1908; x_wconf 85' lang='lat' dir='ltr'><strong>superbumerale</strong></span> <span class='ocrx_word' id='word_1_587' title='bbox 3252 1813 3629 1902; x_wconf 84' lang='lat' dir='ltr'><strong>humerorum;</strong></span> <span class='ocrx_word' id='word_1_588' title='bbox 3666 1844 3735 1890; x_wconf 87' lang='lat' dir='ltr'><strong>tn-</strong></span> 
     </span>
    </p>
   </div>
   <div class='ocr_carea' id='block_1_78' title="bbox 2180 1927 3737 2003">
    <p class='ocr_par' dir='ltr' id='par_1_78' title="bbox 2180 1927 3737 2003">
     <span class='ocr_line' id='line_1_78' title="bbox 2180 1927 3737 2003; baseline -0.001 -19"><span class='ocrx_word' id='word_1_589' title='bbox 2180 1930 2303 1985; x_wconf 90' lang='lat' dir='ltr'><strong>nica</strong></span> <span class='ocrx_word' id='word_1_590' title='bbox 2329 1938 2507 1986; x_wconf 90' lang='lat' dir='ltr'><strong>autem</strong></span> <span class='ocrx_word' id='word_1_591' title='bbox 2532 1930 2904 2003; x_wconf 78' lang='lat' dir='ltr'><strong>hyacinthina,</strong></span> <span class='ocrx_word' id='word_1_592' title='bbox 2942 1946 3063 2001; x_wconf 82' lang='lat' dir='ltr'><strong>quae</strong></span> <span class='ocrx_word' id='word_1_593' title='bbox 3090 1928 3461 1985; x_wconf 87' lang='lat' dir='ltr'><strong>tintinnabula</strong></span> <span class='ocrx_word' id='word_1_594' title='bbox 3505 1942 3654 1984; x_wconf 81' lang='lat' dir='ltr'><strong>aurea</strong></span> <span class='ocrx_word' id='word_1_595' title='bbox 3687 1927 3737 1983; x_wconf 82' lang='lat' dir='ltr'><strong>in</strong></span> 
     </span>
    </p>
   </div>
   <div class='ocr_carea' id='block_1_79' title="bbox 2180 2017 3735 2091">
    <p class='ocr_par' dir='ltr' id='par_1_79' title="bbox 2180 2017 3735 2091">
     <span class='ocr_line' id='line_1_79' title="bbox 2180 2017 3735 2091; baseline -0.002 -17"><span class='ocrx_word' id='word_1_596' title='bbox 2180 2018 2289 2075; x_wconf 92' lang='lat' dir='ltr'><strong>imo</strong></span> <span class='ocrx_word' id='word_1_597' title='bbox 2316 2020 2552 2076; x_wconf 91' lang='lat' dir='ltr'><strong>habebat</strong></span> <span class='ocrx_word' id='word_1_598' title='bbox 2578 2022 2695 2076; x_wconf 65' lang='lat' dir='ltr'><strong>haec</strong></span> <span class='ocrx_word' id='word_1_599' title='bbox 2724 2035 2886 2091; x_wconf 89' lang='lat' dir='ltr'><strong>super</strong></span> <span class='ocrx_word' id='word_1_600' title='bbox 2910 2019 3112 2076; x_wconf 90' lang='lat' dir='ltr'><strong>lineam</strong></span> <span class='ocrx_word' id='word_1_601' title='bbox 3150 2019 3502 2075; x_wconf 88' lang='lat' dir='ltr'><strong>induebatur.</strong></span> <span class='ocrx_word' id='word_1_602' title='bbox 3530 2017 3638 2088; x_wconf 81' lang='lat' dir='ltr'><strong>Ipsa</strong></span> <span class='ocrx_word' id='word_1_603' title='bbox 3653 2031 3735 2072; x_wconf 80' lang='lat' dir='ltr'><strong>au-</strong></span> 
     </span>
    </p>
   </div>
   <div class='ocr_carea' id='block_1_80' title="bbox 2179 2111 3729 2181">
    <p class='ocr_par' dir='ltr' id='par_1_80' title="bbox 2179 2111 3729 2181">
     <span class='ocr_line' id='line_1_80' title="bbox 2179 2111 3729 2181; baseline 0.001 -16"><span class='ocrx_word' id='word_1_604' title='bbox 2179 2119 2287 2166; x_wconf 89' lang='lat' dir='ltr'><strong>tem</strong></span> <span class='ocrx_word' id='word_1_605' title='bbox 2314 2111 2454 2167; x_wconf 88' lang='lat' dir='ltr'><strong>linea</strong></span> <span class='ocrx_word' id='word_1_606' title='bbox 2481 2112 2698 2179; x_wconf 91' lang='lat' dir='ltr'><strong>stricta,</strong></span> <span class='ocrx_word' id='word_1_607' title='bbox 2720 2111 2776 2168; x_wconf 90' lang='lat' dir='ltr'><strong>id</strong></span> <span class='ocrx_word' id='word_1_608' title='bbox 2802 2120 2906 2179; x_wconf 89' lang='lat' dir='ltr'><strong>est,</strong></span> <span class='ocrx_word' id='word_1_609' title='bbox 2931 2111 3165 2168; x_wconf 23' lang='lat' dir='ltr'><strong>camisia.</strong></span> <span class='ocrx_word' id='word_1_610' title='bbox 3187 2119 3589 2181; x_wconf 78' lang='lat' dir='ltr'><strong>totumcorpus</strong></span> <span class='ocrx_word' id='word_1_611' title='bbox 3624 2123 3729 2179; x_wconf 74' lang='lat' dir='ltr'><strong>ops-</strong></span> 
     </span>
    </p>
   </div>
   <div class='ocr_carea' id='block_1_81' title="bbox 2177 2200 3741 2274">
    <p class='ocr_par' dir='ltr' id='par_1_81' title="bbox 2177 2200 3741 2274">
     <span class='ocr_line' id='line_1_81' title="bbox 2177 2200 3741 2274; baseline 0.001 -19"><span class='ocrx_word' id='word_1_612' title='bbox 2177 2200 2373 2268; x_wconf 90' lang='lat' dir='ltr'><strong>riebat,</strong></span> <span class='ocrx_word' id='word_1_613' title='bbox 2407 2202 2612 2258; x_wconf 88' lang='lat' dir='ltr'><strong>cidaris</strong></span> <span class='ocrx_word' id='word_1_614' title='bbox 2641 2218 2775 2260; x_wconf 88' lang='lat' dir='ltr'><strong>vero</strong></span> <span class='ocrx_word' id='word_1_615' title='bbox 2822 2210 2987 2274; x_wconf 86' lang='lat' dir='ltr'><strong>caput</strong></span> <span class='ocrx_word' id='word_1_616' title='bbox 3026 2202 3554 2260; x_wconf 82' lang='lat' dir='ltr'><strong>ornabat..Balteum</strong></span> <span class='ocrx_word' id='word_1_617' title='bbox 3578 2210 3741 2257; x_wconf 74' lang='lat' dir='ltr'><strong>autem</strong></span> 
     </span>
    </p>
   </div>
   <div class='ocr_carea' id='block_1_82' title="bbox 2174 2295 3747 2366">
    <p class='ocr_par' dir='ltr' id='par_1_82' title="bbox 2174 2295 3747 2366">
     <span class='ocr_line' id='line_1_82' title="bbox 2174 2295 3747 2366; baseline -0.001 -18"><span class='ocrx_word' id='word_1_618' title='bbox 2174 2302 2465 2364; x_wconf 87' lang='lat' dir='ltr'><strong>utramque</strong></span> <span class='ocrx_word' id='word_1_619' title='bbox 2493 2296 2731 2353; x_wconf 91' lang='lat' dir='ltr'><strong>tunicam</strong></span> <span class='ocrx_word' id='word_1_620' title='bbox 2758 2296 2921 2352; x_wconf 89' lang='lat' dir='ltr'><strong>simul</strong></span> <span class='ocrx_word' id='word_1_621' title='bbox 2963 2304 3022 2353; x_wconf 91' lang='lat' dir='ltr'><strong>et</strong></span> <span class='ocrx_word' id='word_1_622' title='bbox 3072 2295 3524 2366; x_wconf 84' lang='lat' dir='ltr'><strong>superbumerale</strong></span> <span class='ocrx_word' id='word_1_623' title='bbox 3559 2295 3747 2351; x_wconf 81' lang='lat' dir='ltr'><strong>arctius.</strong></span> 
     </span>
    </p>
   </div>
   <div class='ocr_carea' id='block_1_83' title="bbox 2175 2385 3731 2460">
    <p class='ocr_par' dir='ltr' id='par_1_83' title="bbox 2175 2385 3731 2460">
     <span class='ocr_line' id='line_1_83' title="bbox 2175 2385 3731 2460; baseline 0 -19"><span class='ocrx_word' id='word_1_624' title='bbox 2175 2388 2245 2442; x_wconf 85' lang='lat' dir='ltr'><strong>ad</strong></span> <span class='ocrx_word' id='word_1_625' title='bbox 2263 2401 2462 2456; x_wconf 88' lang='lat' dir='ltr'><strong>corpus</strong></span> <span class='ocrx_word' id='word_1_626' title='bbox 2486 2388 2727 2459; x_wconf 78' lang='lat' dir='ltr'><strong>aptabat,</strong></span> <span class='ocrx_word' id='word_1_627' title='bbox 2757 2403 2789 2445; x_wconf 91' lang='lat' dir='ltr'><strong>e</strong></span> <span class='ocrx_word' id='word_1_628' title='bbox 2818 2388 3016 2459; x_wconf 89' lang='lat' dir='ltr'><strong>quibus</strong></span> <span class='ocrx_word' id='word_1_629' title='bbox 3030 2396 3189 2444; x_wconf 90' lang='lat' dir='ltr'><strong>erant</strong></span> <span class='ocrx_word' id='word_1_630' title='bbox 3210 2397 3453 2460; x_wconf 88' lang='lat' dir='ltr'><strong>quatuor</strong></span> <span class='ocrx_word' id='word_1_631' title='bbox 3471 2396 3527 2443; x_wconf 88' lang='lat' dir='ltr'><strong>et</strong></span> <span class='ocrx_word' id='word_1_632' title='bbox 3540 2385 3731 2442; x_wconf 82' lang='lat' dir='ltr'><strong>minoris</strong></span> 
     </span>
    </p>
   </div>
   <div class='ocr_carea' id='block_1_84' title="bbox 2174 2476 3743 2546">
    <p class='ocr_par' dir='ltr' id='par_1_84' title="bbox 2174 2476 3743 2546">
     <span class='ocr_line' id='line_1_84' title="bbox 2174 2476 3743 2546; baseline -0.001 -13"><span class='ocrx_word' id='word_1_633' title='bbox 2174 2477 2383 2534; x_wconf 87' lang='lat' dir='ltr'><strong>ordinis</strong></span> <span class='ocrx_word' id='word_1_634' title='bbox 2409 2479 2785 2538; x_wconf 82' lang='lat' dir='ltr'><strong>sacerdotibus</strong></span> <span class='ocrx_word' id='word_1_635' title='bbox 2812 2494 3093 2546; x_wconf 86' lang='lat' dir='ltr'><strong>concessa,</strong></span> <span class='ocrx_word' id='word_1_636' title='bbox 3116 2481 3401 2537; x_wconf 84' lang='lat' dir='ltr'><strong>feminalia</strong></span> <span class='ocrx_word' id='word_1_637' title='bbox 3429 2477 3662 2535; x_wconf 87' lang='lat' dir='ltr'><strong>videlicet</strong></span> <span class='ocrx_word' id='word_1_638' title='bbox 3674 2476 3743 2532; x_wconf 82' lang='lat' dir='ltr'><strong>li--</strong></span> 
     </span>
    </p>
   </div>
   <div class='ocr_carea' id='block_1_85' title="bbox 2174 2570 3737 2642">
    <p class='ocr_par' dir='ltr' id='par_1_85' title="bbox 2174 2570 3737 2642">
     <span class='ocr_line' id='line_1_85' title="bbox 2174 2570 3737 2642; baseline -0.003 -13"><span class='ocrx_word' id='word_1_639' title='bbox 2174 2589 2298 2641; x_wconf 89' lang='lat' dir='ltr'><strong>nea,</strong></span> <span class='ocrx_word' id='word_1_640' title='bbox 2327 2573 2508 2631; x_wconf 88' lang='lat' dir='ltr'><strong>tunica</strong></span> <span class='ocrx_word' id='word_1_641' title='bbox 2537 2581 2593 2630; x_wconf 91' lang='lat' dir='ltr'><strong>et</strong></span> <span class='ocrx_word' id='word_1_642' title='bbox 2615 2573 2849 2641; x_wconf 87' lang='lat' dir='ltr'><strong>balteus,</strong></span> <span class='ocrx_word' id='word_1_643' title='bbox 2890 2581 2948 2631; x_wconf 89' lang='lat' dir='ltr'><strong>et</strong></span> <span class='ocrx_word' id='word_1_644' title='bbox 2980 2574 3210 2642; x_wconf 75' lang='lat' dir='ltr'><strong>cidaris;</strong></span> <span class='ocrx_word' id='word_1_645' title='bbox 3244 2572 3482 2630; x_wconf 87' lang='lat' dir='ltr'><strong>decebat</strong></span> <span class='ocrx_word' id='word_1_646' title='bbox 3523 2570 3656 2628; x_wconf 86' lang='lat' dir='ltr'><strong>enim</strong></span> <span class='ocrx_word' id='word_1_647' title='bbox 3684 2576 3737 2625; x_wconf 78' lang='lat' dir='ltr'><strong>ut</strong></span> 
     </span>
    </p>
   </div>
   <div class='ocr_carea' id='block_1_86' title="bbox 2174 2658 3730 2736">
    <p class='ocr_par' dir='ltr' id='par_1_86' title="bbox 2174 2658 3730 2736">
     <span class='ocr_line' id='line_1_86' title="bbox 2174 2658 3730 2736; baseline -0.003 -15"><span class='ocrx_word' id='word_1_648' title='bbox 2174 2681 2280 2736; x_wconf 87' lang='lat' dir='ltr'><strong>quo</strong></span> <span class='ocrx_word' id='word_1_649' title='bbox 2332 2664 2540 2736; x_wconf 87' lang='lat' dir='ltr'><strong>majore</strong></span> <span class='ocrx_word' id='word_1_650' title='bbox 2586 2664 2711 2735; x_wconf 87' lang='lat' dir='ltr'><strong>quis</strong></span> <span class='ocrx_word' id='word_1_651' title='bbox 2753 2664 2923 2736; x_wconf 88' lang='lat' dir='ltr'><strong>gradu</strong></span> <span class='ocrx_word' id='word_1_652' title='bbox 2971 2673 3122 2721; x_wconf 88' lang='lat' dir='ltr'><strong>esset</strong></span> <span class='ocrx_word' id='word_1_653' title='bbox 3155 2664 3413 2736; x_wconf 83' lang='lat' dir='ltr'><strong>insignis,</strong></span> <span class='ocrx_word' id='word_1_654' title='bbox 3438 2658 3730 2732; x_wconf 78' lang='lat' dir='ltr'><strong>eoplurihus</strong></span> 
     </span>
    </p>
   </div>
   <div class='ocr_carea' id='block_1_87' title="bbox 2173 2753 3730 2828">
    <p class='ocr_par' dir='ltr' id='par_1_87' title="bbox 2173 2753 3730 2828">
     <span class='ocr_line' id='line_1_87' title="bbox 2173 2753 3730 2828; baseline -0.005 -16"><span class='ocrx_word' id='word_1_655' title='bbox 2173 2759 2437 2813; x_wconf 90' lang='lat' dir='ltr'><strong>virtutum</strong></span> <span class='ocrx_word' id='word_1_656' title='bbox 2464 2757 2680 2813; x_wconf 90' lang='lat' dir='ltr'><strong>actibus</strong></span> <span class='ocrx_word' id='word_1_657' title='bbox 2704 2755 3053 2813; x_wconf 88' lang='lat' dir='ltr'><strong>admirandus</strong></span> <span class='ocrx_word' id='word_1_658' title='bbox 3078 2755 3341 2828; x_wconf 80' lang='lat' dir='ltr'><strong>fulgeret.</strong></span> <span class='ocrx_word' id='word_1_659' title='bbox 3357 2753 3560 2811; x_wconf 83' lang='lat' dir='ltr'><strong>Cuncta</strong></span> <span class='ocrx_word' id='word_1_660' title='bbox 3580 2758 3730 2807; x_wconf 85' lang='lat' dir='ltr'><strong>autem</strong></span> 
     </span>
    </p>
   </div>
   <div class='ocr_carea' id='block_1_88' title="bbox 2174 2841 3730 2920">
    <p class='ocr_par' dir='ltr' id='par_1_88' title="bbox 2174 2841 3730 2920">
     <span class='ocr_line' id='line_1_88' title="bbox 2174 2841 3730 2920; baseline -0.006 -17"><span class='ocrx_word' id='word_1_661' title='bbox 2174 2848 2313 2903; x_wconf 88' lang='lat' dir='ltr'><strong>ﬁunt</strong></span> <span class='ocrx_word' id='word_1_662' title='bbox 2336 2848 2403 2905; x_wconf 89' lang='lat' dir='ltr'><strong>de</strong></span> <span class='ocrx_word' id='word_1_663' title='bbox 2441 2864 2576 2906; x_wconf 90' lang='lat' dir='ltr'><strong>auro</strong></span> <span class='ocrx_word' id='word_1_664' title='bbox 2601 2848 2961 2920; x_wconf 89' lang='lat' dir='ltr'><strong>pretiosisque</strong></span> <span class='ocrx_word' id='word_1_665' title='bbox 3001 2846 3302 2912; x_wconf 88' lang='lat' dir='ltr'><strong>coloribus,</strong></span> <span class='ocrx_word' id='word_1_666' title='bbox 3364 2845 3491 2917; x_wconf 87' lang='lat' dir='ltr'><strong>quia</strong></span> <span class='ocrx_word' id='word_1_667' title='bbox 3532 2842 3602 2898; x_wconf 89' lang='lat' dir='ltr'><strong>nil</strong></span> <span class='ocrx_word' id='word_1_668' title='bbox 3645 2841 3730 2896; x_wconf 82' lang='lat' dir='ltr'><strong>vile</strong></span> 
     </span>
    </p>
   </div>
   <div class='ocr_carea' id='block_1_89' title="bbox 2173 2936 3728 3011">
    <p class='ocr_par' dir='ltr' id='par_1_89' title="bbox 2173 2936 3728 3011">
     <span class='ocr_line' id='line_1_89' title="bbox 2173 2936 3728 3011; baseline -0.001 -17"><span class='ocrx_word' id='word_1_669' title='bbox 2173 2956 2240 2996; x_wconf 92' lang='lat' dir='ltr'><strong>ac</strong></span> <span class='ocrx_word' id='word_1_670' title='bbox 2266 2940 2544 2997; x_wconf 89' lang='lat' dir='ltr'><strong>sordidum</strong></span> <span class='ocrx_word' id='word_1_671' title='bbox 2584 2941 2640 2997; x_wconf 92' lang='lat' dir='ltr'><strong>in</strong></span> <span class='ocrx_word' id='word_1_672' title='bbox 2681 2941 2983 3001; x_wconf 87' lang='lat' dir='ltr'><strong>sacerdotis</strong></span> <span class='ocrx_word' id='word_1_673' title='bbox 3008 2956 3104 2997; x_wconf 91' lang='lat' dir='ltr'><strong>ore</strong></span> <span class='ocrx_word' id='word_1_674' title='bbox 3126 2940 3210 2995; x_wconf 91' lang='lat' dir='ltr'><strong>vel</strong></span> <span class='ocrx_word' id='word_1_675' title='bbox 3229 2953 3405 3011; x_wconf 88' lang='lat' dir='ltr'><strong>opere</strong></span> <span class='ocrx_word' id='word_1_676' title='bbox 3424 2936 3580 2995; x_wconf 89' lang='lat' dir='ltr'><strong>debet</strong></span> <span class='ocrx_word' id='word_1_677' title='bbox 3595 2949 3728 3007; x_wconf 78' lang='lat' dir='ltr'><strong>appa-</strong></span> 
     </span>
    </p>
   </div>
   <div class='ocr_carea' id='block_1_90' title="bbox 2174 3029 3731 3109">
    <p class='ocr_par' dir='ltr' id='par_1_90' title="bbox 2174 3029 3731 3109">
     <span class='ocr_line' id='line_1_90' title="bbox 2174 3029 3731 3109; baseline -0.001 -17"><span class='ocrx_word' id='word_1_678' title='bbox 2174 3051 2323 3103; x_wconf 89' lang='lat' dir='ltr'><strong>rere;</strong></span> <span class='ocrx_word' id='word_1_679' title='bbox 2371 3037 2468 3092; x_wconf 90' lang='lat' dir='ltr'><strong>sed</strong></span> <span class='ocrx_word' id='word_1_680' title='bbox 2514 3044 2710 3093; x_wconf 87' lang='lat' dir='ltr'><strong>cuncta</strong></span> <span class='ocrx_word' id='word_1_681' title='bbox 2748 3052 2870 3109; x_wconf 76' lang='lat' dir='ltr'><strong>qua:</strong></span> <span class='ocrx_word' id='word_1_682' title='bbox 2899 3037 3035 3108; x_wconf 86' lang='lat' dir='ltr'><strong>agit,</strong></span> <span class='ocrx_word' id='word_1_683' title='bbox 3064 3036 3325 3092; x_wconf 87' lang='lat' dir='ltr'><strong>universa</strong></span> <span class='ocrx_word' id='word_1_684' title='bbox 3354 3049 3479 3105; x_wconf 64' lang='lat' dir='ltr'><strong>quae</strong></span> <span class='ocrx_word' id='word_1_685' title='bbox 3501 3029 3731 3101; x_wconf 60' lang='lat' dir='ltr'><strong>loquitur.</strong></span> 
     </span>
    </p>
   </div>
   <div class='ocr_carea' id='block_1_91' title="bbox 2174 3123 3735 3202">
    <p class='ocr_par' dir='ltr' id='par_1_91' title="bbox 2174 3123 3735 3202">
     <span class='ocr_line' id='line_1_91' title="bbox 2174 3123 3735 3202; baseline -0.002 -18"><span class='ocrx_word' id='word_1_686' title='bbox 2174 3130 2355 3185; x_wconf 87' lang='lat' dir='ltr'><strong>omnia</strong></span> <span class='ocrx_word' id='word_1_687' title='bbox 2382 3145 2503 3200; x_wconf 67' lang='lat' dir='ltr'><strong>qua:</strong></span> <span class='ocrx_word' id='word_1_688' title='bbox 2523 3130 2750 3202; x_wconf 85' lang='lat' dir='ltr'><strong>cogitat,</strong></span> <span class='ocrx_word' id='word_1_689' title='bbox 2776 3142 2834 3185; x_wconf 88' lang='lat' dir='ltr'><strong>et</strong></span> <span class='ocrx_word' id='word_1_690' title='bbox 2859 3144 3044 3186; x_wconf 88' lang='lat' dir='ltr'><strong>coram</strong></span> <span class='ocrx_word' id='word_1_691' title='bbox 3071 3129 3389 3185; x_wconf 81' lang='lat' dir='ltr'><strong>hominibus</strong></span> <span class='ocrx_word' id='word_1_692' title='bbox 3410 3123 3649 3198; x_wconf 64' lang='lat' dir='ltr'><strong>praelata</strong></span> <span class='ocrx_word' id='word_1_693' title='bbox 3684 3126 3735 3176; x_wconf 69' lang='grc' dir='ltr'><strong>αι</strong></span> 
     </span>
    </p>
   </div>
   <div class='ocr_carea' id='block_1_92' title="bbox 2175 3214 3735 3293">
    <p class='ocr_par' dir='ltr' id='par_1_92' title="bbox 2175 3214 3735 3293">
     <span class='ocr_line' id='line_1_92' title="bbox 2175 3214 3735 3293; baseline -0.008 -14"><span class='ocrx_word' id='word_1_694' title='bbox 2175 3224 2231 3279; x_wconf 90' lang='lat' dir='ltr'><strong>in</strong></span> <span class='ocrx_word' id='word_1_695' title='bbox 2250 3232 2542 3293; x_wconf 84' lang='lat' dir='ltr'><strong>conspectu</strong></span> <span class='ocrx_word' id='word_1_696' title='bbox 2573 3225 2771 3280; x_wconf 89' lang='lat' dir='ltr'><strong>interni</strong></span> <span class='ocrx_word' id='word_1_697' title='bbox 2818 3222 3009 3279; x_wconf 87' lang='lat' dir='ltr'><strong>arbitri</strong></span> <span class='ocrx_word' id='word_1_698' title='bbox 3055 3229 3274 3293; x_wconf 86' lang='lat' dir='ltr'><strong>oportet</strong></span> <span class='ocrx_word' id='word_1_699' title='bbox 3328 3234 3452 3276; x_wconf 89' lang='lat' dir='ltr'><strong>esse</strong></span> <span class='ocrx_word' id='word_1_700' title='bbox 3507 3214 3735 3288; x_wconf 63' lang='lat' dir='ltr'><strong>gloriosa.</strong></span> 
     </span>
    </p>
   </div>
   <div class='ocr_carea' id='block_1_93' title="bbox 2173 3301 3726 3384">
    <p class='ocr_par' dir='ltr' id='par_1_93' title="bbox 2173 3301 3726 3384">
     <span class='ocr_line' id='line_1_93' title="bbox 2173 3301 3726 3384; baseline -0.008 -17"><span class='ocrx_word' id='word_1_701' title='bbox 2173 3312 2409 3384; x_wconf 74' lang='lat' dir='ltr'><strong>Singula:</strong></span> <span class='ocrx_word' id='word_1_702' title='bbox 2429 3320 2612 3368; x_wconf 87' lang='lat' dir='ltr'><strong>autem</strong></span> <span class='ocrx_word' id='word_1_703' title='bbox 2631 3313 2843 3383; x_wconf 89' lang='lat' dir='ltr'><strong>species</strong></span> <span class='ocrx_word' id='word_1_704' title='bbox 2869 3311 3104 3367; x_wconf 87' lang='lat' dir='ltr'><strong>vestium</strong></span> <span class='ocrx_word' id='word_1_705' title='bbox 3133 3309 3429 3382; x_wconf 81' lang='lat' dir='ltr'><strong>mysticum</strong></span> <span class='ocrx_word' id='word_1_706' title='bbox 3456 3307 3640 3363; x_wconf 80' lang='lat' dir='ltr'><strong>habent</strong></span> <span class='ocrx_word' id='word_1_707' title='bbox 3661 3301 3726 3356; x_wconf 86' lang='lat' dir='ltr'><strong>in-</strong></span> 
     </span>
    </p>
   </div>
   <div class='ocr_carea' id='block_1_94' title="bbox 2171 3395 3727 3475">
    <p class='ocr_par' dir='ltr' id='par_1_94' title="bbox 2171 3395 3727 3475">
     <span class='ocr_line' id='line_1_94' title="bbox 2171 3395 3727 3475; baseline -0.011 -14"><span class='ocrx_word' id='word_1_708' title='bbox 2171 3403 2467 3471; x_wconf 77' lang='lat' dir='ltr'><strong>tellectum,</strong></span> <span class='ocrx_word' id='word_1_709' title='bbox 2526 3404 2655 3475; x_wconf 89' lang='lat' dir='ltr'><strong>quia</strong></span> <span class='ocrx_word' id='word_1_710' title='bbox 2704 3404 2758 3458; x_wconf 91' lang='lat' dir='ltr'><strong>in</strong></span> <span class='ocrx_word' id='word_1_711' title='bbox 2798 3401 3070 3467; x_wconf 90' lang='lat' dir='ltr'><strong>rationali,</strong></span> <span class='ocrx_word' id='word_1_712' title='bbox 3098 3401 3385 3473; x_wconf 88' lang='lat' dir='ltr'><strong>plenitudo</strong></span> <span class='ocrx_word' id='word_1_713' title='bbox 3409 3395 3630 3454; x_wconf 71' lang='lat' dir='ltr'><strong>scientiae</strong></span> <span class='ocrx_word' id='word_1_714' title='bbox 3652 3407 3727 3446; x_wconf 75' lang='lat' dir='ltr'><strong>ex-</strong></span> 
     </span>
    </p>
   </div>
   <div class='ocr_carea' id='block_1_95' title="bbox 2170 3491 3734 3564">
    <p class='ocr_par' dir='ltr' id='par_1_95' title="bbox 2170 3491 3734 3564">
     <span class='ocr_line' id='line_1_95' title="bbox 2170 3491 3734 3564; baseline -0.008 -15"><span class='ocrx_word' id='word_1_715' title='bbox 2170 3494 2456 3564; x_wconf 90' lang='lat' dir='ltr'><strong>primitur;</strong></span> <span class='ocrx_word' id='word_1_716' title='bbox 2486 3494 2540 3549; x_wconf 90' lang='lat' dir='ltr'><strong>in</strong></span> <span class='ocrx_word' id='word_1_717' title='bbox 2563 3492 3019 3564; x_wconf 88' lang='lat' dir='ltr'><strong>superhumerali,</strong></span> <span class='ocrx_word' id='word_1_718' title='bbox 3043 3492 3317 3548; x_wconf 86' lang='lat' dir='ltr'><strong>bonorum</strong></span> <span class='ocrx_word' id='word_1_719' title='bbox 3339 3502 3558 3560; x_wconf 89' lang='lat' dir='ltr'><strong>operum</strong></span> <span class='ocrx_word' id='word_1_720' title='bbox 3580 3491 3734 3545; x_wconf 72' lang='lat' dir='ltr'><strong>actus;</strong></span> 
     </span>
    </p>
   </div>
   <div class='ocr_carea' id='block_1_96' title="bbox 2170 3572 3726 3656">
    <p class='ocr_par' dir='ltr' id='par_1_96' title="bbox 2170 3572 3726 3656">
     <span class='ocr_line' id='line_1_96' title="bbox 2170 3572 3726 3656; baseline -0.01 -17"><span class='ocrx_word' id='word_1_721' title='bbox 2170 3584 2226 3641; x_wconf 92' lang='lat' dir='ltr'><strong>in</strong></span> <span class='ocrx_word' id='word_1_722' title='bbox 2258 3585 2441 3640; x_wconf 90' lang='lat' dir='ltr'><strong>tunica</strong></span> <span class='ocrx_word' id='word_1_723' title='bbox 2465 3584 2833 3656; x_wconf 74' lang='lat' dir='ltr'><strong>hyacinthina,</strong></span> <span class='ocrx_word' id='word_1_724' title='bbox 2871 3583 3108 3640; x_wconf 75' lang='lat' dir='ltr'><strong>cmlestis</strong></span> <span class='ocrx_word' id='word_1_725' title='bbox 3150 3580 3526 3644; x_wconf 85' lang='lat' dir='ltr'><strong>conversatio;</strong></span> <span class='ocrx_word' id='word_1_726' title='bbox 3568 3576 3615 3628; x_wconf 90' lang='lat' dir='ltr'><strong>in</strong></span> <span class='ocrx_word' id='word_1_727' title='bbox 3644 3572 3726 3626; x_wconf 85' lang='lat' dir='ltr'><strong>tin-</strong></span> 
     </span>
    </p>
   </div>
   <div class='ocr_carea' id='block_1_97' title="bbox 2175 3664 3733 3745">
    <p class='ocr_par' dir='ltr' id='par_1_97' title="bbox 2175 3664 3733 3745">
     <span class='ocr_line' id='line_1_97' title="bbox 2175 3664 3733 3745; baseline -0.008 -16"><span class='ocrx_word' id='word_1_728' title='bbox 2175 3673 2486 3740; x_wconf 87' lang='lat' dir='ltr'><strong>tinnabulis,</strong></span> <span class='ocrx_word' id='word_1_729' title='bbox 2518 3673 2833 3745; x_wconf 72' lang='lat' dir='ltr'><strong>przedicatio</strong></span> <span class='ocrx_word' id='word_1_730' title='bbox 2852 3673 2995 3730; x_wconf 89' lang='lat' dir='ltr'><strong>sacri</strong></span> <span class='ocrx_word' id='word_1_731' title='bbox 3025 3672 3207 3737; x_wconf 87' lang='lat' dir='ltr'><strong>verbi;</strong></span> <span class='ocrx_word' id='word_1_732' title='bbox 3263 3671 3324 3725; x_wconf 92' lang='lat' dir='ltr'><strong>in</strong></span> <span class='ocrx_word' id='word_1_733' title='bbox 3370 3669 3547 3725; x_wconf 88' lang='lat' dir='ltr'><strong>tunica</strong></span> <span class='ocrx_word' id='word_1_734' title='bbox 3588 3664 3733 3725; x_wconf 74' lang='lat' dir='ltr'><strong>linea,</strong></span> 
     </span>
    </p>
   </div>
   <div class='ocr_carea' id='block_1_98' title="bbox 2171 3753 3725 3836">
    <p class='ocr_par' dir='ltr' id='par_1_98' title="bbox 2171 3753 3725 3836">
     <span class='ocr_line' id='line_1_98' title="bbox 2171 3753 3725 3836; baseline -0.011 -14"><span class='ocrx_word' id='word_1_735' title='bbox 2171 3780 2291 3836; x_wconf 83' lang='lat' dir='ltr'><strong>quae</strong></span> <span class='ocrx_word' id='word_1_736' title='bbox 2323 3773 2380 3821; x_wconf 92' lang='lat' dir='ltr'><strong>et</strong></span> <span class='ocrx_word' id='word_1_737' title='bbox 2398 3765 2489 3822; x_wconf 90' lang='lat' dir='ltr'><strong>hic</strong></span> <span class='ocrx_word' id='word_1_738' title='bbox 2513 3765 2889 3836; x_wconf 88' lang='lat' dir='ltr'><strong>circumpedes</strong></span> <span class='ocrx_word' id='word_1_739' title='bbox 2917 3765 3250 3828; x_wconf 88' lang='lat' dir='ltr'><strong>nominatur,</strong></span> <span class='ocrx_word' id='word_1_740' title='bbox 3276 3777 3347 3818; x_wconf 92' lang='lat' dir='ltr'><strong>eo</strong></span> <span class='ocrx_word' id='word_1_741' title='bbox 3372 3759 3514 3833; x_wconf 90' lang='lat' dir='ltr'><strong>quod</strong></span> <span class='ocrx_word' id='word_1_742' title='bbox 3537 3757 3598 3813; x_wconf 89' lang='lat' dir='ltr'><strong>ad</strong></span> <span class='ocrx_word' id='word_1_743' title='bbox 3614 3753 3725 3811; x_wconf 85' lang='lat' dir='ltr'><strong>talos</strong></span> 
     </span>
    </p>
   </div>
   <div class='ocr_carea' id='block_1_99' title="bbox 2170 3845 3722 3930">
    <p class='ocr_par' dir='ltr' id='par_1_99' title="bbox 2170 3845 3722 3930">
     <span class='ocr_line' id='line_1_99' title="bbox 2170 3845 3722 3930; baseline -0.008 -18"><span class='ocrx_word' id='word_1_744' title='bbox 2170 3856 2532 3930; x_wconf 84' lang='lat' dir='ltr'><strong>pertingebat,</strong></span> <span class='ocrx_word' id='word_1_745' title='bbox 2578 3857 2979 3913; x_wconf 91' lang='lat' dir='ltr'><strong>consummatio</strong></span> <span class='ocrx_word' id='word_1_746' title='bbox 3007 3855 3281 3912; x_wconf 89' lang='lat' dir='ltr'><strong>castitatis</strong></span> <span class='ocrx_word' id='word_1_747' title='bbox 3315 3854 3641 3913; x_wconf 87' lang='lat' dir='ltr'><strong>insinuatur;</strong></span> <span class='ocrx_word' id='word_1_748' title='bbox 3680 3845 3722 3899; x_wconf 85' lang='lat' dir='ltr'><strong>in</strong></span> 
     </span>
    </p>
   </div>
   <div class='ocr_carea' id='block_1_100' title="bbox 2173 3937 3720 4016">
    <p class='ocr_par' dir='ltr' id='par_1_100' title="bbox 2173 3937 3720 4016">
     <span class='ocr_line' id='line_1_100' title="bbox 2173 3937 3720 4016; baseline -0.003 -13"><span class='ocrx_word' id='word_1_749' title='bbox 2173 3948 2354 4004; x_wconf 62' lang='lat' dir='ltr'><strong>baltea)</strong></span> <span class='ocrx_word' id='word_1_750' title='bbox 2395 3948 2763 4013; x_wconf 89' lang='lat' dir='ltr'><strong>continentia;</strong></span> <span class='ocrx_word' id='word_1_751' title='bbox 2808 3949 2864 4003; x_wconf 90' lang='lat' dir='ltr'><strong>in</strong></span> <span class='ocrx_word' id='word_1_752' title='bbox 2908 3947 3101 4013; x_wconf 88' lang='lat' dir='ltr'><strong>cidari,</strong></span> <span class='ocrx_word' id='word_1_753' title='bbox 3155 3961 3277 4016; x_wconf 69' lang='lat' dir='ltr'><strong>qua:</strong></span> <span class='ocrx_word' id='word_1_754' title='bbox 3331 3952 3493 4015; x_wconf 89' lang='lat' dir='ltr'><strong>caput</strong></span> <span class='ocrx_word' id='word_1_755' title='bbox 3528 3937 3720 4010; x_wconf 56' lang='lat' dir='ltr'><strong>tegebat.</strong></span> 
     </span>
    </p>
   </div>
   <div class='ocr_carea' id='block_1_101' title="bbox 2170 4037 3721 4104">
    <p class='ocr_par' dir='ltr' id='par_1_101' title="bbox 2170 4037 3721 4104">
     <span class='ocr_line' id='line_1_101' title="bbox 2170 4037 3721 4104; baseline -0.008 -9"><span class='ocrx_word' id='word_1_756' title='bbox 2170 4039 2413 4095; x_wconf 89' lang='lat' dir='ltr'><strong>omnium</strong></span> <span class='ocrx_word' id='word_1_757' title='bbox 2442 4054 2699 4095; x_wconf 89' lang='lat' dir='ltr'><strong>sensuum</strong></span> <span class='ocrx_word' id='word_1_758' title='bbox 2731 4038 3009 4104; x_wconf 90' lang='lat' dir='ltr'><strong>custodia;</strong></span> <span class='ocrx_word' id='word_1_759' title='bbox 3043 4039 3097 4092; x_wconf 91' lang='lat' dir='ltr'><strong>in</strong></span> <span class='ocrx_word' id='word_1_760' title='bbox 3128 4037 3490 4094; x_wconf 88' lang='lat' dir='ltr'><strong>femuralibus</strong></span> <span class='ocrx_word' id='word_1_761' title='bbox 3516 4046 3632 4088; x_wconf 86' lang='lat' dir='ltr'><strong>vero</strong></span> <span class='ocrx_word' id='word_1_762' title='bbox 3647 4043 3721 4083; x_wconf 83' lang='lat' dir='ltr'><strong>ca-</strong></span> 
     </span>
    </p>
   </div>
   <div class='ocr_carea' id='block_1_102' title="bbox 2171 4128 3727 4202">
    <p class='ocr_par' dir='ltr' id='par_1_102' title="bbox 2171 4128 3727 4202">
     <span class='ocr_line' id='line_1_102' title="bbox 2171 4128 3727 4202; baseline -0.009 -16"><span class='ocrx_word' id='word_1_763' title='bbox 2171 4130 2425 4186; x_wconf 90' lang='lat' dir='ltr'><strong>stimonia</strong></span> <span class='ocrx_word' id='word_1_764' title='bbox 2449 4131 2695 4202; x_wconf 90' lang='lat' dir='ltr'><strong>corporis</strong></span> <span class='ocrx_word' id='word_1_765' title='bbox 2744 4138 2935 4187; x_wconf 89' lang='lat' dir='ltr'><strong>contra</strong></span> <span class='ocrx_word' id='word_1_766' title='bbox 2969 4130 3269 4187; x_wconf 78' lang='lat' dir='ltr'><strong>libidinem.</strong></span> <span class='ocrx_word' id='word_1_767' title='bbox 3318 4129 3526 4186; x_wconf 89' lang='lat' dir='ltr'><strong>Corona</strong></span> <span class='ocrx_word' id='word_1_768' title='bbox 3569 4128 3727 4178; x_wconf 79' lang='lat' dir='ltr'><strong>autem</strong></span> 
     </span>
    </p>
   </div>
   <div class='ocr_carea' id='block_1_103' title="bbox 2171 4210 3719 4294">
    <p class='ocr_par' dir='ltr' id='par_1_103' title="bbox 2171 4210 3719 4294">
     <span class='ocr_line' id='line_1_103' title="bbox 2171 4210 3719 4294; baseline -0.007 -18"><span class='ocrx_word' id='word_1_769' title='bbox 2171 4236 2334 4292; x_wconf 89' lang='lat' dir='ltr'><strong>super</strong></span> <span class='ocrx_word' id='word_1_770' title='bbox 2353 4223 2595 4290; x_wconf 88' lang='lat' dir='ltr'><strong>mitram,</strong></span> <span class='ocrx_word' id='word_1_771' title='bbox 2619 4222 2673 4278; x_wconf 93' lang='lat' dir='ltr'><strong>in</strong></span> <span class='ocrx_word' id='word_1_772' title='bbox 2697 4238 2803 4294; x_wconf 86' lang='lat' dir='ltr'><strong>qua</strong></span> <span class='ocrx_word' id='word_1_773' title='bbox 2828 4236 3149 4293; x_wconf 79' lang='lat' dir='ltr'><strong>expressum</strong></span> <span class='ocrx_word' id='word_1_774' title='bbox 3176 4229 3300 4277; x_wconf 86' lang='lat' dir='ltr'><strong>erat</strong></span> <span class='ocrx_word' id='word_1_775' title='bbox 3342 4221 3549 4288; x_wconf 85' lang='lat' dir='ltr'><strong>signum</strong></span> <span class='ocrx_word' id='word_1_776' title='bbox 3585 4210 3719 4269; x_wconf 85' lang='lat' dir='ltr'><strong>casti-</strong></span> 
     </span>
    </p>
   </div>
   <div class='ocr_carea' id='block_1_104' title="bbox 2172 4304 3717 4383">
    <p class='ocr_par' dir='ltr' id='par_1_104' title="bbox 2172 4304 3717 4383">
     <span class='ocr_line' id='line_1_104' title="bbox 2172 4304 3717 4383; baseline -0.016 -3"><span class='ocrx_word' id='word_1_777' title='bbox 2172 4314 2321 4379; x_wconf 73' lang='grc' dir='ltr'><strong>ωιίθ,</strong></span> <span class='ocrx_word' id='word_1_778' title='bbox 2355 4314 2461 4369; x_wconf 90' lang='lat' dir='ltr'><strong>hoc</strong></span> <span class='ocrx_word' id='word_1_779' title='bbox 2480 4323 2586 4379; x_wconf 91' lang='lat' dir='ltr'><strong>est,</strong></span> <span class='ocrx_word' id='word_1_780' title='bbox 2624 4330 2819 4370; x_wconf 89' lang='lat' dir='ltr'><strong>nomen</strong></span> <span class='ocrx_word' id='word_1_781' title='bbox 2845 4313 3231 4383; x_wconf 88' lang='lat' dir='ltr'><strong>omnipotentis</strong></span> <span class='ocrx_word' id='word_1_782' title='bbox 3255 4312 3377 4376; x_wconf 88' lang='lat' dir='ltr'><strong>Dei,</strong></span> <span class='ocrx_word' id='word_1_783' title='bbox 3404 4304 3717 4366; x_wconf 83' lang='lat' dir='ltr'><strong>honoriﬁcen-</strong></span> 
     </span>
    </p>
   </div>
   <div class='ocr_carea' id='block_1_105' title="bbox 2171 4402 3717 4476">
    <p class='ocr_par' dir='ltr' id='par_1_105' title="bbox 2171 4402 3717 4476">
     <span class='ocr_line' id='line_1_105' title="bbox 2171 4402 3717 4476; baseline -0.008 -18"><span class='ocrx_word' id='word_1_784' title='bbox 2171 4404 2304 4458; x_wconf 88' lang='lat' dir='ltr'><strong>tiam</strong></span> <span class='ocrx_word' id='word_1_785' title='bbox 2328 4404 2599 4476; x_wconf 90' lang='lat' dir='ltr'><strong>signilieat</strong></span> <span class='ocrx_word' id='word_1_786' title='bbox 2624 4404 2822 4459; x_wconf 74' lang='lat' dir='ltr'><strong>divina:</strong></span> <span class='ocrx_word' id='word_1_787' title='bbox 2848 4404 3171 4475; x_wconf 66' lang='lat' dir='ltr'><strong>maiestatis,</strong></span> <span class='ocrx_word' id='word_1_788' title='bbox 3196 4419 3364 4474; x_wconf 88' lang='lat' dir='ltr'><strong>quam</strong></span> <span class='ocrx_word' id='word_1_789' title='bbox 3403 4403 3455 4456; x_wconf 88' lang='lat' dir='ltr'><strong>in</strong></span> <span class='ocrx_word' id='word_1_790' title='bbox 3484 4413 3601 4454; x_wconf 83' lang='lat' dir='ltr'><strong>arce</strong></span> <span class='ocrx_word' id='word_1_791' title='bbox 3627 4402 3717 4448; x_wconf 83' lang='lat' dir='ltr'><strong>sla—</strong></span> 
     </span>
    </p>
   </div>
   <div class='ocr_carea' id='block_1_106' title="bbox 2173 4489 3717 4567">
    <p class='ocr_par' dir='ltr' id='par_1_106' title="bbox 2173 4489 3717 4567">
     <span class='ocr_line' id='line_1_106' title="bbox 2173 4489 3717 4567; baseline -0.008 -16"><span class='ocrx_word' id='word_1_792' title='bbox 2173 4504 2261 4552; x_wconf 92' lang='lat' dir='ltr'><strong>tus</strong></span> <span class='ocrx_word' id='word_1_793' title='bbox 2288 4498 2459 4553; x_wconf 90' lang='lat' dir='ltr'><strong>nostri</strong></span> <span class='ocrx_word' id='word_1_794' title='bbox 2483 4507 2542 4552; x_wconf 92' lang='lat' dir='ltr'><strong>et</strong></span> <span class='ocrx_word' id='word_1_795' title='bbox 2572 4512 2736 4567; x_wconf 91' lang='lat' dir='ltr'><strong>super</strong></span> <span class='ocrx_word' id='word_1_796' title='bbox 2763 4496 2946 4552; x_wconf 89' lang='lat' dir='ltr'><strong>omnia</strong></span> <span class='ocrx_word' id='word_1_797' title='bbox 2980 4504 3227 4551; x_wconf 89' lang='lat' dir='ltr'><strong>statuere</strong></span> <span class='ocrx_word' id='word_1_798' title='bbox 3255 4495 3538 4555; x_wconf 89' lang='lat' dir='ltr'><strong>debemus,</strong></span> <span class='ocrx_word' id='word_1_799' title='bbox 3579 4489 3642 4542; x_wconf 85' lang='lat' dir='ltr'><strong>ita</strong></span> <span class='ocrx_word' id='word_1_800' title='bbox 3672 4490 3717 4537; x_wconf 85' lang='lat' dir='ltr'><strong>ut</strong></span> 
     </span>
    </p>
   </div>
   <div class='ocr_carea' id='block_1_107' title="bbox 2173 4588 3716 4655">
    <p class='ocr_par' dir='ltr' id='par_1_107' title="bbox 2173 4588 3716 4655">
     <span class='ocr_line' id='line_1_107' title="bbox 2173 4588 3716 4655; baseline -0.008 -12"><span class='ocrx_word' id='word_1_801' title='bbox 2173 4589 2227 4643; x_wconf 90' lang='lat' dir='ltr'><strong>in</strong></span> <span class='ocrx_word' id='word_1_802' title='bbox 2249 4590 2505 4645; x_wconf 86' lang='lat' dir='ltr'><strong>omnibus</strong></span> <span class='ocrx_word' id='word_1_803' title='bbox 2526 4591 2738 4646; x_wconf 87' lang='lat' dir='ltr'><strong>actibus</strong></span> <span class='ocrx_word' id='word_1_804' title='bbox 2766 4589 2986 4655; x_wconf 90' lang='lat' dir='ltr'><strong>nostris,</strong></span> <span class='ocrx_word' id='word_1_805' title='bbox 3017 4588 3366 4645; x_wconf 83' lang='lat' dir='ltr'><strong>sermonibus</strong></span> <span class='ocrx_word' id='word_1_806' title='bbox 3386 4596 3442 4642; x_wconf 87' lang='lat' dir='ltr'><strong>et</strong></span> <span class='ocrx_word' id='word_1_807' title='bbox 3467 4592 3716 4643; x_wconf 79' lang='lat' dir='ltr'><strong>conversa—</strong></span> 
     </span>
    </p>
   </div>
   <div class='ocr_carea' id='block_1_108' title="bbox 2174 4667 3725 4753">
    <p class='ocr_par' dir='ltr' id='par_1_108' title="bbox 2174 4667 3725 4753">
     <span class='ocr_line' id='line_1_108' title="bbox 2174 4667 3725 4753; baseline -0.009 -19"><span class='ocrx_word' id='word_1_808' title='bbox 2174 4681 2321 4736; x_wconf 90' lang='lat' dir='ltr'><strong>tione</strong></span> <span class='ocrx_word' id='word_1_809' title='bbox 2348 4682 2737 4738; x_wconf 86' lang='lat' dir='ltr'><strong>houoriﬁcetur</strong></span> <span class='ocrx_word' id='word_1_810' title='bbox 2761 4682 2904 4737; x_wconf 89' lang='lat' dir='ltr'><strong>Deus</strong></span> <span class='ocrx_word' id='word_1_811' title='bbox 2924 4696 3025 4753; x_wconf 89' lang='lat' dir='ltr'><strong>per</strong></span> <span class='ocrx_word' id='word_1_812' title='bbox 3049 4678 3239 4737; x_wconf 76' lang='lat' dir='ltr'><strong>Jesum</strong></span> <span class='ocrx_word' id='word_1_813' title='bbox 3270 4679 3539 4737; x_wconf 81' lang='lat' dir='ltr'><strong>Christum</strong></span> <span class='ocrx_word' id='word_1_814' title='bbox 3566 4667 3725 4727; x_wconf 47' lang='lat' dir='ltr'><strong>Domim</strong></span> 
     </span>
    </p>
   </div>
   <div class='ocr_carea' id='block_1_109' title="bbox 2172 4765 3721 4845">
    <p class='ocr_par' dir='ltr' id='par_1_109' title="bbox 2172 4765 3721 4845">
     <span class='ocr_line' id='line_1_109' title="bbox 2172 4765 3721 4845; baseline -0.006 -17"><span class='ocrx_word' id='word_1_815' title='bbox 2172 4790 2302 4828; x_wconf 89' lang='lat' dir='ltr'><strong>num</strong></span> <span class='ocrx_word' id='word_1_816' title='bbox 2346 4783 2615 4837; x_wconf 90' lang='lat' dir='ltr'><strong>nostrum,</strong></span> <span class='ocrx_word' id='word_1_817' title='bbox 2666 4774 2760 4845; x_wconf 85' lang='lat' dir='ltr'><strong>qui</strong></span> <span class='ocrx_word' id='word_1_818' title='bbox 2814 4783 2898 4832; x_wconf 91' lang='lat' dir='ltr'><strong>est</strong></span> <span class='ocrx_word' id='word_1_819' title='bbox 2917 4784 3082 4845; x_wconf 88' lang='lat' dir='ltr'><strong>caput</strong></span> <span class='ocrx_word' id='word_1_820' title='bbox 3114 4774 3361 4843; x_wconf 72' lang='lat' dir='ltr'><strong>corporis</strong></span> <span class='ocrx_word' id='word_1_821' title='bbox 3403 4765 3721 4826; x_wconf 69' lang='lat' dir='ltr'><strong>Ecclesite,et.</strong></span> 
     </span>
    </p>
   </div>
   <div class='ocr_carea' id='block_1_110' title="bbox 2173 4862 3710 4932">
    <p class='ocr_par' dir='ltr' id='par_1_110' title="bbox 2173 4862 3710 4932">
     <span class='ocr_line' id='line_1_110' title="bbox 2173 4862 3710 4932; baseline -0.008 -12"><span class='ocrx_word' id='word_1_822' title='bbox 2173 4863 2425 4920; x_wconf 87' lang='lat' dir='ltr'><strong>Salvator</strong></span> <span class='ocrx_word' id='word_1_823' title='bbox 2444 4865 2712 4932; x_wconf 89' lang='lat' dir='ltr'><strong>omnium,</strong></span> <span class='ocrx_word' id='word_1_824' title='bbox 2753 4866 2991 4921; x_wconf 80' lang='lat' dir='ltr'><strong>maxime</strong></span> <span class='ocrx_word' id='word_1_825' title='bbox 3028 4865 3289 4920; x_wconf 88' lang='lat' dir='ltr'><strong>ﬁdelium.</strong></span> <span class='ocrx_word' id='word_1_826' title='bbox 3340 4864 3396 4919; x_wconf 89' lang='lat' dir='ltr'><strong>Si</strong></span> <span class='ocrx_word' id='word_1_827' title='bbox 3418 4863 3532 4932; x_wconf 70' lang='lat' dir='ltr'><strong>quis</strong></span> <span class='ocrx_word' id='word_1_828' title='bbox 3564 4862 3710 4912; x_wconf 80' lang='lat' dir='ltr'><strong>autem</strong></span> 
     </span>
    </p>
   </div>
   <div class='ocr_carea' id='block_1_111' title="bbox 2171 4945 3710 5029">
    <p class='ocr_par' dir='ltr' id='par_1_111' title="bbox 2171 4945 3710 5029">
     <span class='ocr_line' id='line_1_111' title="bbox 2171 4945 3710 5029; baseline -0.01 -16"><span class='ocrx_word' id='word_1_829' title='bbox 2171 4958 2609 5014; x_wconf 58' lang='lat' dir='ltr'><strong>horum’sensum</strong></span> <span class='ocrx_word' id='word_1_830' title='bbox 2634 4958 2930 5028; x_wconf 85' lang='lat' dir='ltr'><strong>spiritalem</strong></span> <span class='ocrx_word' id='word_1_831' title='bbox 2954 4958 3166 5029; x_wconf 86' lang='lat' dir='ltr'><strong>plenius</strong></span> <span class='ocrx_word' id='word_1_832' title='bbox 3181 4972 3341 5012; x_wconf 89' lang='lat' dir='ltr'><strong>nosse</strong></span> <span class='ocrx_word' id='word_1_833' title='bbox 3361 4954 3631 5010; x_wconf 88' lang='lat' dir='ltr'><strong>desiderat,</strong></span> <span class='ocrx_word' id='word_1_834' title='bbox 3649 4945 3710 4999; x_wconf 85' lang='lat' dir='ltr'><strong>le-</strong></span> 
     </span>
    </p>
   </div>
   <div class='ocr_carea' id='block_1_112' title="bbox 2170 5038 3704 5120">
    <p class='ocr_par' dir='ltr' id='par_1_112' title="bbox 2170 5038 3704 5120">
     <span class='ocr_line' id='line_1_112' title="bbox 2170 5038 3704 5120; baseline -0.009 -16"><span class='ocrx_word' id='word_1_835' title='bbox 2170 5057 2262 5120; x_wconf 85' lang='lat' dir='ltr'><strong>gat</strong></span> <span class='ocrx_word' id='word_1_836' title='bbox 2290 5057 2599 5104; x_wconf 87' lang='lat' dir='ltr'><strong>sancturum</strong></span> <span class='ocrx_word' id='word_1_837' title='bbox 2632 5049 2852 5104; x_wconf 79' lang='lat' dir='ltr'><strong>Patrum</strong></span> <span class='ocrx_word' id='word_1_838' title='bbox 2880 5050 3129 5105; x_wconf 85' lang='lat' dir='ltr'><strong>diversos</strong></span> <span class='ocrx_word' id='word_1_839' title='bbox 3153 5056 3416 5103; x_wconf 80' lang='lat' dir='ltr'><strong>tractatus</strong></span> <span class='ocrx_word' id='word_1_840' title='bbox 3465 5045 3527 5099; x_wconf 83' lang='lat' dir='ltr'><strong>de</strong></span> <span class='ocrx_word' id='word_1_841' title='bbox 3554 5038 3704 5095; x_wconf 81' lang='lat' dir='ltr'><strong>taber-</strong></span> 
     </span>
    </p>
   </div>
   <div class='ocr_carea' id='block_1_113' title="bbox 2171 5134 3707 5207">
    <p class='ocr_par' dir='ltr' id='par_1_113' title="bbox 2171 5134 3707 5207">
     <span class='ocr_line' id='line_1_113' title="bbox 2171 5134 3707 5207; baseline -0.007 -12"><span class='ocrx_word' id='word_1_842' title='bbox 2171 5139 2364 5195; x_wconf 88' lang='lat' dir='ltr'><strong>naculo</strong></span> <span class='ocrx_word' id='word_1_843' title='bbox 2390 5139 2508 5206; x_wconf 90' lang='lat' dir='ltr'><strong>Dei,</strong></span> <span class='ocrx_word' id='word_1_844' title='bbox 2556 5148 2613 5196; x_wconf 88' lang='lat' dir='ltr'><strong>et</strong></span> <span class='ocrx_word' id='word_1_845' title='bbox 2648 5141 2890 5196; x_wconf 90' lang='lat' dir='ltr'><strong>vestibus</strong></span> <span class='ocrx_word' id='word_1_846' title='bbox 2912 5139 3372 5202; x_wconf 87' lang='lat' dir='ltr'><strong>sacerdotalibus;</strong></span> <span class='ocrx_word' id='word_1_847' title='bbox 3405 5146 3618 5207; x_wconf 85' lang='lat' dir='ltr'><strong>quorum</strong></span> <span class='ocrx_word' id='word_1_848' title='bbox 3643 5134 3707 5180; x_wconf 74' lang='lat' dir='ltr'><strong>t2-</strong></span> 
     </span>
    </p>
   </div>
   <div class='ocr_carea' id='block_1_114' title="bbox 2170 5230 3704 5302">
    <p class='ocr_par' dir='ltr' id='par_1_114' title="bbox 2170 5230 3704 5302">
     <span class='ocr_line' id='line_1_114' title="bbox 2170 5230 3704 5302; baseline -0.007 -16"><span class='ocrx_word' id='word_1_849' title='bbox 2170 5246 2297 5286; x_wconf 89' lang='lat' dir='ltr'><strong>men</strong></span> <span class='ocrx_word' id='word_1_850' title='bbox 2331 5231 2707 5301; x_wconf 89' lang='lat' dir='ltr'><strong>compendium</strong></span> <span class='ocrx_word' id='word_1_851' title='bbox 2744 5231 2790 5286; x_wconf 89' lang='lat' dir='ltr'><strong>si</strong></span> <span class='ocrx_word' id='word_1_852' title='bbox 2817 5232 3116 5301; x_wconf 63' lang='lat' dir='ltr'><strong>quaesierit,</strong></span> <span class='ocrx_word' id='word_1_853' title='bbox 3145 5230 3289 5302; x_wconf 86' lang='lat' dir='ltr'><strong>legat</strong></span> <span class='ocrx_word' id='word_1_854' title='bbox 3331 5236 3559 5285; x_wconf 88' lang='lat' dir='ltr'><strong>nostrum</strong></span> <span class='ocrx_word' id='word_1_855' title='bbox 3593 5231 3704 5288; x_wconf 77' lang='lat' dir='ltr'><strong>opu-</strong></span> 
     </span>
    </p>
   </div>
   <div class='ocr_carea' id='block_1_115' title="bbox 2170 5316 3712 5392">
    <p class='ocr_par' dir='ltr' id='par_1_115' title="bbox 2170 5316 3712 5392">
     <span class='ocr_line' id='line_1_115' title="bbox 2170 5316 3712 5392; baseline -0.006 -14"><span class='ocrx_word' id='word_1_856' title='bbox 2170 5322 2378 5378; x_wconf 86' lang='lat' dir='ltr'><strong>sculum</strong></span> <span class='ocrx_word' id='word_1_857' title='bbox 2400 5321 2541 5392; x_wconf 86' lang='lat' dir='ltr'><strong>quod</strong></span> <span class='ocrx_word' id='word_1_858' title='bbox 2564 5336 2730 5392; x_wconf 85' lang='lat' dir='ltr'><strong>super</strong></span> <span class='ocrx_word' id='word_1_859' title='bbox 2753 5321 2921 5377; x_wconf 77' lang='lat' dir='ltr'><strong>Exodi</strong></span> <span class='ocrx_word' id='word_1_860' title='bbox 2936 5322 3133 5376; x_wconf 81' lang='lat' dir='ltr'><strong>librum</strong></span> <span class='ocrx_word' id='word_1_861' title='bbox 3147 5316 3570 5392; x_wconf 85' lang='lat' dir='ltr'><strong>quatuorlibellis</strong></span> <span class='ocrx_word' id='word_1_862' title='bbox 3586 5324 3712 5366; x_wconf 82' lang='lat' dir='ltr'><strong>com--</strong></span> 
     </span>
    </p>
   </div>
   <div class='ocr_carea' id='block_1_116' title="bbox 2168 5406 3702 5484">
    <p class='ocr_par' dir='ltr' id='par_1_116' title="bbox 2168 5406 3702 5484">
     <span class='ocr_line' id='line_1_116' title="bbox 2168 5406 3702 5484; baseline -0.006 -15"><span class='ocrx_word' id='word_1_863' title='bbox 2168 5412 2579 5484; x_wconf 86' lang='lat' dir='ltr'><strong>prehendimus,</strong></span> <span class='ocrx_word' id='word_1_864' title='bbox 2637 5421 2693 5467; x_wconf 91' lang='lat' dir='ltr'><strong>ct</strong></span> <span class='ocrx_word' id='word_1_865' title='bbox 2740 5412 2834 5478; x_wconf 87' lang='lat' dir='ltr'><strong>ibi,</strong></span> <span class='ocrx_word' id='word_1_866' title='bbox 2884 5413 2939 5467; x_wconf 90' lang='lat' dir='ltr'><strong>ni</strong></span> <span class='ocrx_word' id='word_1_867' title='bbox 2974 5412 3150 5479; x_wconf 82' lang='lat' dir='ltr'><strong>fallor,</strong></span> <span class='ocrx_word' id='word_1_868' title='bbox 3207 5413 3441 5469; x_wconf 84' lang='lat' dir='ltr'><strong>inveniet</strong></span> <span class='ocrx_word' id='word_1_869' title='bbox 3466 5406 3593 5479; x_wconf 75' lang='lat' dir='ltr'><strong>quod</strong></span> <span class='ocrx_word' id='word_1_870' title='bbox 3614 5413 3702 5457; x_wconf 59' lang='lat' dir='ltr'><strong>suae</strong></span> 
     </span>
    </p>
   </div>
   <div class='ocr_carea' id='block_1_117' title="bbox 2171 5503 2810 5574">
    <p class='ocr_par' dir='ltr' id='par_1_117' title="bbox 2171 5503 2810 5574">
     <span class='ocr_line' id='line_1_117' title="bbox 2171 5503 2810 5574; baseline -0.006 -13"><span class='ocrx_word' id='word_1_871' title='bbox 2171 5505 2477 5574; x_wconf 76' lang='lat' dir='ltr'><strong>indigentia:</strong></span> <span class='ocrx_word' id='word_1_872' title='bbox 2496 5503 2810 5567; x_wconf 76' lang='lat' dir='ltr'><strong>satisfaciat.</strong></span> 
     </span>
    </p>
   </div>
   <div class='ocr_carea' id='block_1_118' title="bbox 2246 5580 3707 5667">
    <p class='ocr_par' dir='ltr' id='par_1_118' title="bbox 2246 5580 3707 5667">
     <span class='ocr_line' id='line_1_118' title="bbox 2246 5580 3707 5667; baseline -0.01 -13"><span class='ocrx_word' id='word_1_873' title='bbox 2246 5616 2265 5648; x_wconf 70' lang='grc' dir='ltr'>ι</span> <span class='ocrx_word' id='word_1_874' title='bbox 2309 5595 2587 5653; x_wconf 85' lang='lat' dir='ltr'><strong>Sacriﬁcia</strong></span> <span class='ocrx_word' id='word_1_875' title='bbox 2613 5596 2782 5667; x_wconf 90' lang='lat' dir='ltr'><strong>ipsius</strong></span> <span class='ocrx_word' id='word_1_876' title='bbox 2810 5605 3131 5667; x_wconf 85' lang='lat' dir='ltr'><strong>consumpta</strong></span> <span class='ocrx_word' id='word_1_877' title='bbox 3178 5606 3304 5652; x_wconf 90' lang='lat' dir='ltr'><strong>sunt</strong></span> <span class='ocrx_word' id='word_1_878' title='bbox 3338 5595 3456 5666; x_wconf 83' lang='lat' dir='ltr'><strong>igne</strong></span> <span class='ocrx_word' id='word_1_879' title='bbox 3478 5580 3707 5662; x_wconf 56' lang='grc' dir='ltr'><strong>ψιυιίϋε..</strong></span> 
     </span>
    </p>
   </div>
   <div class='ocr_carea' id='block_1_119' title="bbox 2176 5674 3699 5765">
    <p class='ocr_par' dir='ltr' id='par_1_119' title="bbox 2176 5674 3699 5765">
     <span class='ocr_line' id='line_1_119' title="bbox 2176 5674 3699 5765; baseline -0.006 -22"><span class='ocrx_word' id='word_1_880' title='bbox 2176 5709 2195 5743; x_wconf 83' lang='grc'><em>‹</em></span> <span class='ocrx_word' id='word_1_881' title='bbox 2240 5688 2539 5765; x_wconf 84' lang='lat' dir='ltr'><strong>Cumplevit</strong></span> <span class='ocrx_word' id='word_1_882' title='bbox 2585 5688 2795 5759; x_wconf 80' lang='lat' dir='ltr'><strong>Moyses</strong></span> <span class='ocrx_word' id='word_1_883' title='bbox 2853 5704 3073 5743; x_wconf 88' lang='lat' dir='ltr'><strong>manum</strong></span> <span class='ocrx_word' id='word_1_884' title='bbox 3133 5688 3273 5759; x_wconf 83' lang='lat' dir='ltr'><strong>ejus,</strong></span> <span class='ocrx_word' id='word_1_885' title='bbox 3319 5695 3371 5740; x_wconf 85' lang='lat' dir='ltr'><strong>et</strong></span> <span class='ocrx_word' id='word_1_886' title='bbox 3408 5674 3699 5738; x_wconf 73' lang='lat' dir='ltr'><strong>unxitiilum</strong></span> 
     </span>
    </p>
   </div>
   <div class='ocr_carea' id='block_1_120' title="bbox 2179 5776 3697 5839">
    <p class='ocr_par' dir='ltr' id='par_1_120' title="bbox 2179 5776 3697 5839">
     <span class='ocr_line' id='line_1_120' title="bbox 2179 5776 3697 5839; baseline -0.011 -1"><span class='ocrx_word' id='word_1_887' title='bbox 2179 5803 2196 5833; x_wconf 80' lang='grc'><em>‹</em></span> <span class='ocrx_word' id='word_1_888' title='bbox 2241 5782 2363 5838; x_wconf 88' lang='lat' dir='ltr'><strong>oleo</strong></span> <span class='ocrx_word' id='word_1_889' title='bbox 2386 5788 2595 5839; x_wconf 81' lang='lat' dir='ltr'><strong>sancto.</strong></span> <span class='ocrx_word' id='word_1_890' title='bbox 2630 5778 2854 5838; x_wconf 80' lang='lat' dir='ltr'><strong>Factum</strong></span> <span class='ocrx_word' id='word_1_891' title='bbox 2886 5788 2968 5836; x_wconf 84' lang='lat' dir='ltr'><strong>est</strong></span> <span class='ocrx_word' id='word_1_892' title='bbox 2993 5780 3066 5836; x_wconf 75' lang='lat' dir='ltr'><strong>illi</strong></span> <span class='ocrx_word' id='word_1_893' title='bbox 3091 5780 3144 5836; x_wconf 92' lang='lat' dir='ltr'><strong>in</strong></span> <span class='ocrx_word' id='word_1_894' title='bbox 3188 5776 3697 5838; x_wconf 80' lang='lat' dir='ltr'><strong>testamentum</strong></span> 
     </span>
    </p>
   </div>
  </div>
