4030 6462
302 378 446 437 1083

1183 379 1536 438 COMMENT.
1576 379 1642 436 IN
1682 379 2296 440 ECCLESIASTICUM.
2335 413 2406 427 -
2440 382 2567 442 LIB.
2610 380 2680 443 Χ.

3431 358 3586 452 16ρό

310 510 329 543 α
377 496 527 554 num,
558 496 615 544 et
634 489 829 547 semini
859 491 977 563 eius
999 491 1140 547 sicut
1160 490 1280 547 dies
1313 489 1457 546 coeli.
1490 488 1660 562 Fungi
1707 506 1883 545 sacer-
1914 498 1962 556 Α
1991 492 2259 560 Eleazari,
2288 504 2348 549 ιιι
2374 495 2734 553 Numerorum
2775 492 2913 555 liber
2938 501 3091 558 testis
3136 511 3239 570 est,
3272 512 3569 562 testamew-

309 597 329 632 ι
371 579 540 647 dolio,
596 587 653 637 et
697 580 899 637 habere
921 582 1153 649 laudem,
1205 590 1259 637 et
1301 581 1606 653 gloriﬁcare
1628 582 1886 653 populum

296 688 331 723 ι
375 686 531 727 suum
559 672 612 727 in
627 674 845 730 nomine
864 690 981 731 suo.
999 675 1181 747 Ipsum
1208 674 1374 745 elegit
1394 675 1462 730 ah
1483 674 1630 729 omni
1651 674 1883 741 vivente,

309 780 330 816 ο
373 763 570 821 offerre
598 767 922 822 sacriﬁcium
948 767 1081 832 Deo,
1115 768 1415 833 incensum,
1447 775 1501 822 et
1527 768 1725 821 bonum
1751 767 1887 822 odo-

308 872 330 906 σ
374 866 514 920 rem,
541 855 598 911 in
619 857 934 912 memoriam
959 857 1173 928 placare
1188 866 1286 927 pro
1304 856 1638 927 populosuo:
1669 865 1722 912 et
1741 855 1890 912 dedit

308 964 328 997 ι
371 945 444 1000 illi
481 946 534 1001 in
564 948 848 1018 przeceptis
866 948 979 1003 suis
1007 956 1351 1019 potestatem,
1385 948 1520 1003 etin
1546 946 1889 1005 testamentis

308 1056 327 1089 ο
368 1038 695 1108 iudiciomm
720 1040 912 1096 dooere
937 1039 1105 1096 Jacob
1133 1040 1462 1106 testimonia,
1482 1048 1536 1095 et
1559 1040 1614 1096 in
1645 1040 1761 1111 lege
1788 1053 1887 1095 sua

307 1147 329 1183 ι
371 1131 545 1187 lucem
599 1132 729 1188 dare
773 1132 959 1188 Israel.
1007 1133 1143 1201 Quia
1181 1141 1371 1189 contra
1427 1134 1575 1188 illum
1616 1140 1887 1190 steterunt

294 1236 327 1269 ·‹
373 1218 556 1286 alieni,
595 1229 651 1275 et
674 1230 896 1292 propter
918 1222 1172 1277 invidiam
1198 1223 1672 1278 circumdederunt
1714 1223 1885 1288 illum,

306 1327 326 1363 ι
374 1310 428 1365 in
453 1310 669 1366 deserto
691 1314 938 1368 homines
958 1313 1049 1383 qui
1080 1322 1236 1368 erant
1264 1328 1390 1369 cum
1430 1314 1642 1369 Dathan
1672 1322 1727 1369 et
1759 1313 1890 1368 Abi-

308 1417 328 1450 ι
372 1416 502 1465 ron;
540 1410 595 1455 et
619 1403 965 1473 congregatio
993 1402 1134 1458 Core
1162 1402 1216 1457 in
1243 1403 1543 1458 iracundia.
1588 1404 1737 1460 Vidit
1783 1404 1887 1458 Do-

305 1509 325 1542 ο
369 1490 550 1546 minus
599 1492 761 1557 Deus,
785 1501 974 1548 etnon
997 1494 1203 1564 placuit
1224 1492 1325 1562 illi,
1348 1502 1404 1549 et
1433 1496 1735 1565 consumpti
1762 1504 1889 1551 sunt

306 1596 327 1629 ε
374 1578 429 1633 in
457 1576 660 1649 impetu
690 1582 1011 1637 iracundiae:
1043 1583 1173 1637 fecit
1214 1583 1319 1638 illis
1363 1593 1622 1647 monstra,
1662 1592 1718 1639 et
1757 1600 1890 1640 con-

305 1687 328 1722 ι
372 1673 601 1742 sumpsit
625 1688 719 1729 eos
741 1674 795 1728 in
818 1672 1035 1729 flamma
1079 1675 1240 1745 ignis,
1263 1683 1319 1731 et
1345 1675 1553 1730 addidit
1575 1675 1755 1731 Aaron
1778 1677 1890 1747 glo-

305 1780 325 1814 ι
372 1761 532 1818 riam.
562 1763 631 1818 Et
649 1764 795 1819 dedit
820 1765 892 1819 illi
916 1766 1309 1833 htereditatem,
1329 1767 1883 1837 primitiasl'ructuum

1992 590 2103 639 tum
2138 584 2287 656 pacis
2315 586 2435 642 ideo
2465 604 2495 641 a
2527 588 2756 646 Domino
2805 592 3032 663 accepit,
3055 594 3180 664 quia
3212 596 3328 651 zelo
3355 596 3450 653 Dei
3481 596 3570 653 in-

1989 675 2218 748 stigatus
2245 678 2420 732 virum
2450 678 2747 735 Israclitam
2785 680 3141 739 t‘ornicantem
3178 701 3303 741 cum
3344 686 3575 745 muliere

1990 765 2277 822 Madianita
2308 768 2465 822 simul
2496 769 2784 826 interfecit.
2812 773 2889 828 De
2910 764 3016 844 quo
3038 774 3088 829 in
3112 786 3409 833 memorato
3433 777 3573 835 libro

1990 856 2205 928 legitur,
2232 859 2376 930 quod
2407 859 2668 916 Dominus
2691 863 2891 918 dixerit
2917 865 2984 918 ad
3008 864 3256 937 Moysen:
3291 885 3309 918 ι
3343 867 3576 927 Phinees

1990 952 2130 1009 ﬁlius
2179 954 2423 1009 Eleazari
2479 954 2576 1011 lilii
2623 956 2802 1012 Aaron
2857 959 3153 1014 sacerdotis
3201 962 3398 1016 avertit
3438 961 3573 1017 iram

1992 1062 2169 1103 meam
2196 1062 2228 1101 a
2273 1046 2398 1104 ﬁliis
2422 1046 2611 1112 Israel,
2641 1048 2765 1118 quia
2815 1048 2932 1105 zelo
2981 1065 3100 1105 meo
3147 1060 3448 1107 commotus
3492 1061 3578 1107 est

1991 1145 2185 1192 contra
2225 1152 2339 1203 eos,
2382 1145 2444 1191 ut
2494 1151 2600 1192 non
2642 1136 2758 1207 ipse
2779 1137 3013 1194 delerem
3045 1138 3184 1195 ﬁlios
3206 1139 3439 1196 lsraeliu
3457 1142 3576 1196 zelo

1989 1242 2131 1282 meo.
2188 1227 2398 1283 Idcirco
2446 1227 2670 1298 loquere
2722 1229 2788 1283 ad
2841 1243 2988 1294 cunt,
3019 1245 3147 1285 ecce
3193 1232 3260 1287 do
3289 1232 3338 1287 ei
3387 1247 3576 1304 pacem

1990 1320 2209 1377 fcederis
2237 1321 2361 1387 mei,
2395 1330 2450 1376 et
2490 1323 2594 1376 erit
2617 1329 2725 1376 tam
2753 1321 2855 1392 ipsi
2904 1338 3065 1393 quam
3099 1324 3289 1379 semini
3319 1324 3460 1380 illius
3493 1333 3578 1380 est

1986 1423 2207 1483 pactum
2260 1413 2545 1469 sacerdotii
2596 1414 3005 1483 sempiternum,
3063 1414 3185 1485 quia
3240 1414 3444 1471 zelatus
3478 1431 3578 1487 pro

1990 1505 2100 1560 Deo
2153 1520 2270 1570 suo,
2320 1514 2374 1560 et
2410 1505 2649 1575 expiavit
2685 1506 2862 1562 scelus
2901 1506 3133 1561 ﬁliorum
3177 1506 3342 1562 Israel
3383 1507 3574 1580 (Num.

1987 1597 2139 1667 xxv).
2172 1615 2189 1648 ι
2218 1594 2381 1650 Juxta
2429 1596 2713 1666 mysticum
2742 1612 2957 1667 quoque
3006 1611 3225 1651 sensum
3272 1598 3411 1653 bene
3446 1597 3578 1653 Phi-

1996 1701 2111 1741 nea:
2140 1685 2253 1740 ﬁlio
2303 1685 2546 1740 Eleazari
2595 1686 2894 1742 sacerdotis
2933 1699 3153 1758 propter
3188 1687 3389 1753 zelum,
3415 1702 3577 1757 quem

2000 1778 2250 1834 exercuit
2271 1776 2325 1832 in
2351 1776 2764 1844 fornicantibus,
2810 1788 3027 1849 pactum
3058 1780 3373 1849 sempiterni
3402 1793 3579 1834 sacer-

304 1870 325 1903 ε
371 1861 532 1910 terra:
556 1855 740 1911 divisit
762 1855 863 1921 illi,
886 1871 1083 1926 panem
1115 1857 1248 1929 ipsis
1276 1859 1330 1913 in
1352 1858 1547 1929 primis
1587 1860 1805 1930 paravit
1832 1858 1886 1915 in
1914 1855 1964 1918 Β
2000 1867 2130 1922 dotii
2175 1867 2595 1936 repromittitur,
2635 1868 2759 1939 quia
2782 1869 3029 1940 quisquis
3055 1868 3170 1924 zelo
3198 1868 3296 1924 Dei
3316 1884 3579 1939 compun-

300 1965 325 1998 ς
365 1946 690 2001 satietatem.
726 1945 861 2000 Nam
892 1948 1161 2003 sacriﬁcia
1191 1948 1403 2005 Domini
1446 1950 1612 2005 edent
1646 1965 1768 2021 quae
1788 1950 1886 2007 de-

303 2057 323 2091 σ
370 2039 452 2093 dit
501 2038 604 2109 ipsi
639 2046 697 2094 et
743 2040 938 2097 semini
965 2040 1103 2110 ejus.
1147 2040 1417 2097 Cteterum
1446 2042 1502 2096 in
1525 2050 1671 2097 terra
1699 2050 1888 2114 gentes

303 2148 323 2182 c
370 2130 864 2196 non'btereditavit,
894 2140 951 2186 et
975 2146 1101 2202 pars
1134 2146 1241 2188 non
1277 2143 1362 2187 est
1384 2131 1460 2187 illi
1490 2133 1544 2187 in
1571 2141 1752 2205 gente.
1770 2133 1888 2205 Ipse

302 2241 322 2274 ι
366 2222 514 2277 enirn
543 2237 671 2294 pars
695 2222 813 2293 eius
840 2230 925 2278 est
972 2231 1029 2278 et
1068 2223 1375 2280 hancditas.
1417 2243 1437 2277 ι
1490 2224 1771 2293 Quomodo
1792 2241 1889 2281 au-

298 2322 409 2370 tem
440 2314 652 2387 Moyses
664 2315 844 2372 Aaron
867 2314 1096 2372 fratrem
1123 2331 1282 2373 suum
1295 2329 1350 2371 et
1366 2317 1504 2376 ﬁlios
1525 2317 1645 2388 ejus
1673 2319 1885 2374 unctio-

299 2407 385 2463 nis
409 2408 531 2464 oleo
559 2409 788 2466 Domino
839 2418 1205 2476 consecraret,
1243 2419 1300 2465 et
1331 2411 1520 2481 quales
1554 2411 1762 2468 hostias
1791 2426 1889 2483 pro

298 2513 358 2554 se
384 2499 439 2554 in
462 2498 551 2555 die
579 2499 851 2556 unctionis
870 2515 985 2557 sua:
1003 2499 1190 2557 oll‘erri
1218 2498 1458 2569 iuberet,
1479 2509 1536 2557 et
1555 2502 1623 2557 de
1648 2501 1762 2572 iugi
1788 2517 1888 2558 sa-

296 2588 509 2647 criﬁcio
529 2591 674 2660 quod
699 2590 943 2662 quotidie
982 2605 1142 2648 mane
1173 2600 1232 2647 et
1278 2605 1506 2663 vespere
1551 2591 1888 2650 offerendum

297 2693 441 2751 erat,
465 2693 525 2741 et
546 2686 615 2742 de
638 2687 853 2743 ceteris
870 2685 1063 2743 ciliciis
1096 2685 1217 2756 ejus
1241 2685 1380 2742 liber
1402 2685 1677 2742 Leviticus
1701 2686 1889 2756 copio-

298 2776 515 2832 sissime
538 2786 744 2845 narrat,
769 2793 870 2834 nec
889 2793 997 2835 non
1013 2777 1080 2833 de
1104 2777 1374 2835 seditione
1393 2775 1552 2842 Core,
1588 2777 1803 2833 Dathan
1836 2786 1891 2832 et

296 2870 525 2935 Abiron,
556 2885 719 2942 quam
745 2878 936 2928 contra
963 2871 1183 2943 Moysen
1211 2878 1269 2927 et
1288 2870 1467 2926 Aaron
1493 2871 1885 2937 excitaverant,

298 2973 358 3021 et
385 2964 456 3020 ob
480 2964 584 3019 hoc
603 2964 838 3020 vindicta
876 2964 933 3019 in
952 2979 1048 3020 eos
1072 2980 1103 3018 a
1133 2964 1364 3020 Domino
1392 2963 1601 3034 prolata
1626 2972 1731 3030 est,
1756 2963 1893 3019 liber

305 3057 668 3114 Numerorum
715 3057 1157 3114 manifestissime
1202 3057 1452 3114 declarat
1493 3056 1683 3129 (Num.
1740 3056 1886 3129 xvi):

1983 1965 2110 2015 ctus
2138 1958 2322 2014 carnis
2371 1974 2482 2014 sua:
2533 1959 2780 2016 stimulos
2820 1961 3181 2031 comprimere
3230 1961 3449 2034 satagit,
3491 1961 3578 2016 vel

1987 2067 2083 2109 eos
2110 2051 2203 2124 qui
2231 2052 2333 2108 sibi
2362 2052 2590 2123 subjecti
2619 2060 2761 2120 sunt,
2796 2068 2865 2109 ne
2896 2068 2996 2124 per
3036 2054 3316 2109 lasciviam
3349 2063 3404 2109 et
3452 2053 3577 2110 libi-

1988 2144 2167 2201 dinem
2225 2159 2256 2199 a
2306 2143 2554 2200 veritatis
2602 2145 2821 2200 tramite
2873 2144 3113 2210 devient,
3147 2145 3307 2216 digne
3351 2143 3578 2223 corripit

1989 2242 2151 2305 atque
2177 2244 2415 2301 coercet,
2468 2234 2782 2305 sempiterni
2824 2234 3114 2290 sacerdotii
3157 2233 3473 2307 dignitatem
3517 2233 3574 2288 in

1988 2325 2228 2381 Ecclesia
2252 2325 2346 2380 Dei
2378 2325 2602 2381 habebit
2622 2326 2690 2380 ad
2713 2325 2861 2380 illum
2891 2325 3229 2381 sacerdotem
3266 2324 3372 2379 rite
3397 2322 3570 2394 perti-

1989 2433 2144 2474 nens.
2175 2419 2253 2473 De
2272 2431 2379 2488 quo
2399 2417 2663 2487 scriptum
2686 2425 2799 2472 est:
2838 2435 2858 2468 ι
2896 2415 2977 2471 Tu
2999 2414 3329 2471 essacerdos
3346 2414 3399 2468 in
3417 2422 3577 2468 teter-

1996 2524 2125 2565 num
2172 2507 2465 2565 secundum
2490 2507 2736 2563 ordinem
2772 2506 3163 2562 Melchisedech
3190 2504 3364 2577 (Ρεαι.
3398 2503 3574 2573 013.)»

2007 2582 2141 2657 Cum
2173 2598 2289 2671 ipso
2321 2614 2545 2670 regnum
2570 2596 2955 2669 sempiternum
2982 2597 3032 2652 in
3058 2597 3176 2652 lucc
3202 2611 3434 2667 superna
3456 2608 3583 2666 pcr-

1987 2690 2282 2763 petualiter
2308 2688 2627 2761 possidebit.
2655 2690 3053 2760 Interpretatur
3099 2698 3278 2743 autem
3325 2686 3578 2754 Phinees,

1991 2800 2086 2840 ore
2107 2799 2360 2854 parcens,
2391 2782 2477 2836 vel
2510 2796 2607 2838 ore
2634 2781 2917 2851 requievit,
2945 2779 3030 2835 vel
3051 2780 3165 2835 oris
3193 2778 3581 2848 augurium,et

1990 2875 2219 2932 Eleazar
2239 2874 2386 2931 Deus
2409 2890 2563 2930 meus
2586 2874 2820 2945 adiutor,
2849 2874 2966 2928 sive
2991 2872 3083 2927 Dei
3105 2871 3452 2943 adiutorium.
3471 2870 3582 2924 Aa-

1994 2982 2091 3021 ron
2119 2981 2276 3021 mons
2299 2964 2654 3028 fortitudinis,
2682 2964 2797 3020 sive
2813 2978 2968 3020 mons
2994 2962 3172 3018 fortis.
3206 2962 3336 3030 Qua:
3357 2961 3577 3016 nomina

1992 3072 2098 3112 non
2129 3059 2423 3128 incongrue
2451 3056 2703 3119 eumdem
2731 3071 2952 3111 sensum
2994 3069 3155 3124 quem
3202 3051 3584 3124 proposuimus

300 3151 358 3207 in
393 3150 590 3221 quibus
621 3150 851 3222 mystice
889 3150 1297 3207 demonstratur
1324 3151 1468 3221 quod
1497 3151 1550 3206 hi
1576 3146 1667 3221 qui
1717 3149 1891 3206 Itzere-
1931 3218 1961 3222 Δ
1994 3148 2339 3220 exprimunt;
2365 3157 2489 3204 nam
2510 3148 2602 3218 qui
2623 3164 2717 3203 ore
2739 3163 2903 3218 prava
2923 3147 3068 3217 loqui
3089 3147 3283 3217 parcit,
3304 3153 3360 3200 et
3383 3152 3587 3218 myste-

300 3254 390 3296 ses
410 3218 488 3295 vet
510 3218 805 3295 schismata
854 3241 1033 3297 facere
1071 3218 1359 3305 conantur,
1387 3251 1445 3297 et
1474 3218 1673 3297 multos
1698 3256 1886 3297 secum
1917 3218 1963 3281 Ο
1994 3218 2081 3295 ria
2100 3240 2341 3296 calestia
2372 3240 2536 3297 verbo
2568 3241 2669 3294 rite
2686 3238 3023 3295 auditoribus
3052 3239 3164 3294 suis
3188 3238 3430 3308 exponit,
3484 3252 3585 3308 per

311 3331 581 3388 trahendo
604 3331 1313 3402 decipiuntcontemncntes
1339 3333 1648 3390 sacerdotes
1669 3331 1892 3400 Christi,
1995 3334 2095 3390 Dei
2120 3334 2450 3405 adiutorium
2472 3334 2623 3404 pimn
2663 3333 2903 3390 laborem
2935 3332 3175 3404 explens,
3232 3331 3300 3386 ad
3344 3338 3582 3386 montem

302 3432 360 3480 et
395 3438 455 3479 se
483 3423 683 3480 aclcro
720 3425 837 3494 eius
887 3424 1167 3495 plebisque
1220 3424 1478 3482 societate
1525 3431 1894 3496 segregantcs,
1997 3426 2353 3493 fortitudinis,
2395 3425 2461 3482 (le
2486 3442 2594 3497 quo
2648 3442 2745 3497 per
2798 3426 3124 3497 Prophetam
3164 3425 3429 3494 scriptum
3457 3431 3581 3479 est:

304 3515 634 3571 constituere
658 3515 857 3571 audent
879 3515 1139 3572 ecclesias
1177 3524 1232 3573 et
1270 3516 1416 3573 aliud
1444 3516 1631 3583 altare,
1652 3530 1897 3587 precem-

303 3622 410 3677 qne
436 3606 663 3662 alteram
688 3607 892 3664 illicitis
910 3609 1139 3665 vocibus
1186 3608 1414 3675 iaciunt,
1466 3610 1763 3666 Dominicae
1800 3610 1898 3664 ho-

303 3700 423 3755 stin:
445 3700 730 3756 veritatem
755 3716 856 3772 per
902 3700 1038 3758 falsa
1072 3701 1341 3758 sacriﬁcia
1387 3703 1758 3775 profanantes,
1793 3703 1894 3774 ipsi

302 3807 537 3863 quoque,
567 3809 693 3850 cum
713 3803 902 3851 contra
926 3795 1324 3853 ordinationem
1375 3797 1471 3853 Dei
1513 3798 1779 3863 nituntur,
1825 3798 1894 3852 ob

302 3883 623 3939 temeritatis
652 3885 938 3940 audaciam
963 3893 1123 3942 terra:
1149 3887 1394 3959 cotnpagi
1405 3889 1507 3943 bus
1538 3888 1733 3959 ruptis,
1765 3902 1894 3959 pro-

302 3973 471 4030 l'undo
500 3974 648 4030 hiatu
675 3985 1014 4047 merguntur.
1037 3976 1147 4034 Nec
1173 3986 1382 4034 tantum
1412 3979 1468 4035 hi
1499 3980 1592 4051 qui
1627 3981 1794 4036 duces
1808 3995 1898 4036 cr-

303 4080 490 4121 rorum
527 4074 676 4132 sunt,
724 4067 818 4122 sed
848 4076 904 4122 et
955 4067 1033 4123 illi
1063 4069 1156 4139 qui
1183 4072 1582 4127 consentiendo
1603 4073 1897 4143 participes

302 4156 616 4212 eoruindem
642 4156 819 4215 eﬁ‘ecti
843 4167 988 4224 sunt,
1020 4158 1075 4213 in
1102 4160 1280 4232 ignem
1305 4163 1493 4218 aeterni
1523 4160 1713 4231 judicii
1757 4179 1897 4234 pra:-

304 4258 495 4322 parata
522 4249 725 4307 ultione
748 4252 1021 4322 peribunt.
1053 4251 1257 4309 Christi
1280 4255 1427 4310 enim
1453 4256 1821 4312 sacerdotium
1841 4264 1899 4312 et

305 4342 447 4399 ritus
461 4343 855 4399 sacriﬁciorum
882 4345 951 4401 ab
971 4361 1036 4401 eo
1059 4346 1387 4404 constitutus
1404 4348 1460 4403 in
1487 4347 1743 4404 saeculum
1773 4363 1898 4420 per-

304 4441 508 4498 manet,
535 4449 637 4489 nec
672 4433 779 4491 ulla
821 4437 1246 4493 commutatione
1300 4440 1745 4495 commutabitur.
1793 4428 1893 4495 Cui

306 4532 461 4595 pater
479 4522 699 4593 iuravit,
734 4526 949 4584 dicens:
985 4550 1004 4580 ι
1037 4528 1117 4583 Tu
1148 4544 1208 4585 es
1236 4530 1491 4585 sacerdos
1531 4530 1585 4586 in
1629 4539 1894 4587 teternum

308 4631 355 4668 ι·
376 4618 673 4674 secundum
700 4620 955 4676 ‘ordinem
982 4619 1374 4678 Melchisedech
1402 4621 1576 4694 (Paul.
1608 4623 1743 4696 crs).
1782 4642 1802 4675 υ

926 4710 1154 4768 CAPUT
1203 4712 1275 4768 Χ.

936 4803 1014 4859 De
1048 4804 1268 4861 Phinee.

387 4911 407 4947 ι
451 4893 685 4952 Pbinees
717 4895 857 4953 ﬁlius
885 4884 1131 4954 Eleazari
1162 4900 1357 4956 tertius
1396 4900 1448 4955 in
1502 4901 1671 4972 gloria
1719 4910 1804 4957 est
1842 4918 1896 4957 m

317 5005 337 5040 ‹
384 4986 647 5043 imitando
683 4987 858 5059 ipsum
880 4990 933 5044 in
957 4990 1149 5046 timore
1164 4991 1475 5058 Domini,ct
1492 5002 1640 5048 stare
1663 4993 1714 5048 in
1746 5009 1898 5050 reve-

319 5096 337 5130 ι
387 5077 560 5133 rentia
590 5079 791 5149 gentis,
818 5080 872 5134 in
898 5081 1140 5138 bonitate
1169 5091 1225 5139 et
1244 5084 1530 5140 alacritate
1560 5086 1758 5140 anima:
1788 5101 1899 5143 suae

320 5188 338 5221 ι
386 5168 590 5239 placuit
635 5172 747 5227 Deo
796 5171 982 5229 Israel.
1029 5173 1154 5232 Ideo
1190 5178 1384 5232 statuit
1413 5177 1486 5233 illi
1513 5162 1898 5235 testamentum

321 5278 341 5312 ι
388 5260 555 5330 pacis,
575 5262 875 5334 principem
901 5273 1213 5323 sanctorum
1236 5276 1295 5324 et
1329 5268 1505 5339 gentis
1535 5284 1667 5337 suae,
1721 5278 1783 5326 ut
1830 5271 1904 5327 sit

323 5368 343 5402 ι
394 5349 473 5406 illi
501 5358 559 5407 et
581 5352 774 5409 semini
796 5353 914 5423 eius
933 5357 1222 5413 sacerdotii
1251 5357 1485 5430 dignitas
1510 5359 1564 5415 in
1613 5369 1896 5416 aeternum.

322 5458 345 5495 ι
387 5441 456 5499 Et
485 5448 866 5499 testamentum
889 5444 1058 5501 David
1086 5446 1232 5517 regis
1251 5446 1346 5502 ﬁlii
1375 5446 1529 5505 Iesse
1555 5450 1622 5505 de
1647 5449 1895 5507 tribum--

324 5554 344 5589 ι
387 5536 475 5602 da,
507 5536 799 5594 haereditas
820 5537 919 5608 ipsi
951 5546 1008 5594 et
1036 5540 1228 5596 semini
1256 5540 1395 5612 eius,
1426 5549 1485 5597 ut
1513 5540 1668 5599 daret
1688 5542 1901 5616 sapien-

325 5645 345 5677 σ
393 5626 523 5682 tiam
549 5626 603 5682 in
626 5643 723 5685 cor
745 5636 993 5684 nostrum
1019 5629 1266 5700 judicare
1296 5641 1512 5705 gentem
1543 5649 1697 5691 suam
1725 5635 1778 5690 in
1809 5635 1900 5707 iu-

328 5736 347 5769 ι
393 5717 564 5784 stitia,
594 5734 661 5776 ne
689 5720 1042 5777 abolereutur
1060 5722 1202 5777 bona
1225 5724 1489 5795 ipsorum,
1523 5735 1578 5782 et
1606 5726 1831 5797 gloriam
1847 5728 1901 5782 in

327 5828 347 5861 ι
389 5819 605 5882 gentem
649 5827 837 5869 eorum
884 5823 1143 5871 aeternam
1198 5815 1343 5875 fecit.
1403 5837 1424 5872 ι
1485 5817 1716 5878 I’hinces
1759 5817 1903 5876 ﬁlius

1922 4572 1975 4632 D

2003 3535 2023 3570 ι
2066 3516 2357 3572 Eritmons
2375 3516 2568 3571 domus
2596 3515 2809 3571 Domini
2839 3515 2893 3570 in
2922 3515 3182 3570 verticem
3208 3513 3493 3578 montium,
3532 3519 3589 3566 et

1999 3608 2297 3665 elevabitur
2369 3622 2532 3677 super
2600 3622 2791 3662 omnes
2854 3605 3020 3662 colles
3056 3604 3193 3677 (Isa.
3243 3606 3326 3676 ιι),
3369 3624 3388 3658 ι
3425 3603 3583 3659 bonis

1998 3702 2209 3758 actibus
2235 3701 2557 3767 ascendens,
2594 3700 2825 3756 feliciter
2862 3699 3160 3771 perveniet.
3206 3696 3360 3766 Quod
3401 3704 3584 3753 autem

1998 3797 2216 3863 dicitur,
2241 3792 2383 3868 quod
2412 3804 2793 3853 testamentum
2812 3796 2981 3852 David
3011 3796 3151 3868 regis
3182 3794 3274 3850 ﬁlii
3296 3795 3449 3851 Jessc
3474 3793 3587 3884 hic-

1999 3890 2286 3946 rcditatem
2318 3890 2395 3947 illi
2435 3898 2493 3946 et
2529 3891 2723 3946 semini
2760 3888 2878 3960 ejus
2900 3891 3281 3947 benedictione
3313 3898 3369 3946 ct
3417 3890 3587 3961 gloria

1997 3989 2257 4037 aeternam
2286 3981 2501 4049 fecerit,
2531 3982 2838 4040 ostenditur
2866 3982 3010 4053 quod
3047 3982 3215 4038 David
3238 3982 3291 4038 in
3334 3981 3590 4037 distribu-

1999 4074 2145 4129 tione
2176 4072 2552 4128 ministrorum
2577 4073 2788 4128 Domini
2806 4072 2932 4146 (qua
2960 4074 3120 4129 eosin
3143 4072 3333 4145 viginti
3354 4080 3590 4142 quatuor

1999 4169 2177 4217 sortes
2196 4161 2404 4227 divisit,
2432 4169 2491 4216 ut
2511 4162 2721 4217 vicibus
2749 4163 2862 4219 suis
2885 4162 3265 4217 ministrarent
3284 4178 3466 4217 coram
3482 4163 3589 4217 Do-

2000 4253 2169 4321 mino)
2193 4268 2300 4308 non
2321 4253 2614 4308 minoravit
2633 4253 2858 4324 gloriam
2884 4253 3140 4319 Phinees,
3166 4254 3260 4310 sed
3294 4256 3458 4309 etiam
3492 4271 3589 4308 au-
3676 4254 3681 4259 ’

1999 4345 2098 4400 xit.
2140 4344 2290 4400 Unde
2317 4345 2370 4400 in
2396 4343 2873 4415 Paralipomenon,
2906 4345 2996 4400 ubi
3023 4344 3221 4400 Corita:
3244 4360 3409 4415 super
3424 4360 3590 4416 opera

1999 4437 2307 4504 ministerii,
2339 4437 2594 4494 custodes
2618 4437 3008 4494 vestibulorum
3031 4438 3393 4504 tabernaculi,
3412 4446 3466 4494 et
3498 4437 3582 4492 l'a-

2000 4529 2165 4584 miliae
2193 4543 2382 4585 eorum
2420 4545 2519 4601 per
2541 4530 2690 4586 vices
2712 4538 3015 4587 castrorum
3041 4529 3251 4586 Domini
3277 4530 3588 4586 custodien-

2003 4631 2087 4678 tes
2115 4622 2395 4678 introitum
2428 4632 2822 4690 memorantur,
2848 4623 2922 4678 ita
2953 4621 3325 4695 subiungitur:
3384 4642 3402 4675 ι
3467 4621 3591 4678 ΡΙιὶ-

2002 4728 2134 4770 necs
2160 4721 2342 4768 autem
2375 4713 2520 4770 ﬁlius
2558 4714 2802 4770 Eleazari
2842 4722 2962 4770 erat
2988 4715 3096 4770 dux
3134 4730 3323 4771 eorum
3361 4713 3591 4770 Domino

1999 4804 2049 4877 (I
2078 4803 2206 4859 Par.
2231 4803 2307 4876 1x)
2353 4824 2372 4855 ι
2400 4819 2467 4859 ex
2489 4804 2594 4859 hoc
2617 4803 2825 4861 Hebraei
2860 4806 3081 4860 tradunt
3100 4807 3244 4875 quod
3272 4804 3411 4860 idem
3465 4803 3593 4859 Phi-

2003 4914 2137 4954 nees
2159 4899 2338 4954 adhuc
2360 4899 2412 4953 in
2442 4914 2507 4954 eo
2527 4908 2767 4969 tempore
2797 4899 3014 4967 vixerit,
3047 4906 3102 4955 et
3144 4899 3198 4954 in
3240 4896 3591 4953 tabernaculo

2001 4992 2149 5047 vices
2179 4989 2606 5044 ministrantium
2635 4988 2990 5045 ordinaverit.

2571 5081 2874 5138 CAPUT
2930 5080 3040 5137 XI.

2583 5170 2661 5228 De
2683 5171 2811 5228 Jesu
2838 5172 3005 5228 Nare.

2074 5265 2224 5339 (Car.
2254 5266 2425 5341 XLVI.)
2456 5284 2475 5318 ε
2504 5264 2687 5323 Fortis
2712 5267 2767 5322 in
2800 5265 2941 5323 bello
2963 5266 3089 5323 Jesu
3116 5265 3283 5335 Nave,
3308 5281 3592 5324 successor

2008 5376 2027 5410 r
2068 5357 2242 5430 Moysi
2265 5358 2321 5413 in
2345 5358 2647 5429 prophetis,
2676 5357 2768 5429 qui
2792 5357 2892 5413 fuit
2914 5374 3142 5430 magnus
3160 5361 3458 5417 secundum
3495 5378 3595 5417 no-

2012 5467 2032 5500 ι
2075 5465 2201 5505 men
2231 5465 2412 5515 suum,
2453 5450 2726 5507 maximus
2752 5450 2806 5505 in
2851 5450 3081 5508 salutem
3124 5452 3418 5509 electorum
3472 5452 3590 5522 Dei,

2012 5556 2031 5592 ι
2076 5553 2390 5611 expugnare
2438 5539 2782 5610 insurgentes
2814 5539 3018 5608 hostes,
3056 5552 3119 5598 ut
3165 5552 3594 5616 consequeretur

2011 5648 2031 5682 ι
2076 5630 2450 5688 hzereditatem
2477 5630 2665 5687 Israel.
2694 5630 2867 5700 Quam
2898 5633 3131 5706 gloriam
3157 5636 3384 5706 adeptus
3419 5641 3503 5690 est
3536 5633 3592 5690 in

2012 5740 2032 5776 ο
2078 5721 2315 5779 tollendo
2346 5739 2543 5779 manus
2572 5738 2721 5791 suas,
2748 5731 2804 5779 et
2829 5722 3089 5794 iactando
3112 5734 3301 5782 contra
3342 5724 3596 5782 civitates

2010 5836 2032 5873 ι
2070 5818 2435 5891 rhomphzeas.
2467 5838 2486 5872 ι
2515 5816 2674 5877 Jesus
2701 5832 2833 5891 ergo
2856 5817 2998 5877 ﬁlius
3022 5817 3170 5875 Nave
3208 5827 3264 5875 et
3293 5820 3509 5875 nomine
3536 5826 3590 5874 et
