4028 6472
555 362 696 425 ιιιθι

1207 356 1269 412 Β.
1308 350 1561 409 RABANI
1599 349 1818 408 MAURI
1855 347 2173 405 ARCHIEP.
2217 347 2528 407 MOGUNT.
2568 348 2859 408 OPERUM
2896 351 3079 407 PARS
3112 351 3152 406 I.

3650 358 3757 421 ten

556 487 714 554 gestu
761 486 947 551 typum
1006 472 1266 544 exprimit
1313 470 1640 537 Salvatoris,
1672 469 1758 536 cui
1812 468 1957 523 Deus
1989 475 2149 538 pater
2176 472 2223 531 Λ
2253 467 2449 524 divinae
2468 469 2921 525 comminationes
2942 485 3066 539 qua:
3094 470 3146 524 in
3182 468 3471 540 Seripturis
3495 471 3761 531 sacriseon-

562 594 582 626 ι
611 571 763 628 dedit
788 584 1006 634 nomen,
1031 567 1174 638 quod
1202 574 1286 622 est
1327 578 1490 634 super
1515 577 1676 619 omne
1702 576 1918 616 nomen.
1948 560 2150 615 Idcirco

556 663 609 717 in
635 661 855 719 nomine
901 657 1029 714 Jesu
1070 671 1232 713 omne
1262 672 1399 727 genu
1418 654 1679 719 ﬂectitur,
1700 650 2021 715 εοειεειίιιιιι,
2039 658 2150 704 ter-

556 755 817 815 restrium
870 760 925 806 et
972 748 1346 806 infernorum:
1379 766 1396 799 ι
1445 754 1502 801 ει
1539 745 1667 814 quia
1710 750 1795 799 est
1828 743 1934 797 hoc
1953 754 2151 796 nomen

494 842 501 845 ⁴
563 860 729 917 super
754 858 916 901 omne
950 857 1168 904 nomen,
1213 840 1418 894 ideirco
1463 837 1516 891 in
1570 835 1756 890 multis
1788 831 2154 903 generationi-

556 938 661 992 bus
711 951 742 990 a
787 932 932 989 nullo
985 929 1427 1003 coguominatmu
1456 934 1560 981 est.
1586 924 1820 996 Scripsit
1853 921 2064 993 Moyses
2088 920 2153 975 li-

559 1026 718 1081 brum
740 1023 987 1090 Genesis,
1022 1022 1075 1075 in
1102 1036 1214 1090 quo
1242 1019 1475 1089 leginms
1502 1017 1798 1082 Abraham,
1837 1022 1893 1069 et
1936 1030 2031 1069 eos
2059 1012 2151 1082 qui

557 1131 625 1171 ex
650 1133 715 1173 eo
743 1114 990 1189 generati
1017 1121 1167 1177 sunt,
1207 1111 1261 1167 in
1292 1110 1490 1180 quibus
1517 1116 1645 1164 sunt
1663 1107 1796 1178 justi
1818 1104 2154 1177 quampluri-

559 1211 655 1276 mi,
684 1209 778 1266 sed
799 1209 981 1264 nullus
1006 1222 1072 1262 ex
1099 1206 1231 1276 ipsis
1248 1203 1405 1260 Jesus
1427 1202 1623 1259 meruit
1656 1199 1960 1264 nominari;
1979 1214 2153 1268 neque

560 1301 694 1356 Abel
718 1298 879 1355 Jesus
901 1299 1078 1354 dictus
1105 1304 1220 1363 est;
1257 1310 1432 1364 neque
1456 1293 1547 1348 ille
1575 1292 1667 1363 qui
1697 1291 1865 1362 coepit
1898 1291 2154 1345 invocare

560 1406 764 1448 nomen
811 1388 1023 1446 Domini
1077 1388 1204 1453 Dei;
1256 1401 1431 1456 neque
1483 1384 1572 1439 ille
1600 1383 1694 1454 qui
1738 1381 2072 1453 placuitDeo
2099 1387 2155 1435 et

562 1481 855 1537 translatus
882 1489 986 1546 est,
1018 1480 1173 1550 cujus
1196 1493 1435 1547 unquam
1466 1491 1573 1532 non
1597 1484 1681 1531 est
1722 1474 1941 1528 inventa
1970 1487 2149 1539 mors;

561 1587 738 1642 neque
769 1571 858 1626 ille
879 1571 973 1641 qui
1001 1570 1054 1623 in
1078 1568 1428 1639 generatione
1446 1582 1545 1622 sua
1590 1565 1737 1621 solus
1753 1564 1935 1635 justus
1964 1564 2155 1618 inven—

561 1669 648 1715 tus
669 1668 751 1716 est
772 1659 915 1730 apud
952 1659 1119 1713 Deum
1150 1656 1293 1724 Noe;
1325 1657 1421 1713 sed
1450 1672 1520 1711 ne
1543 1656 1657 1727 ipse
1685 1654 1904 1725 quidem
1931 1653 2023 1724 qui
2064 1668 2152 1708 re-

554 1753 951 1823 promissiones
1000 1760 1288 1822 acceperat
1343 1748 1655 1805 testamenti
1694 1748 2000 1812 Abraham;
2052 1761 2153 1803 nec

2256 570 2336 614 tra
2360 561 2635 630 improbos
2663 560 2915 631 leguntur
2940 561 3183 631 prolatae,
3211 560 3306 616 ubi
3333 561 3566 632 gebenna
3590 564 3707 635 ignis
3722 576 3767 625 et

2249 666 2412 723 pinna
2439 654 2521 708 eis
2554 654 2871 723 praedicitur
2887 665 3171 725 perpetua.
3196 654 3317 711 Hoc
3338 671 3473 727 ergo
3490 659 3771 719 modulos.

2252 761 2377 800 cum
2399 745 2627 800 ducibus
2655 753 2712 799 et
2736 745 3028 802 virtutibus
3071 746 3187 801 suis
3210 745 3370 802 adest
3392 747 3477 803 bis
3493 749 3579 818 qm’
3598 766 3767 820 prono-

2252 836 2399 891 mine
2425 851 2525 892 suo
2555 837 2847 893 contrariis
2867 837 3161 894 virtutibus
3181 848 3578 909 oppugnantur;
3607 852 3659 898 et
3689 861 3769 902 non

2252 926 2424 983 solum
2453 927 2712 982 auxilium
2737 936 2962 997 prestat
2986 928 3041 983 in
3069 927 3228 992 bello,
3262 944 3452 984 verum
3492 940 3545 986 et
3580 934 3772 1003 producit

2256 1030 2465 1091 tempus
2483 1021 2612 1087 diei,
2643 1030 2698 1077 et
2722 1022 2894 1092 spatia
2923 1021 3062 1078 lueis
3084 1023 3368 1092 protelans
3413 1023 3673 1081 adventum
3694 1027 3774 1083 (lis-

2246 1114 2389 1167 cutit
2440 1112 2799 1169 noctis..Dies
2845 1113 3162 1183 producitur
3198 1122 3256 1170 et
3293 1112 3541 1171 ,diﬁ‘ertur
3578 1130 3773 1184 occasus,

2254 1221 2355 1262 nec
2384 1221 2623 1275 unquam
2654 1205 2736 1261 sol
2775 1206 3067 1272 occumbit,
3095 1208 3189 1263 sed
3210 1221 3429 1277 semper
3454 1208 3638 1275 oritur,
3679 1210 3775 1265 dun

2252 1296 2589 1352 credentimn
2617 1298 2874 1354 cordibus
2894 1298 2977 1354 sol
2998 1296 3225 1367 iustitiae
3250 1299 3436 1356 lumen
3463 1300 3682 1356 veritatis
3719 1302 3777 1357 in-

2251 1386 2450 1442 fundit.
2479 1386 2615 1453 Cum
2628 1403 2760 1447 vero
2788 1389 2995 1459 repleta
3017 1388 3186 1446 fuerit
3207 1404 3466 1445 mensura
3486 1390 3776 1455 credentium,

2252 1487 2311 1533 et
2342 1480 2579 1536 deterior
2601 1494 2715 1549 jam
2742 1497 2806 1536 ac
2830 1482 3056 1538 decolor
3080 1491 3214 1538 artas
3240 1482 3446 1539 ultima:
3480 1486 3781 1556 generationis

2244 1571 2535 1626 advenerit
2550 1589 2566 1637 ;
2580 1586 2706 1627 cum
2730 1572 3072 1630 increscente
3095 1574 3385 1643 iniquitate
3400 1573 3782 1647 refrigescetcha—

2246 1663 2389 1718 ritas
2417 1663 2735 1730 multorum,
2767 1673 2824 1719 et
2870 1666 3126 1736 perpauci
3160 1666 3543 1731 remanserint,
3572 1667 3781 1736 inquibus

2256 1752 2391 1809 ﬁdes
2421 1754 2759 1810 inveniatur:
2812 1763 2940 1811 tunc
2958 1755 3073 1825 jam
3098 1757 3492 1812 breviabuntur
3517 1757 3637 1813 dies.
3674 1756 3781 1813 Iden

565 1844 654 1899 ille
676 1844 769 1915 qui
793 1846 858 1901 de
894 1858 960 1898 eo
998 1852 1160 1898 natus
1184 1851 1267 1898 est
1298 1840 1478 1907 Isaac;
1512 1842 1605 1896 sed
1633 1857 1733 1897 nec
1777 1840 2153 1910 supplantator
2182 1854 2226 1914 Β
2257 1846 2420 1917 igitur
2448 1846 2564 1917 ipse
2613 1847 2876 1903 Dominus
2902 1847 3055 1903 novit
3083 1849 3385 1904 extendere
3423 1849 3575 1912 diem,
3599 1864 3701 1904 cum
3721 1865 3782 1904 sa.

556 1935 749 2001 Jacob,
783 1952 883 1991 nec
907 1936 1192 2006 quisquam
1224 1949 1293 1989 ex
1333 1933 1459 1989 ﬁliis
1510 1933 1662 2004 ejus;
1716 1932 1929 2005 Moyses
1981 1932 2155 1988 ﬁdelis

562 2035 682 2081 erat
706 2027 758 2080 in
772 2026 918 2083 omni
943 2027 1103 2081 domo
1123 2041 1245 2091 sua,
1268 2025 1500 2080 necdum
1520 2034 1704 2079 tamen
1726 2022 2119 2079 voeatuchsus
2140 2041 2153 2078 :

552 2119 657 2174 sed
679 2119 807 2174 Jesu
836 2134 1029 2174 nomen
1050 2121 1284 2189 primum
1303 2119 1521 2174 invenio
1546 2118 1597 2172 in
1629 2118 1839 2184 Exodo,
1863 2126 1921 2173 et
1934 2117 2155 2174 voloin-

566 2210 706 2263 tueri
750 2210 968 2280 quando
1014 2210 1248 2281 priurum
1294 2224 1492 2265 nomen
1537 2207 1671 2265 Jesu
1701 2210 2154 2282 cognominatur:

568 2320 589 2351 ι
639 2301 819 2369 Venit,
838 2302 1032 2372 inquit,
1054 2302 1275 2357 Amalec
1298 2311 1352 2356 et
1373 2302 1719 2374 expugnabat
1745 2301 1930 2368 Israel,
1953 2311 2008 2357 ει
2026 2302 2158 2357 dixit

562 2393 775 2466 Moyses
818 2396 885 2448 ad
933 2392 1119 2448 Jesum
1154 2394 1210 2448 in
1236 2393 1520 2464 Ilaphidim
1552 2392 1749 2461 (Exod.
1794 2392 1950 2465 xvu).
1987 2412 2004 2445 ι
2035 2392 2160 2447 ΙΙιεε

556 2499 651 2545 est
678 2489 851 2560 prima
892 2489 1177 2559 appellatio
1216 2487 1451 2543 numinis
1492 2486 1651 2543 Iesu:
1706 2488 1917 2559 «Elige,
1962 2487 2158 2559 inquit,

563 2580 665 2635 tibi
707 2580 854 2635 viros
888 2588 1140 2650 potentes
1185 2595 1252 2634 ex
1290 2580 1544 2636 omnibus
1575 2579 1698 2635 ﬁliis
1724 2579 1910 2646 Israel,
1933 2588 1990 2647 et
2006 2595 2161 2651 egre—

564 2671 714 2738 dere,
746 2681 803 2727 et
841 2671 1066 2744 conﬂige
1110 2688 1232 2728 cum
1276 2671 1511 2737 Amalec,
1562 2673 1820 2729 crastino.
1870 2694 1889 2727 ι
1922 2673 2043 2745 Ipse
2076 2683 2161 2730 est

556 2769 659 2839 qui
676 2776 803 2839 post
836 2776 1065 2824 mortem
1090 2767 1265 2839 Moysi
1289 2768 1531 2837 suscepit
1569 2766 1889 2838 imperium;
1937 2767 2052 2837 ipse
2076 2775 2161 2823 est

550 2863 656 2934 .qui
685 2862 835 2919 ducit
863 2862 1260 2928 exercitum,et
1276 2859 1520 2933 conﬂigit
1550 2862 1814 2917 adversus
1832 2860 2160 2917 Amaleczet

558 2955 708 3024 quod
723 2955 796 3012 ibi
829 2954 1182 3011 adumbratur
1212 2955 1266 3009 iu
1284 2964 1468 3010 monte
1494 2955 1748 3011 manibus
1772 2970 1835 3010 ex
1848 2955 2035 3021 tensis,
2052 2954 2161 3010 atii-

563 3047 644 3117 git
672 3048 821 3102 cruci
873 3062 985 3103 sua:
1018 3048 1358 3119 triumphans
1386 3048 1723 3120 principatus
1769 3056 1825 3104 ει
1864 3040 2161 3120 potestates

556 3136 622 3192 in
643 3138 955 3208 semetipso.

2248 1938 2387 1993 Jutis
2407 1947 2490 1994 est
2512 1946 2760 2009 tempus;
2793 1947 2851 1994 ει
2877 1938 3129 1995 breviare
3155 1940 3435 2005 eumdem,
3461 1955 3578 1995 cum
3608 1938 3781 1994 tribula-

2260 2032 2424 2089 tionis
2446 2042 2500 2087 ct
2525 2033 2845 2102 perditionis
2871 2041 2955 2090 est
2981 2042 3214 2105 tempus.
3240 2033 3355 2090 Nos
3381 2044 3556 2090 tamen
3581 2034 3689 2088 dum
3710 2033 3784 2087 lia.

2260 2123 2451 2180 bemus
2471 2125 2614 2179 diem
2639 2134 2697 2180 et
2715 2124 3033 2195 producitur
3061 2125 3218 2181 nobis
3262 2125 3497 2195 spatium
3521 2124 3657 2191 lucis,
3672 2123 3782 2178 sicut

2245 2213 2315 2268 .in
2345 2213 2432 2269 die
2459 2214 2685 2270 honeste
2713 2215 3071 2281 ambulemus,
3095 2222 3149 2271 et
3176 2229 3349 2285 opera
3382 2214 3514 2270 lucis
3536 2228 3783 2286 operemur.

2326 2344 2356 2375 ι
2402 2326 2469 2380 Ει
2498 2326 2552 2380 in
2605 2327 2797 2382 diebus
2837 2325 3004 2399 Moysi
3062 2327 3495 2383 miscricordiam
3544 2325 3654 2382 fecit
3687 2325 3784 2398 ipse,

2264 2436 2287 2469 ι
2326 2426 2382 2473 ει
2406 2417 2572 2474 Caleb
2604 2419 2744 2474 ﬁlius
2774 2419 3032 2489 Jephonze
3065 2428 3214 2475 stare
3265 2427 3460 2475 contra
3503 2420 3713 2483 hostem,
3747 2427 3786 2471 et

2267 2528 2289 2564 ι
2332 2511 2624 2583 prohibere
2694 2521 2910 2582 gentem
2972 2527 3002 2565 a
3062 2512 3310 2583 peccatis
3338 2553 3355 2578 ,
3413 2520 3467 2567 et
3522 2507 3787 2581 perfringere

2262 2620 2286 2653 ι
2333 2618 2581 2658 murmur
2609 2602 2860 2669 malitiae,-
2879 2611 2938 2659 et
2961 2602 3065 2674 ipsi
3093 2604 3200 2659 duo
3221 2604 3504 2659 constituti
3543 2617 3573 2657 a
3604 2600 3787 2673 periculo

2266 2713 2287 2747 ι
2330 2694 2543 2750 liberati
2592 2702 2719 2750 sunt
2746 2711 2776 2751 a
2826 2711 3054 2752 numero
3095 2706 3480 2752 sexcentorum
3508 2695 3701 2751 millium
3720 2707 3787 2763 pe-

2267 2806 2287 2840 ι
2334 2788 2527 2854 ditum,
2593 2787 2852 2844 inducere
2898 2788 3030 2850 iilos~
3081 2789 3135 2845 in
3184 2790 3573 2867 limreditatem,
3615 2788 3662 2843 in
3707 2795 3781 2839 ter-

2270 2898 2289 2931 ι
2332 2894 2472 2944 ram,
2494 2894 2615 2950 quae
2640 2887 2827 2935 manat
2858 2880 2943 2936 lac
2967 2890 3025 2936 et
3053 2881 3183 2948 mel,
3213 2890 3272 2936 ει
3302 2882 3452 2938 dedit
3476 2880 3701 2936 Dominus
3719 2876 3787 2947 ipsi

2269 2989 2288 3022 ι
2331 2970 2499 3027 Calcb
2524 2970 2927 3027 fortitudinem:
2976 2982 3029 3028 et
3075 2989 3247 3044 usque
3284 2976 3352 3029 ad
3383 2984 3684 3031 senectutem
3702 2986 3790 3041 per-

2267 3080 2288 3115 ι
2334 3064 2535 3117 mansit
2562 3062 2636 3117 illi
2657 3062 2852 3130 virtus,
2875 3072 2934 3119 ut
2954 3066 3277 3122 ascenderet
3309 3066 3364 3121 in
3394 3065 3647 3121 excelsum
3677 3072 3789 3117 terra

2269 3172 2290 3207 ι
2336 3153 2536 3219 Ιοειιιιι,
2563 3162 2621 3209 ει
2663 3169 2848 3210 semen
2895 3155 3063 3227 ipsius
3079 3156 3318 3211 obtinuit
3372 3155 3789 3215 Iraaredimteiumt

638 3246 664 3279 ‹
707 3228 840 3296 Quis
868 3237 995 3286 ante
1016 3228 1164 3287 illum
1208 3228 1289 3285 sic
1329 3229 1566 3286 restitit?
1617 3228 1754 3284 Nam
1800 3232 1989 3286 hostes
2041 3229 2159 3300 ipse

2267 3265 2287 3299 ι
2332 3247 2579 3302 viderent
2597 3261 2788 3303 omnes
2810 3224 3094 3303 ﬁliiilsrael
3120 3248 3264 3318 quod
3310 3241 3787 3311 bonumestolrseqni

570 3336 593 3371 ι
638 3318 898 3375 Dominus
926 3323 1212 3391 percussit.
1260 3323 1474 3378 Annon
1511 3322 1565 3376 in
1596 3321 1875 3377 iracundia
1908 3320 2028 3390 ejus
2051 3321 2157 3376 im-

554 3430 594 3463 σε
637 3412 852 3482 peditus
873 3422 955 3468 εει
976 3414 1078 3479 sol,
1109 3424 1164 3470 et
1187 3432 1329 3471 unus
1354 3417 1469 3471 dies
1496 3414 1670 3470 factus
1702 3423 1788 3470 est
1831 3416 1984 3485 quasi
2017 3416 2161 3471 duo?

577 3520 598 3552 ε
644 3501 921 3558 invocavit
972 3504 1309 3561 Altissimum
1371 3516 1642 3579 potentem
1680 3508 1735 3562 in
1794 3509 2159 3579 oppugnando

576 3610 595 3645 ι
640 3592 890 3649 inimicos
923 3595 1182 3665 undique,
1211 3608 1266 3652 et
1287 3598 1498 3653 audivit
1522 3597 1924 3669 illum-magnus
1952 3607 2008 3653 et
2030 3613 2160 3654 san-

576 3703 597 3736 ι
640 3693 760 3740 ειιιε
784 3687 1066 3753 Dominus,
1116 3690 1172 3744 in
1206 3691 1352 3745 saxis
1395 3690 1673 3761 grandinis
1730 3691 1950 3748 virtutis
2008 3692 2162 3748 valde

573 3794 595 3828 ι
641 3774 818 3832 fortis.
848 3777 1109 3850 Impetum
1137 3779 1265 3836 fecit
1288 3791 1478 3837 contra
1496 3791 1709 3852 gentem
1734 3784 2010 3848 hostilem,
2039 3787 2160 3841 etin

580 3883 602 3916 ε
649 3865 911 3923 descensu
932 3868 1167 3939 perdidit
1194 3872 1524 3937 contrarios,
1546 3882 1606 3927 ut
1627 3882 1958 3944 cognoscant
1974 3886 2163 3945 gentes

573 3972 595 4006 ι
640 3958 934 4026 potentiam
964 3958 1101 4029 ejus,
1126 3961 1251 4029 quia
1279 3970 1469 4016 contra
1493 3963 1778 4018 Dominum
1802 3980 2162 4037 pugnarenon

548 4064 596 4101 ,c
643 4055 726 4101 est
754 4046 937 4111 facile,
962 4058 1018 4104 et
1038 4061 1258 4108 secutus
1290 4064 1376 4109 est
1419 4070 1450 4109 a
1479 4065 1630 4127 tergo
1675 4066 1938 4127 potentes.
1972 4080 1991 4112 ι
2021 4062 2165 4129 Quo-

570 4139 731 4195 modo
754 4149 934 4195 autem
964 4158 1195 4199 occursu
1224 4160 1323 4201 suo
1349 4146 1639 4217 impeditus
1686 4150 1756 4204 sit
1792 4151 1893 4216 sol,
1925 4160 1979 4207 et
2025 4169 2164 4209 unus

569 4230 690 4285 dies
717 4228 890 4287 factus
918 4241 1001 4288 est
1027 4236 1182 4305 quasi
1212 4236 1340 4303 duo,
1364 4238 1554 4308 pandit
1583 4238 1809 4296 historia
1837 4241 1965 4297 Jesu
1994 4241 2160 4309 Nave,

570 4324 662 4378 ubi
700 4323 814 4393 ipse
835 4340 958 4381 cum
996 4327 1121 4384 ﬁliis
1159 4327 1325 4385 Israel
1378 4333 1634 4402 pugnavit
1682 4348 1783 4403 pro
1837 4333 2164 4392 Gabaonitis

555 4424 764 4480 contra
810 4417 1051 4488 quinque
1095 4436 1251 4492 rcges
1283 4421 1745 4480 Amnrrhzcoruzu.
1779 4425 1872 4482 Sic
1906 4428 2052 4483 enim
2092 4429 2162 4484 ibi

552 4507 833 4578 scriptum
877 4518 992 4563 est:
1053 4529 1073 4561 ‹
1112 4511 1261 4568 Τιιιιε
1288 4516 1499 4569 locutus
1531 4523 1614 4570 est
1641 4515 1807 4574 .Iosue
1843 4520 2069 4574 Domino
2108 4521 2161 4575 in

570 4599 658 4653 die
700 4615 810 4670 qua
850 4602 1073 4658 tradidit
1107 4604 1484 4662 Amorrhzeum
1523 4609 1577 4663 in
1613 4621 1905 4681 conspectu
1930 4613 2162 4671 ﬁliorum
2190 4587 2243 4648 D

571 4690 760 4746 Israel.
823 4693 1079 4767 Dixitque
1129 4714 1312 4755 coram
1356 4702 1437 4758 eis
1481 4722 1494 4758 :
1532 4703 1646 4771 Sol,
1695 4716 1886 4763 contra
1941 4710 2162 4767 Gabaon

572 4798 642 4839 ne
686 4786 975 4852 movearis,
1031 4798 1087 4844 et
1128 4791 1255 4847 luna
1303 4803 1493 4851 contra
1529 4798 1726 4855 vallem
1762 4799 2025 4869 Aliialon;
2056 4811 2163 4859 ste-

550 4880 861 4960 teruntque
910 4877 989 4931 sol
1040 4890 1097 4935 et
1133 4880 1259 4936 luna
1290 4882 1426 4955 (Ias.
1464 4886 1543 4958 ι).
1580 4909 1599 4941 ι
1665 4890 1853 4947 Nonne
1900 4894 2161 4964 scriptum

569 4972 658 5018 est
685 4965 789 5020 hoc
819 4966 873 5021 in
898 4967 1039 5023 libro
1057 4968 1377 5029 Justorum?
1408 4995 1426 5025 ι
1463 4975 1623 5032 Stetit
1652 4980 1835 5051 itaque
1862 4982 1943 5038 sol
1966 4984 2019 5038 in
2052 4998 2164 5039 me-

570 5056 660 5111 dio
695 5057 841 5123 cmli,
866 5068 923 5113 et
949 5076 1054 5117 non
1093 5062 1369 5122 festinavit
1410 5073 1735 5128 occumbere
1789 5077 1963 5144 spatio
2004 5078 2165 5133 unius

570 5147 717 5215 diei;
750 5165 857 5204 non
887 5150 985 5206 fuit
1015 5163 1173 5210 antea
1198 5165 1255 5211 ει
1283 5168 1469 5229 postea
1519 5172 1627 5218 tam
1675 5164 1833 5236 longa
1870 5168 2004 5232 dies,
2031 5168 2166 5225 obe-

569 5237 754 5295 diente
799 5241 1027 5299 Domino
1074 5249 1192 5302 voci
1247 5250 1503 5318 hominis,
1545 5263 1601 5310 et
1639 5269 1913 5328 pugnante
1953 5276 2051 5331 pro
2092 5260 2161 5317 1ε‹

544 5332 706 5399 praei.
741 5352 760 5385 ι
815 5335 966 5392 Tunc
1005 5341 1172 5395 etiam
1224 5361 1243 5393 ι
1281 5342 1541 5402 Dominus
1589 5348 1735 5404 misit
1774 5365 1936 5421 super
1977 5353 2160 5423 ipsos:

571 5424 917 5485 Amorrhams
944 5449 963 5482 ι
996 5432 1198 5503 lapides
1232 5453 1455 5510 magnos
1481 5441 1546 5497 de
1584 5442 1720 5499 caelo
1750 5460 1919 5515 usque
1943 5446 2012 5501 ad
2030 5446 2170 5503 Aze—

573 5529 659 5609 ea,
702 5527 757 5573 et
797 5522 996 5577 mortui
1033 5534 1157 5579 sunt
1189 5528 1356 5584 multo
1398 5530 1580 5600 plures
1622 5532 1888 5603 lapidibus
1951 5540 2171 5609 grandi-

574 5607 679 5676 nis,
732 5626 895 5681 quam
943 5629 1080 5684 quos
1124 5616 1302 5682 gladio
1346 5633 1730 5689 percusserant
1784 5625 1877 5681 ﬁlii
1919 5607 2101 5683 Israel.
2143 5648 2162 5682 ι

576 5697 798 5777 Mystice
824 5711 1002 5758 autem
1034 5704 1240 5776 lapides
1266 5716 1395 5764 sunt
1418 5713 1697 5780 grandinis
1724 5715 1871 5771 dum
1896 5717 2166 5787 vindicta,

576 5804 697 5859 qua:
722 5792 937 5852 τωιιιυε
967 5797 1259 5855 mittuntur
1288 5814 1452 5872 super
1479 5802 1663 5861 hostes
1687 5807 1869 5877 populi
1910 5809 2028 5879 Dei,
2081 5812 2167 5870 vel

2266 3359 2285 3393 ι
2333 3351 2523 3395 sancto
2566 3340 2696 3394 Deo.
2740 3358 2759 3392 ι
2804 3338 3004 3395 Narrat
3061 3356 3276 3412 quoque
3342 3341 3479 3397 liber
3498 3339 3787 3395 Numerorum

2262 3433 2407 3504 quod
2455 3431 2664 3504 Moyses
2686 3432 2753 3487 de
2799 3432 3012 3487 deserto
3051 3431 3267 3486 Pharao
3305 3432 3582 3488 duodecim
3601 3427 3788 3498 explora-

2263 3535 2410 3581 tores
2434 3524 2502 3581 de
2550 3524 2776 3595 singulis
2825 3524 3073 3581 tribubus
3107 3525 3375 3597 singulos,
3414 3524 3610 3580 miserit
3648 3520 3701 3575 ad
3719 3534 3785 3573 er-

2260 3616 2576 3688 plorandam
2603 3624 2805 3671 terram
2827 3616 3287 3687 repromissionis,
3321 3615 3414 3686 qui
3451 3618 3788 3670 revertentcset

2267 3708 2573 3765 referentes
2608 3707 2818 3763 fruetus
2844 3709 2911 3763 de
2942 3716 3090 3763 terra
3130 3707 3241 3773 illa,
3301 3708 3549 3780 populum
3576 3706 3622 3760 in
3648 3704 3787 3771 despe

2265 3800 2533 3854 rationem
2581 3798 2848 3853 miserunt
2868 3812 3084 3853 omnem
3117 3807 3319 3869 praeter
3347 3801 3480 3855 duos
3505 3801 3598 3854 hoc
3622 3806 3704 3857 εει.
3724 3793 3786 3849 Jo-

2244 3904 2363 3945 -sue
2398 3889 2565 3944 ﬁlium
2597 3888 2716 3943 Nun
2744 3897 2801 3944 ει
2830 3888 2997 3945 Caleh
3031 3889 3196 3944 ﬁlium
3220 3889 3500 3961 Jephonm,
3527 3897 3576 3945 et
3602 3899 3786 3944 murinu-

2267 3996 2391 4037 rare
2434 3980 2682 4037 fecerunt
2712 3988 2902 4036 contra
2951 3980 3265 4045 Dominum,
3311 3983 3383 4037 ob
3405 3979 3541 4052 quod
3571 3977 3705 4034 missa
3725 3980 3783 4027 est

2265 4088 2429 4144 super
2466 4086 2560 4128 eos
2601 4072 2781 4144 plaga,
2833 4080 2889 4128 et
2933 4072 3306 4139 interdictum,
3341 4073 3482 4144 quod
3513 4069 3667 4126 nullus
3686 4065 3786 4121 viro-

2266 4179 2386 4219 rum
2411 4164 2623 4219 iIlorum
2647 4165 2737 4233 qui
2760 4164 3010 4219 exierunt
3031 4165 3098 4219 de
3119 4162 3378 4235 Egypto,
3402 4151 3669 4218 intraturus
3684 4163 3786 4213 esset

2267 4256 2322 4310 in
2350 4266 2551 4311 terram
2587 4256 3049 4326 repromissionis,
3080 4266 3282 4327 przetcr
3312 4265 3648 4313 memoratum
3668 4249 3785 4307 Iosue

2267 4356 2323 4403 et
2358 4346 2522 4403 Caleb
2565 4346 2757 4419 (Num.
2796 4346 2942 4418 xui).
2990 4346 3150 4401 Dedit
3191 4354 3375 4401 autem
3414 4347 3648 4402 Dominus
3666 4338 3785 4397 Calcb

2268 4439 2567 4509 longaevam
2599 4438 2766 4493 vitam
2796 4449 2850 4493 et
2876 4438 3189 4493 continuam
3224 4439 3645 4510 prosperitatem,
3682 4427 3784 4502 quod

2268 4529 2382 4601 ipse
2424 4537 2678 4593 testatur,
2721 4529 2952 4600 loquens
2981 4529 3048 4585 ad
3074 4528 3277 4585 Josue:
3316 4551 3334 4582 ι
3367 4529 3694 4600 Quadraginta
3717 4537 3784 4577 alr

2269 4637 2459 4675 norum
2498 4636 2669 4686 eram,
2698 4622 2918 4690 quando
2947 4636 3041 4676 me
3078 4621 3228 4676 misit
3259 4621 3469 4694 Moyses
3491 4618 3692 4675 famulus
3711 4612 3782 4667 Do-

2267 4712 2400 4767 mini
2431 4711 2498 4766 de
2532 4710 2894 4766 Cadesbarme
2924 4720 2984 4766 ut
3008 4713 3408 4769 considerarent
3452 4723 3651 4775 terram,
3686 4720 3782 4762 mur

2269 4803 2507 4873 tiavique
2535 4802 2586 4857 ei
2607 4802 2751 4871 quod
2780 4803 2915 4857 mihi
2947 4819 3140 4859 verum
3171 4804 3472 4860 videbatur.
3502 4804 3687 4858 Fratres
3711 4812 3780 4852 au-

2268 4903 2378 4950 tem
2422 4895 2549 4959 mei,
2583 4894 2676 4965 qui
2705 4897 3065 4952 ascenderant
3100 4880 3334 4966 mecum,
3364 4897 3689 4954 dissolvemnt
3715 4903 3781 4945 cor

2267 4986 2470 5058 populi,
2509 4994 2566 5042 et
2614 4986 2969 5043 nihilominus
3007 5004 3107 5060 ego
3144 5001 3364 5046 secutus
3404 5005 3517 5047 sum
3559 4985 3778 5043 Dominum

2273 5075 2452 5130 Deum
2477 5091 2677 5131 meum.
2707 5075 3025 5147 iuravitque
3054 5077 3266 5151 Moyses
3296 5080 3353 5137 in
3381 5081 3466 5137 die
3491 5080 3590 5143 illo,
3614 5076 3775 5130 dicens:

2273 5166 2499 5223 Terram
2535 5181 2698 5236 quam
2724 5168 2954 5224 calcavit
2981 5184 3078 5241 pes
3102 5180 3225 5225 tuus
3247 5171 3353 5226 erit
3372 5169 3622 5242 possessio
3642 5174 3727 5226 tua,
3741 5165 3779 5213 α

2273 5258 2508 5315 ﬁliorum
2538 5261 2831 5323 tuorumin
2857 5271 3143 5328 azternum,
3179 5264 3305 5334 quia
3337 5271 3547 5321 secutus
3569 5275 3621 5315 es
3639 5250 3773 5310 Domi-

2275 5364 2403 5404 num
2448 5348 2617 5404 Deum
2659 5365 2859 5405 meum.
2904 5350 3186 5410 Concessit
3224 5370 3353 5428 ergo
3391 5354 3629 5411 Dominus
3655 5346 3773 5400 vitam

2275 5439 2407 5494 mihi
2453 5447 2513 5493 ut
2557 5440 2831 5511 pollicitus
2876 5452 2963 5498 est
3006 5461 3177 5514 usque
3221 5446 3276 5501 in
3325 5453 3623 5518 pra-sentem
3654 5436 3771 5493 diem-

2271 5529 2638 5601 Quadraginta
2665 5538 2723 5586 et
2759 5533 3001 5604 quinque
3040 5536 3168 5591 anni
3216 5547 3345 5592 sunt
3380 5551 3446 5592 ex
3485 5548 3584 5605 quo
3616 5529 3773 5584 Ιοοιιιιιε

2269 5633 2354 5678 εει
2403 5623 2664 5681 Dominus
2704 5629 2929 5684 verbum
2965 5630 3109 5686 istud
3133 5633 3202 5687 ad
3229 5632 3461 5704 Moysen,
3489 5627 3674 5702 quando
3687 5633 3770 5677 am:

2271 5717 2477 5773 bulavit
2521 5719 2686 5776 Israel
2747 5737 2844 5792 per
2905 5723 3254 5782 solitudinem
3305 5744 3319 5781 :
3368 5724 3519 5781 hodie
3560 5712 3772 5784 octoginta

2271 5812 2513 5886 quinque
2562 5827 2829 5871 annorum
2878 5831 2999 5873 sum
3048 5817 3129 5875 sic
3172 5818 3376 5887 valens,
3426 5825 3480 5874 ut
3501 5828 3560 5872 eo
3583 5806 3768 5866 valebam
