4028 6456
269 356 410 417 1093

1156 360 1510 421 COMMENT.
1549 361 1619 419 1N
1657 312 2283 419 ECCLESIASTICUM:
2309 392 2382 404 —-
2419 363 2546 421 LIB.
2590 364 2657 421 Χ.

3407 370 3545 431 {09‘

268 486 537 546 tempore,
566 475 787 547 quando
807 475 875 531 ad
903 475 1294 547 explorandum
1317 478 1517 533 missus
1539 475 1855 532 sum:illius
1882 479 1933 540 Λ
1961 482 2103 529 trum
2148 483 2207 530 et
2252 475 2493 546 reliquiae
2532 491 2723 534 eorum
2767 479 2973 550 iacent,
3017 479 3072 535 id
3105 486 3220 547 est,
3269 480 3548 542 Abraham

266 568 324 624 in
342 584 431 624 me
456 568 716 639 temporis
737 568 1000 624 fortitudo
1022 583 1195 639 usque
1215 569 1379 625 hodie
1391 575 1725 640 perseverat,
1751 576 1860 622 tam

265 659 337 716 ad
375 658 683 716 bellandum
713 674 876 729 quam
906 660 973 714 ad
1007 660 1380 730 gradiendum.
1427 661 1504 716 Da
1548 675 1680 733 ergo
1726 657 1861 714 mihi

264 759 510 807 montem
538 751 703 807 istum
732 767 894 821 quem
925 751 1203 822 pollicitus
1233 760 1321 808 est
1346 752 1612 808 Dominus
1639 762 1692 807 te
1725 766 1863 821 quo-

264 859 374 915 que
418 844 692 911 audiente,
738 844 792 898 in
817 858 927 914 quo
955 843 1179 899 Enacim
1214 852 1426 899 suntet
1459 844 1623 898 urbes
1646 856 1857 913 magna:

247 945 434 1007 atque
474 937 719 1004 munitm,
750 938 795 993 si
825 936 967 994 forte
996 938 1069 993 sit
1090 936 1358 994 Dominus
1408 951 1621 993 mecum
1664 946 1721 992 et
1757 951 1857 1007 po-

268 1037 426 1086 tuero
472 1030 652 1086 delere
688 1044 785 1085 eos
804 1029 949 1085 sicut
993 1028 1247 1099 promisit
1285 1027 1440 1084 mihi.
1468 1048 1488 1080 ι
1526 1026 1860 1099 Spiritaliter

264 1129 449 1179 autem
468 1122 813 1178 exorbitante
842 1121 1039 1193 populo
1069 1121 1226 1193 legali
1274 1121 1377 1177 sub
1410 1120 1599 1176 decem
1638 1119 1861 1175 litanda-

270 1212 340 1269 tis
365 1214 681 1279 constituto,
733 1222 792 1268 et
826 1214 881 1268 in
931 1223 1132 1268 terram
1173 1212 1611 1282 repromissionis
1648 1210 1857 1282 ingredi

258 1320 376 1361 non
416 1305 654 1372 valente,
695 1305 999 1377 ingreditur
1040 1304 1201 1360 Jesus
1239 1314 1296 1360 et
1336 1302 1525 1369 Caleh,
1564 1302 1658 1372 qui
1680 1302 1859 1357 inter-

266 1405 516 1467 pretatur
545 1399 700 1468 quasi
724 1414 843 1465 cor,
874 1414 995 1456 eum
1022 1398 1180 1453 turba
1208 1395 1390 1467 populi
1419 1396 1565 1462 novi,
1598 1404 1660 1450 ut
1678 1395 1855 1466 possi-

262 1487 395 1542 deat
424 1488 589 1543 illam.
638 1489 795 1557 Quod
840 1499 1023 1544 autem
1069 1489 1148 1545 ait
1187 1481 1391 1545 Caleb:
1434 1508 1452 1541 ς
1478 1489 1649 1544 llodie
1699 1488 1856 1543 valeo

161 1581 164 1583 λ
265 1579 409 1634 sicut
452 1580 725 1646 valebam,
750 1601 771 1634 ι
824 1580 1096 1651 signiﬁcat
1120 1582 1263 1651 quod
1296 1590 1518 1636 sanctus
1544 1581 1771 1650 quisque
1792 1587 1857 1635 et

262 1673 574 1745 intelligens
603 1675 789 1739 corde,
830 1674 1084 1729 similiter
1128 1674 1273 1729 valet
1299 1674 1351 1728 in
1393 1673 1767 1743 prmsentibus,
1799 1681 1857 1729 et

266 1763 320 1818 in
346 1763 660 1834 prmteritis,
689 1772 746 1818 et
774 1763 827 1818 in
859 1765 1192 1832 novissimis,
1222 1772 1281 1820 et
1302 1765 1359 1820 in
1393 1763 1687 1828 veteribus,
1712 1772 1766 1818 et
1797 1762 1849 1816 in

1962 581 2086 622 cum
2122 566 2282 634 Sara,
2312 568 2462 626 Isaac
2487 585 2609 626 cum
2644 570 2914 638 Rebecca,
2935 572 3104 627 Jacob
3130 588 3252 635 cum
3285 573 3400 630 Lia.
3431 576 3547 634 Me-

1964 660 2077 715 ruit
2106 675 2253 731 ergo
2303 660 2470 717 Caleb
2519 672 2735 732 patrum
2782 664 3039 735 reliquias
3078 666 3132 720 in
3174 666 3547 726 hmreditatem

1962 750 2259 822 suscipere,
2299 752 2420 808 sine
2454 752 2618 809 dubio
2647 755 2773 825 quia
2800 771 2898 826 per
2931 757 3250 826 sapientiam
3282 798 3299 825 ,
3338 774 3462 829 quae
3490 761 3545 815 in

1960 857 2027 897 eo
2054 850 2193 908 erat,
2239 859 2361 914 qua:
2401 843 2619 914 vigebat
2647 857 2703 902 et
2730 850 2831 903 sub
2856 848 3039 920 Moyse
3073 859 3123 906 et
3156 852 3255 906 sub
3280 850 3431 917 Jesu,
3465 852 3548 909 in-

1962 935 2244 991 tellexerat
2293 937 2693 1008 coniunctionis
2718 940 2887 1010 ipsius
2923 943 3211 1008 rationem,
3242 953 3298 999 et
3322 960 3544 1016 perspe-

1960 1035 2116 1082 xerat
2161 1026 2290 1097 quid
2337 1038 2482 1084 esset
2526 1045 2707 1085 causa:
2752 1033 2897 1100 quod
2940 1048 3063 1088 cum
3110 1033 3385 1090 Abraham
3430 1037 3546 1092 sola

1952 1119 2093 1175 Sara
2117 1120 2344 1190 iaceret,
2379 1122 2453 1177 ibi
2484 1136 2657 1192 neque
2683 1123 2850 1195 Agar,
2884 1140 3062 1194 neque
3090 1127 3327 1182 Cethura
3354 1129 3404 1183 ei
3433 1145 3548 1184 me-

1959 1212 2160 1268 ruisset
2206 1213 2462 1284 adiungi;
2514 1214 2599 1269 vel
2645 1214 2774 1284 quid
2819 1225 2968 1271 esset
3011 1231 3208 1284 causai,
3248 1219 3391 1288 quod
3421 1235 3545 1274 cum

1948 1299 2125 1357 Jacob
2144 1301 2258 1357 sola
2278 1299 2377 1355 Lia
2395 1300 2582 1370 iacere
2604 1303 2900 1371 videretur,
2928 1313 2982 1360 et
3005 1321 3178 1375 neque
3204 1307 3404 1363 Rachel
3427 1324 3548 1378 qum

1946 1390 2189 1460 amplius
2232 1389 2413 1445 fuerat
2442 1391 2641 1447 dilecta
2686 1407 2859 1464 neque
2902 1394 3083 1464 aliqua
3128 1411 3196 1451 ex
3233 1398 3552 1453 concubinis

1952 1492 2012 1547 in
2043 1481 2292 1551 sepulcro
2317 1481 2366 1535 ei
2395 1480 2570 1535 fuerat
2598 1483 2867 1554 copulata.
2896 1484 3069 1555 Ipsam
3099 1501 3231 1557 ergo
3259 1488 3314 1542 in
3346 1503 3548 1543 memo-

1953 1571 2053 1636 riis
2088 1580 2303 1642 patrum
2345 1573 2717 1627 luereditatcm
2762 1575 2908 1644 capit
2956 1577 3194 1645 prudens
3233 1586 3287 1632 et
3326 1577 3547 1648 sapiens

1948 1660 2149 1728 Caleb;
2191 1661 2288 1731 ipsi
2319 1659 2481 1717 Jesus
2508 1662 2896 1719 Enachitarum
2925 1667 3170 1735 gentium
3200 1668 3546 1738 metropolim

1946 1753 2143 1808 tribuit
2188 1752 2427 1821 llebron,
2463 1762 2518 1810 ct
2543 1755 2777 1810 efﬁcitur
2804 1757 2853 1811 ei
2884 1772 3006 1813 sors
3034 1773 3206 1828 usque
3234 1760 3286 1813 in
3319 1760 3540 1816 hodier-

263 1852 591 1924 Evangeliis,
624 1863 681 1910 et
715 1854 767 1909 in
798 1854 961 1926 Lege.
1000 1855 1114 1911 lloc
1148 1864 1234 1912 est
1258 1869 1388 1926 ergo
1419 1856 1563 1925 quod
1597 1855 1731 1910 dicit
1757 1869 1848 1909 va-
1883 1849 1928 1909 B
1955 1861 2085 1901 num
2109 1845 2274 1902 diem.

256 1943 380 2005 lere
410 1960 469 1999 se
496 1946 654 2000 hodie
684 1945 962 2013 sub-Iesu,
998 1947 1142 2002 sicut
1164 1956 1300 2002 tunc
1334 1947 1434 2003 sub
1474 1947 1676 2017 Moyse,
1724 1947 1853 2017 quia

263 2036 320 2092 in
352 2038 633 2107 utriusque
654 2037 990 2093 Tcstamenti
1020 2039 1294 2109 mysteriis
1315 2054 1416 2094 cor
1437 2039 1665 2111 vigilans
1687 2038 1850 2093 valet.

263 2126 374 2184 Sed
404 2129 685 2185 videamus
719 2130 883 2184 etiam
922 2131 1240 2200 petitionem
1286 2130 1425 2200 eius,
1478 2146 1642 2201 quam
1680 2130 1852 2202 poscit

250 2221 334 2277 .ab
357 2221 487 2277 Jcsu
526 2221 630 2277 iste
658 2222 823 2278 Caleb
853 2222 994 2279 ﬁlius
1016 2223 1277 2294 Jephonm
1302 2242 1315 2279 :
1346 2243 1368 2275 ι
1391 2224 1522 2280 Peto
1551 2235 1623 2291 te,
1657 2225 1847 2296 inquit,

263 2320 507 2367 montem
532 2312 678 2369 hunc
706 2313 849 2369 sicut
872 2313 1006 2370 dicit
1028 2314 1290 2372 Dominus
1317 2316 1371 2371 in
1403 2317 1489 2372 die
1517 2317 1626 2372 illa.
1660 2338 1678 2370 ο
1708 2316 1852 2373 Nihil

262 2402 470 2458 humile
494 2403 581 2458 vel
605 2401 875 2471 deiectum
912 2413 1136 2460 sanctus
1173 2405 1427 2476 requirit,
1456 2406 1586 2461 nihil
1622 2408 1767 2477 quod
1795 2408 1849 2462 in

247 2495 529 2552 .demersis
539 2495 1059 2566 eonvallibusiacet;
1084 2498 1179 2553 sed
1202 2506 1439 2553 montem
1461 2499 1654 2568 quaerit
1671 2499 1852 2555 excel-

263 2602 409 2654 sum,
436 2595 493 2643 et
521 2598 760 2644 montem
786 2589 840 2645 in
867 2605 977 2660 quo
1003 2591 1256 2667 civitates
1282 2606 1493 2662 magna:
1523 2599 1579 2647 et
1601 2592 1846 2658 munitm,

262 2685 322 2735 et
333 2693 403 2733 ex
425 2679 530 2734 hoc
547 2680 663 2735 hare
674 2680 950 2751 poscebat,
970 2682 1097 2751 quia
1114 2691 1341 2737 noverat
1357 2682 1696 2754 belligerare,
1710 2683 1852 2738 sicut

259 2768 525 2841 scriptum
551 2777 636 2825 est
662 2786 675 2824 :
709 2788 727 2820 ι
757 2769 1019 2826 Civitates
1040 2772 1278 2827 munitas
1304 2780 1589 2844 occupant
1609 2773 1848 2843 sapiens,

259 2865 322 2918 et
366 2862 611 2917 destruet
658 2861 1013 2917 munitionem
1062 2863 1116 2917 in
1159 2878 1268 2934 qua
1315 2863 1659 2919 conﬁdebant
1699 2863 1849 2934 impii

246 2947 450 3020 -(Prov.
491 2950 628 3022 xm).
653 2970 673 3003 ι
706 2949 874 3006 Putas
903 2966 1027 3006 cum
1053 2951 1169 3007 haec
1200 2952 1408 3008 diceret
1424 2951 1715 3019 Salomon,
1745 2953 1849 3009 hoc

2028 1955 2051 1989 ‹
2082 1937 2150 1992 Et
2172 1937 2403 2007 iudices
2423 1938 2622 2009 singuli
2650 1954 2750 1994 suo
2792 1941 3032 2007 nomine,
3066 1956 3300 2013 quorum
3331 1958 3435 1997 non
3463 1952 3550 2000 cst

1959 2045 1979 2079 ‹
2010 2038 2324 2099 corruptum
2353 2046 2471 2086 eor.
2509 2030 2611 2097 Qui
2640 2046 2751 2086 non
2780 2033 2958 2087 aversi
2996 2042 3121 2088 sunt
3155 2050 3183 2087 a
3217 2033 3461 2101 Domino,
3488 2043 3549 2090 ut

1906 2152 1911 2157 ι
1952 2138 1978 2171 1
2007 2120 2082 2175 sit
2126 2122 2391 2176 memoria
2447 2122 2662 2178 illorum
2713 2131 2773 2177 ut
2822 2123 3274 2191 benedictionem,
3323 2134 3380 2180 et
3419 2141 3544 2181 ossa

1958 2228 1979 2261 ι
2007 2226 2196 2267 eorum
2224 2211 2490 2281 pullulent
2520 2214 2586 2269 de
2617 2212 2737 2269 loco
2778 2230 2897 2269 suo.
2952 2215 3016 2270 Et
3058 2231 3253 2271 nomen
3301 2218 3546 2287 ipsorum

1952 2319 1978 2353 ί
2005 2312 2292 2372 permanet
2340 2303 2393 2357 in
2424 2312 2707 2359 aeternum.
2752 2304 3113 2362 Permanente
3161 2308 3228 2362 ad
3283 2308 3424 2363 ﬁlios
3450 2323 3545 2363 eo-

1955 2410 1977 2444 ι
2008 2408 2126 2447 rum
2152 2401 2465 2448 sanctorum
2489 2394 2732 2449 virorum
2758 2396 2954 2466 gloria.
2981 2415 2999 2449 ι
3032 2397 3166 2454 Post
3190 2396 3373 2454 Jesum
3398 2397 3547 2458 Nave

1948 2496 2168 2551 quoque
2182 2480 2394 2550 iudices
2423 2482 2759 2553 praefuerunt
2784 2485 2982 2556 popqu
3008 2486 3124 2549 Dei,
3158 2488 3251 2557 qui
3280 2503 3376 2543 eos
3398 2502 3549 2558 rege-

1948 2572 2083 2628 bant
2104 2582 2163 2629 et
2186 2581 2379 2629 contra
2406 2576 2593 2631 hostes
2619 2575 3000 2643 defendebant,
3029 2578 3105 2633 ita
3132 2589 3185 2635 et
3211 2588 3332 2649 post
3359 2579 3547 2634 Salva-

1951 2667 2088 2724 toris
2116 2668 2290 2724 nostri
2327 2669 2655 2739 passionem,
2701 2674 3157 2729 resurrectionem
3185 2682 3241 2729 ct
3270 2676 3546 2731 ascensio-

1949 2775 2074 2816 nem
2113 2761 2181 2816 ad
2211 2760 2378 2816 cmlos
2416 2761 2680 2832 Apostoli,
2720 2773 2775 2818 et
2821 2764 3103 2836 apostolici
3147 2765 3249 2820 viri
3299 2774 3546 2822 rectores

1949 2852 2280 2907 exstiterunt
2322 2852 2579 2909 Ecclesia:
2635 2853 2758 2921 Dei,
2799 2855 2891 2925 qui
2936 2872 3057 2910 eam
3103 2857 3275 2912 sacris
3322 2857 3545 2912 monitis

1948 2942 2300 3007 erudiebant,
2325 2952 2382 2997 et
2408 2943 2567 2998 bonis
2596 2944 2807 3001 meritis
2832 2945 2994 3001 simul
3023 2954 3077 3001 et
3106 2946 3314 3002 sanctis
3339 2946 3547 3001 oratio-

248 3055 367 3097 ωε
390 3040 604 3098 volebat
624 3041 844 3110 docere,
862 3042 990 3114 quia
1012 3043 1228 3113 sapiens
1251 3052 1471 3114 caperet
1498 3044 1765 3109 civitates,
1794 3054 1853 3099 et
1952 3034 2114 3091 nibus
2138 3042 2329 3090 contra
2357 3035 2634 3105 spiritales
2658 3037 2945 3108 nequitias,
2972 3046 3028 3093 et
3050 3047 3240 3094 contra
3261 3038 3545 3094 universos

248 3133 600 3191 munitiones
627 3135 937 3191 destrueret
962 3150 1028 3190 ex
1058 3134 1329 3207 lapidibus
1367 3137 1739 3192 constructas?
1764 3136 1849 3192 An
1900 3206 1907 3207 ί
1938 3128 2138 3183 Ἰιοειεε
2183 3126 2529 3194 ιηιιιιῑθιηιιις
2578 3137 2810 3200 apteque
2841 3130 3040 3186 dieitur
3067 3130 3210 3201 quod
3236 3144 3545 3186 601³111110ον

263 3224 399 3281 illud
431 3224 610 3295 potius
656 3225 894 3292 indicat,
935 3226 1081 3296 quod
1114 3206 1381 3283 civitates
1424 3235 1481 3282 ει
1528 3227 1673 3282 muri
1722 3236 1849 3283 sum
1877 3206 1922 3270 C
1955 3234 2062 3273 non
2095 3218 2166 3274 sit
2189 3226 2527 3289 corruptum,
2561 3234 2737 3289 neque
2779 3220 2953 3276 aversi
2995 3230 3176 3276 essent
3220 3236 3251 3275 a
3287 3218 3541 3284 Domino,

262 3315 555 3386 impiorum
604 3319 880 3391 dogmata,
937 3325 995 3373 et
1038 3316 1335 3388 syllogismi
1380 3316 1848 3388 philosophorum,

248 3408 462 3478 quibus
500 3417 753 3464 astruunt
794 3408 959 3480 impia
1004 3424 1234 3480 quaeque
1271 3417 1328 3464 et
1365 3409 1558 3465 divina:
1584 3408 1688 3481 legi
1720 3424 1853 3465 con-

265 3498 458 3564 traria,
486 3514 607 3568 quae
634 3499 778 3569 apud
803 3514 1046 3571 paganos
1069 3500 1153 3555 vel
1178 3498 1439 3555 barbaros
1463 3497 1853 3571 observantur?

266 3587 376 3645 Sed
417 3589 503 3645 illa
543 3590 629 3645 his
663 3592 971 3661 deputanda
1016 3600 1167 3657 sunt,
1216 3599 1274 3646 et
1318 3591 1568 3647 civitates
1617 3590 1854 3648 munitas

246 3696 409 3747 esse,
456 3689 618 3752 atque
648 3683 701 3736 in
732 3684 1008 3739 montibus
1033 3684 1346 3750 collocatas,
1378 3701 1500 3756 qum
1529 3684 1773 3741 haeretici
1798 3684 1851 3739 in

266 3770 674 3842 Scripturarqu
724 3775 1118 3831 assertionibus
1161 3775 1304 3830 velut
1336 3777 1389 3831 in
1418 3776 1542 3832 altis
1578 3775 1854 3831 montibus

263 3863 549 3920 collocant.
589 3864 728 3921 Istas
756 3881 886 3938 ergo
917 3868 1166 3924 civitates
1210 3870 1426 3942 sapiens
1468 3870 1701 3941 quisque
1731 3886 1854 3925 ver-

263 3954 394 4009 bum
416 3955 660 4010 veritatis
680 3958 978 4026 praedicans
1002 3960 1251 4027 destruit,
1290 3971 1343 4016 et
1368 3962 1532 4018 urbes
1566 3962 1854 4018 mendaces

264 4047 517 4103 veritatis
557 4048 726 4104 ariete
760 4052 1062 4119 subvertit;
1103 4052 1245 4109 sicut
1273 4064 1328 4110 et
1361 4054 1563 4110 Paulus
1594 4055 1848 4111 dicebat:

272 4157 292 4190 ι
325 4138 691 4210 Cogitationes
727 4140 1095 4206 destruentes,
1145 4152 1201 4198 ct
1246 4160 1463 4200 onmem
1513 4145 1853 4200 altitudinem

234 4250 388 4305 quae
407 4235 621 4290 extollit
636 4251 695 4291 se
719 4237 1004 4291 adversum
1028 4237 1311 4292 scientiam
1340 4238 1434 4292 Dei
1463 4237 1548 4310 (II
1571 4236 1695 4292 Cor.
1722 4237 1802 4310 χ).
1828 4256 1847 4289 ι

264 4329 346 4385 lta
371 4329 534 4384 etiam
558 4345 703 4386 nunc
730 4330 1161 4400 sapientissimus
1192 4331 1280 4385 hic
1307 4329 1470 4386 Caleb
1495 4329 1704 4386 assistit
1729 4338 1855 4385 ante

264 4416 471 4485 Jesum,
501 4429 557 4475 ct
583 4420 851 4489 promittit
894 4436 954 4477 se
994 4420 1173 4476 valere
1211 4421 1278 4476 ad
1311 4422 1533 4487 bellum,
1566 4429 1621 4476 et
1669 4436 1856 4491 prom—

264 4518 417 4581 ptum
439 4527 563 4568 esse
590 4511 657 4566 ad
685 4511 950 4583 praelium,
984 4520 1041 4568 et
1069 4514 1189 4569 ideo
1218 4514 1461 4584 deposcit
1485 4513 1726 4583 permitti
1749 4511 1851 4567 sibi

206 4655 215 4658 -
265 4602 417 4657 velut
459 4604 779 4673 disputatori
815 4604 1147 4672 facultatem,
1202 4615 1263 4661 ut
1305 4606 1691 4677 congrediatur
1730 4621 1854 4661 cum

265 4695 568 4755 dialecticis
609 4696 811 4763 smculi,
855 4712 977 4751 cum
1019 4697 1104 4752 his
1138 4698 1230 4769 qui
1270 4713 1369 4768 pro
1399 4698 1541 4753 veris
1568 4696 1702 4753 falsa
1729 4712 1859 4753 con-

266 4787 510 4850 ﬁrmant,
548 4796 611 4841 ut
632 4801 727 4843 eos
747 4786 990 4843 confutet
1015 4796 1071 4843 et
1094 4797 1332 4858 superet,
1364 4796 1417 4843 et
1438 4791 1715 4844 subvertat
1742 4803 1857 4843 om-

265 4879 380 4944 nia,
413 4894 534 4949 quze
564 4878 639 4933 illi
666 4878 816 4934 falsis
840 4879 1232 4934 assertionibus
1257 4887 1700 4935 construxerunt.
1732 4878 1858 4934 Ideo

267 4969 503 5039 denique
545 4969 735 5024 videns
774 4969 1111 5024 alacritatem
1138 4968 1255 5038 eius
1281 4968 1460 5033 Jesus,
1507 4988 1525 5019 ι
1556 4969 1857 5036 benedixit,

266 5062 469 5133 inquit,
501 5076 646 5128 eum,
676 5082 695 5115 ι
724 5062 930 5118 scilicet
951 5062 1095 5133 quod
1120 5062 1249 5116 talia
1273 5063 1529 5132 deposcat
1552 5070 1607 5117 et
1626 5063 1851 5128 audeat;

268 5154 365 5210 sed
404 5163 462 5209 et
493 5163 570 5221 tu,
608 5154 654 5210 si
683 5154 767 5210 vis
795 5154 927 5211 dare
958 5169 1180 5223 operam
1208 5154 1419 5217 studiis,
1450 5162 1507 5209 et
1526 5153 1697 5225 legem
1728 5170 1857 5224 pru-

269 5244 461 5300 denter
496 5244 771 5309 meditari,
801 5252 856 5301 et
879 5242 1014 5299 eﬁiei
1046 5258 1142 5299 cor
1167 5243 1222 5299 in
1250 5243 1368 5315 lege
1388 5243 1507 5307 Dei,
1537 5251 1693 5313 putes
1720 5243 1857 5300 istas

268 5335 589 5407 magniﬁcas
612 5345 668 5391 et
690 5336 927 5391 munitas
950 5337 1133 5403 urbes,
1156 5336 1211 5392 id
1240 5345 1341 5399 est,
1378 5335 1709 5392 assertiones
1735 5334 1858 5390 sub-

266 5436 483 5483 vertere
510 5425 782 5493 falsitatis,
813 5440 876 5486 ut
898 5435 953 5482 et
983 5436 1040 5482 tu
1067 5427 1330 5483 merearis
1356 5426 1602 5497 benedici
1632 5427 1699 5482 ab
1724 5414 1850 5482 Jesu

271 5524 327 5572 et
377 5516 622 5586 accipere
682 5516 919 5573 llebron.
973 5516 1365 5587 interpretatur
1409 5523 1589 5571 autem
1639 5514 1854 5570 llehron

266 5606 579 5677 coniunctio
600 5607 687 5663 vel
713 5607 1020 5679 coniugium
1059 5623 1075 5673 ;
1107 5619 1206 5676 per
1236 5606 1381 5677 quod
1413 5614 1595 5676 potest
1617 5606 1854 5662 fortasse

270 5698 403 5754 illud
438 5701 669 5765 ostendi,
709 5701 853 5772 quod
895 5700 1150 5774 spelunca
1186 5698 1381 5771 duplex
1431 5709 1742 5770 comparata
1784 5701 1855 5757 ab

268 5788 541 5848 Abraham
573 5791 882 5862 patriarcha
926 5792 980 5848 in
1022 5806 1086 5846 ea
1116 5797 1223 5859 est,
1254 5789 1307 5845 in
1338 5803 1445 5863 qua
1471 5786 1718 5863 coniugia
1748 5805 1849 5863 pa-

1955 3310 2082 3381 quia
2113 3310 2167 3365 in
2198 3318 2347 3366 recta
2372 3308 2477 3365 ﬁde
2503 3319 2558 3366 et
2590 3325 2714 3366 vera
2763 3310 3023 3382 religione
3059 3318 3547 3381 perseveraverant

1956 3417 2129 3472 usque
2171 3401 2241 3457 ad
2287 3400 2448 3457 ﬁnem
2477 3402 2621 3469 vitae,
2663 3410 2724 3457 ut
2757 3403 3019 3459 memoria
3045 3402 3259 3477 illorum
3284 3409 3545 3473 perpetua

1953 3494 2335 3557 benedictione
2374 3494 2705 3559 ﬁrmaretur,
2747 3503 2803 3549 et
2830 3493 2995 3549 robur
3022 3494 3287 3548 honorum
3321 3507 3547 3562 operum

1954 3593 2157 3641 aeterna
2199 3585 2451 3640 mercede
2494 3585 2807 3639 donaretur.
2854 3584 2929 3638 lta
2960 3591 3020 3637 ut
3044 3583 3307 3639 memoria
3353 3596 3545 3637 eorum

1955 3678 2190 3736 nominis
2215 3678 2281 3734 ad
2307 3686 2557 3749 posteros
2593 3690 2721 3731 suos
2759 3692 2879 3731 cum
2908 3675 3079 3747 gloria
3104 3673 3533 3736 transferretur;

1955 3772 2277 3843 sapientiam
2326 3771 2473 3826 enim
2527 3784 2713 3824 eorum
2767 3768 3066 3822 narrabant
3111 3781 3302 3822 omnes
3341 3764 3546 3835 popdli,
3601 3817 3605 3822 .

1955 3872 2010 3919 et
2057 3863 2272 3919 laudem
2316 3877 2506 3918 eorum
2542 3860 2862 3933 pronuntiat
2906 3859 3085 3915 omnis
3135 3857 3376 3913 Ecclesia
3420 3872 3547 3912 san-

1956 3965 2191 4012 ctorum.

2516 4042 2797 4100 CAPUT
2838 4041 2954 4096 XII

2549 4136 2630 4192 De
2680 4134 2948 4193 Sumuele.

2034 4247 2052 4280 ι
2089 4227 2327 4283 Dilectus
2372 4243 2403 4281 a
2446 4226 2676 4281 Domino
2729 4225 2946 4281 Samuel
2995 4224 3260 4297 prbpheta
3305 4224 3543 4287 Domini,

1963 4339 1982 4372 ι
2022 4320 2303 4377 renovavit
2344 4319 2652 4389 imperium,
2696 4327 2752 4373 ct
2792 4319 2949 4373 unxit
2991 4318 3267 4389 principes
3295 4317 3349 4371 in
3379 4326 3541 4388 gente

1964 4432 1982 4465 ι
2019 4428 2136 4468 sua.
2168 4412 2226 4467 ln
2255 4411 2371 4483 lege
2403 4409 2615 4465 Domini
2653 4408 2915 4480 judicavit
2941 4409 3450 4479 congregationem,
3493 4415 3550 4461 et

1964 4525 1983 4557 ι
2022 4505 2157 4560 vidit
2197 4503 2486 4559 Dominum
2529 4499 2716 4566 Jacob,
2760 4500 2898 4555 etin
2926 4500 3031 4556 ﬁde
3061 4517 3156 4555 sua
3187 4499 3444 4569 probatus
3463 4506 3551 4554 est

1967 4613 1985 4645 ‹
2024 4593 2304 4665 propheta.
2356 4592 2425 4645 Et
2458 4591 2707 4661 cognitus
2738 4599 2821 4645 est
2864 4591 2918 4645 in
2961 4588 3141 4644 verbis
3186 4589 3300 4644 suis
3352 4588 3545 4651 ﬁdelis,

1967 4702 1985 4736 ι
2024 4684 2151 4754 quia
2206 4683 2343 4738 vidit
2382 4682 2671 4736 Dominum
2726 4680 2893 4748 lucis;
2944 4688 2999 4736 et
3060 4680 3331 4735 invocavit
3378 4680 3547 4734 Deum

1967 4795 1985 4828 ι
2024 4784 2335 4846 potentem,
2385 4785 2440 4829 et
2480 4774 2532 4829 in
2573 4774 2933 4846 oppugnando
2969 4775 3154 4830 hostes
3184 4775 3550 4829 circumstan-

1967 4888 1985 4920 ι
2027 4879 2108 4924 tes
2134 4868 2370 4937 undique
2400 4866 2454 4920 in
2480 4865 2754 4920 oblatione
2787 4865 2889 4920 viri
2923 4866 3186 4921 inviolati.
3217 4865 3285 4920 Et
3313 4865 3550 4920 intonuit

1969 4980 1989 5014 ι
2026 4963 2093 5018 de
2119 4960 2258 5017 cmlo
2312 4959 2595 5025 Dominus,
2636 4966 2693 5013 et
2742 4958 2796 5013 in
2839 4958 3018 5013 sonitu
3066 4971 3263 5029 magno
3308 4956 3547 5012 auditam

1966 5072 1984 5106 ι
2027 5052 2153 5108 fecit
2180 5065 2366 5108 vocem
2412 5065 2588 5116 suam,
2633 5056 2690 5104 et
2732 5048 2989 5105 contrivit
3034 5048 3310 5119 principes
3359 5048 3550 5120 Tyrio-

1968 5165 1985 5198 ι
2024 5160 2165 5209 rum,
2197 5151 2253 5197 et
2279 5157 2470 5197 omnes
2497 5141 2663 5196 duces
2687 5140 3018 5196 Philisthiim
3045 5157 3061 5207 ;
3100 5148 3155 5196 et
3179 5148 3307 5196 ante
3335 5148 3548 5210 tempus

1966 5255 1984 5288 ι
2024 5234 2147 5290 linis
2179 5233 2303 5289 vita:
2327 5247 2438 5287 sua:
2480 5241 2535 5286 et
2576 5231 2758 5287 saaculi
2800 5231 3166 5287 testimonium
3212 5230 3444 5303 prmbuit
3492 5230 3546 5285 in

1938 5319 1983 5378 ἰ
2021 5331 2313 5393 conspectu
2351 5322 2588 5389 Domini,
2634 5330 2691 5376 et
2732 5320 2969 5388 Christi;
3002 5322 3262 5394 pecunias
3289 5330 3345 5377 et
3372 5337 3545 5392 usque

1965 5438 1983 5469 1
2024 5420 2092 5474 ad
2119 5416 2482 5473 calceamenta
2516 5415 2584 5470 ab
2607 5415 2753 5469 omni
2787 5431 2949 5471 carne
2974 5432 3079 5471 non
3111 5416 3342 5487 accepit,
3365 5423 3420 5471 et
3439 5430 3548 5470 non

1963 5531 1981 5564 ι
2019 5509 2293 5566 accusavit
2323 5508 2473 5562 illum
2504 5508 2686 5562 homo.
2720 5506 2786 5561 Et
2810 5517 2931 5578 post
2959 5509 3063 5564 hoc
3089 5506 3344 5564 dormivit
3371 5516 3426 5564 et
3451 5523 3546 5561 no-

1963 5623 1983 5657 c
2022 5613 2136 5659 tum
2184 5601 2315 5656 fecit
2357 5598 2494 5670 regi,
2525 5606 2579 5654 et
2607 5600 2845 5655 ostendit
2871 5600 2946 5655 illi
2974 5600 3138 5657 ﬁnem
3168 5602 3293 5656 vita:
3322 5616 3454 5664 sum,
3491 5606 3547 5654 et

1960 5715 1980 5750 ι
2017 5692 2283 5753 exaltavit
2325 5706 2513 5747 vocem
2558 5690 2677 5762 ejus
2708 5691 2775 5748 de
2801 5700 2945 5749 terra
2973 5695 3028 5749 in
3056 5694 3341 5765 prophetia
3366 5691 3547 5747 delere

1960 5810 1981 5846 ι
2018 5790 2351 5863 impietatem
2388 5792 2584 5867 gentis.
2618 5810 2638 5846 ι
2680 5791 2844 5851 Plana
2876 5800 2962 5851 est
2989 5791 3238 5860 historia,
3271 5804 3391 5861 qua:
3413 5804 3542 5846 nar-
