4028 6472
583 376 725 438 ιοθδ
1227 374 1289 429 n.
1328 372 1581 429 axem
1622 370 1843 430 suum
1880 371 2204 430 ARCIIIEP.
2244 368 2553 471 uocum;
2591 369 2879 429 OPEBUM
2917 370 3098 429 rans
3133 372 3174 428 ι.
3646 359 3766 434 'nso

581 503 669 553 rat
697 493 764 548 de
801 488 1073 554 Samuele,
1119 486 1207 544 cui
1257 486 1521 541 Dominus
1555 486 1609 541 in
1643 485 1868 540 infantia
1914 500 2010 541 sua
2051 499 2174 540 cum
2204 490 2251 549 Α
2287 502 2307 536 α
2345 492 2490 541 stare
2515 484 2643 540 fecit
2664 492 2918 540 cantores
2945 491 3138 540 contra
3178 481 3367 547 altare,
3410 490 3459 538 et
3498 481 3549 537 in
3582 498 3773 547 εοωω.

585 582 849 641 dormiret
875 578 934 634 in
958 577 1161 648 templo
1186 578 1459 649 apparuit,
1489 586 1547 633 et
1572 577 1639 632 de
1669 575 1868 632 futuris
1891 576 2165 639 instruxit,
2277 595 2297 625 ε
2334 591 2453 630 rum
2478 575 2664 631 dulces
2699 574 2830 631 fecit
2855 574 3114 646 psalmos.
3160 572 3228 628 Et
3268 570 3415 627 dedit
3447 572 3499 627 in
3520 574 3769 635 celebratio.

582 676 726 748 quod
756 671 1098 729 renovaverit
1121 670 1429 741 imperium,
1454 684 1579 725 cum
1610 683 1790 740 regem
1822 683 1987 739 super
2007 665 2172 722 Israel
2279 685 2299 719 ι
2335 668 2496 723 nibus
2518 667 2706 731 decus,
2733 673 2792 722 et
2811 664 3031 721 ornavit
3057 673 3298 734 tempora
3326 680 3489 735 usque
3507 666 3568 721 ad
3584 682 3758 725 consul

583 773 702 842 ipse
737 764 961 822 unxerit
994 762 1049 836 (I
1076 762 1201 835 Reg.
1236 762 1343 834 ιιι).
1379 761 1625 817 Primum
1651 761 1903 816 videlicet
1929 758 2083 825 Saul,
2113 766 2170 814 et
2283 779 2303 813 ο
2340 761 2634 816 mationem
2667 762 2817 824 vitat,
2845 767 2907 814 ut
2940 758 3224 815 laudarent
3258 772 3451 813 nomen
3477 763 3774 818 sanech

583 860 781 919 deinde
806 857 977 913 David
1001 869 1248 928 pugnans
1284 863 1475 910 contra
1511 853 1695 908 hostes
1732 851 1916 922 populi
1946 850 2043 905 Dei
2073 850 2174 905 ob-
2284 873 2303 907 ι
2340 853 2493 920 mini,
2525 861 2582 909 et
2608 852 3006 923 ampliﬁcarent
3044 867 3202 909 mane
3238 851 3448 908 Domini
3484 854 3773 912 sanctitatem.

585 954 716 1011 tulit
735 952 1111 1009 holocaustum
1137 948 1367 1005 Domino
1391 965 1404 1001 :
1434 948 1577 1001 unde
1603 944 1804 1001 factum
1834 951 1938 1010 est,
1969 951 2029 997 ut
2053 957 2177 998 eum
2284 964 2305 998 ι
2341 944 2593 1001 Christus
2614 945 2863 1017 purgavit
2880 952 3106 1013 peccata
3128 945 3316 1015 ipsius.
3339 944 3778 1006 Exaltavitinteta.

587 1047 706 1118 ipse
729 1042 955 1101 olferret
981 1042 1378 1105 holocaustum,
1415 1038 1712 1095 Philisthaei
1740 1038 1945 1092 inirent
1969 1034 2175 1091 bellum
2286 1055 2307 1090 ι
2345 1053 2473 1093 num
2492 1052 2660 1094 cornu
2681 1037 2941 1108 ipsius,et
2957 1035 3780 1109 deditillitestamentumregmet

589 1150 784 1198 contra
837 1137 1023 1194 Israel.
1089 1134 1369 1189 «Intonuit
1420 1142 1599 1186 autem
1651 1129 1911 1186 Dominus
1962 1126 2181 1199 fragore
2287 1152 2307 1185 ι
2349 1133 2535 1189 sedem
2572 1132 2760 1203 gloriae
2790 1130 2845 1185 in
2872 1130 3060 1187 Israel.
3091 1149 3111 1183 ι
3149 1128 3400 1201 Scriptor
3434 1129 3578 1186 istius
3606 1130 3704 1186 libri
3733 1149 3779 1189 ex

589 1245 793 1301 magno
819 1231 874 1283 in
898 1228 986 1283 die
1008 1225 1098 1281 illa
1128 1240 1290 1295 super
1314 1223 1664 1289 Philisthiim,
1693 1230 1750 1277 et
1775 1219 2039 1276 exterruit
2063 1232 2178 1285 eos,
2282 1223 2455 1280 latere
2484 1225 2657 1295 tangit
2689 1223 2973 1279 historiam
3004 1222 3195 1289 David,
3242 1236 3645 1280 commemorans
3673 1236 3780 1282 κίε

593 1330 650 1377 et
675 1319 802 1376 caesi
840 1329 968 1374 sunt
994 1333 1025 1373 a
1054 1316 1178 1372 ﬁliis
1222 1316 1422 1379 Israel;
1472 1315 1574 1370 iste
1617 1313 1815 1384 quippe
1855 1326 1954 1382 per
1998 1310 2180 1366 omnia
2282 1315 2418 1386 ejus.
2460 1314 2538 1371 De
2557 1330 2666 1385 quo
2694 1323 2750 1370 et
2782 1314 2925 1370 liber
2955 1313 3163 1385 Regum
3191 1322 3250 1370 et
3276 1312 3680 1384 Paralipomenon
3700 1316 3780 1386 με.

591 1410 767 1466 ﬁdelis
793 1410 1065 1473 inventus,
1101 1407 1247 1463 etab
1269 1405 1421 1460 omni
1452 1404 1684 1460 avaritia
1711 1403 1941 1467 alienus,
1976 1402 2181 1458 dormi-
2284 1407 2509 1464 nissime
2554 1415 2820 1474 narrant;
2860 1408 3006 1479 quod
3032 1416 3215 1463 autem
3266 1407 3384 1478 ipse
3425 1404 3578 1463 David
3618 1423 3693 1464 rex
3718 1424 3782 1464 m-

590 1502 671 1557 vit
702 1501 757 1556 in
785 1515 938 1572 pace,
978 1507 1035 1555 et
1072 1508 1195 1571 post
1232 1508 1465 1553 mortem
1512 1511 1665 1553 suam
1710 1510 1974 1566 apparens
2016 1493 2181 1560 Saul,
2286 1510 2462 1557 stram
2510 1514 2693 1572 regem
2730 1498 3006 1556 Christum
3033 1514 3197 1556 manu
3225 1497 3421 1555 fortem
3448 1507 3503 1555 et
3527 1499 3781 1556 αεείάεηδε.

592 1606 782 1649 casum
829 1590 907 1648 illi
946 1590 1186 1645 futurum
1218 1588 1485 1660 praedixit.
1521 1607 1540 1640 ι
1586 1587 1811 1660 Mystice
1842 1594 2024 1641 autem
2057 1601 2185 1641 san-
2284 1596 2391 1651 tom
2435 1596 2664 1669 mystice
2684 1594 2973 1667 signiﬁcet,
3003 1609 3141 1664 pene
3165 1594 3418 1650 omnibus
3444 1594 3532 1664 qui
3552 1592 3782 1663 Scriptum

592 1694 804 1741 ctorum
857 1685 1245 1756 prophetarum
1299 1682 1499 1738 locutio
1551 1695 1720 1736 verax
1774 1693 1873 1750 per
1922 1678 2106 1734 omnia
2131 1684 2183 1732 et

2283 1704 2470 1746 sacras
2509 1688 2696 1761 legunt
2735 1694 2924 1743 notum
2968 1694 3071 1751 est,
3116 1686 3210 1755 qui
3247 1684 3457 1741 leonem
3480 1683 3721 1749 diabolum,
3747 1693 3784 1740 et

593 1779 770 1835 ﬁdelis
805 1791 926 1833 esse
954 1776 1247 1841 invenitur,
1285 1790 1408 1846 quae
1456 1788 1682 1845 regnum
1710 1769 1913 1827 Christi
1940 1767 2183 1825 futurum
2222 1846 2231 1847 ί
2286 1794 2476 1836 ursum
2528 1778 2922 1833 Annam-istum
2961 1777 3241 1841 contrivit,
3287 1777 3636 1847 gigantemque
3655 1790 3784 1846 super.

592 1868 874 1941 praedixit,
920 1877 977 1923 et
1015 1866 1135 1922 oleo
1176 1864 1415 1936 Spiritus
1458 1863 1634 1920 sancti
1676 1863 1825 1918 illum
1873 1861 2183 1933 ungendum

2215 1846 2262 1906 Β
2289 1870 2595 1937 hissimum,
2636 1870 2740 1926 hoc
2764 1878 2867 1935 est,
2897 1867 3136 1925 Satanan
3168 1868 3222 1922 in
3252 1846 3416 1923 funda
3442 1882 3503 1923 ac
3528 1867 3675 1937 lapide
3694 1877 3785 1921 stra-

591 1958 911 2030 praecinuit;
965 1957 1082 2028 ipsa
1121 1958 1288 2012 etiam
1334 1965 1459 2027 post
1511 1955 1929 2027 completionem
1972 1953 2185 2010 Veteris
2289 1962 2387 2028 vit,
2410 1962 2535 2032 quia
2565 1958 2794 2031 spiritali
2819 1974 2979 2015 sensu
3004 1958 3432 2029 scripturarum,
3466 1957 3784 2027 per-scientiam

550 2124 558 2131 .
594 2048 932 2105 Testamenti
976 2057 1033 2103 et
1079 2047 1239 2103 ﬁnem
1285 2047 1419 2120 legis
1447 2047 1662 2118 priscae,
1712 2061 1874 2117 quam
1916 2044 2188 2117 signiﬁcat
2287 2056 2423 2129 togis
2458 2055 2554 2110 Dei
2579 2053 2877 2125 potentiam
2911 2052 3085 2108 hostis
3124 2048 3786 2122 antiqniincultorihusido-

592 2152 743 2193 mors
788 2138 1097 2209 propheta;
1152 2138 1239 2193 lex
1286 2138 1431 2194 enim
1473 2146 1528 2193 et
1569 2137 1852 2209 prOphetre
1894 2150 2066 2208 usque
2116 2135 2183 2191 ad

2208 2145 2219 2157 “
2286 2149 2485 2216 lorum,
2525 2156 2581 2204 et
2603 2147 2969 2204 assertorihus
2993 2158 3381 2217 perversurum
3410 2144 3679 2215 dogmatum
3699 2142 3785 2198 vicit

592 2227 858 2285 Joannem
895 2228 1243 2302 (Matthxi),
1294 2237 1387 2295 et,
1441 2228 1565 2284 linis
1618 2228 1753 2299 legis
1804 2236 1890 2282 est
1935 2226 2187 2282 Christus
2287 2248 2452 2311 atque
2502 2239 2733 2308 deiecit;
2778 2237 2964 2310 sicque
3004 2237 3263 2308 populum
3312 2235 3408 2292 Dei
3454 2251 3483 2290 a
3527 2236 3688 2290 timore
3720 2235 3787 2289 ho-

599 2319 782 2392 (Rom.
807 2321 886 2393 x).
916 2320 1070 2377 Nunc
1111 2321 1445 2393 temporibus
1487 2318 1677 2391 gratia:
1722 2317 2009 2373 manifeste
2043 2333 2187 2388 pne-

2288 2332 2476 2396 stium,
2498 2330 2858 2402 malignorum
2883 2329 3129 2385 videlicet
3155 2328 3452 2399 spirituum
3474 2325 3707 2391 liberavit;
3725 2324 3782 2379 cui

595 2410 821 2466 nuntiat
863 2411 916 2466 in
956 2411 1187 2467 lectione
1214 2427 1310 2467 sua
1342 2411 1499 2466 malis
1529 2409 1832 2465 rectoribus
1860 2422 2077 2481 pinnam
2104 2408 2189 2463 fu-
2288 2424 2479 2480 νίοιονε
2506 2423 2574 2478 at,
2600 2421 2838 2479 hostium
2872 2421 3021 2477 caede
3060 2419 3312 2476 meum;
3342 2419 3596 2483 munem,
3620 2418 3786 2480 ιιοοεςι,

595 2510 800 2570 “tam:
826 2513 883 2559 θί
909 2511 1138 2561 “Ionem
1166 2504 1457 2559 succedere
1482 2513 1819 2574 ρθτρθιιιωιιο
2289 2518 2485 2573 anima:
2533 2515 2769 2571 ﬁdelium
2802 2513 3061 2584 triumphi
3101 2512 3323 2568 laudem
3370 2513 3648 2575 decantant,
3670 2516 3711 2564 et
3728 2507 3788 2562 de-

1196 2613 1424 2671 CAPU'I‘
1477 2613 1615 2669 XIII.
2289 2630 2407 2699 cem
2440 2612 2668 2669 millium
2710 2611 2967 2666 victorem
3008 2606 3334 2678 praedicant,
3380 2604 3501 2676 quia
3542 2602 3619 2658 ille
3655 2613 3787 2656 omnes

1209 2704 1286 2759 De
1341 2706 1581 2761 Nalhan.
2287 2690 2477 2761 hostes
2523 2713 2633 2759 tam
2676 2700 2948 2772 spiritales
2993 2712 3158 2769 quam
3207 2697 3377 2752 etiam
3420 2690 3688 2764 corporales
3706 2702 3789 2759 per-

668 2795 824 2879 (er.
853 2776 1046 2869 xuii.)
1089 2815 1106 2847 ι
1131 2795 1258 2852 Post
1287 2797 1388 2853 hoc
1417 2798 1656 2853 surrexit
1687 2796 1900 2853 Nathan
1926 2798 2188 2869 prepheta
2292 2789 2434 2877 fecit;
2483 2794 2760 2867 superavit
2805 2799 2968 2861 atque
3012 2788 3334 2861 prostravit.
3378 2786 3467 2842 Isti
3508 2798 3621 2854 ergo
3641 2776 3787 2878 nomen

602 2905 623 2939 ι
655 2866 711 2943 in
755 2872 945 2943 diebus
995 2866 1183 2954 Daﬁd,
1233 2897 1288 2943 et
1339 2888 1492 2957 quasi
1535 2889 1700 2958 adeps
1739 2866 2132 2959 separatus—est
2160 2904 2190 2943 a
2291 2869 2691 2961 per'denarios
2745 2882 2972 2957 perfecti
3024 2890 3172 2946 sunt,
3221 2887 3283 2934 et
3332 2875 3608 2949 perfectam
3648 2866 3787 2925 Christi

604 3004 622 3035 ι
655 2997 842 3038 carne.
876 3002 895 3035 ι
940 2980 1046 3038 Iste
1076 2979 1291 3036 Nuthan
1336 2983 1387 3035 in
1436 2980 1607 3037 David
1658 2981 1801 3053 regis
1858 2981 2191 3052 temporibus
2289 2981 2491 3050 ubique
2531 2978 2817 3033 victoriam
2862 2976 3263 3030 demonstrant.
3309 2969 3543 3038 Denique
3570 2962 3786 3020 Davidno-

598 3074 652 3128 in
675 3082 836 3144 gente
875 3071 1059 3129 JlIdJIIl
1092 3074 1233 3127 dono
1264 3072 1561 3143 prophetim
1594 3072 1823 3144 insignis
1851 3072 2065 3137 claruit,
2096 3071 2188 3141 qui
2293 3083 2405 3128 ster
2427 3072 2546 3125 oleo
2574 3070 2775 3124 laatitia:
2806 3081 2919 3139 prae
2950 3061 3309 3136 participibus
3346 3061 3458 3117 suis
3485 3060 3534 3114 in
3558 3070 3700 3127 regem
3718 3067 3786 3107 un-

597 3163 775 3233 ipsum
819 3161 990 3217 David
1018 3163 1088 3217 ob
1113 3162 1639 3234 praevaricationem,
1686 3163 1813 3233 quia
1861 3162 2188 3234 prmvarica-

2223 3221 2261 3234 ,-
2293 3176 2433 3224 ctus.
2481 3162 2763 3217 universos
2791 3158 2977 3213 hostes
3010 3153 3272 3210 Ecclesia:
3302 3149 3548 3207 contrivit
3577 3157 3705 3215 atque
3729 3157 3787 3197 ex-

597 3263 686 3311 tus
713 3262 800 3310 est
838 3256 892 3310 in
932 3221 1198 3310 adulterio
1225 3255 1545 3322 Bcthsabce,
1575 3221 1637 3311 et,
1656 3221 1721 3310 in.
1753 3221 1886 3312 nece
1915 3255 2060 3313 Uria:
2086 3254 2188 3309 viri
2217 3221 2263 3282 Ο
2294 3221 2546 3324 stirpavit
2571 3269 2584 3305 :
2613 3252 2666 3306 in
2689 3266 2746 3305 se
2768 3249 3044 3313 nimirum,
3081 3244 3241 3315 juxta
3286 3253 3466 3316 typum
3503 3252 3640 3311 quem
3673 3230 3787 3288 David

595 3347 713 3418 ejus
739 3350 1007 3422 corripuit
1035 3348 1121 3421 (11
1152 3347 1280 3420 Reg.
1307 3347 1427 3421 xu).
1468 3348 1566 3404 llic
1591 3350 1757 3403 etiam
1788 3347 1887 3413 illi,
1917 3347 2059 3418 quod
2083 3362 2191 3400 non
2294 3346 2587 3403 historicus
2645 3340 2989 3414 prteferehat,
3042 3336 3475 3394 ecclesiasticum
3517 3326 3787 3422 ministerium

595 3420 961 3497 aediﬁcaturus
1002 3420 1149 3496 eSset
1191 3440 1445 3510 templum
1489 3439 1717 3496 Domino
1742 3438 2011 3509 przedixit,
2048 3436 2189 3494 idem
2291 3438 2345 3494 in
2378 3437 2537 3491 domo
2567 3433 2685 3497 Dei,
2716 3434 2859 3503 quod
2886 3439 2971 3487 est
3016 3437 3201 3485 sancta
3255 3426 3493 3482 Ecclesia
3533 3420 3725 3481 ordinat,
3750 3421 3787 3467 et

595 3547 811 3603 quoque
851 3530 1198 3587 Salomonem
1242 3509 1407 3585 filium
1439 3531 1608 3587 David
1636 3530 1797 3586 simul
1827 3545 1951 3585 eum
1977 3528 2190 3584 Sadoclt
2291 3528 2473 3584 ofﬁcia
2506 3526 2838 3597 singulorum
2879 3537 2980 3578 suo
3009 3520 3237 3576 arbitrio
3267 3520 3336 3575 ad
3359 3514 3652 3572 laudandum
3675 3509 3786 3603 [ltum

596 3601 884 3679 sacerdote
928 3637 1087 3678 sacra
1136 3623 1389 3678 unctione
1421 3622 1474 3677 in
1504 3621 1806 3693 principem
1851 3620 2194 3677 consecravit
2292 3620 2529 3692 disponit
2574 3630 2735 3690 atque
2780 3618 3076 3688 dispensat.
3108 3613 3179 3670 Ut
3209 3613 3267 3668 in
3293 3611 3439 3667 omni
3475 3609 3583 3665 loco
3614 3601 3787 3658 domini-

597 3714 719 3787 (111
747 3714 873 3787 Reg.
907 3716 969 3787 l).
999 3715 1152 3783 Quod
1188 3725 1369 3770 autem
1401 3716 1534 3772 dicit
1560 3732 1686 3772 eum
1713 3724 2026 3786 separatum
2068 3728 2191 3768 esse
2292 3716 2457 3771 tionis
2496 3711 2611 3783 ejus
2656 3717 2903 3766 creatura
2931 3706 3168 3764 emlestis
3208 3713 3378 3774 atque
3411 3693 3783 3787 terrestristfle'

597 3823 630 3865 a
656 3779 1254 3879 caruevquasiwadipem
1287 3809 1599 3877 salutarem,
1636 3779 1872 3865 ostendit
1905 3823 2028 3864 eum
2064 3823 2191 3877 gra-
2293 3807 2439 3863 dicat
2481 3779 2768 3860 Dominum
2818 3801 2871 3856 in
2916 3798 3062 3856 omni
3104 3804 3357 3867 tempore
3400 3793 3605 3863 ejusque
3639 3779 3787 3879 laqu

600 3898 675 3953 tia
710 3899 949 3971 Spiritus
972 3903 1144 3958 sancti
1182 3903 1442 3974 repletum
1473 3918 1502 3957 a
1529 3903 1830 3958 carnalium
1858 3910 1913 3955 et
1936 3865 2191 3971 peccato-
2294 3914 2510 3969 semper
2545 3897 2600 3951 in
2628 3910 2724 3950 ore
2755 3893 3025 3948 decantet.
3069 3865 3230 3960 Apte
3260 3894 3441 3941 autem
3488 3879 3658 3974 dicitur
3691 3865 3787 3970 φίξά

597 4006 719 4046 rum
761 3992 1040 4048 hominum
1087 3959 1383 4062 consortio,
1424 3996 1478 4050 in
1506 3994 1749 4050 moribus
1777 4001 1833 4049 et
1857 3959 1969 4048 vita
1996 4005 2191 4062 seque-
2294 3959 2544 4044 Christus
2590 3990 2849 4055 purgaret
2891 3959 3130 4051 peccata
3172 3976 3369 4041 David,
3412 3982 3467 4029 et
3506 3968 3719 4064 exaltare!
3752 3959 3786 4011 in

599 4090 833 4139 stratum
858 4100 983 4142 esse
1009 4095 1066 4142 et
1091 4086 1349 4142 alienum.
2293 4088 2559 4135 aeternum
2603 4091 2774 4130 cornu
2803 4071 2993 4142 ipsius,
3022 4068 3147 4139 quia
3170 4066 3328 4137 juxta
3354 4062 3497 4120 Petri
3526 4062 3786 4115 sententiam.

1189 4177 1418 4234 CAPUT
1468 4178 1607 4235 XIV.
2300 4191 2318 4224 ι
2351 4187 2458 4227 non
2487 4177 2572 4225 est
2606 4168 2752 4223 aliud
2791 4179 2987 4221 nomen
3023 4177 3187 4233 super
3214 4169 3417 4216 terram
3437 4158 3602 4213 datum
3625 4142 3787 4205 homini-

1237 4272 1312 4327 De
1350 4272 1542 4328 David.
2293 4265 2417 4330 bus,
2446 4263 2499 4318 in
2536 4276 2643 4332 quo
2665 4264 2915 4330 oporteat
2947 4254 3145 4311 salvari
3170 4253 3293 4325 (Act
3318 4292 3333 4306 .
3365 4250 3458 4323 Iv).
3489 4269 3506 4299 ι
3534 4246 3583 4301 In
3607 4244 3785 4303 ιιοοαεο

674 4382 695 4416 ‹
721 4361 814 4420 Sic
850 4362 1018 4419 David
1043 4379 1073 4418 a
1104 4363 1229 4419 filiis
1256 4363 1419 4419 Israel
1450 4380 1572 4419 cum
1601 4364 1849 4421 leonibus
1875 4364 2004 4420 lusit
2029 4380 2187 4434 quas:
2293 4353 2514 4410 nomine
2542 4350 2862 4422 pmnilentia
2886 4346 3233 4418 prmdicatur,
3275 4351 3333 4398 et
3366 4337 3593 4396 remissio

601 4474 621 4508 ι
658 4470 785 4511 cum
810 4455 962 4527 agnis
996 4456 1204 4520 ovium,
1242 4463 1297 4509 et
1323 4453 1375 4508 in
1412 4455 1555 4510 ursis
1586 4455 1839 4509 similiter
1870 4454 2019 4521 fecit,
2049 4455 2189 4509 sicut
2295 4462 2417 4502 rum
2464 4447 2516 4501 in
2566 4458 2757 4499 omnes
2795 4448 3015 4512 gemes;
3050 4439 3226 4508 ipsum
3268 4442 3450 4490 θυῑεω
3493 4417 3786 4527 ρτορξετμοῖτζ

608 4506 618 4508 ἡ
665 4506 959 4527 --πηοηα
1250 4506 1294 4509 ρ
2798 4506 2823 4512 -
3072 4506 3084 4508 -
3771 4506 3780 4517 .

603 4566 622 4599 ι
659 4562 783 4603 cum
825 4548 977 4619 agnis
1024 4546 1227 4602 ovium.
1279 4545 1336 4602 In
1370 4545 1654 4615 iuventute
1682 4561 1778 4601 sua
1813 4548 2052 4617 nunquid
2082 4563 2188 4601 non
2218 4574 2268 4634 ι)
2296 4538 2554 4595 dientiam
2597 4535 2780 4591 crucis
2824 4533 2970 4588 Deus
3006 4529 3168 4584 Pater
3202 4546 3220 4578 ‹
3245 4524 3514 4587 exultavit,
3538 4527 3588 4576 et
3607 4506 3780 4611 dedillul

2661 4627 2674 4634 -
2793 4633 2798 4634 ,
3361 4633 3365 4634 ,
3392 4633 3396 4634 ,
3428 4633 3435 4634 ,
3489 4621 3540 4634 --ι
3572 4611 3614 4634 2-
3634 4612 3780 4634 ..λιιι-ιω

604 4658 622 4691 ι
665 4611 1180 4709 occidit'gigantem,
1208 4647 1265 4693 et
1285 4611 1509 4694 abstulit
1528 4638 1875 4708 opprobrium
1904 4611 1969 4693 de
1991 4640 2185 4710 gente?
2218 4611 2267 4634 υ
2297 4647 2493 4687 nomen
2532 4627 2674 4698 quod
2721 4633 2807 4681 est
2846 4638 3012 4693 super
3046 4634 3206 4676 omne
3246 4633 3462 4679 nomen,
3489 4621 3542 4667 ut
3572 4611 3616 4665 in
3634 4612 3785 4711 meum

606 4746 625 4779 ί
669 4728 728 4783 In
761 4708 997 4783 tollendo
1031 4742 1274 4793 manum,
1312 4728 1365 4782 in
1399 4742 1532 4782 saxo
1564 4726 1742 4782 fundae
1770 4726 1966 4796 dejccit
1998 4708 2184 4783 exsul-
2293 4721 2421 4779 Jesu
2468 4736 2628 4775 omne
2681 4734 2820 4789 genu
2868 4715 3116 4772 ﬂectatur
3146 4711 3478 4778 ,cmlestium,
3510 4708 3781 4796 terrestria“).

601 4836 621 4868 ι
662 4817 924 4873 tationem
962 4816 1152 4874 Goliae.
1198 4816 1334 4872 Nam
1375 4817 1646 4872 invocavit
1688 4818 1974 4873 Dominum
2009 4819 2182 4874 omni.
2293 4823 2350 4871 et
2398 4812 2769 4875 infernarum,
2815 4817 2870 4864 et
2918 4807 3096 4863 onmis
3142 4803 3322 4876 lingua
3372 4797 3782 4883 εοηίὶιαξειιιιικλίξιξιξί

601 4929 621 4962 c
664 4918 963 4980 potentem,
1010 4918 1068 4965 et
1111 4909 1256 4964 dedit
1287 4910 1341 4964 in
1368 4907 1592 4963 dextera
1627 4907 1743 4980 ejus
1773 4908 1961 4964 tollere
2010 4873 2179 4965 liomi-
2295 4902 2558 4959 Dominus
2579 4900 2740 4957 Jcsus
2759 4873 3010 4955 Christus
3037 4896 3091 4952 in
3113 4873 3284 4965 gloria
3305 4902 3389 4949 est
3411 4891 3499 4946 Dei
3519 4883 3665 4942 Patris
3681 4873 3783 4950 (κί’

600 5023 619 5056 ι
659 5018 781 5058 nem
812 5001 1010 5058 fortem
1037 5002 1091 5057 iu
1120 5001 1282 5067 bello,
1309 5010 1363 5057 et
1384 5000 1628 5056 exaltare
1654 5017 1822 5057 cornu
1852 5000 2028 5073 gentis
2050 5017 2180 5057 sum.
2293 4997 2386 5070 (ip.
2417 4995 2502 5068 ll).
2528 5014 2547 5047 ι

602 5114 621 5146 ι
661 5094 754 5151 Sic
785 5094 839 5149 in
869 5092 1056 5149 decem
1088 5092 1327 5148 millibus
1356 5091 1677 5164 glorificavit
1712 5092 1883 5157 illum;
1912 5100 1968 5148 et
1996 5090 2185 5147 lauda-
2887 5080 3116 5138 CAPUT
3166 5078 3280 5134 XV.

603 5202 621 5234 ι
665 5184 742 5238 vit
770 5184 918 5239 illum
957 5184 1009 5239 in
1046 5182 1514 5238 benedictionibus
1544 5183 1777 5247 Domini,
1815 5182 1871 5237 in
1905 5181 2183 5239 offerendo
2864 5173 2943 5229 De
2991 5172 3288 5228 Salomone.

603 5291 622 5321 ι
663 5272 740 5326 illi
784 5289 1041 5328 coronam
1080 5273 1296 5345 gloriaz;
1341 5274 1598 5329 contrivit
1645 5274 1893 5328 inimicos
1921 5273 2179 5342 uvidique,
2368 5293 2387 5323 ε
2424 5270 2556 5327 Post
2595 5271 2771 5341 ipsum
2808 5265 3049 5323 surrexit
3087 5263 3229 5318 ﬁlius
3267 5267 3525 5321 sensatus,
3550 5259 3601 5308 et
3625 5248 3777 5345 μωρία

602 5380 621 5415 ε
660 5370 716 5419 et
737 5365 1057 5435 exstirpavit
1092 5365 1424 5422 Philisthiim
1459 5366 1762 5421 contrarios
1794 5380 1965 5434 usque
1997 5364 2049 5418 in
2070 5328 2184 5419 Ilio-
2297 5385 2316 5416 ι
2351 5364 2499 5420 illum
2546 5328 2747 5431 deiecit
2790 5371 3007 5415 onmem
3044 5355 3341 5427 potentiam
3380 5328 3779 5435 inimicorum?“

600 5476 622 5508 ε
659 5457 905 5514 dicrnum
934 5459 1112 5524 diem;
1145 5459 1406 5514 contrivit
1446 5473 1614 5514 cornu
1660 5458 1896 5528 ipsorum
1928 5471 2099 5527 usque
2126 5457 2181 5512 in
2300 5476 2319 5509 ι
2353 5456 2533 5511 lomon
2564 5451 2850 5523 imperavit
2878 5451 2934 5505 in
2960 5447 3150 5504 diebus
3177 5445 3349 5517 pacis,
3384 5441 3466 5498 cui
3502 5421 3774 5528 subieci!“

507 5540 513 5546 ’
602 5567 622 5600 ι
659 5557 942 5605 :eteruum.
982 5550 1039 5604 In
1069 5552 1217 5605 ornni
1253 5566 1418 5622 opere
1446 5549 1595 5605 dedit
1618 5549 2016 5605 confessionem
2045 5548 2186 5604 San-
2300 5569 2320 5601 ‹
2350 5550 2530 5605 minus
2578 5560 2768 5602 oumes
2812 5544 3020 5607 hostes,
3067 5548 3128 5594 ut
3178 5540 3407 5594 condere
3447 5534 3636 5588 domum
3663 5520 3764 5575 ἱιιυο

602 5660 621 5691 ι
658 5650 770 5708 clo,
820 5650 876 5698 et
925 5641 1155 5698 Excelso
1207 5644 1259 5698 in
1289 5617 1461 5698 verbo
1490 5644 1692 5715 εισι-ξω.
1739 5642 1814 5697 De
1840 5643 1988 5699 omni
2016 5642 2183 5698 corde
2299 5659 2319 5691 ι
2351 5639 2496 5695 mine
2523 5652 2643 5703 suo,
2674 5647 2728 5691 et
2753 5641 2971 5705 pararet
3006 5631 3346 5687 sanctitatem
3372 5626 3423 5680 in
3452 5617 3771 5715 sempiterni":

602 5751 621 5784 ε
661 5750 760 5789 suo
785 5732 1024 5788 laudavit
1054 5734 1361 5799 Dominum,
1392 5742 1447 5789 et
1486 5692 1677 5790 dilexit
1720 5734 1887 5789 Deum
1915 5733 2004 5805 qui
2057 5732 2186 5789 fecit
2299 5751 2319 5783 σ
2351 5692 2804 5802 quemadmodum
2845 5724 3091 5780 eruditus
3131 5733 3216 5778 est
3263 5721 3314 5776 in
3347 5718 3604 5788 iuventute
3620 5716 3709 5759 stn-
3733 5692 3776 5747 ει

603 5842 625 5876 ι
655 5824 833 5892 illum,
865 5835 921 5881 et
947 5826 1095 5881 dedit
1140 5826 1216 5881 illi
1261 5836 1448 5881 contra
1492 5827 1738 5883 inimicos
1764 5800 2084 5898 potentiam.
2114 5825 2181 5882 Et
2300 5846 2320 5877 ι
2351 5800 2602 5897 impletus
2626 5829 2709 5877 est
2737 5818 2890 5890 quasi
2928 5817 3125 5872 ﬁumen
3162 5815 3416 5886 sapientia
3464 5815 3513 5867 et
3535 5810 3694 5860 terram
3717 5800 3785 5873 τεὴ
