4028 6458
226 360 356 429 1097

1093 359 1446 422 COMMENT.
1487 359 1555 417 IN
1591 356 2202 417 ECCLESIASTICUH.
2241 387 2315 400 —-
2349 357 2480 416 LIB.
2519 355 2586 413 Χ.

233 502 252 537 ι
285 481 420 538 texit
455 477 636 536 anima
664 475 799 535 'sua.
841 477 911 534 Et
945 477 1166 548 replesti
1204 477 1260 532 in
1309 474 1802 545 comparationibus
1827 477 1877 538 Α
1908 481 2121 528 ternum
2144 471 2280 544 (Isa.
2312 471 2411 544 rx).
2443 492 2462 525 ι
2505 471 2606 527 Hic
2632 470 2894 543 templum
2915 468 3027 528 Deo
3045 469 3350 536 adiﬁcavit,
3377 472 3484 528 hoc

232 593 252 628 ι
280 575 585 644 anigmata,
623 572 691 626 ad
717 571 921 628 insulas
960 569 1116 641 longe
1141 569 1473 640 divulgatum
1497 576 1582 623 est
1607 581 1802 622 nomen

233 688 254 722 σ
283 677 456 723 tuum.
499 667 566 722 Et
602 665 832 721 dilectus
857 681 918 720 es
943 666 996 720 in
1022 679 1159 735 pace
1199 671 1312 729 tua,
1350 662 1405 716 in
1444 660 1730 718 cantilenis
1752 667 1809 714 et

235 779 256 812 ι
283 758 606 832 proverbiis,
657 767 713 812 et
745 757 1238 828 comparationibus
1267 764 1322 811 et
1349 754 1808 826 interpretationi-

236 869 256 902 ι
286 853 388 906 bus
417 850 629 904 mirata
666 857 792 904 sunt
814 858 993 904 terra.
1021 849 1090 904 Et
1120 849 1174 904 in
1202 849 1421 904 nomine
1446 847 1656 903 Domini
1691 846 1809 914 Dei,

238 962 257 995 ι
287 943 375 1000 cui
415 949 501 998 est
534 955 835 1012 cognomen
860 941 1002 997 Deus
1024 939 1212 1006 Israel,
1243 939 1508 1011 collegisti
1535 939 1690 1009 quasi
1715 953 1816 994 au-

238 1054 258 1089 ι
289 1034 588 1091 richalcum
623 1049 836 1100 aurum,
884 1041 941 1090 et
979 1041 1040 1088 ut
1080 1034 1358 1105 plumbum
1399 1032 1682 1103 complesti
1727 1047 1814 1087 ar-

240 1147 260 1179 ι
292 1136 534 1197 gentum,
566 1134 620 1182 et
643 1127 918 1183 reclinasti
955 1125 1162 1183 femora
1210 1135 1321 1187 tua.
1341 1127 1676 1183 mulieribus.
1714 1125 1819 1182 Po-

240 1237 260 1269 ι
289 1225 541 1273 testatem
580 1218 820 1274 habuisti
863 1219 918 1272 in
952 1226 1047 1274 tuo
1089 1232 1338 1289 corpore,
1379 1227 1436 1275 et
1463 1217 1655 1275 dedisti
1698 1231 1817 1272 ma-

241 1325 260 1358 ‹
289 1308 466 1363 cuiam
514 1308 570 1364 in
619 1309 790 1380 gloria
836 1317 948 1376 tua,
996 1318 1050 1364 et
1091 1308 1389 1378 profanasti
1436 1324 1621 1365 semen
1666 1316 1819 1364 tuum

242 1415 262 1449 ι
291 1396 548 1454 inducere
575 1397 912 1455 iracundiam
939 1399 1010 1453 ad
1039 1399 1238 1455 liberos
1270 1407 1413 1467 tuos,
1450 1407 1504 1456 et
1530 1399 1584 1454 in
1609 1399 1822 1454 cateris

242 1503 262 1537 ι
291 1485 577 1541 stultitiam
615 1493 786 1553 tuam,
821 1494 882 1541 ut
923 1487 1135 1544 laceres
1167 1489 1452 1560 imperium
1479 1489 1818 1560 bipartitum,

230 1590 262 1630 τ
292 1584 347 1632 et
378 1591 446 1632 ex
478 1577 736 1648 Ephraim
776 1579 1041 1649 imperare
1088 1579 1375 1650 imperium
1418 1579 1633 1635 durum.
1679 1580 1824 1636 Deus

243 1687 262 1722 ι
293 1678 476 1726 autem
522 1684 632 1726 non
677 1670 1012 1741 derelinquet
1065 1673 1492 1728 misericordiam
1535 1688 1720 1739 suam,
1766 1681 1823 1728 et

243 1778 264 1814 ι
292 1775 400 1816 non
428 1771 743 1832 corrumpet
786 1777 962 1833 neque
999 1763 1198 1820 delebit
1217 1779 1381 1834 opera
1411 1779 1528 1830 sua,
1561 1765 1687 1835 quia
1715 1778 1823 1820 non

1909 574 1994 622 est
2022 565 2324 622 Ecclesiam
2365 565 2708 631 catholicam,
2753 580 2875 634 qua
2918 565 2986 620 de
3031 563 3169 619 vivis
3216 561 3486 632 lapidibus

1910 666 2221 714 constructa
2255 665 2362 724 est,
2393 656 2482 712 ubi
2523 657 2641 712 laus
2663 655 2780 725 ejus
2805 664 2862 711 et
2884 655 3073 728 gloria,
3102 671 3246 711 nunc
3268 663 3324 710 et
3346 669 3490 711 sem-

1910 764 2028 821 per,
2063 758 2120 804 et
2143 750 2198 804 in
2219 755 2421 805 atoma
2444 754 2726 818 permanet
2746 745 2961 802 sacula.
2983 745 3082 802 Cui
3109 747 3250 802 Deus
3274 744 3492 801 divitias

1912 841 2155 896 omnium
2204 840 2440 912 gentium
2481 839 2650 904 dedit,
2701 839 2827 910 quia
2879 839 2954 894 illi
2999 845 3321 909 potestatem
3368 837 3492 895 cali

1915 941 2180 1003 terraque
2207 930 2509 987 contulitet
2537 929 2901 1001 magniﬁcavit
2928 929 3082 984 illum
3116 944 3277 1000 super
3303 942 3496 985 omnes

1917 1037 2072 1094 reges
2101 1020 2497 1077 terra‘divitiis
2524 1028 2580 1076 et
2613 1020 2902 1090 sapientia,
2949 1029 3006 1076 et
3052 1021 3305 1077 universa
3347 1029 3497 1077 terra

1917 1111 2258 1166 desiderabat
2307 1110 2492 1166 videre
2538 1109 2746 1164 vultum
2801 1108 3129 1176 Salomonis,
3177 1117 3238 1164 ut
3287 1109 3502 1166 audiret

1919 1201 2236 1272 sapientiam
2267 1199 2405 1270 ejus,
2435 1216 2596 1272 quam
2647 1200 2870 1256 dederat
2903 1199 3047 1255 Deus
3076 1200 3130 1255 in
3165 1202 3325 1256 corde
3348 1200 3499 1272 ejus;

1919 1299 1975 1346 et
1995 1291 2190 1362 singuli
2237 1290 2556 1348 deferebant
2601 1294 2651 1348 ei
2696 1306 2939 1358 munera,
2991 1306 3121 1347 vasa
3161 1299 3418 1364 argentea
3446 1301 3503 1346 et

1921 1399 2108 1450 aurea,
2139 1391 2320 1440 vestes
2347 1392 2405 1440 et
2430 1398 2582 1439 arma
2623 1383 2836 1448 bellica,
2872 1382 3128 1452 quoniam
3156 1396 3317 1454 super
3345 1381 3504 1437 celsi-

1922 1476 2164 1533 tudinem
2203 1483 2535 1543 sanctorum,
2579 1476 2672 1547 qui
2703 1492 2830 1531 vere
2858 1490 3012 1549 reges
3040 1476 3315 1542 dicuntur,
3360 1475 3505 1530 exal-

1879 1557 2088 1636 ‘tatur,
2139 1569 2393 1625 etnullus
2422 1569 2472 1625 ei
2502 1569 2770 1640 coaquari
2807 1577 2999 1640 potest,
3037 1569 3292 1640 quoniam
3340 1587 3358 1620 ι
3381 1569 3505 1640 quis

1924 1662 1980 1717 in
2001 1662 2236 1718 nubibus
2274 1661 2578 1732 aquabitur
2617 1661 2866 1727 Domino,
2915 1669 3012 1715 aut
3035 1661 3158 1729 quis
3187 1660 3379 1716 similis
3401 1661 3508 1714 crit

1926 1755 2038 1812 Deo
2089 1756 2232 1811 inter
2278 1755 2424 1810 ﬁlios
2475 1754 2649 1810 Dei?»
2691 1773 2710 1804 ι
2738 1754 2882 1809 Deus
2926 1755 3020 1825 qui
3061 1753 3398 1824 gloriﬁcatur
3451 1755 3506 1808 iu

243 1867 264 1902 α
290 1851 534 1921 perdeta
559 1852 728 1922 stirpe
775 1862 998 1924 nepotes
1039 1855 1196 1910 electi
1241 1855 1348 1920 sui,
1388 1864 1444 1910 et
1485 1871 1670 1912 semen
1703 1856 1822 1927 ejus
1849 1860 1898 1922 Β
1925 1845 2150 1902 consilio
2191 1854 2543 1912 sanctorum,
2584 1861 2812 1919 magnus
2863 1855 2919 1902 et
2969 1846 3290 1902 metuendus
3344 1861 3510 1918 super

245 1963 264 1994 ι
294 1943 388 2014 qui
413 1943 589 2015 diligit
623 1944 911 2001 Dominum
951 1961 1059 2003 non
1094 1955 1428 2018 corrumpet.
1457 1946 1615 2004 Dedit
1643 1957 1825 2002 autem

243 2053 263 2088 ι
293 2034 558 2105 reliquum
583 2033 749 2092 Jacob
777 2044 832 2092 et
853 2036 1024 2093 David
1051 2038 1117 2094 de
1139 2038 1253 2108 ipsa
1283 2039 1470 2108 stirpe.
1497 2059 1518 2092 ι
1554 2037 1698 2095 Sane
1717 2055 1826 2095 non

237 2123 424 2197 ignota
466 2133 551 2181 est
596 2126 823 2183 historia
869 2142 990 2198 qua
1040 2136 1228 2184 narrat
1271 2130 1339 2184 de
1379 2128 1667 2186 Salomone
1717 2130 1828 2186 ﬁlio

237 2216 427 2284 David,
477 2219 746 2289 quomodo
775 2219 827 2276 ei
860 2219 1025 2287 Deus,
1074 2235 1172 2290 per
1219 2221 1488 2278 visionem
1537 2235 1824 2293 apparens,

241 2308 517 2364 concessit
539 2317 600 2364 ut
625 2318 834 2380 peteret
863 2313 932 2368 ab
955 2326 1022 2368 eo
1049 2312 1193 2383 quod
1226 2313 1428 2380 vellet;
1468 2313 1560 2384 qui
1584 2328 1706 2369 cum
1732 2328 1827 2372 cor

239 2399 469 2457 docibile
503 2403 607 2458 sibi
637 2404 753 2459 dari
795 2405 1149 2474 postulasset,
1190 2413 1251 2460 ut
1295 2407 1604 2462 discernere
1627 2406 1828 2477 {posset

243 2487 388 2544 inter
417 2490 621 2546 bonum
646 2500 702 2548 et
725 2494 948 2560 malum,
983 2508 1048 2550 ac
1063 2493 1212 2565 justo
1231 2495 1434 2567 judicio
1453 2496 1708 2567 populum
1729 2496 1826 2552 Dei

234 2579 482 2651 judicare
505 2582 624 2652 (III
651 2583 780 2656 Reg.
809 2585 913 2659 Ill),
935 2586 1137 2659 placuit
1157 2602 1337 2644 sermo
1357 2603 1538 2645 coram
1571 2589 1825 2657 Domino,

243 2682 299 2728 et
345 2673 493 2728 dedit
529 2674 605 2730 illi
639 2691 735 2732 cor
757 2678 970 2748 sapiens
994 2688 1049 2733 et
1079 2679 1410 2750 intelligens,
1450 2681 1506 2736 in
1537 2689 1744 2737 tantum
1766 2690 1826 2737 ut

243 2764 424 2820 nullus
452 2774 576 2821 ante
597 2781 655 2822 se
675 2767 726 2823 ei
756 2767 946 2824 similis
991 2769 1175 2838 fuerit,
1209 2787 1310 2827 nec
1333 2779 1524 2841 postea
1549 2781 1826 2829 surrectu-

242 2872 339 2912 rus
369 2858 456 2913 sit.
487 2858 712 2931 Insuper
735 2875 952 2931 quoque
985 2863 1134 2918 dedit
1157 2863 1233 2918 illi
1262 2864 1476 2920 divitias
1500 2873 1557 2920 et
1576 2865 1822 2936 gloriam,

241 2958 304 3004 ut
353 2966 511 3006 nemo
553 2950 716 3007 fuerit
763 2951 955 3008 similis
983 2953 1035 3008 ei
1061 2953 1116 3008 in
1169 2954 1386 3025 regibus
1427 2955 1638 3010 cunctis
1680 2964 1825 3012 retro

243 3042 457 3110 diebus,
507 3043 764 3114 deditque
813 3045 890 3100 illi
940 3060 1127 3116 pacem
1171 3047 1408 3116 undique
1455 3047 1524 3102 ab
1579 3047 1824 3105 hostibus

243 3135 378 3189 suis.
431 3134 584 3190 Unde
623 3135 954 3207 divulgatum
995 3146 1078 3193 est
1119 3151 1316 3194 nomen
1355 3137 1473 3208 ejus
1515 3139 1583 3194 ad
1617 3139 1821 3196 insulas

1927 1953 2117 1995 omnes
2161 1939 2254 2010 qui
2302 1939 2360 1994 in
2405 1938 2637 1994 circuitu
2677 1937 2798 2009 ejus
2836 1947 2962 1994 sunt
3018 1937 3192 2013 (Psal.
3238 1942 3443 2012 cum).
3481 1959 3502 1993 ι

1926 2028 1996 2084 Et
2019 2029 2148 2084 item
2171 2046 2188 2084 :
2223 2048 2242 2080 ι
2269 2027 2497 2100 Magnus
2524 2028 2784 2084 Dominus
2803 2036 3009 2096 noster,
3031 2037 3089 2085 et
3111 2043 3306 2100 magna
3338 2029 3511 2084 virtus

1926 2118 2064 2188 ejus,
2093 2127 2150 2174 et
2177 2119 2452 2191 sapientia
2479 2118 2596 2190 ejus
2640 2134 2747 2175 non
2784 2129 2868 2176 est
2899 2135 3178 2176 numerus.
3204 2140 3224 2174 ι
3282 2119 3434 2177 Unde
3455 2129 3512 2177 et

1925 2209 2164 2268 Joannes
2214 2212 2382 2268 dicit:
2421 2211 2529 2266 «Et
2580 2211 2814 2268 vidimus
2853 2212 3080 2284 gloriam
3113 2211 3251 2283 ejus,
3284 2213 3512 2285 gloriam

1926 2305 2081 2375 quasi
2124 2305 2388 2377 unigeniti
2420 2319 2452 2359 a
2480 2304 2672 2370 Patre,
2717 2305 2936 2376 plenum
2979 2306 3152 2378 gratia
3189 2314 3245 2362 et
3287 2306 3516 2362 veritate

1927 2396 2121 2469 (Joan.
2175 2397 2250 2468 ι).
2282 2417 2303 2450 ι
2334 2396 2430 2464 ,Ει
2482 2396 2740 2452 universa
2803 2406 2946 2452 terra
3004 2397 3282 2453 desiderat
3331 2397 3518 2453 videre

1925 2489 2131 2544 vultum
2159 2489 2304 2560 regis
2328 2489 2517 2551 nostri,
2548 2490 2676 2560 quia
2714 2489 2967 2546 universa
3007 2489 3252 2546 Ecclesia
3298 2498 3516 2546 sancto-

1896 2597 2049 2664 .rum
2096 2581 2200 2636 hoc
2251 2580 2587 2636 solummodo
2632 2572 2874 2653 appetit,
2925 2590 2987 2637 ut
3039 2583 3107 2638 ad
3156 2589 3511 2654 conspectum

1925 2677 2108 2749 gloria
2143 2677 2260 2749 ejus
2288 2677 2588 2748 perveniat.
2619 2675 2717 2732 Cui
2761 2693 2860 2748 per
2895 2677 3222 2748 Prophetam
3269 2677 3508 2733 dicitur:

1932 2785 1950 2819 ι
1983 2767 2104 2822 Tibi
2143 2767 2280 2822 dixit
2315 2783 2410 2822 cor
2437 2781 2639 2831 meum,
2669 2767 2890 2836 quasivi
2928 2766 3137 2822 vultum
3176 2775 3350 2834 tuum,
3397 2767 3516 2822 vul-

1925 2866 2039 2914 tum
2060 2865 2234 2925 tuum,
2260 2858 2505 2923 Domine,
2534 2859 2806 2928 requiram
2823 2857 2995 2930 (Psal.
3013 2859 3184 2931 xxvr).
3208 2878 3228 2913 ι
3253 2859 3320 2915 Et
3353 2860 3480 2916 alibi
3501 2897 3518 2934 ε

1931 2967 1950 3002 ι
1983 2948 2136 3005 Sicut
2181 2963 2410 3014 cervus,
2457 2950 2654 3020 inquit,
2706 2949 2978 3005 desiderat
3023 2950 3091 3005 ad
3135 2949 3315 3006 fontes
3360 2965 3526 3022 aqua_

1923 3055 2062 3104 rum,
2103 3040 2178 3095 ita
2222 3040 2495 3096 desiderat
2543 3040 2722 3096 anima
2768 3055 2889 3096 mea
2934 3041 3002 3096 ad
3042 3048 3119 3108 te,
3155 3041 3299 3098 Deus
3340 3040 3517 3114 (Ρεαι.

1922 3131 2056 3205 x-Ll).
2089 3151 2108 3184 ι
2143 3133 2211 3187 Et
2247 3134 2442 3204 Singuli
2494 3133 2742 3189 deferunt
2786 3134 2838 3191 ei
2882 3149 3126 3202 munera,
3176 3136 3303 3191 dum
3353 3152 3522 3193 unus-

244 3223 426 3296 longe,
453 3234 510 3280 et
531 3224 760 3282 dilectus
809 3235 893 3283 est
937 3228 991 3282 in
1040 3242 1174 3297 pace
1220 3243 1341 3296 sua,
1382 3229 1508 3300 quia
1546 3230 1834 3288 adiﬁcavit
1860 3225 1909 3289 C
1937 3227 2166 3298 quisque
2208 3229 2504 3283 secundum
2542 3229 2597 3283 id
2627 3227 2772 3298 quod
2802 3229 2944 3284 vires
2971 3229 3074 3285 sibi
3108 3237 3418 3300 suppetunt,
3470 3231 3523 3286 in

247 3317 511 3387 templum
555 3318 782 3375 Domino
810 3319 1042 3376 miriﬁco
1062 3334 1244 3391 opere,
1276 3328 1332 3377 et
1353 3330 1606 3378 cantores
1633 3323 1835 3379 consti-

247 3409 374 3473 tuit,
414 3409 820 3481 cantilenasque
862 3412 1150 3482 disposuit,
1198 3413 1274 3468 ita
1315 3421 1376 3468 ut
1412 3415 1695 3484 proverbia
1740 3429 1832 3470 sa-

248 3499 463 3570 pienter
493 3501 700 3567 ederet,
740 3509 795 3556 et
820 3503 1257 3574 comparationes
1282 3512 1338 3559 et
1361 3505 1835 3576 interpretationes

250 3589 530 3645 conderet.
574 3590 650 3646 De
701 3606 809 3660 quo
858 3591 1138 3663 Scriptura
1183 3595 1259 3649 ita
1288 3604 1515 3649 narrat:
1550 3613 1569 3646 t
1598 3595 1836 3652 Locutus

256 3698 275 3732 ι
303 3689 387 3734 est
413 3695 626 3752 quoque
667 3680 922 3738 Salomon
975 3684 1078 3737 tria
1118 3684 1286 3740 millia
1312 3686 1614 3754 parabolas,
1643 3695 1696 3741 et
1725 3687 1837 3743 lue-

255 3789 274 3823 ι
303 3782 430 3828 runt
471 3773 712 3829 carmina
756 3775 874 3846 ejus
921 3777 1159 3847 quinque
1201 3778 1404 3844 millia,
1449 3787 1505 3834 et
1545 3781 1839 3851 disputavit

256 3881 277 3914 ι
309 3878 470 3934 super
515 3864 676 3937 lignis
704 3881 736 3920 a
764 3865 957 3934 Cedro,
987 3869 1078 3939 qui
1105 3877 1189 3925 est
1215 3870 1268 3924 in
1292 3870 1521 3937 Libano,
1570 3887 1740 3942 usque
1766 3873 1837 3930 ad

258 3973 280 4008 ι
309 3956 573 4027 hysopum
611 3957 703 4028 qui
735 3959 1010 4029 egreditur
1032 3960 1098 4016 de
1125 3961 1366 4030 pariete;
1398 3969 1453 4017 et
1483 3962 1737 4019 disseruit
1769 3963 1837 4021 de

254 4065 275 4098 ‹
299 4046 581 4116 jumentis,
612 4057 668 4104 et
692 4049 1023 4117 volucribus,
1051 4060 1107 4107 et
1131 4053 1432 4123 reptilibus,
1467 4064 1524 4111 et
1552 4056 1832 4126 piscibus;

255 4158 276 4191 ι
303 4147 358 4194 et
387 4141 678 4196 veniebant
705 4142 772 4197 de
798 4143 1009 4198 cunctis
1048 4145 1260 4214 populis
1286 4145 1353 4200 ad
1397 4147 1719 4204 audiendam
1748 4163 1836 4205 sa-

256 4247 276 4280 ι
305 4230 566 4300 pientiam
600 4229 932 4299 Salomonis,
960 4235 1106 4289 etab
1133 4236 1399 4293 universis
1431 4238 1650 4310 regibus
1679 4247 1840 4296 terra

255 4341 276 4374 ι
307 4323 402 4394 qui
451 4323 746 4380 audiebant
786 4325 1104 4396 sapientiam
1147 4325 1266 4398 ejus
1321 4328 1452 4402 (III
1488 4329 1617 4403 Reg.
1669 4331 1780 4404 tv).
1811 4351 1832 4386 ι

249 4411 360 4468 Sed
418 4415 545 4484 quia
605 4422 791 4487 postea
849 4431 972 4472 cum
1023 4416 1141 4488 jam
1189 4433 1352 4476 senex
1406 4430 1589 4490 esset,
1646 4423 1839 4494 depra-

247 4512 439 4559 vatum
500 4513 584 4561 est
623 4521 720 4577 per
761 4507 1017 4563 mulieres
1064 4524 1159 4565 cor
1201 4509 1341 4580 ejus,
1397 4519 1458 4567 ut
1519 4522 1838 4584 sequeretur

1938 3319 2106 3373 verbo
2135 3333 2231 3373 seu
2279 3318 2439 3374 factis
2487 3319 2808 3390 obsequium
2858 3321 3040 3376 studet
3082 3330 3346 3391 praestare
3390 3322 3522 3378 Deo.

1936 3412 2058 3470 Jam
2092 3430 2258 3485 porro
2295 3416 2362 3470 de
2402 3415 2617 3471 caeteris
2655 3415 2911 3485 operibus
2955 3414 3264 3471 Salomonis
3285 3415 3416 3486 quid
3444 3416 3527 3470 di-

1939 3507 2104 3562 cam?
2161 3522 2321 3577 quem
2373 3507 2722 3562 vehementer
2769 3506 2948 3578 arguit
2995 3513 3184 3562 sancta
3241 3503 3525 3577 Scriptura

1938 3605 2104 3668 atque
2134 3598 2477 3661 condemnat,
2507 3597 2752 3668 nihilque
2782 3587 2848 3653 de
2872 3597 3192 3667 panitentia
3219 3595 3335 3666 ejus
3363 3596 3447 3652 vel
3471 3597 3526 3652 in

1938 3703 2062 3744 eum
2097 3687 2430 3758 indulgentia
2463 3687 2558 3742 Dei
2590 3686 2812 3743 omnino
2852 3694 3273 3753 commemorat;
3300 3695 3528 3758 apparet

1938 3780 2085 3834 enim
2110 3780 2165 3834 in
2185 3794 2419 3851 persona
2449 3777 2756 3835 Salomonis
2779 3780 2919 3834 mira
2941 3779 3284 3847 excellentia,
3309 3788 3363 3835 et
3385 3781 3524 3836 mira

1939 3871 2264 3928 submersio.
2317 3870 2472 3939 Quod
2511 3870 2678 3943 igitur
2704 3871 2761 3927 in
2794 3871 2885 3926 illo
2927 3871 3154 3927 diversis
3193 3872 3528 3943 temporibus

1939 3963 2174 4028 exstitit,
2216 3961 2372 4034 prius
2413 3963 2637 4030 bonum,
2669 3971 2724 4017 et
2753 3962 3026 4033 posterius
3072 3962 3296 4030 malum,
3336 3964 3440 4018 hoc
3471 3963 3527 4017 in

1941 4054 2184 4110 Ecclesia
2211 4055 2267 4110 iu
2295 4055 2400 4110 isto
2447 4055 2623 4111 adhuc
2673 4054 2869 4111 saculo
2913 4054 3075 4110 simul
3123 4070 3230 4110 uno
3282 4062 3526 4128 tempore

1939 4145 2266 4216 ostenditur.
2321 4144 2456 4200 Nam
2499 4161 2598 4217 per
2634 4145 2777 4202 bona
2829 4146 2992 4212 illius,
3040 4148 3212 4204 honos
3247 4147 3523 4215 Ecclesia,

1941 4252 2040 4309 per
2084 4239 2228 4293 mala
2275 4245 2454 4294 autem
2481 4239 2667 4310 ,illius,
2711 4240 2882 4296 malos
2926 4241 3182 4297 Ecclesia
3231 4242 3528 4312 signiﬁcari

1936 4335 2089 4399 puto,
2129 4335 2390 4398 tanquam
2433 4328 2489 4383 in
2523 4329 2732 4385 unitate
2775 4331 2936 4387 unius
2979 4345 3120 4386 area
3145 4348 3159 4385 :
3189 4331 3329 4386 sicut
3353 4332 3406 4386 in
3436 4333 3528 4390 illo

1940 4434 2051 4474 uno
2077 4419 2294 4476 homine
2325 4421 2496 4476 bonos
2524 4421 2580 4477 in
2609 4422 2817 4494 grauis,
2849 4421 3022 4479 malos
3047 4423 3102 4477 in
3124 4422 3317 4494 paleis,
3345 4435 3440 4479 aut
3471 4424 3525 4482 in

1939 4510 2150 4565 unitate
2194 4512 2354 4568 unius
2399 4513 2619 4584 segetis,
2663 4513 2836 4570 bonos
2879 4514 2934 4570 in
2985 4513 3197 4584 tritico,
3250 4514 3422 4572 malos
3468 4515 3524 4573 in

250 4593 381 4650 deos
439 4594 643 4652 alienos
665 4637 680 4663 ,
734 4612 835 4654 nec
885 4608 1002 4653 erat
1049 4615 1146 4656 cor
1188 4601 1305 4670 ejus
1336 4602 1655 4674 ,‘perfectum
1712 4620 1836 4661 cum
1861 4621 1916 4683 ι)
1940 4603 2166 4659 zizaniis
2193 4619 2481 4676 expressos
2503 4621 2624 4663 esse
2653 4608 2937 4665 sentimus.

250 4683 484 4742 Domino
535 4685 648 4742 Deo
701 4702 836 4754 suo,
893 4691 1034 4745 sicut
1083 4690 1260 4746 fuerat
1308 4708 1404 4750 cor
1452 4693 1623 4751 David
1667 4697 1842 4766 patris

251 4777 390 4847 ejus.
415 4776 590 4834 Iratus
604 4779 865 4836 Dominus
885 4781 1226 4854 disrumpens
1246 4786 1405 4842 scidit
1427 4802 1654 4861 regnum
1677 4789 1840 4858 illius,

251 4877 307 4924 et
330 4868 454 4927 ﬁliis
483 4872 594 4926 suis
624 4872 744 4927 tulit
768 4883 1087 4943 potestatem
1115 4917 1130 4942 ,
1178 4886 1240 4932 ut
1279 4895 1388 4936 non
1435 4882 1842 4939 dominarentur

251 4976 414 5030 Super
459 4970 632 5049 totum
671 4963 856 5027 Israel,
892 4965 986 5020 sed
1032 4975 1241 5023 tantum
1290 4985 1453 5042 super
1483 4973 1618 5028 duas
1643 4976 1838 5042 tribus,

250 5054 354 5108 hoc
379 5062 484 5120 est,
513 5052 648 5109 Juda
693 5064 748 5110 et
794 5055 1095 5126 Benjamin.
1137 5057 1359 5130 Mystice
1389 5063 1530 5117 idem
1561 5063 1835 5132 Salomon,

251 5147 346 5216 qui
396 5146 790 5218 interpretatur
834 5149 1114 5220 paciﬁcus,
1157 5152 1213 5206 in
1260 5155 1478 5210 nomine
1507 5157 1637 5211 etin
1665 5157 1836 5226 pluri-

250 5239 355 5292 bus
381 5237 637 5306 operibus
681 5239 794 5294 suis
834 5239 1104 5311 signiﬁcat
1141 5257 1324 5314 regem
1367 5254 1614 5302 nostrum
1655 5247 1839 5318 pacifi-

253 5345 401 5395 cum,
427 5329 493 5384 de
523 5344 631 5400 quo
662 5329 929 5402 Propheta
969 5332 1047 5388 ait
1075 5351 1088 5388 :
1128 5352 1146 5384 ι
1167 5331 1383 5390 Orietur
1415 5336 1470 5391 in
1496 5337 1685 5394 diebus
1718 5337 1836 5408 ejus

250 5420 464 5491 justitia
490 5429 545 5477 et
573 5421 902 5479 abundantia
949 5425 1126 5494 pacis,
1171 5425 1340 5482 donec
1374 5427 1666 5484 extollatur
1711 5429 1839 5486 luna

259 5510 432 5583 (Psal.
475 5513 648 5588 Lm).
675 5535 693 5568 ι
724 5516 799 5572 De
825 5531 932 5586 quo
961 5517 1098 5573 alius
1128 5520 1388 5590 propheta
1425 5521 1556 5576 dicit
1586 5539 1598 5575 :
1629 5543 1647 5573 ι
1667 5522 1842 5580 Multi-

259 5605 554 5676 plicabitur
585 5608 703 5679 ejus
744 5608 1048 5679 imperium,
1074 5619 1127 5664 et
1155 5612 1303 5682 pacis
1331 5629 1436 5668 non
1465 5615 1569 5668 erit
1599 5613 1722 5672 ﬁnis
1745 5633 1840 5673 su-

262 5712 364 5769 per
389 5698 580 5754 solium
608 5701 775 5757 David
803 5711 860 5758 ct
887 5718 1048 5774 super
1061 5721 1293 5780 regnum
1315 5707 1454 5777 ejus,
1480 5715 1541 5761 ut
1559 5709 1844 5767 conﬁrmet

263 5787 395 5846 illud
431 5790 487 5846 in
519 5789 724 5860 judicio
749 5802 800 5848 ct
821 5792 1032 5864 justitia
1059 5797 1253 5854 amodo
1279 5805 1336 5854 et
1360 5814 1534 5870 usque
1562 5801 1617 5858 in
1645 5802 1844 5872 sempi-

626 5885 902 5950 Pu'non.
948 5887 1104 5951 CIX.

2530 4721 2758 4778 CAPUT
2796 4723 2935 4780 XVI.

2332 4809 2410 4850 ue
2446 4793 2682 4849 Roboam
2715 4804 2762 4848 et
2791 4794 3130 4854 Hieroboam.

2021 4903 2040 4936 ι
2077 4905 2106 4940 ι·
2121 4899 2268 4940 mem
2317 4885 2506 4942 habuit
2551 4884 2806 4942 Salomon
2847 4902 2971 4942 cum
3010 4889 3257 4958 patribus
3295 4891 3427 4956 suis,
3476 4902 3532 4948 et

1950 4993 1970 5027 ι
2004 4976 2225 5046 reliquit
2251 4986 2373 5047 post
2400 4992 2459 5033 se
2491 4978 2557 5034 de
2587 4979 2794 5035 semine
2820 4995 2917 5036 suo
2941 4983 3090 5052 genti
3125 4982 3430 5038 stultitiam.
3463 4984 3532 5040 Et

1953 5081 1973 5116 ε
2009 5065 2352 5122 imminutum
2379 5082 2411 5122 a
2436 5067 2721 5138 prudentia
2752 5067 3020 5136 Roboam,
3057 5070 3152 5142 qui
3179 5072 3377 5128 avertit
3397 5089 3530 5144 gen-

1955 5174 1974 5208 ‹
2007 5166 2118 5212 tem
2164 5158 2391 5215 consilio
2443 5174 2562 5216 suo.
2605 5179 2626 5212 ι
2671 5159 2840 5230 Hujus
2878 5162 2982 5219 loci
3013 5178 3233 5219 sensum
3275 5165 3530 5222 edisserit

1945 5247 2174 5304 historia
2203 5247 2431 5323 Regum,
2462 5267 2583 5322 quae
2607 5261 2796 5308 narrat
2829 5255 2973 5324 quod
2999 5253 3242 5312 Roboam
3265 5254 3407 5314 ﬁlius
3430 5258 3530 5316 Sa-

1944 5337 2175 5396 lomonis
2221 5341 2410 5398 relicto
2462 5343 2579 5397 utili
2629 5343 2902 5400 seniorum
2949 5345 3195 5412 consilio,
3245 5349 3526 5407 consilium

1943 5429 2066 5486 iniit
2088 5446 2211 5488 cum
2245 5434 2429 5504 pueris
2462 5434 2658 5490 coavis
2683 5435 2834 5503 suis,
2867 5443 2924 5493 et
2952 5450 3050 5507 per
3077 5438 3270 5494 durum
3300 5456 3526 5512 respon-

1945 5539 2066 5578 sum
2117 5540 2225 5595 quo
2269 5528 2545 5598 respondit
2589 5527 2788 5598 populo
2809 5568 2826 5596 ,
2858 5529 3086 5586 dicens:
3123 5550 3142 5584 α
3178 5531 3339 5589 Pater
3373 5549 3529 5589 meus

1942 5615 2126 5686 posuit
2155 5630 2318 5687 super
2364 5632 2462 5673 vos
2500 5619 2688 5691 jugum
2733 5635 2931 5692 grave;
2979 5637 3081 5695 ego
3119 5633 3298 5680 autem
3331 5623 3524 5679 addam

1945 5723 2109 5780 super
2144 5709 2332 5782 jugum
2368 5722 2627 5768 vestrum.
2671 5713 2833 5770 Pater
2870 5731 3025 5772 meus
3069 5717 3265 5772 cecidit
3302 5732 3398 5771 vos
3433 5716 3527 5773 lla-

1946 5801 2121 5873 gellis,
2148 5818 2248 5876 ego
2269 5813 2450 5862 autem
2477 5807 2681 5864 cadam
2708 5823 2804 5866 vos
2832 5809 3209 5880 scorpionibus
3236 5825 3251 5865 :
3283 5810 3528 5870 irritatus

3053 5899 3130 5962 35
