4028 6468
598 387 739 444 1099

1282 378 1342 432 Β.
1384 364 1640 431 RABANI
1675 369 1768 426 MA
1781 368 1895 427 UB]
1932 359 2260 423 ARCHIEP.
2302 353 2616 415 MOGUNT.
2654 352 2941 413 OPERUM
2978 350 3155 410 PARS
3191 352 3236 408 Ι.

593 507 821 580 populus
867 500 1084 572 reliquit
1112 470 1330 555 domum
1374 492 1573 559 David,
1608 494 1667 547 et‘
1697 488 1861 560 elegit
1888 485 2177 541 Jeroboam

2303 474 2625 532 multitudine
2643 475 2746 530 sibi
2768 472 3202 544 obsequentium,
3226 485 3328 528 nec
3342 479 3512 529 tamen
3528 475 3776 549 conligunt

596 576 764 653 lilium
820 593 1029 649 Nabath
1081 588 1201 664 (ΙΙΙ
1257 586 1385 659 Reg.
1436 584 1556 658 xu).
1619 603 1637 636 ι
1696 581 1886 637 Omnis
1928 576 2184 632 videlicet

592 687 760 745 Israel
809 685 1052 757 exceptis
1082 682 1288 739 duabus
1324 676 1592 742 tribubus,
1627 676 1731 730 hoc
1778 678 1894 737 est,
1944 669 2081 726 Juda
2128 675 2186 724 et

592 780 899 852 Beniamin,
943 777 1128 832 decem
1180 780 1361 828 alitem
1414 769 1591 824 tribus
1622 767 1841 823 fuerunt
1882 763 1984 819 sub
2029 761 2186 818 iero-

592 878 771 934 boam.
809 874 884 929 De
906 889 1013 945 quo
1039 868 1412 940 subiungitur:

671 990 689 1022 ι
733 970 803 1025 Et
846 966 1133 1024 Jeroboam
1172 963 1342 1019 filium
1378 957 1586 1015 Nabath
1638 955 1730 1027 qui
1778 952 1907 1009 fecit
1955 961 2184 1023 peccare

600 1082 619 1115 ι
653 1063 851 1128 Israel,
882 1068 936 1118 et
966 1059 1116 1114 dedit
1158 1054 1419 1126 Ephraim
1461 1052 1607 1106 viam
1637 1045 1916 1119 peccandi.
1960 1044 2030 1099 Et
2065 1042 2187 1114 plu-

601 1178 618 1209 ι
658 1157 794 1212 rima
822 1156 1258 1210 redundaverunt
1285 1154 1506 1219 peccata
1547 1145 1810 1215 ipsorum,
1844 1139 1999 1195 valde
2038 1137 2183 1193 enim

602 1271 620 1304 ι
659 1256 970 1305 averterunt
1007 1246 1127 1301 illos
1161 1245 1226 1299 de
1262 1252 1404 1298 terra
1455 1254 1582 1305 sua,
1626 1244 1679 1293 et
1718 1232 1966 1305 quaesivit
1994 1243 2185 1285 omnes

603 1364 622 1396 ι
657 1343 926 1413 nequitias
956 1354 1125 1409 usque
1154 1335 1282 1391 dum
1314 1332 1625 1405 perveniret
1667 1326 1736 1382 ad
1768 1325 1886 1381 illos
1916 1321 2180 1379 defensio.

602 1454 620 1487 ι
659 1412 833 1488 Etab
874 1430 1123 1486 omnibus
1165 1427 1400 1498 peccatis
1436 1421 1687 1478 liberavit
1714 1434 1827 1475 eos.
1882 1438 1899 1468 ν
1932 1413 2000 1470 Et
2034 1412 2187 1467 Jero-

595 1528 778 1590 beam,
832 1522 1033 1593 inquit,
1086 1519 1254 1572 filium
1298 1516 1536 1579 Nabath,
1584 1510 1927 1573 subauditur,
1976 1504 2187 1576 reliquit

594 1628 709 1692 post
741 1636 815 1683 se,
848 1617 937 1687 qui
970 1629 1195 1684 peccare
1223 1609 1349 1665 fecit
1382 1606 1547 1663 Israel
1581 1606 1633 1660 in
1661 1603 1926 1658 idolorum
1952 1598 2184 1661 cultura,

594 1691 720 1783 quia
762 1709 1027 1767 reveritus
1068 1704 1208 1776 quod
1237 1702 1467 1775 populus
1502 1700 1621 1765 Dei,
1674 1697 1718 1753 si
1769 1694 2087 1751 ascenderet
2130 1691 2185 1744 in

595 1803 931 1861 Hierusalem
958 1800 1152 1855 offerre
1179 1795 1443 1851 sacriﬁcia
1473 1792 1525 1846 in
1550 1792 1710 1845 domo
1732 1785 1968 1850 Domini,
1996 1796 2182 1839 rever-

598 1906 804 1951 teretur
834 1892 898 1948 ad
930 1892 1149 1945 domum
1184 1885 1383 1949 David,
1417 1882 1724 1950 excogitato
1755 1875 1983 1934 consilio
2007 1917 2021 1939 ,
2056 1872 2186 1927 fecit
2213 1894 2261 1953 Β

595 1972 729 2048 duos
784 1986 979 2042 vitulos
1022 1998 1234 2046 aureos,
1285 1988 1339 2035 et
1385 1977 1519 2032 dixit
1568 1976 1646 2031 eis
1686 1992 1699 2027 :
1747 1990 1764 2022 ‹
1816 1970 1993 2024 Nolite
2039 1967 2185 2022 ultra

595 2081 890 2139 ascendere
940 2074 1298 2132 Hierusalem.
1333 2070 1480 2141 Ecce.
1514 2067 1584 2122 dii
1628 2065 1728 2128 tui,
1763 2061 1949 2126 Israel,
1993 2057 2083 2130 qui
2135 2065 2187 2113 te

593 2176 895 2231 eduxerunt
922 2169 987 2225 de
1018 2178 1163 2222 terra
1195 2162 1437 2235 Egypti,
1472 2159 1757 2231 posuitque
1793 2172 1960 2210 unum
1999 2154 2055 2207 in
2087 2150 2188 2206 Be-

596 2264 729 2330 thel,
759 2273 813 2318 et
851 2261 1080 2316 alterum
1124 2259 1177 2313 in
1208 2256 1354 2320 Dan;
1397 2261 1450 2309 et
1481 2251 1681 2307 factum
1709 2256 1793 2305 est
1820 2247 2043 2301 verbum
2081 2245 2188 2300 hoc

595 2358 648 2413 in
687 2362 1006 2427 peccatum;
1050 2352 1162 2407 ibat
1194 2350 1338 2405 enim
1369 2345 1599 2417 p0pulus
1641 2342 1707 2398 ad
1740 2340 2071 2396 adorandum
2104 2338 2189 2392 vi-

594 2449 765 2505 tulum
797 2461 964 2516 usque
998 2444 1049 2498 in
1078 2441 1218 2519 Dan,
1247 2448 1302 2495 et
1330 2439 1457 2495 fecit
1490 2437 1613 2491 fana
1646 2437 1699 2490 in
1731 2434 1983 2499 excelsis,
2017 2441 2070 2487 et
2101 2448 2190 2486 sa-

595 2540 844 2595 cerdotes
874 2537 938 2592 de
981 2533 1242 2589 extremis
1270 2530 1469 2602 populi,
1511 2528 1601 2599 qui
1634 2544 1743 2582 non
1786 2532 1941 2580 erant
1966 2524 2033 2579 de
2064 2522 2191 2579 ﬁliis

596 2628 743 2685 Levi.
768 2624 1171 2695 Constituitque
1191 2623 1331 2677 diem
1357 2621 1653 2675 solemnem
1678 2620 1729 2673 in
1760 2632 1946 2672 mense
1974 2625 2189 2679 octavo,

596 2718 992 2790 quintadecima
1023 2715 1108 2770 die
1134 2712 1335 2767 mensis
1357 2753 1370 2777 ,
1408 2711 1460 2765 in
1490 2708 1903 2765 similitudinem
1934 2703 2193 2761 solemni-

597 2811 721 2868 tatis
748 2825 867 2881 qua:
895 2805 1204 2864 celebratur
1231 2804 1282 2858 in
1315 2801 1473 2868 Juda,
1502 2811 1557 2856 et
1583 2799 1759 2856 erexit
1788 2798 1959 2852 altare
1993 2796 2189 2851 simili—

595 2915 681 2960 ter
727 2903 780 2956 in
820 2897 1007 2955 Bethel
1030 2939 1043 2963 ,
1075 2904 1138 2951 ut
1173 2895 1483 2949 immolaret
1506 2892 1692 2947 vitulis
1722 2904 1857 2961 quos
1891 2887 2192 2943 fabricatus

596 3004 731 3049 erat.
769 2991 1170 3060 Constituitque
1202 2988 1255 3041 in
1284 2985 1476 3042 Bethel
1505 2986 1815 3040 sacerdotes
1850 2980 2192 3037 excelsorum

596 3103 717 3159 qua:
746 3085 964 3148 fecerat,
997 3089 1052 3136 et
1084 3078 1330 3135 ascendit
1359 3092 1523 3148 super
1548 3075 1717 3130 altare
1740 3071 1882 3144 quod
1910 3079 2193 3126 exstruxe-

598 3185 683 3233 rat
708 3178 761 3230 in
792 3174 976 3229 Betbel
1005 3169 1405 3241 quintadecima
1438 3166 1525 3222 die
1556 3166 1759 3221 mensis
1790 3163 2001 3227 octavi,
2029 3174 2189 3232 quem

2290 567 2491 623 habent
2526 564 2945 622 sollicitudinem
2980 562 3082 618 sibi
3119 563 3537 619 commissorum.
3570 564 3776 641 lutei-pne-

2291 667 2435 715 tatur
2471 665 2652 714 autem
2682 657 2929 713 Roboan
2956 656 3183 712 latitudo
3216 657 3424 727 pepuli;
3464 667 3516 712 et
3551 658 3664 717 bene
3696 665 3779 720 hii.

2288 753 2419 808 tudo
2443 750 2628 822 populi
2674 749 2943 805 nominari
2972 757 3233 820 possunt,
3264 750 3357 819 qui
3384 749 3535 804 latam
3560 760 3608 806 et
3636 758 3779 825 spatio.

2288 858 2408 899 sam
2453 843 2599 898 viam
2629 841 2942 913 gradientes
2964 880 2979 905 ,
3031 855 3128 911 per
3163 855 3327 910 quam
3364 840 3511 894 multi
3546 842 3709 899 vadunt
3735 850 3779 901 ad

2287 944 2520 993 mortem
2538 977 2555 1003 ,
2596 942 2883 1007 angustam
2912 934 3083 998 viam,
3124 948 3246 1004 quae
3276 949 3557 1005 paucorum
3576 944 3661 1001 est,
3681 939 3782 993 ettd

2288 1038 2549 1087 aeternam
2587 1032 2757 1084 vitam
2802 1028 2974 1093 ducit,
3023 1028 3232 1099 ingredi
3280 1028 3595 1093 detrectant;
3634 1030 3784 1086 relicto-

2289 1139 2396 1195 que
2444 1132 2760 1180 sanctorum
2806 1129 3022 1192 patrum
3063 1119 3314 1185 consilio,
3365 1134 3578 1190 quorum
3610 1120 3720 1175 dicta
3749 1132 3785 1177 et

2289 1217 2535 1287 exemma
2578 1216 2648 1271 ad
2683 1214 3061 1271 celsitudinem
3100 1213 3335 1268 tendunt
3374 1210 3693 1282 perfectionis,
3722 1214 3785 1267 eli-

2289 1321 2423 1384 gunt
2443 1313 2701 1383 juvenem
2727 1311 3108 1379 obtemperare
3136 1306 3422 1378 praeceptis
3442 1346 3457 1371 ,
3492 1306 3586 1361 hoc
3608 1316 3702 1370 est,
3726 1322 3786 1361 eo-

2290 1420 2411 1460 rum
2444 1405 2535 1474 qui
2581 1403 2911 1474 juvenilibus
2952 1400 3241 1457 desideriis
3277 1398 3572 1470 maucipati,
3611 1399 3786 1455 laudibus

2292 1495 2491 1565 iniquis
2534 1502 2590 1549 et
2630 1491 3031 1549 adulationibus
3072 1505 3168 1546 eos
3208 1497 3453 1562 gravant,
3501 1499 3553 1544 et
3591 1489 3709 1543 litin
3737 1490 3789 1543 cit

2292 1585 2437 1657 quod
2464 1600 2562 1655 per
2588 1585 2909 1655 prophetam
2936 1583 3136 1639 dicitur
3166 1598 3183 1638 τ
3222 1601 3243 1633 ι
3277 1581 3464 1649 Qualis
3483 1581 3693 1652 populus,
3712 1581 3790 1636 tali!

2291 1684 2375 1731 est
2397 1683 2450 1731 et
2475 1675 2728 1730 sacerdos
2751 1672 2907 1745 (Isai.
2941 1672 3115 1742 xxiv).
3157 1691 3178 1724 ι
3207 1671 3415 1727 Omnes
3434 1671 3568 1727 enim
3590 1686 3617 1724 a
3634 1670 3789 1724 utimini

2288 1782 2463 1838 usque
2486 1768 2556 1823 ad
2586 1766 2881 1820 maximum
2920 1764 3163 1819 avaritiae
3192 1763 3415 1821 student
3434 1802 3449 1829 ,
3477 1770 3528 1818 et
3548 1763 3655 1818 claci
3685 1761 3790 1817 ceris

2290 1860 2549 1917 ducatum
2593 1859 2903 1929 praebentes
2949 1858 3005 1911 in
3038 1855 3275 1912 foveam
3320 1854 3617 1925 perditionis
3648 1854 3792 1924 pariter

2297 1952 2500 2007 cadunt
2534 1968 2545 2005 τ
2574 1949 2771 2021 quibus
2809 1948 3172 2005 comminatur
3194 1948 3462 2018 sapientia
3486 1944 3591 2013 Dei,
3626 1946 3790 2002 dicetis:

2300 2059 2323 2094 ε
2356 2042 2450 2099 Vae
2480 2042 2578 2096 tibi
2608 2049 2782 2104 terra,
2811 2039 2963 2109 cujus
3003 2053 3099 2095 rex
3122 2047 3211 2094 est
3233 2051 3394 2110 puer,
3420 2046 3475 2093 et
3497 2036 3630 2105 cujus
3660 2038 3793 2107 princi-

2293 2147 2393 2206 pes
2410 2147 2571 2190 mane
2602 2132 2896 2188 comedunt
2923 2129 3149 2203 (Esaias.
3179 2131 3240 2203 ι)
3273 2148 3285 2184 :
3329 2151 3349 2184 ι
3379 2139 3434 2186 et
3459 2130 3729 2186 eeontrario
3752 2130 3793 2185 de

2291 2236 2604 2286 sanctorum
2632 2226 2833 2299 popqu
2872 2235 2928 2283 et
2972 2240 3107 2297 rege
3145 2240 3342 2282 eorum
3368 2225 3572 2282 Christo
3603 2225 3793 2280 laudauit

2292 2322 2662 2391 subsequitur,
2689 2320 2879 2375 dicens
2913 2338 2925 2373 :
2966 2338 2983 2371 ι
3017 2319 3180 2374 Beata
3210 2327 3363 2374 terra
3390 2319 3537 2390 cujus
3554 2326 3626 2373 est
3647 2330 3795 2372 rexno-

2292 2414 2438 2480 bilis,
2466 2422 2526 2470 et
2558 2411 2711 2482 cuius
2737 2412 3013 2482 principes
3039 2420 3343 2467 vescuntur
3369 2412 3425 2466 in
3459 2419 3670 2482 tempore
3695 2425 3791 2464 suo:

2293 2506 2421 2576 quia
2495 2504 2681 2561 omnia
2756 2514 3094 2573 quascunque
3168 2502 3366 2557 {ccci-it
3428 2501 3795 2573 prosperlbuntur

2295 2594 2509 2669 (Ibid).
2569 2614 2588 2646 ι
2633 2593 2924 2650 lemboam
2947 2606 3079 2648 vero
3114 2593 3208 2662 qui
3236 2593 3427 2649 decem
3456 2592 3611 2647 tribus
3638 2607 3663 2645 a
3691 2590 3797 2645 domo

2293 2686 2466 2742 David
2493 2694 2549 2741 et
2570 2701 2603 2741 a
2625 2685 2829 2757 templo
2866 2684 2961 2741 Dei
2991 2697 3255 2754 separans
3285 2684 3356 2741 ad
3382 2681 3796 2750 idololatriamper-

2294 2780 2471 2847 duxit,
2500 2779 2772 2851 signiﬁcat
2801 2777 3111 2844 haereticos,
3143 2777 3237 2847 qui
3262 2776 3635 2833 dissensionem
3657 2782 3796 2834 amant,

2294 2881 2351 2929 et
2378 2873 2641 2928 unitatem
2680 2870 2803 2926 ﬁdei
2844 2869 3128 2925 catholicae
3167 2870 3467 2925 bwresibus
3505 2867 3729 2930 scindunt,
3753 2879 3792 2917 ac

2295 2963 2342 3018 si
2391 2962 2560 3017 cultui
2611 2961 2971 3033 malignorum
3024 2951 3321 3029 spirituum
3378 2959 3477 3015 sibi
3528 2959 3798 3027 obsequentes

2295 3053 2536 3109 tradunt.
2581 3054 2977 3124 Interpretatur
3018 3062 3200 3109 autem
3247 3052 3535 3109 Jeroboam
3578 3050 3798 3121 dijudicans

2294 3144 2569 3216 populum.
2596 3143 2732 3199 Nam
2756 3151 2812 3199 et
2836 3142 3080 3199 haeretici
3101 3143 3407 3214 diiudicare
3426 3140 3655 3213 populum
3673 3137 3798 3192 viden-

596 3270 830 3326 linxerat
867 3267 933 3323 de
971 3266 1134 3321 corde
1175 3279 1273 3319 suo
1298 3304 1311 3325 ,
1351 3270 1405 3317 et
1452 3260 1583 3315 fecit
1620 3256 2018 3313 solemnitatem
2046 3228 2190 3309 liliis

2303 3247 2408 3305 tur,
2437 3253 2561 3294 cum
2590 3238 2797 3294 erroris
2824 3238 2907 3292 sui
2940 3252 3228 3307 sequacem
3259 3236 3466 3292 faciunt
3497 3255 3510 3289 :
3538 3234 3613 3289 cui
3636 3228 3800 3286 τείως

595 3363 784 3421 lsrael.
831 3384 849 3415 ›
884 3359 1056 3429 Hujus
1087 3373 1217 3430 ergo
1245 3355 1422 3412 scelus
1460 3350 1787 3407 inventionis
1813 3358 1923 3404 tam
1952 3348 2043 3404 diu
2068 3352 2194 3417 per-

598 3454 866 3513 severavit
898 3453 951 3507 in
991 3450 1186 3522 populo
1218 3449 1402 3503 decem
1446 3444 1706 3508 tribuum,
1760 3434 2043 3511 quousque
2087 3438 2196 3493 Do-

597 3550 780 3605 minus
822 3548 875 3601 in
906 3560 1000 3599 eos
1038 3540 1338 3597 transmisit
1364 3536 1679 3598 vindictam,
1713 3541 1769 3588 et
1806 3531 2072 3602 asportari
2116 3529 2194 3585 fe-

599 3643 675 3699 cit
704 3642 757 3695 in
787 3638 1062 3711 Assyrios.
1091 3633 1243 3702 Quod
1272 3639 1453 3685 autem
1488 3627 1640 3692 dicit,
1673 3644 1692 3677 ι
1720 3639 1893 3696 usque
1915 3623 2043 3678 dum
2064 3637 2193 3692 per-

600 3732 812 3789 veniret
840 3733 907 3784 ad
937 3728 1056 3783 illos
1085 3723 1347 3789 defensio,
1388 3728 1444 3776 et
1473 3723 1540 3777 ab
1570 3717 1824 3774 omnibus
1851 3714 2094 3787 peccatis
2124 3712 2193 3766 li-‘-

600 3820 813 3880 beravit
840 3834 964 3886 eos,
1001 3837 1019 3869 ι
1053 3818 1157 3872 hoc
1186 3830 1292 3869 non
1321 3813 1482 3868 aliam
1512 3827 1636 3867 reor
1664 3808 1977 3881 signiﬁcare
2007 3805 2195 3861 defen-

602 3916 811 3973 sionem
866 3919 920 3969 et
969 3908 1346 3966 liberationem
1375 3947 1390 3973 ,
1443 3921 1603 3977 quam
1660 3900 1964 3959 Salvatoris
2018 3898 2194 3954 nostri

602 4006 911 4068 adventum,
966 4001 1058 4072 qui
1106 4000 1172 4054 ad
1200 4014 1258 4054 se
1306 3996 1538 4053 fideliter
1579 4006 1871 4050 conversos
1899 3999 1956 4047 et
1983 3991 2193 4061 baptis-

603 4103 748 4153 mate
795 4109 893 4149 suo
950 4092 1160 4146 ablutos
1212 4090 1280 4144 ab
1349 4087 1602 4145 omnibus
1640 4084 1883 4156 peccatis
1959 4083 2193 4149 liberat,

604 4197 661 4244 et
704 4189 771 4244 ab
807 4186 1052 4243 hostibus
1088 4183 1362 4239 universis
1412 4177 1673 4236 defendit.
1725 4176 1881 4234 Unde
1930 4177 2195 4247 scriptum

604 4288 688 4337 est
721 4293 735 4333 :
772 4297 791 4331 ‹
826 4277 1099 4348 Quotquot
1141 4283 1321 4330 autem
1370 4278 1695 4342 receperunt
1733 4283 1879 4335 eum,
1919 4267 2069 4323 dedit
2116 4266 2196 4321 eis

603 4378 925 4444 potestatem
974 4369 1109 4424 filios
1138 4365 1234 4422 Dei
1264 4364 1381 4418 fieri
1406 4404 1421 4427 ,
1468 4362 1559 4431 qui
1592 4375 1700 4416 non
1725 4373 1791 4415 ex
1821 4352 2194 4432 sanguinibus,

604 4477 784 4532 neque
818 4475 882 4515 ex
906 4459 1181 4515 voluntate
1210 4456 1390 4510 carnis
1410 4494 1426 4518 ,
1460 4464 1635 4523 neque
1661 4467 1727 4508 ex
1758 4452 2038 4508 voluntate
2067 4451 2193 4515 viri,

607 4553 703 4608 sed
740 4566 807 4605 ex
834 4550 944 4604 Deo
978 4548 1089 4602 nati
1120 4552 1246 4601 sunt
1282 4543 1464 4616 (Joan.
1497 4542 1558 4616 ι).
1612 4563 1632 4597 ι
1679 4543 1923 4613 Denique
1952 4542 2197 4597 Roboam

607 4642 753 4698 ﬁlius
775 4637 1101 4703 Salomonis,
1124 4636 1237 4706 qui,
1271 4634 1389 4690 utili
1420 4634 1697 4689 seniorum
1725 4633 1952 4689 consilio
1978 4631 2193 4696 relicto,
2223 4622 2279 4689 D

610 4729 1036 4787 adolescentium
1070 4726 1356 4783 consilium
1386 4734 1610 4782 secutus
1638 4733 1752 4790 est,
1785 4725 1913 4781 licet
1939 4724 2006 4781 de
2035 4724 2198 4780 domo

608 4823 782 4879 David
835 4820 1029 4884 fuerit,
1077 4825 1259 4873 tamen
1302 4818 1358 4871 in
1407 4816 1494 4871 via
1526 4816 1644 4887 ejus
1679 4830 1790 4872 non
1829 4815 2195 4889 gradiebatur.

607 4916 763 4975 Fecit
802 4915 947 4973 enim
991 4912 1151 4979 Juda,
1200 4908 1489 4981 Scriptura
1526 4920 1685 4976 teste,
1727 4910 1783 4964 in
1826 4908 1971 4964 illius
2008 4908 2198 4963 diebus

608 5012 814 5069 malum
863 5023 1045 5065 coram
1091 5004 1321 5061 Domino
1343 5046 1357 5070 ,
1390 5013 1446 5059 et
1492 5004 1847 5058 irritaverant
1876 5016 2001 5056 eum
2035 5012 2200 5069 super

611 5104 862 5161 omnibus
891 5116 1010 5171 qua
1037 5099 1282 5155 fecerant
1311 5106 1491 5169 patres
1513 5110 1700 5151 eorum
1730 5096 1785 5150 in
1814 5093 2051 5166 peccatis
2080 5102 2200 5165 quae

610 5200 986 5265 peccaverant.
1016 5186 1446 5247 Ediﬁcaverunt
1484 5196 1665 5243 autem
1695 5195 1748 5243 et
1775 5186 1878 5258 ipsi
1916 5186 2020 5242 sibi
2052 5201 2199 5251 aras,

615 5294 671 5341 et
694 5292 929 5348 statuas,
967 5291 1024 5338 et
1056 5282 1207 5338 lucos
1237 5296 1400 5352 super
1427 5292 1643 5335 omnem
1675 5272 1869 5334 collem
1902 5276 2199 5343 excelsum,

615 5386 672 5434 et
705 5376 891 5434 subter
919 5392 1133 5433 omnem
1180 5374 1429 5431 arborem
1469 5372 1810 5438 frondosam;
1854 5371 1949 5427 sed
1984 5377 2038 5425 et
2074 5369 2203 5425 ell‘e-

617 5470 809 5528 minati
837 5468 1056 5525 fuerunt
1082 5470 1137 5525 in
1162 5474 1311 5523 terra
1331 5509 1346 5532 ,
1379 5465 1733 5536 feceruntque
1761 5479 1949 5520 omnes
1988 5463 2201 5518 abomi-

616 5563 867 5619 nationes
886 5563 1146 5633 gentium,
1178 5574 1313 5630 quas
1337 5558 1549 5613 attrivit
1573 5558 1833 5614 Dominus
1863 5566 1988 5613 ante
2009 5555 2203 5611 faciem

619 5655 852 5712 ﬁliorum
892 5654 1079 5711 Israel.
1123 5650 1405 5725 Signiﬁcat
1448 5667 1577 5724 ergo
1633 5653 1806 5708 malos
1858 5659 2099 5706 rectores
2131 5650 2202 5705 ’in

619 5746 903 5810 Ecclesia,
953 5746 1042 5816 qui
1102 5744 1329 5799 terrenis
1370 5742 1754 5812 cupiditatibus
1799 5742 1987 5806 dediti,
2036 5739 2205 5811 negli-

624 5850 754 5912 gunt
795 5855 978 5894 curam
1019 5839 1221 5894 habere
1264 5836 1620 5901 subditorum,
1670 5846 1724 5890 et
1771 5836 2101 5891 delectantes
2149 5832 2204 5889 in

2300 3333 2633 3391 conveniunt
2678 3332 2842 3388 verba
2888 3332 3170 3402 prophetat
3215 3330 3442 3386 Achaiae
3487 3324 3718 3387 Salonius.
3742 3320 3799 3389 qui

2294 3428 2500 3484 missus
2527 3432 2614 3482 est
2641 3425 2710 3481 ad
2739 3423 3027 3481 Jerobeam
3059 3425 3133 3479 ita
3153 3423 3346 3479 dicens
3378 3438 3394 3477 :
3435 3442 3454 3473 ι
3486 3420 3617 3476 Tolle
3641 3416 3716 3471 tibi
3741 3412 3799 3467 de

2292 3532 2415 3577 cem
2445 3519 2742 3586 scissuras;
2769 3519 2885 3575 hac
2907 3518 3053 3574 enim
3080 3517 3212 3573 dicit
3234 3516 3494 3581 Dominus
3514 3513 3640 3570 Deus
3656 3505 3796 3566 Israel:

2296 3612 2440 3670 Ecce
2484 3628 2584 3686 ego
2628 3613 2872 3670 scindam
2907 3627 3135 3681 regnum
3167 3610 3477 3667 Salomonis
3498 3651 3511 3674 ,
3536 3617 3585 3663 et
3607 3605 3715 3661 dabo
3740 3598 3799 3653 tibi

2298 3705 2487 3762 decem
2513 3705 2707 3761 tribus.
2723 3704 2894 3760 Porro
2925 3720 3034 3760 una
3064 3703 3238 3759 tribus
3268 3701 3565 3759 remanebit
3589 3699 3632 3755 ei
3653 3702 3801 3767 μωρία

2296 3814 2514 3856 servum
2549 3814 2731 3854 meum
2763 3797 2933 3853 David
2959 3807 3014 3853 et
3041 3796 3384 3853 Hierusalem
3412 3797 3674 3855 civitatem,
3693 3797 3799 3857 quam

2297 3891 2435 3965 elegi
2464 3907 2533 3948 ex
2562 3892 2814 3948 omnibus
2866 3890 3117 3947 tribubus
3140 3890 3311 3946 Israel
3338 3888 3461 3962 (III
3486 3885 3601 3957 Reg.
3638 3882 3714 3953 Iti-
3734 3878 3801 3933 Βε-

2302 4000 2421 4042 cem
2464 3986 2610 4042 enim
2660 3986 2926 4041 scissuras
2971 3982 3259 4040 Jeroboam
3318 3982 3539 4053 accepit,
3586 3990 3684 4033 cum
3716 3968 3803 4039 legis

2298 4087 2572 4150 praecepta
2596 4078 2849 4134 violando
2872 4078 3113 4147 corrupit
3137 4092 3152 4141 ;
3201 4083 3257 4131 et
3288 4091 3397 4131 una
3423 4073 3584 4129 tribus
3623 4079 3718 4124 cum
3748 4073 3803 4114 so-

2296 4171 2425 4228 bole
2470 4171 2642 4227 David
2688 4170 2991 4237 remansit,
3034 4140 3173 4225 dum
3221 4184 3346 4225 sors
3397 4172 3671 4223 sanctorum
3701 4155 3803 4225 illi”
3910 4140 3911 4205 ἕ

2300 4264 2652 4337 apostolicam
2689 4264 2991 4320 doctrinam
3019 4264 3074 4319 in
3113 4262 3300 4334 regula
3326 4262 3449 4318 ﬁdei
3476 4255 3707 4317 catholiw
3721 4260 3802 4320 per-

2296 4357 2522 4421 mansit,
2552 4357 2679 4426 quia
2705 4366 2847 4411 unus
2876 4363 2962 4411 est
2981 4355 3241 4411 Dominus
3266 4396 3281 4422 ,
3321 4370 3429 4410 una
3470 4350 3607 4415 fides,
3630 4355 3753 4400 unum
3769 4343 3805 4392 ei
3910 4343 3911 4415 ξ

2296 4448 2570 4520 baptisma
2596 4446 2816 4522 (Ephes.
2849 4446 2948 4521 1v).
2988 4466 3006 4498 ι

2870 4537 3098 4598 CAPUT
3143 4538 3307 4595 XVII.

2974 4631 3050 4687 De
3077 4630 3226 4687 Elia.

2377 4724 2527 4802 (Car.
2566 4726 2782 4799 xnvm.)
2820 4745 2839 4778 ι
2892 4722 2962 4781 Et
2991 4726 3230 4781 surrexit
3258 4724 3409 4782 Elias
3443 4716 3671 4795 propheta
3699 4705 3800 4802 quasi

2310 4840 2330 4875 ι
2368 4794 2530 4894 ignis,
2578 4829 2634 4877 et
2694 4794 2921 4875 verbum
2958 4818 3130 4889 ipsius
3179 4818 3338 4888 quasi
3375 4794 3464 4871 fas
3494 4809 3697 4869 ardebat.

2311 4931 2333 4965 ί
2367 4888 2581 4968 induxit
2610 4912 2665 4967 in
2693 4910 2816 4967 illos
2852 4888 3079 4975 famem,
3109 4916 3165 4964 et
3193 4909 3473 4964 irritantes
3503 4904 3633 4960 illum
3664 4888 3802 4951 invidia

2314 5019 2334 5054 ι
2373 5001 2633 5058 tabefacti
2670 5008 2815 5057 sunt.
2860 4997 2975 5056 Non
2999 5006 3251 5070 poterant
3282 4998 3425 5055 enim
3466 4992 3694 5051 sustinere
3714 4992 3805 5070 pf?

2315 5110 2334 5144 ι
2370 5098 2527 5161 cepta
2557 5090 2672 5146 Dei.
2714 5088 2892 5145 Verbo
2918 5068 3134 5144 Domini
3178 5086 3438 5143 exaltavit
3460 5083 3653 5144 caelum,
3684 5068 3804 5161 etde

2316 5202 2335 5236 ‘
2372 5160 2505 5254 iecit
2532 5184 2598 5238 de
2612 5182 2749 5239 caelo
2774 5183 2953 5254 ignem
2972 5190 3073 5236 ter.
3106 5202 3125 5233 ι
3158 5178 3250 5236 Sic
3269 5176 3608 5250 ampliﬁcatus
3623 5176 3690 5225 est
3710 5160 3804 5218 Elias

2319 5296 2338 5330 ς
2373 5277 2430 5331 in
2474 5276 2812 5331 mirabilibus
2858 5275 2990 5331 suis.
3036 5274 3104 5329 Et
3132 5275 3251 5345 quis
3298 5280 3473 5346 potest
3499 5255 3803 5346 similiterE't)‘
3910 5270 3911 5346 γ

2321 5386 2342 5421 ‹
2377 5369 2511 5424 riari
2548 5368 2682 5424 tibi?
2719 5368 2821 5436 Qui
2868 5368 3136 5424 sustulisti
3177 5345 3444 5423 mortuum
3472 5365 3536 5419 ab
3574 5345 3803 5416 inferis,th

2317 5476 2337 5511 ι
2373 5467 2521 5515 sorte
2535 5459 2728 5514 mortis
2756 5459 2809 5513 in
2843 5458 3008 5513 verbo
3029 5456 3243 5512 Domini
3268 5457 3381 5512 Dei.
3410 5454 3507 5522 Qui
3532 5441 3726 5518 deiecisti
3747 5449 3802 5489 τε·

2317 5571 2336 5604 ι
2376 5566 2471 5623 ges
2515 5551 2582 5606 ad
2608 5550 2929 5622 perniciem,
2973 5557 3028 5604 et
3061 5547 3373 5619 confregisti
3415 5542 3560 5600 facile
3582 5528 3800 5623 potentia}Il

2318 5663 2336 5696 ‘
2374 5646 2635 5715 ipsorum,
2678 5652 2732 5698 et
2770 5642 3032 5714 gloriosos
3074 5641 3140 5696 de
3193 5641 3330 5696 lecto
3369 5654 3480 5695 suo.
3521 5630 3609 5701 Qui
3633 5616 3799 5715 audis-in

2320 5758 2340 5791 ‹
2379 5738 2508 5794 Sina
2544 5708 2831 5808 judicium,
2872 5746 2927 5794 et
2972 5738 3026 5792 in
3075 5736 3255 5792 Horeb
3297 5733 3483 5805 judicia
3531 5708 3798 5808 defensionis-

2319 5850 2339 5885 ‘
2372 5830 2477 5900 Qui
2506 5802 2664 5905 υίιείε
2688 5802 2845 5905 reges
2878 5831 2946 5888 ad
2971 5802 3373 5903 pmnitentiatn,
3415 5837 3466 5884 et
3487 5819 3727 5899 prophetas
3745 5802 3797 5857 ἴθ’
