4028 6456
220 375 350 435 ΗΜ

1097 376 1449 436 acnuam.
1489 334 1559 439 ω
1597 372 2208 442 scenasusrtcuu.
2247 404 2320 417 —
2350 372 2481 431 us.
2520 372 2591 432 ι.

3340 376 3479 435 1102

224 509 243 543 σ
278 489 357 544 cis
385 502 728 545 successores
754 497 878 561 post
906 495 977 545 te.
1001 488 1103 556 Qui
1136 500 1464 561 receptuses
1493 493 1551 549 in
1573 495 1789 550 turbine
1816 496 1869 556 Α
1891 489 2139 553 Elisaeus,
2190 506 2210 540 ι
2248 494 2304 543 et
2344 488 2554 559 reliqua
2583 485 2707 560 (III
2734 486 2865 559 Reg.
2903 486 3041 559 xtx),
3094 488 3199 544 hoc
3243 503 3353 545 non
3405 491 3480 549 ita

225 599 243 632 ‹
281 580 450 652 ignis,
490 580 542 634 in
581 595 741 635 curru
785 596 1047 651 equorum
1086 582 1389 652 igncorum.
1431 582 1533 651 Qui
1564 586 1799 656 scriptus

225 690 242 724 ι
273 688 333 727 es
351 674 404 726 in
429 670 649 741 iudiciis
667 680 971 741 temporum
993 674 1166 729 lenire
1185 675 1518 731 iracundiam
1545 675 1795 745 Domini;

225 782 245 813 ‹
279 763 570 817 conciliare
594 777 690 817 cor
715 763 886 832 patris
911 764 979 817 ad
1008 763 1202 829 filium,
1235 773 1293 819 et
1318 765 1605 821 restituere
1625 765 1800 821 tribus

225 873 243 906 ‹
281 853 465 909 Jacob.
508 853 659 908 Beati
699 863 824 908 sunt
856 854 948 925 qui
990 863 1046 910 te
1069 856 1341 922 viderunt,
1380 868 1437 911 et
1473 857 1528 912 in
1558 858 1798 914 amicitia

227 964 245 997 ο
287 955 377 1001 tua
422 945 662 1001 decorati
700 953 861 1011 sunt;
892 960 1020 1001 nam
1050 961 1147 1001 nos
1174 946 1285 1002 vita
1311 947 1544 1003 vivimus
1568 955 1797 1016 tantum,

226 1055 245 1087 ο
280 1045 403 1107 post
422 1046 651 1092 mortem
673 1044 853 1091 autem
876 1050 984 1090 non
1007 1038 1114 1092 erit
1133 1037 1242 1093 tale
1261 1053 1458 1093 nomen
1478 1047 1745 1095 nostrum.
1775 1061 1795 1093 ι

218 1129 416 1185 Narrat
446 1130 669 1184 historia
699 1128 903 1200 Regum
932 1128 999 1185 de
1028 1129 1158 1185 Elia!
1194 1133 1471 1203 prophetas
1498 1135 1665 1203 gestis
1695 1134 1801 1189 mi-

221 1221 503 1285 rabilibus,
532 1220 767 1291 qualiter
802 1221 937 1276 ducs
959 1223 1449 1295 quinquagenarius
1474 1226 1544 1279 ab
1566 1226 1814 1281 Ochozia'

219 1327 347 1383 rege
384 1312 449 1366 ad
480 1327 538 1367 se
574 1312 801 1375 missos,
845 1313 1011 1368 misso
1050 1315 1173 1383 igne
1210 1316 1276 1370 de
1301 1317 1441 1372 ccelo
1466 1317 1811 1391 conﬂagrare

224 1405 432 1468 fecerit,
460 1414 512 1458 et
542 1405 775 1475 qualiter
794 1406 896 1475 ipsi
919 1407 1030 1477 regi
1052 1408 1105 1461 in
1124 1406 1265 1464 lecto
1289 1412 1569 1481 aegrotanti
1601 1414 1809 1467 denum

223 1498 463 1563 tiaverit,
509 1498 652 1567 quod
695 1511 727 1551 e
770 1496 910 1553 lecto
937 1513 1038 1554 suo
1071 1515 1236 1555 sanus
1279 1515 1389 1556 non
1429 1502 1811 1572 descenderet,

219 1590 313 1645 sed
363 1597 537 1645 morte
566 1602 910 1657 moreretur;
942 1606 1008 1647 eo
1041 1593 1186 1663 quod
1214 1594 1549 1650 consuluerit
1591 1597 1810 1653 Beele

217 1678 327 1736 bub
356 1681 515 1737 deum
544 1680 790 1737 Accoron
829 1682 897 1737 de
927 1682 1100 1738 salute
1126 1698 1245 1749 sua,
1291 1692 1346 1739 et
1380 1700 1489 1740 non
1517 1685 1807 1744 Dominum

220 1778 388 1834 Deum
411 1774 598 1834 Israel.
639 1778 841 1835 Narrat
871 1781 1036 1835 etiam
1067 1780 1302 1852 qualiter
1325 1782 1583 1838 clauserit
1608 1782 1804 1838 caelum

1903 579 2275 651 accipiendum
2302 589 2386 634 est
2409 619 2425 645 ,
2462 578 2606 649 quod
2628 578 2893 649 propheta
2922 579 3016 634 Dei
3046 578 3268 636 Elisaeus
3300 580 3479 640 homi-

1903 673 2021 728 cida
2052 671 2270 727 futurus
2299 671 2372 727 sit
2394 678 2454 727 et
2494 679 2785 744 tyrannus,
2827 670 2926 728 sed
2954 672 3125 743 magis
3163 675 3486 745 spiritaliter

1903 762 2311 833 intelligendum
2327 801 2344 828 ,
2370 762 2498 831 quia
2519 760 2731 830 iustitia
2763 762 2944 818 divina
2965 779 3087 835 quae
3110 765 3341 837 singuli.
3360 767 3487 825 ται-

1903 852 1984 909 dit
2008 852 2305 909 secundum
2337 865 2507 922 opera
2546 866 2664 919 sua,
2698 853 2859 923 punit
2895 862 3183 924 peccatum
3207 856 3489 917 hominum

1904 946 2194 1017 aliquando
2223 943 2514 1003 manifesta
2541 945 2768 1013 ultione,
2796 946 3087 1017 aliquando
3107 948 3325 1007 occulte
3342 948 3491 1019 judi-

1905 1041 1990 1095 cio
2025 1038 2266 1094 vindicat
2304 1054 2405 1109 per
2437 1053 2595 1109 reges
2625 1047 2685 1094 et
2722 1038 2919 1104 duces;
2969 1041 3208 1097 vindicat
3239 1058 3339 1113 per
3364 1057 3491 1115 pre-

1902 1131 2095 1201 phetas
2123 1138 2179 1184 et
2205 1129 2536 1195 sacerdotes,
2577 1145 2700 1185 cum
2724 1129 2861 1185 alios
2884 1139 3142 1187 nocentes
3171 1131 3300 1189 facit
3324 1134 3501 1204 plecti

1905 1235 2181 1285 mucrone,
2231 1220 2367 1275 alios
2405 1220 2818 1277 transverberat
2859 1222 3038 1293 gladio
3076 1223 3292 1293 lingua.
3333 1225 3493 1283 Unde

1905 1314 2077 1371 David
2123 1322 2180 1368 et
2227 1311 2482 1368 Salomon
2525 1322 2580 1368 et
2629 1312 2815 1368 caeteri
2862 1327 3018 1385 reges
3052 1327 3273 1386 pinnam
3316 1332 3348 1371 a
3382 1317 3493 1372 reis

1906 1406 2216 1476 exigebant,
2247 1420 2369 1460 cum
2395 1419 2491 1461 eos
2510 1405 2783 1461 trucidare
2797 1403 3078 1475 jubebant.
3107 1407 3174 1462 Et
3201 1408 3332 1464 item
3363 1408 3493 1465 alibi

1908 1499 2171 1569 scriptum
2194 1505 2277 1553 est
2303 1498 2372 1553 de
2390 1498 2747 1568 superborum
2761 1507 2817 1553 et
2840 1498 3266 1555 imiredieatium
3285 1516 3445 1573 pana
3470 1520 3483 1557 :

1914 1606 1933 1640 ι
1976 1588 2162 1644 Dolavi
2203 1603 2329 1653 eos,
2382 1589 2580 1660 inquit,
2633 1589 2688 1646 in
2728 1589 3028 1662 prophetis,
3076 1591 3253 1647 occidi
3306 1608 3397 1650 eos
3435 1593 3491 1649 in

1906 1681 2089 1738 verbis
2107 1682 2221 1738 oris
2240 1682 2349 1738 mei
2370 1679 2516 1753 (03a.
2554 1680 2654 1754 vi).
2684 1680 3014 1739 Subieratus
3043 1697 3281 1754 namque
3318 1684 3487 1752 Elias,

1909 1773 2283 1829 ascensionem
2299 1772 2638 1828 Dcmiuicam
2659 1770 2932 1843 signiﬁcat
2957 1791 2970 1827 :
2989 1771 3079 1828 ille
3097 1774 3242 1830 enim
3258 1785 3491 1841 mortem

218 1871 377 1926 annis
418 1871 591 1927 tribus
619 1880 675 1927 et
700 1873 975 1930 mensibus
1003 1889 1119 1941 sex,
1166 1884 1226 1930 ut
1258 1872 1366 1931 non
1396 1875 1608 1946 plueret
1635 1891 1803 1947 super

1908 1864 2136 1929 distulit,
2167 1879 2277 1920 non
2310 1865 2524 1931 evasit;
2567 1863 2898 1935 Redemptor
2923 1872 3107 1922 autem
3132 1873 3336 1932 noster,
3364 1867 3495 1938 quia

219 1970 442 2029 terram,
488 1971 543 2019 et
576 1965 845 2036 quomodo
881 1967 1191 2022 sacerdotes
1223 1966 1352 2022 Baal
1392 1967 1616 2037 jusserit
1657 1969 1803 2024 occi-

218 2055 376 2122 dere,
415 2056 755 2126 qualiterque
791 2057 981 2113 Achab
1019 2059 1339 2129 impiissimo
1377 2061 1488 2131 regi
1522 2060 1801 2115 interitum

218 2163 372 2203 suum
397 2148 734 2219 praedixerit,
762 2151 853 2220 qui
894 2150 946 2205 in
976 2158 1158 2205 monte
1188 2150 1402 2207 Chcreb
1429 2167 1552 2207 cum
1582 2153 1693 2207 Deo
1721 2152 1800 2207 lo-

218 2250 377 2300 cutus
416 2248 500 2295 est
532 2250 586 2295 et
612 2241 848 2297 visiones
877 2242 1027 2297 vidit.
1062 2241 1160 2296 Hic
1202 2242 1338 2299 duos
1365 2258 1523 2315 reges
1560 2244 1613 2297 in
1643 2243 1807 2298 ultio.

218 2345 341 2385 nem
368 2345 655 2401 pravorum
690 2333 843 2386 unxit
867 2373 882 2397 ,
916 2332 1114 2387 Hazael
1142 2349 1358 2405 quoque
1388 2349 1551 2405 super
1583 2334 1800 2406 Syriam

217 2429 274 2477 et
292 2420 426 2475 Jehu
464 2421 652 2476 filium.
682 2420 817 2475 Nam
847 2423 893 2476 si
924 2438 1088 2493 super
1116 2424 1281 2480 lsrael
1303 2466 1316 2490 ,
1351 2440 1452 2480 nec
1474 2438 1581 2481 non
1613 2426 1803 2481 et'Eli-

218 2525 383 2565 statim
431 2510 599 2565 ﬁlium
648 2509 889 2581 Saphath
918 2513 1189 2568 ordinavit
1216 2522 1340 2583 post
1377 2530 1436 2569 se
1477 2516 1799 2585 prophetam

218 2600 464 2659 Domino.
496 2603 625 2658 Post
664 2606 777 2660 haec
815 2613 995 2661 autem
1038 2623 1201 2663 curru
1246 2609 1404 2678 igneo
1447 2618 1697 2679 receptus
1718 2619 1804 2667 est

219 2695 273 2750 in
300 2695 495 2750 omium
523 2706 784 2753 venturus
807 2705 933 2753 ante
957 2700 1098 2754 diem
1120 2699 1312 2769 judicii
1340 2701 1394 2755 in
1423 2709 1624 2758 terram
1646 2703 1803 2774 juxta

220 2787 495 2845 Malachia:
517 2792 883 2861 prophetiam,
909 2801 968 2847 ut
994 2802 1279 2849 convertat
1303 2796 1469 2851 corda
1490 2805 1709 2867 patrum
1734 2797 1803 2853 ad

221 2879 382 2946 ﬁlios,
425 2890 481 2936 et
524 2882 686 2937 corda
730 2883 962 2938 ﬁliorum
994 2887 1059 2940 ad
1087 2894 1270 2955 patres
1308 2901 1523 2954 eorum,
1567 2904 1637 2945 ne
1662 2889 1807 2947 forte

220 2972 402 3027 veniat
449 2972 709 3029 Dominus
762 2984 818 3029 et
867 2977 1137 3046 percutiat
1184 2986 1386 3034 terram
1433 2982 1801 3037 anathemate.

229 3064 454 3136 Mystice
494 3074 673 3123 autem
704 3068 851 3125 Elias
879 3071 932 3124 in
961 3086 1027 3124 eo
1065 3072 1207 3141 quod
1237 3073 1379 3143 apud
1408 3072 1804 3145 Sarepthanam

230 3156 448 3211 viduam
526 3166 764 3228 tempore
846 3160 1106 3216 siccitatis
1181 3163 1467 3232 alebatur,
1540 3165 1808 3237 signiﬁcat

231 3247 455 3310 mundo,
503 3249 595 3316 qui
630 3249 684 3303 in
715 3250 949 3321 maligno
985 3253 1194 3321 positus
1228 3263 1333 3320 est,
1366 3255 1517 3311 arido
1546 3265 1603 3311 et
1634 3258 1807 3314 sterili

222 3345 597 3405 permanente,
632 3339 684 3392 in
723 3339 966 3396 Ecclesia
1010 3344 1277 3399 catholica
1323 3346 1413 3415 pie
1454 3357 1705 3418 receptos
1750 3357 1809 3407 et

223 3434 489 3483 tractatos
526 3429 715 3487 ﬁdeles
750 3433 923 3502 ipsam
964 3435 1407 3507 benignissimam
1452 3449 1682 3497 matrem
1712 3457 1809 3513 pa-

224 3534 378 3577 scere
405 3522 547 3578 dono
582 3524 824 3580 scientia
847 3534 902 3581 et
939 3528 1235 3599 sapientiae.
1267 3531 1324 3587 In
1354 3532 1509 3602 cujus
1538 3550 1683 3591 nunc
1712 3551 1809 3591 va-

229 3612 308 3668 sis
340 3614 516 3669 oleum
539 3618 748 3687 gratiae,
784 3628 841 3674 et
871 3620 1259 3681 benedictionis
1298 3625 1470 3682 farina
1516 3629 1806 3699 redundat,

222 3707 278 3762 in
317 3709 567 3765 omnibus
612 3709 726 3766 fere
769 3714 1018 3784 gentibus
1062 3715 1206 3773 fame
1253 3729 1528 3788 manente,
1574 3738 1805 3792 quarum

223 3801 456 3855 esuriem
509 3802 564 3857 in
618 3806 787 3860 verbo
835 3805 931 3861 Dei
972 3815 1035 3862 et
1069 3807 1190 3865 ﬁdei
1232 3811 1520 3869 Trinitatis
1570 3815 1806 3872 inediam

224 3907 460 3964 congrue
486 3895 853 3967 praeﬁguravit
886 3899 978 3954 illa
1021 3903 1295 3972 quondam
1328 3906 1567 3963 triennio
1591 3906 1762 3964 fames
1788 3925 1805 3976 ;

226 3984 282 4039 in
321 3986 425 4041 hoc
472 3995 651 4043 autem
676 3991 819 4058 quod
857 3993 1138 4048 suscitavit
1165 3995 1333 4051 ﬁlium
1372 4000 1803 4068 matrisfamiliaa,

194 4080 197 4083 '
240 4079 551 4148 expandens
592 4092 651 4135 se
690 4081 867 4138 tribus
907 4085 1114 4141 vicibus
1148 4102 1309 4158 super
1336 4105 1581 4160 puerum,
1622 4102 1808 4164 typum

226 4170 367 4240 gerit
391 4168 706 4238 Salvatoris,
734 4175 824 4243 qui
847 4189 945 4244 per
971 4175 1132 4232 ﬁdem
1154 4187 1358 4235 sanctae
1383 4182 1665 4239 Trinitatis
1689 4200 1811 4240 suc-

226 4259 400 4319 currit
428 4262 646 4328 mundo,
671 4270 728 4317 et
748 4264 1032 4319 suscitavit
1051 4266 1201 4322 illum
1229 4283 1262 4322 a
1285 4272 1493 4339 peccati
1522 4281 1716 4340 morte,
1756 4284 1811 4331 et

225 4351 428 4419 eripuit
474 4351 543 4407 de
585 4351 778 4408 futurae
833 4355 1154 4423 perditionis
1209 4359 1427 4415 damno.
1483 4361 1621 4417 Nam
1668 4366 1809 4434 quod

136 4518 141 4521 _
227 4441 399 4496 mittit
416 4456 513 4497 rex
533 4442 736 4513 impius
765 4444 901 4501 duos
920 4447 1411 4520 quinquagenarios
1431 4465 1553 4508 cum
1582 4457 1812 4514 subditis

228 4531 333 4587 sibi
377 4533 654 4600 militibus,
698 4544 759 4591 ut
795 4538 1086 4595 exhibeant
1112 4540 1317 4607 Eliam,
1348 4543 1440 4614 qui
1470 4545 1654 4601 divino
1688 4547 1811 4619 igne

228 4628 535 4696 consumpti
559 4636 715 4694 sunt,
742 4630 937 4687 tertius
959 4641 1140 4687 autem
1178 4635 1379 4690 missus
1410 4637 1671 4704 salvatur,
1704 4641 1806 4697 hoc

229 4716 547 4787 mysterium
566 4719 732 4776 Met
751 4738 763 4774 :
787 4722 1280 4795 quinquagenarius
1293 4742 1528 4798 namque
1545 4745 1807 4789 numerus

229 4807 500 4865 confessio
531 4812 867 4880 pmnitentite
898 4822 983 4870 est
1005 4855 1020 4881 ,
1067 4831 1176 4885 quo
1209 4818 1517 4876 declaratur
1558 4824 1806 4881 remissio

227 4908 593 4970 peccatorum.
642 4902 814 4960 Judaei
852 4919 984 4977 ergo
1025 4908 1270 4966 nolentes
1316 4911 1589 4969 Christum
1634 4914 1805 4971 Deum

229 5004 351 5049 esse
387 4991 709 5061 perfectum,
753 5008 856 5051 nec
885 4998 1184 5067 principem
1225 5001 1578 5070 pmnitentiae,
1620 5006 1808 5063 dicunt

232 5082 300 5137 ad
326 5096 450 5138 eum
485 5101 499 5137 :
537 5102 557 5136 ι
607 5084 1004 5157 Quinquaginta
1052 5104 1222 5145 annos
1251 5092 1490 5148 nondum
1526 5096 1716 5162 habes,
1756 5106 1811 5153 ct

231 5173 505 5229 Abraham
522 5177 697 5231 nosti?
715 5178 771 5232 in
791 5178 974 5234 futuro
994 5179 1157 5235 divini
1181 5181 1321 5253 ignis
1340 5185 1589 5242 incendio
1609 5189 1811 5244 exstin-

232 5272 489 5335 guuntur.
518 5266 731 5323 Tertius
757 5277 939 5325 autem
969 5271 1463 5344 quinquagenarius
1481 5318 1497 5342 ,
1528 5279 1653 5349 quia
1685 5295 1813 5336 con-

228 5369 425 5411 versus
462 5356 531 5411 ad
571 5357 732 5415 ﬁdem
775 5359 1055 5417 Trinitatis
1090 5365 1422 5434 poenitentiae
1472 5381 1811 5427 sacramenta

232 5448 520 5518 cognovit,
567 5450 956 5524 indulgentiam
1002 5458 1218 5512 meruit.
1267 5459 1419 5526 Quod
1452 5472 1627 5517 autem
1655 5464 1808 5534 jussu

234 5538 331 5594 Dei
363 5555 520 5612 reges
547 5544 704 5599 unxit
741 5554 797 5600 et
823 5549 1140 5618 prophetam
1180 5550 1428 5607 Eliszeum
1461 5554 1514 5609 in
1551 5555 1809 5611 ultionem

235 5633 577 5693 inimicorum
613 5638 826 5696 dicente
859 5644 927 5698 ad
955 5658 1077 5698 eum
1104 5645 1222 5713 ipso
1253 5645 1483 5702 Domino
1517 5666 1528 5701 :
1565 5666 1585 5699 ο
1621 5649 1689 5705 Et
1712 5650 1814 5704 erit

230 5723 541 5795 mirque
556 5728 1000 5803 fugeritgladium
1026 5736 1241 5801 llazael,
1265 5739 1476 5793 occidet
1493 5755 1616 5794 eum
1641 5740 1807 5808 Jehu;
1843 5725 1857 5736 ’

233 5820 294 5871 et
320 5815 626 5892 quicunque
668 5821 865 5895 fugerit
901 5825 1135 5897 gladium
1175 5826 1332 5893 lehu,
1377 5828 1809 5889 interﬁcieteum

1905 1973 2012 2014 non
2063 1958 2296 2023 distulit,
2339 1957 2635 2028 superavit,
2692 1971 2924 2029 eamque
2977 1961 3311 2031 resurgendo
3356 1975 3490 2016 oon-

1904 2047 2171 2118 sumpsit,
2209 2055 2265 2103 et
2292 2047 2715 2104 resurrectionis
2751 2063 2862 2104 sum
2895 2048 3124 2121 gloriam
3145 2052 3490 2108 ascendendo

1904 2141 2219 2198 declaravit.
2274 2141 2585 2198 Notandum
2638 2158 2855 2214 quoque
2901 2153 3006 2211 est,
3055 2146 3199 2215 quod
3242 2146 3389 2202 Elias
3436 2146 3496 2205 in

1905 2248 2067 2289 curru
2119 2234 2321 2304 legitur
2347 2236 2663 2291 ascendisse
2686 2275 2702 2302 ,
2731 2242 2793 2290 ut
2835 2235 3086 2292 videlicet
3126 2248 3312 2308 aperte
3336 2253 3496 2293 mon-

1904 2334 2191 2391 straretur,
2233 2327 2359 2398 quia
2388 2327 2550 2384 homo
2569 2342 2738 2398 purus
2761 2328 3033 2399 adiutorio
3051 2330 3247 2402 egebat
3278 2331 3491 2397 alieno;

1901 2433 2000 2490 per
2042 2418 2259 2489 angelos
2287 2419 2486 2489 quippe
2513 2418 2605 2473 illa
2635 2417 2778 2474 facta
2818 2426 2878 2475 et
2901 2428 3120 2476 ostensa
3166 2429 3292 2477 sum
3331 2421 3489 2493 adju-

1904 2518 2108 2575 menta,
2136 2510 2263 2580 quia
2293 2525 2394 2565 nec
2436 2511 2506 2566 ad
2535 2509 2733 2568 celum
2773 2510 2992 2581 quidem
3046 2526 3265 2567 aereum
3306 2526 3402 2583 per
3429 2527 3490 2567 se

1905 2601 2199 2657 ascendere
2225 2610 2459 2673 poterat,
2490 2610 2883 2673 quemonatura
2905 2618 3017 2659 sua;
3043 2602 3351 2659 informitas
3369 2617 3494 2675 gra-

1904 2696 2088 2751 vabat.
2134 2693 2445 2765 Redempor
2480 2703 2662 2750 autem
2698 2704 2889 2751 noster
2918 2709 3025 2750 non
3063 2709 3250 2762 curru,
3284 2709 3392 2750 non
3423 2695 3495 2751 ab

1907 2790 2115 2862 angelis
2137 2791 2453 2847 sublevatus
2477 2790 2695 2861 legitur,
2718 2790 2845 2860 quia
2872 2791 2920 2846 is
2940 2790 3032 2860 qui
3060 2788 3268 2846 fecerat
3289 2790 3494 2858 omnia,

1904 2885 2165 2941 nimirum
2200 2898 2364 2954 super
2412 2883 2596 2939 otunia
2634 2897 2732 2937 sua
2778 2883 2981 2937 virtute
3020 2879 3340 2939 ferebatur:
3369 2882 3499 2938 illuc

1908 2976 2052 3032 cnim
2082 2976 2480 3040 revertebatur,
2507 2973 2600 3029 ubi
2630 2981 2782 3040 erat;
2817 2982 2873 3030 et
2895 2974 3021 3029 inde
3044 2974 3275 3039 redibat,
3299 2974 3392 3030 ubi
3418 2988 3500 3029 re-

1908 3069 2166 3126 manebat
2206 3085 2219 3121 :
2261 3066 2388 3137 quia
2423 3082 2548 3122 cum
2597 3080 2695 3136 per
2742 3067 3134 3125 humanitatem
3179 3067 3499 3123 ascenderet

1910 3161 1967 3216 in
1995 3160 2213 3226 osclum,
2247 3175 2344 3229 per
2378 3158 2715 3213 divinitatem
2757 3165 2811 3212 et
2850 3166 3053 3213 terram
3086 3158 3294 3229 pariter
3330 3159 3476 3214 conti

1914 3254 2078 3310 nebat
2124 3261 2180 3308 et
2234 3252 2454 3307 coelum.
2496 3250 2649 3306 Sicut
2701 3258 2883 3305 autem
2911 3249 3108 3321 Joseph
3158 3266 3190 3305 a
3240 3248 3501 3306 fratribus

1909 3348 2162 3406 venditus
2205 3347 2572 3403 venditionem
2603 3345 2983 3416 Redemptoris
3021 3345 3193 3401 nostri
3225 3344 3498 3417 ﬁguravit,

1911 3442 1988 3497 sic
2024 3441 2209 3496 Enooh
2249 3438 2545 3493 translatus
2581 3447 2743 3507 atque
2778 3438 2845 3491 ad
2872 3437 3071 3493 ctelum
3102 3452 3322 3492 aereum
3353 3436 3499 3493 Elias

1910 3532 2243 3596 sublevatus,
2278 3530 2656 3585 ascensionem
2690 3528 3028 3584 Dominicam
3056 3528 3497 3599 designaverunt.

1909 3620 2256 3678 Ascensionis
2285 3635 2399 3675 sua:
2440 3619 2699 3674 Dominus
2732 3618 3066 3689 praenuntios
3105 3627 3163 3673 et
3193 3625 3362 3674 testes
3392 3617 3497 3672 ba-

1908 3713 2045 3777 buit,
2077 3724 2242 3766 unum
2271 3719 2397 3765 ante
2433 3710 2629 3782 legem,
2670 3711 2833 3765 alium
2870 3710 2971 3765 sub
2999 3710 3137 3780 lege,
3164 3717 3226 3763 ut
3246 3709 3495 3780 quando-

1909 3820 2016 3876 que
2048 3803 2258 3860 veniret
2300 3804 2447 3874 ipse,
2477 3803 2569 3873 qui
2600 3803 2869 3857 veraciter
2891 3801 3059 3857 caelos
3094 3810 3377 3872 penetrare
3403 3815 3501 3872 p0-

1911 3896 2121 3961 tuisset,
2157 3894 2302 3949 unde
2333 3900 2388 3949 et
2411 3894 2529 3964 ipse
2563 3893 2696 3948 ordo
2724 3894 2778 3947 in
2810 3907 2997 3948 eorum
3029 3907 3245 3963 quoque
3265 3900 3499 3963 utraque

1910 3987 2285 4044 sublevatione
2334 4001 2435 4058 per
2471 3988 2719 4057 quaedam
2751 3987 3084 4043 incrementa
3123 3987 3498 4060 distinguitur.

1910 4082 2045 4137 Nam
2087 4081 2274 4137 Enoch
2312 4081 2641 4146 translatus,
2684 4080 2833 4136 Elias
2866 4096 2996 4136 vero
3024 4082 3090 4136 ad
3134 4080 3333 4136 otelum
3372 4081 3500 4137 sub-

1908 4182 2097 4230 vectus
2120 4187 2243 4229 esse
2289 4182 2639 4240 memoratur,
2671 4182 2732 4229 ut
2759 4175 2968 4229 veniret
3008 4174 3348 4243 postmodum
3382 4172 3497 4245 qui,

1910 4283 2014 4323 nec
2042 4266 2339 4322 translatus
2366 4280 2467 4321 nec
2490 4268 2780 4322 subvectus
2797 4306 2813 4332 ,
2857 4265 3053 4322 celum
3078 4267 3373 4322 aethereum
3398 4281 3496 4322 sua

1910 4362 2111 4415 virtute
2138 4367 2476 4431 penetraret;
2509 4360 2605 4430 qui
2640 4360 2796 4416 nobis
2832 4361 2885 4414 in
2920 4374 2978 4414 se
3007 4359 3354 4415 credentibus
3379 4374 3499 4415 car-

1911 4454 1998 4508 nis
2030 4466 2245 4522 quoque
2269 4451 2590 4505 munditiam
2628 4450 2940 4523 largiretur,
2974 4458 3029 4506 et
3062 4452 3166 4507 sub
3193 4466 3260 4507 eo
3288 4465 3386 4521 per
3415 4451 3499 4505 in-

1914 4553 2194 4599 crementa
2247 4554 2552 4614 temporum
2600 4543 2775 4598 virtus
2825 4544 3098 4601 castitatis
3135 4551 3497 4601 escresceret.

1915 4636 1971 4690 ln
2015 4636 2133 4706 ipsa
2171 4650 2387 4706 quoque
2421 4649 2609 4691 eorum
2659 4635 3043 4703 translatione,
3081 4636 3173 4708 qui
3224 4636 3499 4692 ascensio-

1914 4742 2038 4782 nem
2076 4728 2411 4783 Dominioam
2449 4737 2513 4784 ut
2550 4727 2805 4784 videlicet
2832 4726 3019 4784 famuli
3055 4730 3497 4800 designaverunt,

1913 4831 1969 4877 et
2013 4823 2066 4877 in
2114 4824 2232 4894 ipso
2277 4839 2354 4888 se,
2404 4825 2495 4895 qui
2543 4826 2612 4881 ad
2659 4825 2859 4881 cmlnm
2906 4827 3182 4893 ascendit,
3236 4828 3499 4884 Dominus

1911 4914 2168 4968 ostendit.
2214 4912 2348 4968 Nam
2394 4914 2577 4971 Enoch
2616 4916 2831 4987 quidem
2874 4933 3099 4973 uxorem
3140 4927 3197 4974 et
3226 4918 3366 4975 ﬁlios
3400 4920 3498 4974 ha-

1912 5005 2049 5070 buit,
2098 5004 2244 5060 Elius
2286 5020 2417 5061 vero
2456 5021 2634 5077 neque
2663 5022 2889 5064 uxorem
2929 5023 3105 5080 neque
3135 5010 3273 5065 filios
3301 5009 3498 5082 legitur

1912 5095 2186 5151 habuisse.
2245 5096 2473 5152 Pensate
2525 5112 2656 5169 ergo
2704 5100 2973 5167 quomodo
3016 5114 3113 5169 per
3161 5100 3497 5157 incrementa

1912 5189 2147 5244 creverit
2184 5190 2445 5244 munditia
2472 5189 2768 5255 castitatis,
2797 5192 2940 5261 quod
2975 5199 3031 5246 et
3070 5209 3170 5263 per
3200 5194 3493 5252 translatos

1912 5278 2145 5351 famulos
2166 5321 2182 5347 ,
2221 5291 2276 5335 et
2318 5296 2420 5353 per
2447 5282 2790 5337 ascendentis
2829 5282 3041 5339 Domini
3072 5300 3359 5357 personam
3395 5284 3501 5361 'pa.

1912 5379 2088 5426 tenter
2131 5372 2451 5429 ostenditur.
2507 5373 2822 5429 Translatus
2873 5389 3108 5446 namque
3151 5384 3238 5433 est
3285 5376 3494 5445 Enoch,

1916 5475 2015 5529 per
2043 5461 2242 5517 coitum
2269 5462 2481 5533 genitus
2522 5471 2577 5517 et
2611 5478 2708 5532 per
2731 5464 2932 5519 coitum
2969 5478 3265 5536 generans;
3309 5474 3496 5538 raptus

1916 5561 2003 5607 est
2035 5552 2209 5617 Elias‘,
2263 5567 2360 5623 per
2399 5554 2601 5609 coitum
2638 5556 2872 5626 genitus,
2911 5557 3005 5611 sed
3047 5573 3153 5612 non
3186 5559 3350 5613 etiam
3394 5572 3494 5627 per

1914 5646 2120 5701 coitum
2157 5661 2461 5717 generans;
2519 5656 2827 5718 assumptus
2878 5658 2959 5705 est
3009 5665 3138 5706 vero
3191 5650 3491 5717 Dominus,

1919 5753 2097 5808 nequc
2122 5754 2219 5809 per
2239 5741 2439 5796 coitum
2461 5757 2749 5813 generans,
2777 5760 2951 5816 neque
2978 5761 3077 5816 per
3096 5743 3297 5800 coitum
3333 5755 3498 5816 gener

1920 5840 2090 5891 fall“.
