4028 6472
603 365 745 424 1105

1165 475 1393 533 CAPUT
1432 475 1616 532 XVIII.

1231 567 1304 622 De
1329 566 1545 622 Eliswa.

677 681 698 713 ι
724 660 872 717 Elias
900 660 1117 731 quidem
1145 667 1200 715 in
1232 661 1450 716 turbine
1478 669 1653 716 tectus
1680 667 1793 726 est,
1829 667 1883 715 et
1909 659 1966 715 in
1993 659 2188 716 Elisteo

599 777 618 808 ι
654 756 957 828 completus
994 764 1077 811 est
1106 755 1328 826 spiritus
1356 755 1507 826 ejus;
1541 762 1596 812 et
1631 756 1687 810 in
1715 755 1906 812 diebus
1935 753 2050 810 suis
2077 768 2188 810 non

600 865 620 898 ς
652 848 936 919 pertimuit
957 847 1284 918 principem,
1314 855 1371 903 et
1400 847 1644 917 potentia
1665 861 1826 902 nemo
1845 845 1977 902 vicit
2005 845 2186 909 illum;

600 958 618 990 ι
654 955 756 995 nec
783 939 1058 1009 superavit
1095 938 1246 994 illum
1285 940 1507 994 verbum
1542 938 1780 1010 aliquod,
1821 945 1876 994 et
1915 946 2191 994 mortuum

599 1050 619 1084 ε
653 1031 999 1101 prophetavit
1021 1046 1224 1101 corpus
1250 1029 1386 1101 ejus.
1419 1030 1477 1084 In
1502 1031 1612 1084 vita
1644 1045 1741 1086 sua
1767 1029 1896 1084 fecit
1925 1037 2187 1094 monstra,

603 1139 623 1172 ι
657 1131 712 1177 et
750 1123 806 1177 in
849 1129 1023 1177 morte
1057 1121 1324 1178 mirabilia
1373 1129 1628 1192 operatus
1675 1127 1779 1176 est.
1831 1120 1891 1175 In
1939 1120 2191 1178 omnibus

603 1233 623 1267 ι
661 1216 780 1272 istis
827 1232 936 1271 non
977 1215 1227 1286 paenituit
1251 1215 1501 1286 populus,
1539 1224 1593 1270 et
1636 1230 1744 1270 non
1785 1223 2126 1270 recesserunt
2157 1227 2190 1268 a

604 1327 624 1360 ‹
660 1310 902 1379 peccatis
929 1309 1061 1374 suis,
1094 1325 1266 1379 usque
1297 1310 1424 1364 dum
1459 1307 1616 1378 ejecti
1641 1317 1770 1365 sunt
1798 1309 1864 1365 de
1893 1318 2037 1364 terra
2067 1324 2188 1375 sua,

606 1416 626 1452 ι
664 1409 719 1455 et
757 1401 988 1470 dispersi
1019 1409 1146 1456 sunt
1185 1401 1241 1455 in
1285 1417 1502 1456 omnem
1535 1412 1766 1468 terram;
1803 1411 1858 1457 et
1894 1402 2080 1457 relicta
2107 1409 2192 1456 est

604 1509 625 1543 ι
667 1506 800 1562 gens
817 1507 1110 1563 perpauca,
1133 1501 1188 1547 et
1208 1493 1463 1562 princeps
1493 1493 1548 1547 in
1567 1492 1727 1549 domo
1749 1492 1935 1548 David.
1961 1491 2191 1560 Quidam

605 1600 625 1635 ς
663 1583 902 1652 ipsorum
940 1583 1189 1638 fecerunt
1231 1585 1377 1654 quod
1416 1585 1656 1655 placeret
1692 1587 1823 1651 Deo,
1876 1587 1966 1640 alii
2009 1593 2190 1642 autem

605 1693 624 1726 ‹
662 1676 827 1730 multa
864 1676 1253 1733 commiserunt
1295 1686 1538 1748 peccata.
1592 1697 1611 1729 ι
1645 1676 1779 1733 Cum
1819 1686 2000 1733 autem
2045 1677 2189 1734 Elias

599 1765 696 1820 Dei
719 1765 994 1821 voluntate
1022 1767 1086 1822 de
1113 1776 1258 1822 terra
1301 1770 1369 1822 ad
1402 1769 1602 1824 coelum
1626 1769 1990 1825 sublevandus
2017 1779 2187 1838 esset,

597 1857 823 1913 Elisscus
850 1859 1144 1930 discipulus
1173 1859 1292 1930 ejus
1322 1863 1530 1932 rogavit
1551 1879 1700 1928 eum,
1731 1871 1791 1918 ut
1811 1863 2006 1933 duplex
2031 1863 2191 1934 spiri-

596 1959 684 2005 tus
714 1950 831 2018 ejus
856 1951 1011 2007 ﬁeret
1045 1952 1100 2006 in
1144 1968 1229 2019 eo,
1269 1956 1414 2023 quod
1450 1955 1618 2009 etiam
1651 1955 1762 2010 Deo
1788 1955 2022 2011 donante
2056 1971 2186 2026 pro-

595 2041 814 2095 meruit.
858 2042 1009 2098 Uude
1045 2044 1100 2097 in
1144 2045 1384 2112 potentia
1425 2054 1482 2099 et
1509 2046 1710 2102 virtute
1751 2047 1995 2101 hostibus
2033 2047 2186 2101 insu-

594 2133 850 2202 perabilis
890 2134 1010 2202 fuit,
1055 2137 1146 2207 qui
1174 2138 1227 2191 in
1267 2136 1376 2191 vita
1425 2153 1522 2194 sua
1569 2147 1624 2193 et
1664 2139 1718 2194 in
1745 2147 1918 2194 morte
1944 2145 2187 2195 monstra

593 2225 874 2296 signorum
905 2233 960 2281 et
983 2226 1255 2282 mirabilia
1291 2242 1453 2296 opera
1488 2228 1637 2283 fecit.
1663 2228 1818 2296 Quod
1844 2236 2026 2284 autem
2055 2229 2189 2284 dicit

591 2327 865 2373 mortuum
878 2334 1072 2389 corpus
1083 2318 1830 2392 ejusiprophctassemstendit
1841 2321 1983 2390 quod
1998 2321 2187 2392 mysti-

590 2421 714 2460 cum
743 2421 879 2477 opus
900 2407 1001 2462 fuit
1023 2409 1367 2464 resuscitatio
1390 2410 1693 2476 cadaveris,
1714 2411 1857 2481 quod
1884 2411 2185 2482 projectum

591 2494 693 2550 fuit
733 2497 786 2550 in
833 2499 1083 2568 sepulcro
1116 2500 1318 2568 Elisaei,
1351 2511 1410 2556 ut
1439 2502 1648 2574 Regum
1682 2504 1911 2558 historia
1950 2512 2182 2570 narrat;

591 2585 687 2640 sed
725 2587 954 2656 populus
997 2588 1164 2644 Israel
1219 2591 1312 2644 tali
1360 2591 1560 2646 virtute
1608 2594 1885 2662 signorum
1922 2610 2031 2649 non
2083 2594 2186 2650 fuit

589 2687 894 2733 commotus
921 2679 988 2732 ad
1015 2681 1412 2749 paenitentiam,
1442 2698 1542 2738 nec
1565 2692 1912 2739 recesserunt
1939 2699 1970 2738 a
1992 2699 2186 2754 pecca-

592 2769 660 2823 tis
683 2771 825 2836 suis,
870 2787 1042 2841 usque
1079 2773 1206 2826 dum
1228 2774 1388 2845 ejeeti
1417 2783 1545 2830 sunt
1576 2775 1642 2830 de
1672 2784 1819 2830 terra
1849 2792 1980 2843 sua,
2007 2785 2062 2832 et
2090 2777 2185 2833 de-

589 2863 737 2918 ducti
776 2865 830 2919 in
861 2867 1234 2936 captivitatem
1278 2866 1388 2940 (IV
1434 2868 1564 2940 Reg.
1603 2869 1746 2942 xm).
1802 2869 1956 2938 Quod
1999 2880 2183 2926 autem

590 2955 742 3019 dicit,
799 2975 817 3006 ε
856 2956 1064 3012 Relicta
1109 2966 1194 3014 est
1239 2975 1371 3029 gens
1409 2974 1715 3030 perpauca,
1759 2969 1815 3015 et
1849 2962 2102 3032 princeps
2122 2960 2180 3016 in

589 3055 748 3109 domo
777 3054 977 3122 David;
1021 3057 1239 3126 quidam
1270 3057 1513 3126 ipsorum
1543 3058 1788 3113 fecerunt
1815 3058 1960 3128 quod
2000 3057 2181 3128 place-

590 3156 673 3201 ret
703 3147 832 3213 Deo,
885 3148 974 3202 alii
1012 3157 1193 3204 autem
1235 3151 1405 3204 multa
1444 3151 1836 3207 commiserunt
1876 3159 2124 3222 peccata,
2152 3168 2174 3202 ι

587 3243 824 3297 ostendit
855 3243 997 3312 quod
1039 3244 1204 3313 stirps
1231 3245 1424 3299 domus
1453 3245 1622 3300 David
1651 3256 1706 3300 et
1731 3247 1904 3302 tribus
1933 3245 2072 3301 Juda
2099 3254 2181 3301 at-

588 3349 693 3403 que
725 3333 1005 3402 Benjamin
1039 3350 1146 3388 non
1179 3334 1393 3404 penitus
1423 3335 1739 3404 abjecerunt
1774 3335 2044 3392 culturam
2081 3337 2180 3393 Dei

587 3433 647 3480 et
686 3425 940 3494 templum
981 3423 1117 3492 ejus,
1168 3426 1307 3481 sicut
1348 3427 1592 3484 fecerunt
1630 3429 1818 3484 decem
1849 3431 2043 3496 tribus,
2087 3431 2180 3500 qui

591 3516 810 3571 fuerunt
829 3517 882 3570 in
903 3516 1172 3584 Samaria,
1200 3519 1295 3574 sed
1309 3519 1397 3573 alii
1415 3535 1604 3575 eorum
1622 3520 1840 3576 fuerunt
1856 3521 2176 3589 idololatrze,

588 3617 647 3663 ut
670 3607 875 3674 Joram,
898 3609 1080 3665 Achaz
1108 3619 1163 3664 et
1184 3611 1739 3677 Manasses,Joacl1im
1766 3622 1820 3668 et
1849 3613 2176 3684 Sedechias;

589 3699 676 3752 alii
707 3708 886 3754 autem
911 3701 1254 3756 adhaeserunt
1273 3704 1385 3757 Deo
1407 3719 1526 3769 suo,
1567 3705 1710 3760 sicut
1734 3705 1865 3760 fecit
1892 3705 2174 3776 Josaphat,

589 3789 849 3843 Ezechias
868 3797 923 3844 et
947 3788 1142 3845 Josias.
1177 3788 1438 3845 Similiter
1466 3801 1650 3848 autem
1670 3801 1726 3850 et
1749 3794 1944 3849 horum
1975 3796 2178 3852 subditi

587 3880 803 3934 diverse
839 3880 1180 3945 sentiebant;
1214 3881 1303 3936 alii
1330 3892 1513 3938 autem
1558 3900 1749 3940 eorum
1779 3894 1929 3941 recta
1954 3886 2176 3942 incede-

586 3971 718 4025 bant
735 3970 946 4036 via,alii
969 3980 1151 4027 autem
1165 3987 1351 4030 errore
1373 3975 1771 4032 claudicabant.
1798 3977 1952 4034 Unde
1976 3978 2178 4036 factum

585 4074 670 4122 est
693 4065 984 4120 novissime
1009 4105 1023 4130 ,
1053 4075 1113 4120 ut
1142 4067 1326 4122 multis
1345 4066 1460 4136 jam
1490 4084 1520 4122 a
1547 4069 1774 4124 veritate
1815 4070 2171 4136 deviantibus,

585 4156 721 4212 ultio
755 4157 1084 4228 captivitatis
1118 4160 1526 4227 immitteretur,
1555 4169 1616 4216 ut
1643 4161 1734 4231 qui
1763 4162 2055 4218 simulacra
2077 4179 2178 4221 co-

586 4248 804 4304 luerunt
824 4249 881 4304 in
905 4258 1047 4305 terra
1073 4267 1190 4318 sua,
1216 4252 1318 4323 ipsi
1339 4252 1502 4308 etiam
1526 4252 1669 4308 idola
1691 4253 1931 4309 colerent
1949 4255 2005 4310 in
2030 4264 2178 4312 terra

585 4340 780 4396 aliena.
824 4341 1097 4409 Quaeritur
1121 4352 1304 4399 autem
1329 4345 1602 4414 quomodo
1623 4345 1868 4413 Eliszeus,
1897 4363 2023 4402 cum
2048 4364 2178 4405 suus

586 4433 843 4502 magister
865 4433 1011 4489 Elias
1035 4434 1210 4490 locum
1234 4436 1540 4505 postulandi
1565 4437 1616 4491 ei
1642 4437 1884 4504 offerret,
1907 4439 2176 4510 duplicem

584 4526 833 4596 Spiritum
872 4526 1002 4582 Elite
1040 4528 1416 4597 postulaverit,
1466 4545 1588 4584 cum
1628 4531 1888 4588 Dominus
1933 4533 2080 4588 dicat
2119 4534 2175 4589 iu

583 4620 896 4689 Evangelio,
950 4638 969 4671 ι
1009 4620 1125 4675 Νοιι
1168 4630 1253 4677 est
1303 4622 1597 4693 discipulus
1635 4640 1798 4695 super
1848 4627 2170 4697 magistrum

585 4712 801 4783 (Matth.
829 4710 895 4785 x)
929 4731 943 4768 :
983 4731 1002 4766 ι
1045 4712 1316 4784 perfectus
1344 4725 1525 4772 autem
1558 4719 1737 4775 omnis
1761 4719 1897 4786 erit,
1926 4720 1972 4775 si
2003 4721 2075 4775 sit
2096 4722 2171 4776 si-

583 4813 675 4859 cut
698 4804 956 4874 magister
977 4804 1126 4876 ejus;
1153 4804 1308 4875 cujus
1327 4808 1608 4877 petitionis
1628 4811 1948 4880 mysterium
1972 4811 2017 4866 si
2039 4827 2170 4868 con-

583 4895 872 4961 sideretur,
904 4911 1013 4952 non
1051 4897 1377 4968 importuna,
1424 4901 1517 4954 sed
1541 4902 1852 4957 necessaria
1879 4904 2170 4974 postulatio

583 4989 913 5044 decernitur.
963 4990 1109 5045 Dixit
1133 5007 1263 5062 ergo
1294 4992 1439 5047 Elias
1463 4995 1527 5050 ad
1553 4995 1801 5050 Elisaeum
1833 5014 1847 5051 :
1887 5015 1906 5047 ι
1950 4996 2168 5054 Postula

583 5079 725 5147 quod
755 5079 836 5135 vis
865 5088 925 5134 ut
947 5079 1141 5136 faciam
1173 5083 1289 5148 tibi,
1324 5093 1615 5154 antequam
1647 5087 1808 5142 tollar
1828 5103 1858 5142 a
1886 5097 1958 5144 te.
2001 5089 2172 5144 Dixit-

583 5187 690 5240 que
725 5171 950 5228 Eliszeus
979 5191 992 5226 :
1025 5173 1263 5230 Obsecro
1291 5185 1348 5230 ut
1370 5177 1464 5231 ﬁat
1491 5179 1713 5248 spiritus
1744 5189 1868 5236 tuus
1896 5181 2093 5253 duplex
2114 5184 2168 5240 in

584 5279 690 5319 me.
721 5264 822 5331 Qui
851 5268 1129 5337 respondit
1157 5287 1168 5321 :
1197 5268 1330 5322 Rem
1355 5268 1625 5325 diﬂicilem
1653 5273 1939 5342 postulasti
1971 5292 1985 5328 :
2022 5275 2171 5331 Atta-

585 5371 708 5410 men
739 5357 783 5412 si
821 5358 1024 5414 videris
1049 5375 1135 5415 me
1173 5362 1388 5429 quando
1429 5363 1588 5416 tollar
1621 5379 1649 5417 a
1677 5374 1746 5430 te,
1772 5366 1880 5422 erit
1902 5368 2046 5437 quod
2074 5384 2170 5440 pc-

587 5448 729 5513 tisti;
777 5449 822 5503 si
847 5459 1026 5504 autem
1055 5467 1160 5505 non
1185 5453 1414 5520 videris,
1447 5470 1554 5509 non
1587 5458 1692 5511 erit
1723 5458 1828 5529 (IV
1852 5458 1979 5530 Reg.
2020 5461 2104 5533 ιι).
2145 5481 2165 5514 ι

585 5541 754 5608 Quem
781 5541 926 5596 enim
967 5542 1068 5597 hoc
1108 5543 1224 5598 loco
1251 5546 1519 5614 signiﬁcat
1545 5547 1709 5614 Elias,
1752 5551 1856 5605 nisi
1883 5560 2044 5621 caput
2069 5567 2168 5608 no-

586 5644 782 5698 strum,
824 5633 1110 5688 Dominum
1156 5637 1359 5692 scilicet
1396 5639 1840 5711 Redcniptorem;
1905 5652 1959 5698 et
2006 5660 2168 5714 quem

585 5727 815 5782 Elisaaus
842 5765 857 5792 ,
901 5727 1005 5781 nisi
1048 5742 1244 5798 corpus
1273 5729 1389 5798 ejus
1440 5733 1584 5801 quod
1620 5741 1705 5789 cst
1742 5735 2022 5791 Ecclesia?
2067 5737 2170 5794 Dat

587 5820 764 5880 locum
791 5821 1096 5891 postulandi
1125 5822 1270 5880 Elias
1299 5833 1505 5895 noster,
1537 5841 1659 5884 cum
1688 5829 1743 5884 in
1769 5829 2062 5901 Evangelio
2087 5831 2168 5888 di-

1253 363 1314 420 B.
1355 361 1607 423 RABANI
1640 357 1861 419 MAURI
1893 357 2214 418 ARCHIEP.

2257 357 2569 420 MOGUNT.
2610 357 2896 418 OPERUM
2933 358 3114 418 PARS
3152 360 3191 416 I.
3665 373 3766 435 llill

2215 484 2265 546 Α
2293 474 2413 530 cit:
2451 491 2470 527 ι
2524 473 2700 530 Petite
2737 482 2794 529 et
2843 475 3060 530 dabitur
3101 473 3253 531 vobis
3295 474 3493 548 (Matth.
3538 481 3637 553 vn).
3672 502 3689 537 ›
3722 489 3769 544 Et.

2291 565 2416 622 item
2447 583 2461 621 :
2498 585 2516 618 ι
2547 567 2739 633 Petite,
2763 567 2972 638 inquit,
3011 576 3067 622 et
3095 568 3380 637 accipietis,
3405 579 3459 622 ut
3479 573 3685 640 gaudium
3708 593 3770 636 ve.

2290 668 2466 715 strum
2485 661 2558 716 sit
2586 660 2807 730 plenum
2829 658 3010 733 (Joan.
3041 660 3174 733 xvr).
3223 680 3241 714 ›
3274 661 3382 718 Hac
3403 675 3519 734 ergo
3538 665 3692 722 ﬁducia
3711 685 3771 727 ac-

2290 758 2446 822 cepta
2475 767 2506 806 a
2543 750 2772 808 Domino
2814 751 3053 822 postulat
3084 751 3336 818 Elisteus,
3366 754 3463 808 hoc
3497 763 3586 821 est,
3609 761 3772 829 populus

2291 841 2634 898 Christianus
2653 850 2714 898 ut
2738 841 2834 898 ﬁat
2857 843 3080 914 spiritus
3112 841 3314 898 Christi
3349 844 3526 916 duplex
3546 847 3592 900 in
3609 849 3688 915 eis,
3705 853 3772 908 hoc

2291 941 2410 999 est,
2441 932 2636 1004 duplex
2672 933 2847 1006 gratia
2889 932 3128 1005 Spiritus
3167 935 3361 1000 sancti,
3403 935 3454 990 in
3488 938 3774 998 remissionem

2291 1025 2480 1096 utique
2513 1033 2889 1095 peccatorum,
2937 1034 2994 1080 et
3019 1024 3305 1082 collatione
3333 1026 3587 1082 virtutum.
3613 1029 3775 1087 Redem-

2290 1124 2416 1189 ptor
2448 1116 2612 1188 igitur
2647 1123 2864 1182 noster,
2897 1117 2990 1188 qui
3021 1131 3131 1172 non
3163 1117 3352 1172 habuit
3385 1128 3633 1190 peccatum
3655 1136 3776 1192 neque

2290 1220 2576 1282 peccatum
2613 1210 2764 1278 fecit,
2810 1226 2915 1267 nec
2951 1210 3106 1267 dolus
3145 1213 3394 1268 inventus
3416 1224 3493 1268 est
3515 1214 3563 1268 in
3592 1229 3668 1270 ore
3685 1217 3776 1285 ejus,

2294 1305 2614 1361 remissione
2663 1313 3013 1374 peccatorum
3064 1320 3170 1360 non
3217 1305 3402 1376 eguit,
3451 1307 3535 1377 qui
3572 1317 3778 1378 peccatum

2292 1397 2498 1453 nullum
2524 1397 2730 1464 habuit,
2759 1412 2924 1469 opera
2952 1405 3136 1454 autem
3159 1399 3418 1453 virtutum
3441 1399 3490 1454 in
3520 1397 3686 1469 Spiritu
3701 1417 3780 1456 sau-

2293 1499 2381 1548 cto
2419 1491 2570 1558 fecit,
2609 1492 2750 1547 sicut
2771 1492 2886 1562 ipse
2917 1491 2972 1545 in
2998 1490 3292 1563 Evangelio
3319 1491 3446 1546 dicit
3469 1490 3642 1547 Iudaeis
3665 1511 3676 1546 :
3703 1510 3716 1542 ι
3741 1493 3779 1549 Si

2292 1598 2393 1655 ego
2420 1583 2474 1638 iu
2503 1583 2671 1654 digito
2708 1583 2805 1638 Dei
2833 1582 2990 1652 ejicio
3014 1583 3282 1639 daamonia
3301 1623 3316 1648 ,
3356 1582 3579 1652 profecto
3603 1587 3778 1654 pervenit

2293 1673 2348 1729 in
2395 1688 2492 1729 vos
2537 1688 2764 1744 regnum
2816 1673 2910 1728 Dei
2955 1671 3108 1745 (Luc.
3148 1673 3250 1746 xi).
3297 1693 3316 1726 ι
3349 1674 3681 1744 lnseparabilia
3699 1685 3781 1730 sunt

2294 1765 2459 1837 igitur
2481 1781 2645 1836 opera
2679 1776 2880 1822 sancta:
2911 1766 3217 1834 Trinitatis,
3259 1767 3314 1822 id
3337 1777 3438 1834 est,
3469 1767 3622 1824 Patris
3639 1779 3682 1824 et
3701 1768 3780 1825 Filii

2218 1857 2264 1918 B
2291 1869 2349 1914 et
2395 1859 2631 1929 Spiritus
2681 1860 2892 1926 sancti,
2948 1858 3191 1916 Veritate
3238 1869 3540 1927 attestante,
3571 1877 3667 1931 qua:
3700 1860 3781 1915 ait:

2297 1970 2317 2004 ι
2351 1950 2490 2020 Quia
2524 1968 2645 2024 qua:
2670 1952 2834 2009 Pater
2863 1951 3021 2020 facit,
3052 1954 3167 2009 haec
3197 1956 3393 2008 eadem
3414 1961 3467 2008 et
3492 1953 3636 2009 Filius
3656 1952 3784 2009 simili-

2291 2051 2376 2098 ter
2403 2043 2533 2099 facit
2557 2044 2741 2116 (Joan.
2771 2045 2845 2114 v).
2891 2064 2910 2097 ι
2953 2045 3022 2100 Et
3055 2045 3348 2116 Apostolus
3381 2063 3394 2100 :
3439 2063 3457 2097 ι
3502 2045 3629 2111 Haec,
3650 2045 3782 2114 inquit,

2288 2138 2472 2192 omnia
2513 2147 2770 2208 operatur
2794 2154 2936 2194 unus
2969 2146 3133 2209 atque
3173 2139 3323 2195 idem
3356 2138 3589 2210 Spiritus,
3612 2138 3785 2195 dividens
3860 2207 3864 2216 ‘

2289 2231 2516 2303 singulis
2534 2239 2696 2301 prout
2721 2231 2838 2285 vult
2867 2231 2918 2302 (1
2941 2229 3066 2285 Cor.
3100 2231 3199 2303 ix).
3242 2251 3262 2286 ι
3293 2232 3438 2286 Bene
3457 2231 3645 2301 quidem
3664 2241 3788 2300 postu-

2287 2323 2364 2378 lat
2389 2325 2631 2380 Ecclesia
2651 2366 2666 2390 ,
2703 2334 2760 2380 ut
2787 2326 3038 2396 spiritum
3077 2326 3354 2397 duplicem
3388 2325 3599 2397 amipiat
3631 2325 3784 2390 Christi,

2287 2419 2413 2488 quia
2471 2427 2525 2472 et
2572 2419 2896 2474 remissione
2939 2427 3293 2488 peccatorum
3337 2418 3557 2490 indiget,
3594 2433 3677 2488 qua
3716 2431 3786 2470 non

2286 2512 2435 2583 eguit
2459 2510 2728 2577 Christus,
2760 2519 2816 2566 et
2841 2525 3065 2566 munere
3095 2511 3378 2578 virtutum,
3403 2527 3532 2583 quas
3553 2524 3611 2565 ex
3630 2509 3786 2582 plenitu-

2285 2603 2412 2660 dine
2441 2618 2538 2658 sua
2570 2617 2669 2672 per
2697 2601 2959 2671 Spiritum
2982 2610 3231 2657 sanctum
3271 2602 3457 2658 tribuit
3475 2599 3785 2669 Christus,qui

2285 2695 2587 2750 ascendens
2623 2695 2678 2750 in
2707 2695 2874 2750 altum
2908 2714 2927 2746 ‹
2976 2695 3254 2765 captivam
3293 2696 3446 2751 duxit
3485 2695 3784 2766 captivitatem,

2283 2787 2433 2843 dedit
2482 2788 2621 2848 dona
2657 2787 2968 2844 hominibus
3007 2786 3224 2860 (Ephes.
3263 2787 3383 2860 tv),
3435 2808 3453 2840 ι
3483 2787 3579 2842 illis
3609 2785 3784 2840 videlicet

2284 2881 2616 2947 hominibus,
2644 2881 2737 2951 qui
2766 2896 2919 2952 spem
2949 2897 3104 2937 suam
3132 2881 3367 2938 ﬁrmiter
3393 2882 3446 2937 in
3468 2881 3601 2936 illum
3627 2885 3784 2949 ponunt.

2282 2973 2422 3028 Hinc
2452 2982 2537 3028 est
2562 2973 2705 3044 quod
2747 2973 2892 3029 Elias
2921 2973 3054 3028 dicit
3081 2973 3150 3027 ad
3179 2973 3433 3028 Elisaaum
3467 2991 3480 3026 :
3517 2990 3534 3022 ι
3579 2971 3626 3026 Si
3651 2968 3786 3023 videris

2280 3080 2370 3122 me
2403 3066 2620 3136 quando
2657 3065 2817 3120 tollar
2851 3080 2883 3119 a
2931 3074 3004 3131 te,
3048 3065 3154 3121 erit
3198 3066 3345 3135 quod
3372 3064 3545 3136 petisti
3569 3080 3581 3116 :
3604 3062 3786 3116 siautem

2284 3174 2394 3214 non
2437 3158 2660 3225 videris,
2691 3173 2799 3214 non
2824 3158 2931 3214 erit
2954 3157 3060 3231 (IV
3101 3156 3227 3229 Reg.
3260 3156 3373 3230 u);
3405 3177 3423 3209 ι
3448 3157 3564 3226 quia
3593 3155 3676 3210 nisi
3708 3152 3786 3221 quis

2208 3223 2254 3288 Ο
2286 3257 2451 3307 recta:
2477 3251 2602 3305 ﬁdei
2635 3223 2824 3306 oculos
2852 3250 2908 3305 in
2931 3223 3078 3304 illum
3102 3223 3276 3319 ponat
3295 3223 3327 3314 ,'
3351 3223 3407 3305 et
3438 3223 3606 3304 credat
3628 3245 3788 3302 ﬁdeliter

2282 3342 2625 3414 passionem,
2657 3343 3135 3408 resurrectionem,
3169 3350 3226 3397 et
3267 3341 3617 3398 ascensionem
3636 3336 3723 3406 ejus
3743 3333 3786 3387 ad

2281 3435 2534 3504 Patrem,
2568 3436 2848 3507 petitionis
2882 3451 2994 3491 suae
3032 3434 3272 3491 fructum
3301 3450 3407 3490 non
3435 3432 3609 3503 capiet.
3648 3445 3664 3479 ι
3694 3424 3786 3480 lior-

2283 3541 2410 3588 tuus
2457 3541 2541 3587 est
2587 3545 2715 3603 ergo
2765 3531 3013 3597 Elisaeus,
3073 3539 3132 3586 et
3183 3529 3514 3600 sepelierunt
3569 3538 3694 3585 eum;
3737 3518 3786 3571 la-

2283 3625 2521 3682 trunculi
2554 3641 2769 3697 quoque
2812 3625 2879 3681 de
2916 3625 3074 3680 Moab
3113 3630 3388 3679 venerunt
3429 3623 3482 3677 in
3521 3628 3688 3675 terram
3711 3615 3784 3683 ipso

2282 3732 2426 3773 anno
2461 3735 2474 3772 :
2506 3717 2725 3788 quidam
2764 3725 2946 3771 autem
2975 3714 3302 3786 sepelientes
3333 3713 3589 3770 hominem
3611 3707 3786 3763 videntes

2280 3809 2616 3865 latrunculos
2636 3849 2652 3874 ,
2681 3807 3030 3879 projecerunt
3059 3806 3297 3862 cadaver
3321 3807 3376 3862 in
3402 3804 3624 3875 sepulcro
3647 3795 3782 3859 Elisri.

2281 3900 2426 3972 quod
2471 3899 2793 3965 ambulavit,
2840 3907 2896 3953 ct
2945 3897 3122 3969 tetigit
3165 3913 3294 3954 ossa
3339 3897 3543 3961 Elisaai,
3579 3885 3784 3947 etrevixil

2279 3991 2464 4058 homo,
2508 3997 2563 4045 et
2604 3990 2752 4046 stetit
2781 4002 2943 4060 super
2991 3989 3157 4060 pedes
3200 4003 3332 4045 suos
3362 3987 3463 4058 (IV
3489 3986 3602 4056 Reg.
3636 3979 3780 4050 xm).t

2280 4084 2422 4152 Quid
2471 4084 2740 4156 signiﬁcat
2787 4085 2903 4140 haec
2950 4083 3300 4140 resuscitatio
3351 4080 3608 4138 cadaveris
3642 4069 3782 4131 mortui

2278 4189 2378 4246 per
2418 4184 2729 4231 contactum
2765 4176 2966 4231 ossium
3008 4161 3222 4240 Elisaai,
3269 4176 3376 4231 nisi
3403 4175 3554 4230 vitam
3595 4166 3780 4226 ﬁdelium,

2280 4286 2401 4340 qua:
2433 4271 2489 4324 in
2517 4281 2693 4325 morte
2731 4269 2934 4326 Christi
2965 4270 3237 4326 veraciter
3283 4278 3514 4327 constat.
3545 4266 3780 4334 Quicunque

2278 4374 2410 4432 ergo
2434 4361 2590 4416 ﬁrma
2619 4360 2722 4416 ﬁde
2752 4362 2925 4432 tangit
2945 4371 3178 4418 mortem
3201 4363 3427 4429 Christi,
3455 4371 3506 4417 ct
3531 4373 3654 4432 spem
3674 4367 3778 4410 suam

2278 4455 2550 4510 veraciter
2591 4454 2647 4508 in
2679 4454 2797 4523 ipso
2823 4453 3087 4520 collocat,
3127 4454 3245 4510 sine
3275 4455 3438 4512 dubio
3471 4452 3694 4525 particeps
3711 4444 3779 4500 erit

2281 4545 2698 4602 resurrectionis
2720 4545 2857 4614 ejus.
2892 4544 3037 4600 Dicit
3057 4545 3203 4600 enim
3234 4545 3350 4617 ipsa
3378 4546 3578 4602 Veritas
3605 4561 3617 4596 :
3651 4558 3664 4590 ί
3703 4536 3778 4603 Εὲο

2279 4651 2399 4692 sum
2431 4637 2758 4691 resurrectio
2790 4646 2847 4692 et
2868 4637 2980 4691 vita
3012 4655 3025 4690 :
3059 4637 3152 4707 qui
3180 4639 3354 4693 credit
3387 4639 3439 4692 in
3465 4652 3564 4702 me,
3593 4647 3676 4689 non
3703 4640 3778 4681 n10-

2278 4730 2451 4785 rietur
2495 4729 2552 4784 in
2593 4738 2862 4785 aeternum
2905 4730 3087 4804 (Ioan.
3122 4733 3223 4803 ιιι).
3279 4752 3299 4785 ι
3336 4733 3404 4788 Et
3437 4731 3554 4787 alibi
3581 4745 3636 4783 τι
3673 4723 3777 4779 Sit-Ill

2276 4823 2505 4895 Moyses,
2554 4823 2762 4894 inquit,
2801 4824 3064 4880 exaltavit
3095 4836 3404 4898 serpentem
3436 4827 3488 4882 in
3513 4825 3706 4881 deserto,
3727 4814 3774 4868 ξω

2275 4916 2505 4972 exaltari
2531 4926 2748 4987 oportet
2770 4917 2966 4972 Filium
2996 4919 3262 4986 hominis,
3295 4928 3354 4975 ut
3377 4919 3543 4978 omnis
3565 4915 3639 4986 qui
3657 4907 3776 4966 credit

2275 5008 2331 5063 in
2374 5009 2568 5077 ipsum,
2607 5023 2716 5064 non
2761 5017 2970 5080 pereat,
3019 5011 3113 5065 sed
3157 5011 3356 5067 haheat
3389 5012 3547 5067 vitam
3585 5011 3774 5062 aeternam

2277 5100 2460 5171 (Joan.
2503 5100 2614 5172 ιιι).
2664 5122 2682 5155 ι

2870 5173 3096 5230 CAPUT
3135 5174 3274 5230 XIX.

2881 5267 2960 5321 De
3002 5268 3254 5323 Ezechia.

2357 5377 2374 5412 ι
2402 5358 2667 5414 Ezechias
2698 5359 2928 5414 munivit
2957 5359 3234 5415 civitatem
3266 5375 3412 5415 suam
3433 5398 3447 5422 ,
3474 5366 3525 5411 et
3547 5347 3715 5410 induxit
3732 5345 3767 5398 in

2287 5470 2306 5503 ι
2340 5453 2578 5508 medium
2628 5451 2798 5521 ipsius
2841 5467 3070 5521 aquam,
3108 5459 3164 5506 et
3199 5451 3333 5507 fodit
3364 5450 3501 5505 ferro
3531 5456 3706 5516 rupem.
3731 5441 3769 5487 ει

2285 5563 2308 5596 ι
2335 5545 2624 5600 aediﬁcavit
2673 5544 2740 5598 ad
2789 5559 2984 5614 aquam
3036 5553 3278 5614 puteum.
3329 5544 3386 5599 In
3439 5542 3605 5598 diebus
3648 5531 3766 5604 ipsius

2282 5663 2302 5696 ε
2334 5643 2579 5698 ascendit
2627 5641 3028 5706 Sennacherib,
3073 5651 3130 5697 et
3171 5643 3318 5698 misit
3342 5640 3596 5694 Rabsacen
3617 5639 3662 5686 et
3682 5639 3764 5681 sus-

2281 5755 2300 5789 ι
2336 5736 2457 5791 tulit
2503 5751 2721 5790 manum
2761 5750 2914 5791 suam
2939 5742 3130 5790 contra
3156 5734 3276 5789 illos
3297 5775 3311 5800 ,
3334 5741 3387 5787 et
3408 5727 3580 5786 extulit
3600 5728 3764 5777 multum

2281 5848 2300 5883 ι
2332 5845 2489 5890 suam
2514 5829 2570 5884 in
2596 5826 2728 5886 Sion
2756 5845 2768 5883 :
2793 5835 2849 5884 et
2872 5829 3136 5899 superbus
3163 5827 3336 5883 factus
3354 5831 3434 5881 est
3455 5813 3656 5894 potentia
3673 5820 3760 5864 δαί·
