4028 6458
233 378 374 442 1105

1089 368 1442 435 COMMENT.
1482 370 1552 431 IN
1590 364 2202 432 ECCLESIASTICUM.
2241 396 2311 408 —
2347 365 2478 424 LIB.
2526 362 2598 424 Χ.

3355 363 3500 425 1106

237 519 257 552 ι
289 497 442 555 Tunc
477 502 624 552 mota
661 503 787 552 sunt
818 496 982 554 corda
1012 503 1070 552 et
1094 510 1290 552 manus
1317 494 1560 566 ipsorum
1581 533 1596 560 ,
1627 500 1682 548 et
1713 493 1809 548 do-
1833 493 1889 555 Α
1911 489 2113 545 raverit
2131 495 2187 544 et
2209 487 2486 544 civitatem
2514 483 2680 556 simul.
2697 483 2908 555 plebem
2935 481 3222 540 exstinctis
3249 481 3500 544 hostibus

237 607 256 643 ι
293 591 509 644 luerunt
555 587 712 656 quasi
745 587 1110 656 parturientes
1145 586 1401 642 mulieres
1431 593 1489 642 et
1525 584 1810 640 invocave-

235 699 255 734 ι
292 690 422 736 runt
450 681 734 736 Dominum
763 681 1188 738 misericordem.
1215 681 1284 736 Et
1306 679 1674 752 expandentes
1699 695 1815 734 ma-

235 790 256 824 ι
290 787 392 828 nus
411 771 720 829 extulerunt
741 772 797 827 in
821 773 1016 828 caelum
1034 813 1049 840 ,
1073 782 1129 830 et
1151 782 1369 828 sanctus
1389 771 1649 827 Dominus
1670 771 1814 827 Deus

237 883 257 918 ι
289 864 498 919 audivit
525 863 634 920 cito
659 878 849 920 vocem
875 864 1114 934 ipsorum
1133 904 1149 931 ,
1174 879 1280 919 non
1307 871 1390 918 est
1413 876 1810 933 commemora-

237 973 258 1008 α
294 964 381 1012 tus
407 964 754 1028 peccatorum
779 956 996 1013 illorum
1016 999 1030 1024 ,
1063 972 1240 1027 neque
1265 957 1412 1012 dedit
1437 957 1555 1012 illos
1578 957 1815 1013 inimicis

238 1066 258 1101 σ
291 1049 432 1116 suis,
471 1049 565 1106 sed
590 1050 840 1122 purgavit
866 1049 985 1106 illos
1014 1050 1069 1104 in
1107 1065 1267 1104 manu
1301 1049 1452 1106 Isaiae
1481 1049 1657 1106 sancti
1681 1064 1811 1121 pro-

238 1158 258 1194 c
288 1142 484 1212 pheta}.
514 1139 724 1210 Dejecit
748 1150 931 1198 castra
953 1141 1302 1215 Assyriorum
1330 1151 1386 1198 et
1412 1141 1670 1198 contrivit
1693 1140 1814 1197 illos

228 1253 258 1286 -ι
290 1233 512 1306 angelus
544 1234 780 1290 Domini.
816 1256 835 1290 ι
868 1235 1106 1292 Historia
1138 1235 1386 1292 Ezechias
1422 1233 1479 1290 in
1516 1233 1670 1290 libris
1700 1234 1812 1290 Re-

231 1340 360 1396 gum
401 1334 455 1381 et.
501 1326 947 1398 Paralipomenon
993 1328 1224 1399 pleniter
1259 1342 1518 1399 expressa
1566 1333 1680 1392 est,
1721 1324 1814 1381 ubi

230 1424 491 1470 narratur
524 1418 667 1487 quod
705 1418 1056 1475 atdiﬁcaverit
1092 1434 1257 1491 agens
1293 1418 1561 1475 industrie
1595 1432 1812 1474 omnem

233 1524 448 1564 murum
467 1551 482 1577 ,
513 1510 605 1580 qui
635 1510 810 1566 fuerat
838 1512 1159 1582 dissipatus,
1192 1520 1248 1568 et
1271 1510 1605 1568 exstruxerit
1634 1517 1812 1565 turres

230 1600 486 1672 desuper,
502 1611 555 1657 et
575 1601 875 1660 forinsecus
896 1605 1127 1660 alterum
1147 1619 1382 1668 murum,
1403 1602 1814 1658 instauraverit-

231 1705 338 1762 que
364 1692 523 1748 Mello
550 1694 605 1748 in
631 1694 858 1750 civitate
883 1694 1056 1751 David
1083 1703 1139 1751 et
1166 1694 1360 1752 fecerit
1384 1695 1623 1750 universi
1651 1710 1814 1767 gene-

229 1786 310 1842 ris
336 1796 672 1844 armaturam
701 1797 757 1846 et
781 1789 1031 1862 clypeos,
1060 1792 1511 1862 constitueritque
1541 1791 1813 1862 principes

1915 581 2048 647 suis,
2076 581 2372 638 ostendunt
2392 580 2573 636 Verba
2594 577 2838 644 Dierum,
2859 577 2950 632 ubi
2978 577 3052 632 ita
3073 575 3291 648 legitur.
3318 597 3337 629 ι
3359 577 3501 636 Ora-

1914 683 2110 730 verunt
2134 673 2298 746 igitur
2323 672 2588 728 Ezechias
2617 687 2715 728 rex
2740 678 2796 726 et
2818 670 2988 725 Isaias
3017 669 3160 725 ﬁlius
3183 668 3352 726 Amos
3377 667 3508 740 pro;

1914 771 2106 840 phetes
2148 767 2432 823 adversum
2470 767 2610 822 hanc
2642 763 3067 836 blasphemiam,
3106 751 3171 819 ac
3214 761 3502 820 vociferati

1914 869 2043 917 sunt
2076 874 2249 931 usque
2281 859 2337 915 in
2375 859 2592 914 caelum.
2631 858 2699 912 Et
2734 858 2885 913 misit
2917 856 3178 912 Dominus
3213 857 3501 928 angelum,

1915 953 2007 1024 qui
2037 952 2308 1024 percussit
2334 966 2552 1008 omnem
2578 949 2757 1006 virum
2785 949 3066 1006 robustum
3101 957 3157 1006 et
3181 949 3502 1006 bellatorem

1914 1055 1970 1102 et
1990 1045 2287 1117 principem
2305 1043 2575 1101 exercitus
2589 1042 2734 1116 regis
2747 1041 3116 1114 Assyriorum,
3140 1056 3502 1112 reversusque

1913 1145 1998 1194 est
2017 1153 2141 1192 cum
2167 1137 2461 1210 ignominia
2482 1138 2536 1192 in
2561 1145 2766 1194 terram
2782 1149 2934 1190 suam
2950 1134 3034 1208 (II
3056 1134 3244 1190 Paral.
3267 1134 3460 1208 xxx").
3477 1154 3498 1186 ι

1914 1229 2178 1301 Egressus
2201 1239 2284 1284 est
2309 1237 2490 1284 autem
2518 1247 2538 1280 ‹
2559 1227 2784 1300 angelus
2808 1226 3058 1292 Domini,
3083 1232 3137 1281 et
3157 1227 3426 1296 percussit
3448 1226 3502 1281 in

1915 1322 2111 1378 castris
2135 1321 2484 1393 Assyriorum
2507 1328 2726 1376 centum
2747 1328 2803 1374 et
2822 1317 3095 1390 octoginta
3117 1317 3358 1388 quinque
3379 1317 3504 1373 mil-

1914 1413 1984 1470 lia
2005 1455 2019 1479 ,
2045 1434 2064 1464 ι
2090 1422 2146 1468 et
2168 1420 2524 1468 surrexerunt
2555 1427 2743 1478 mane,
2773 1418 2828 1466 et
2863 1424 2990 1466 ecce
3027 1409 3209 1464 omnia
3234 1409 3502 1465 cadavera

1916 1515 2286 1571 mortuorum,
2317 1514 2372 1561 et
2400 1519 2653 1577 egressus
2683 1512 2794 1567 est,
2828 1512 2885 1558 et
2917 1502 3090 1557 abiit:
3121 1522 3138 1554 ‹
3169 1510 3224 1558 et
3251 1517 3502 1558 reversus

1915 1610 2000 1656 est
2029 1599 2402 1656 Sennacherib
2427 1614 2522 1654 rex
2547 1597 2894 1670 Assyriorum
2912 1639 2926 1663 ,
2957 1606 3013 1652 et
3036 1596 3302 1652 habitavit
3329 1596 3382 1650 in
3410 1595 3503 1650 Ni-

1914 1692 2057 1747 nive.
2089 1709 2107 1742 ›
2136 1691 2204 1745 Et
2235 1688 2437 1745 factum
2467 1700 2553 1745 est
2580 1708 2598 1740 ‹
2628 1704 2752 1744 cum
2783 1689 3034 1744 adoraret
3069 1688 3123 1741 in
3164 1687 3362 1757 templo
3395 1685 3502 1742 Ne-

1917 1785 2077 1842 sroch
2108 1785 2267 1840 deum
2299 1799 2488 1850 suum,
2517 1782 2874 1839 Adramelech
2904 1791 2960 1838 et
2985 1782 3216 1838 Sarasar
3251 1782 3346 1836 ﬁlii
3384 1781 3504 1849 ejus

228 1878 573 1937 bellatorum.
607 1881 711 1939 Ubi
740 1883 906 1939 etiam
937 1900 1045 1940 non
1070 1884 1285 1941 silentio
1312 1885 1640 1956 praeteritur,
1668 1884 1814 1954 quod
1839 1869 1888 1930 Β
1915 1884 2301 1949 percusserunt
2347 1890 2472 1930 eum
2515 1873 2694 1946 gladio
2713 1915 2727 1939 ,
2784 1873 3147 1943 fugertlnlque
3198 1873 3250 1926 in
3300 1880 3505 1926 terram

228 1960 504 2027 induxerit
529 1989 723 2044 aquam
749 1975 803 2030 in
825 1977 1101 2031 civitatem
1121 2018 1135 2043 ,
1161 1977 1618 2047 obduraveritque
1639 1975 1814 2032 fontes

229 2069 286 2116 et
325 2062 500 2118 rivum
531 2065 623 2135 qui
652 2065 850 2122 ﬂuebat
878 2068 930 2122 in
961 2069 1140 2125 medio
1172 2077 1360 2134 terrae,
1393 2069 1496 2123 hoc
1525 2079 1638 2135 est,
1670 2067 1814 2138 quod

227 2155 319 2210 hic
353 2155 588 2212 dicitur:
620 2179 639 2212 α
669 2159 828 2218 Fodit
861 2161 1008 2220 ferro
1043 2180 1232 2234 rupem
1253 2207 1268 2228 ,
1309 2172 1362 2221 et
1409 2164 1699 2221 aediﬁcavit
1743 2167 1814 2222 ad

227 2260 397 2314 aquas
422 2257 642 2316 puteum
671 2269 683 2306 :
715 2272 732 2302 ι
758 2255 986 2325 mystice
1009 2263 1188 2310 autem
1215 2256 1406 2312 urbem
1432 2265 1677 2313 sanctam
1702 2299 1716 2324 ,
1747 2259 1814 2315 de

224 2352 334 2408 qua
379 2340 640 2411 scriptum
689 2353 773 2400 est
799 2363 812 2400 :
843 2365 861 2398 ι
888 2346 1030 2404 Urbs
1073 2347 1406 2406 fortitudinis
1449 2359 1648 2407 nostra:
1693 2351 1812 2408 Sal-

225 2436 405 2494 vator,
443 2445 564 2500 quze
596 2433 649 2487 in
685 2443 871 2491 monte
923 2437 1028 2493 sita
1068 2437 1239 2494 latere
1283 2455 1392 2496 non
1426 2451 1610 2511 potest
1648 2442 1808 2514 (Isa.

225 2535 352 2576 xxvi
376 2521 394 2592 )
419 2542 462 2576 ι.
490 2523 566 2579 De
593 2540 700 2595 quo
731 2535 785 2583 et
818 2529 873 2583 in
904 2529 1008 2585 alio
1039 2530 1157 2587 loco
1183 2532 1444 2603 scriptum
1471 2541 1556 2589 est
1580 2552 1594 2588 :
1627 2550 1649 2587 ι
1677 2533 1808 2588 Flu-

223 2611 388 2667 minis
411 2615 642 2684 impetus
666 2616 906 2674 lmtiﬁcat
930 2620 1206 2676 civitatem
1235 2621 1333 2676 Dei
1360 2621 1379 2695 (
1404 2621 1552 2678 Psal.
1581 2639 1684 2679 ην
1706 2623 1748 2695 ).
1784 2643 1804 2677 ι

224 2703 292 2758 Et
320 2721 535 2763 rursum
564 2726 578 2763 :
610 2728 627 2761 ι
657 2709 904 2770 Gloriosa
939 2714 1084 2769 dicta
1125 2723 1253 2771 sunt
1283 2716 1348 2772 de
1375 2725 1462 2781 te,
1491 2717 1684 2773 civitas
1713 2717 1810 2774 Dei

226 2791 248 2864 (
273 2793 424 2850 Psal.
454 2801 712 2871 LXXXVI).
739 2821 758 2855 ι
786 2803 878 2858 Ille
900 2806 1084 2861 condit
1105 2813 1162 2860 et
1184 2807 1376 2861 munit.
1402 2805 1479 2863 De
1505 2822 1612 2877 quo
1637 2808 1811 2879 loqui-

223 2891 315 2939 tur
338 2885 517 2954 Pater,
549 2910 568 2941 ‹
596 2892 703 2947 Iste
725 2895 1010 2951 aediﬁcavit
1035 2897 1309 2952 civitatem
1336 2913 1511 2953 meam
1531 2939 1546 2965 ,
1571 2918 1590 2953 ι
1617 2908 1672 2956 et
1696 2902 1810 2970 ipse

221 2989 438 3034 omnem
469 2996 684 3037 murum
715 2999 861 3040 sanae
895 2986 1022 3042 ﬁdei
1066 3002 1131 3043 ac
1169 3002 1314 3044 verae
1359 2988 1672 3060 religionis,
1716 2992 1808 3060 qui

222 3065 400 3124 fuerat
439 3072 645 3128 malitia
680 3091 1014 3148 paganorum
1049 3079 1164 3134 sive
1199 3080 1581 3136 haereticorum
1617 3083 1674 3137 in
1712 3083 1810 3137 ali-

221 3160 417 3231 quibus
446 3165 769 3236 dissipatus,
803 3179 1073 3227 restaurat
1095 3181 1150 3227 et
1170 3176 1404 3230 exstruit
1427 3183 1603 3232 turres
1633 3177 1810 3232 virtu-

223 3258 338 3305 tum
360 3292 374 3317 ,
413 3255 564 3322 ponit
603 3264 657 3311 et
691 3257 995 3317 forinsecus
1025 3262 1255 3318 alterum
1297 3280 1548 3334 murum,
1585 3269 1688 3324 hoc
1723 3275 1809 3324 est

220 3346 592 3414 antemurale,
634 3350 778 3418 quod
810 3351 868 3407 in
903 3353 1262 3418 aediﬁcatione
1298 3365 1601 3413 castrorum
1636 3359 1808 3415 solent

219 3434 481 3494 luriculas
527 3441 832 3512 appellare,
877 3460 1002 3501 cum
1044 3448 1310 3503 bonorum
1354 3464 1581 3520 operum
1623 3459 1809 3508 tenere

219 3526 380 3582 docet
411 3527 749 3599 efﬁcaciam;
789 3550 897 3590 non
933 3537 1079 3591 enim
1116 3537 1312 3594 suﬂicit
1349 3554 1567 3594 murum
1604 3540 1808 3598 habere

218 3617 375 3686 ﬁdei,
403 3621 508 3676 nisi
539 3623 655 3692 ipsa
683 3624 817 3681 ﬁdes
845 3625 1003 3683 bonis
1024 3629 1281 3699 operibus
1307 3631 1677 3688 conﬁrmetur.
1706 3632 1808 3689 Hic

215 3723 407 3765 murus
436 3721 492 3766 et
518 3713 622 3769 hoc
651 3718 986 3774 antemurale
1013 3721 1081 3776 de
1109 3721 1248 3777 vivis
1273 3721 1541 3793 lapidibus
1568 3726 1806 3781 exstrui-

215 3808 328 3869 tur,
366 3805 459 3873 qui
486 3803 644 3874 juxta
681 3807 1007 3879 Prophetam
1040 3813 1336 3870 volvuntur
1372 3831 1538 3887 super
1576 3825 1800 3872 terram.

217 3891 368 3948 Idem
403 3909 501 3950 rex
535 3896 668 3954 fecit
697 3901 939 3958 universi
975 3907 1192 3976 generis
1226 3916 1563 3965 armaturam
1595 3918 1652 3966 et
1691 3909 1805 3983 cly-

217 4000 385 4056 peos,
413 4003 539 4043 cum
577 4000 888 4049 sanctarum
925 3994 1332 4068 Scripturarum
1371 4001 1585 4057 diversa
1620 4003 1806 4059 condit

216 4080 558 4148 testimonia,
590 4092 648 4140 et
674 4086 977 4144 doctrinam
1004 4091 1372 4164 evangelicam
1403 4094 1471 4148 ad
1499 4095 1804 4151 munimen-

214 4178 329 4226 tum
373 4172 630 4231 Ecclesia:
674 4192 787 4232 suae
831 4182 1136 4251 componit,
1183 4184 1507 4255 ordinatque
1554 4186 1802 4242 doctores

213 4263 309 4332 qui
335 4264 608 4335 principes
632 4269 960 4339 spiritalium
983 4272 1306 4329 bellatorum
1335 4275 1473 4341 sint,
1503 4283 1557 4330 et
1583 4277 1802 4332 univer-

213 4369 332 4410 sam
357 4357 604 4414 militiam
628 4371 776 4416 recte
797 4377 860 4417 ac
881 4363 1276 4419 rationabiliter
1295 4373 1488 4436 agant,
1510 4376 1802 4435 castraque

213 4445 472 4505 Ecclesiae
507 4460 697 4507 contra
731 4454 916 4510 hostes
950 4456 1234 4512 universos
1267 4466 1570 4528 oppertune
1607 4457 1799 4514 defen-

214 4534 366 4608 dant.
421 4537 577 4606 Quod
629 4541 893 4599 Ezechias
939 4544 1324 4602 infestantibus
1371 4547 1510 4603 bello
1558 4548 1797 4619 Assyriis

211 4635 416 4682 terram
445 4625 755 4685 Iudaeorum
779 4640 836 4686 et
862 4641 1051 4688 contra
1074 4633 1410 4692 Hierusalem
1435 4637 1798 4708 pugnantibus

202 4715 370 4788 jussit
397 4718 576 4776 fontes
603 4722 861 4780 obturare
887 4740 952 4780 ac
980 4727 1156 4781 rivum
1185 4727 1276 4796 qui
1303 4726 1506 4783 ﬂuebat
1532 4728 1587 4783 in
1617 4728 1796 4784 medio

207 4816 390 4878 terrae,
409 4826 478 4868 ne
490 4813 770 4870 venientes
787 4829 942 4887 reges
953 4815 1091 4888 Assy
1098 4818 1300 4872 riorum
1317 4818 1620 4873 invenirent
1634 4833 1798 4888 aqua-

210 4917 335 4956 rum
381 4903 766 4960 abundantiam
787 4947 802 4972 ,
854 4906 1122 4978 signiﬁcat
1157 4908 1300 4978 quod
1335 4916 1522 4964 contra
1557 4923 1796 4980 paganos

212 5000 378 5062 atque
406 4993 691 5052 haereticos
718 5005 1080 5068 repugnantes
1111 5013 1176 5053 ac
1203 4998 1640 5069 blasphemantes
1665 4999 1792 5054 dili-

207 5085 391 5156 gentia
433 5096 594 5158 atque
637 5088 846 5144 cautela
893 5090 1198 5146 adhibenda
1235 5099 1351 5157 cst,
1391 5100 1446 5148 et
1486 5092 1791 5149 divinorum

207 5187 673 5236 sacramentorum
719 5197 902 5237 coram
948 5183 1026 5239 eis
1073 5191 1199 5239 sunt
1241 5185 1467 5240 velanda
1510 5185 1789 5258 mysteria.

205 5267 318 5324 Nec
365 5268 704 5340 impudenter
750 5274 971 5330 verbum
1019 5276 1115 5330 Dei
1164 5275 1494 5346 blasphemis
1540 5277 1793 5349 ingeren-

203 5361 336 5417 dum
355 5402 371 5431 ,
399 5365 492 5433 qui
521 5366 769 5422 nesciunt
798 5367 1098 5424 doctrinam
1135 5378 1378 5426 sanctam
1411 5370 1516 5441 piis
1547 5369 1791 5427 moribus

205 5454 498 5524 honorare,
531 5458 627 5514 sed
651 5459 825 5529 magis
862 5461 1079 5516 student
1102 5476 1196 5516 ore
1227 5470 1493 5517 venenato
1521 5461 1785 5519 lacerare.

207 5549 360 5616 Quod
409 5560 590 5607 autem
638 5552 836 5608 dicitur
885 5551 1256 5610 Sennacherib
1303 5569 1398 5608 rex
1443 5553 1791 5627 Assyriorum

206 5643 423 5699 misisse
455 5663 674 5702 manum
710 5647 943 5704 validam
978 5647 1045 5702 ad
1080 5646 1419 5702 Hierusalem
1456 5662 1555 5718 per
1580 5647 1785 5718 Rapsa-

204 5748 306 5789 ceu
332 5733 706 5806 blasphemqu
725 5780 740 5807 ,
765 5748 827 5794 ut
853 5745 1124 5796 everteret
1148 5753 1272 5794 eam
1288 5778 1303 5804 ,
1333 5747 1631 5808 orauteque
1657 5739 1790 5796 Eze-

206 5825 328 5886 chia
354 5835 518 5901 atque
545 5829 684 5892 Isaia
713 5848 836 5893 cum
863 5841 1060 5894 caetero
1087 5831 1315 5907 populo,
1357 5831 1620 5894 Dominus
1656 5833 1791 5892 libe-

1916 1970 2153 2025 Ararath
2179 1988 2191 2024 :
2222 1979 2278 2024 et
2301 1969 2551 2040 regnavit
2572 1967 2891 2024 Asaraddou
2920 1968 3065 2022 ﬁlius
3090 1965 3206 2034 ejus
3230 1982 3333 2036 pro
3359 1981 3445 2021 eo.
3477 1984 3500 2018 ι

1916 2060 2144 2117 Centum
2184 2061 2463 2132 octoginta
2500 2058 2739 2130 quinque
2769 2058 2937 2113 millia
2967 2057 3389 2113 fortissimorum
3417 2056 3503 2111 vi-

1914 2168 2100 2208 rorum
2126 2153 2194 2208 ab
2219 2168 2329 2208 uno
2355 2151 2545 2222 angelo
2569 2166 2676 2207 una
2698 2158 2858 2206 nocte
2883 2151 3188 2217 caeduntur,
3216 2159 3272 2205 et
3297 2150 3504 2221 absque

1915 2243 2226 2300 vulneribus
2250 2244 2556 2300 occisorum
2579 2258 2730 2298 mors
2753 2257 2894 2298 saeva
2919 2241 3196 2306 discurrit,
3211 2241 3506 2297 excludens

1914 2337 2234 2408 corporibus
2255 2336 2466 2391 animas
2485 2335 2699 2391 Domini
2722 2333 3022 2400 voluntate,
3046 2333 3300 2403 solusque
3319 2348 3414 2388 rex
3436 2346 3505 2388 eo

1915 2436 2158 2498 tempore
2197 2427 2402 2482 idcirco
2438 2433 2750 2482 reservatus
2775 2433 2892 2491 est,
2920 2435 2982 2479 ut
3007 2426 3177 2480 sciret
3201 2424 3504 2497 potentiam

1913 2518 2048 2586 Dei,
2085 2527 2142 2573 et
2173 2517 2610 2588 blasphemantia
2644 2531 2740 2571 ora
2779 2515 3200 2586 comprimeret,
3241 2515 3506 2585 ﬁeretque

1913 2611 2071 2667 testis
2105 2611 2250 2666 illius
2285 2611 2588 2682 majestatis
2617 2625 2780 2680 quam
2810 2607 2969 2678 paulo
2998 2617 3124 2663 ante
3150 2615 3500 2678 contempse-

1912 2711 2017 2759 rat.
2053 2701 2146 2759 Sic
2173 2702 2387 2758 Pharao
2421 2717 2636 2772 quoque
2676 2703 2729 2755 in
2770 2701 2957 2756 decem
2992 2699 3215 2772 Aigypti
3251 2705 3508 2755 servatur

1913 2796 2088 2868 plagis
2108 2836 2123 2862 ,
2154 2803 2214 2849 ut
2241 2794 2569 2850 novissimus
2599 2801 2822 2864 pereat,
2853 2791 2996 2864 quod
3028 2801 3085 2848 et
3112 2792 3215 2847 iste
3241 2803 3504 2862 passurus

1913 2897 2017 2944 est.
2055 2887 2191 2943 Cum
2231 2887 2377 2942 enim
2423 2902 2680 2943 reversus
2725 2894 2873 2942 esset
2921 2888 2977 2942 in
3023 2885 3272 2940 Ninivem
3313 2885 3506 2940 urbem

1915 2983 2146 3053 primam
2196 2982 2350 3052 regni
2397 2981 2515 3049 sui,
2553 2990 2608 3036 et
2645 2982 2897 3036 adoraret
2933 2980 2987 3035 in
3029 2979 3230 3051 templo
3258 2977 3503 3036 Nesroch

1913 3073 2071 3129 deum
2104 3088 2259 3129 suum
2291 3073 2447 3143 quasi
2478 3073 2765 3128 victoriam
2792 3073 2858 3128 de
2887 3071 3134 3128 hostibus
3162 3078 3500 3142 reportaret,

1914 3171 1969 3218 et
2002 3163 2285 3220 delubrum
2325 3162 2452 3220 idoli
2489 3163 2572 3219 sui
2611 3163 2952 3234 triumphans
2983 3170 3038 3216 et
3071 3161 3504 3233 gratulabundus

1835 3232 1881 3296 Ο
1912 3255 2220 3320 incederet,
2249 3261 2595 3325 contemptor
2619 3254 2735 3308 ve'ri
2765 3232 2899 3319 Dei,
2930 3252 2984 3306 in
3016 3232 3143 3306 fano
3175 3249 3296 3306 falsi
3323 3249 3504 3306 numi-

1909 3349 1994 3404 nis
2037 3348 2374 3414 trucidatur;
2407 3362 2508 3403 nec
2540 3347 2714 3418 angeli
2758 3346 2898 3417 perit
2943 3344 3142 3416 gladio,
3190 3344 3336 3414 quod
3379 3349 3500 3399 erat

1908 3453 2196 3498 commune
2219 3455 2344 3495 cum
2371 3437 2618 3508 pluribus
2637 3479 2650 3504 ,
2682 3438 2775 3493 sed
2804 3437 3100 3508 parricidio
3132 3435 3385 3492 ﬁliorum.

2507 3547 2736 3618 CAPUT
2773 3546 2892 3603 XX.

2423 3620 2497 3676 De
2534 3621 2685 3676 Isaia
2715 3621 2988 3692 propheta.

1983 3733 2003 3767 ι
2035 3714 2172 3770 Nam
2197 3713 2327 3772 fecit
2351 3714 2613 3770 Ezechias
2637 3713 2782 3784 quod
2807 3712 3010 3783 placuit
3034 3713 3176 3779 Deo,
3206 3719 3262 3767 et
3281 3710 3500 3768 fortiter

1913 3823 1933 3858 ι
1967 3806 2067 3860 ivit
2104 3806 2160 3862 in
2196 3807 2285 3862 via
2319 3806 2493 3877 patris
2531 3806 2618 3862 sui
2655 3803 2858 3871 David,
2896 3819 3058 3876 quam
3099 3803 3375 3860 mandavit
3415 3803 3496 3859 illi

1912 3918 1931 3952 ι
1962 3899 2130 3957 Isaias
2154 3902 2420 3972 propheta
2445 3915 2674 3972 magnus
2699 3907 2754 3955 et
2777 3897 2949 3954 ﬁdelis
2977 3900 3028 3953 in
3056 3905 3348 3968 conspectu
3373 3896 3492 3952 Dei.

1911 4011 1929 4045 ι
1960 3993 2020 4049 In
2051 3993 2242 4049 diebus
2271 3992 2388 4062 ejus
2415 4001 2564 4048 retro
2593 3992 2756 4048 rediit
2781 3991 2896 4058 sol,
2935 3998 2992 4046 et
3023 3989 3230 4044 addidit
3259 3988 3375 4061 regi
3409 3989 3493 4043 vi-

1911 4101 1930 4134 ‹
1963 4091 2096 4138 tam.
2127 4083 2333 4153 Spiritu
2360 4099 2556 4154 magno
2584 4082 2719 4138 vidit
2743 4081 2933 4137 ultima
2952 4121 2966 4146 ,
2991 4089 3047 4137 et
3069 4079 3379 4136 consolatus
3408 4087 3494 4135 est

1910 4193 1929 4227 ε
1960 4175 2207 4246 lugentes
2232 4176 2286 4229 in
2313 4175 2446 4230 Sion
2472 4190 2644 4244 usque
2670 4175 2726 4229 in
2752 4174 3140 4244 sempiternum
3169 4181 3226 4228 et
3250 4172 3494 4250 ostendit

1911 4286 1930 4320 c
1965 4266 2145 4323 futura
2171 4276 2225 4322 et
2245 4267 2564 4323 abscondita
2587 4276 2881 4334 antequam
2904 4264 3170 4320 venirent.
3196 4285 3214 4316 ι
3243 4263 3489 4332 Qualiter

1904 4366 2084 4413 autem
2133 4357 2396 4413 Ezechias
2442 4373 2540 4428 per
2583 4356 2722 4411 bona
2763 4371 2930 4425 opera
2963 4353 3228 4426 placuerit
3265 4355 3395 4419 Deo,
3434 4361 3490 4407 et

1903 4447 2173 4517 quomodo
2207 4463 2305 4518 per
2337 4447 2531 4503 Isaiam
2577 4447 2897 4517 prophetam
2937 4445 3006 4500 ab
3035 4443 3355 4515 aegritudine
3389 4459 3484 4499 sua

1902 4549 2124 4597 sanatus
2147 4542 2253 4607 sit,
2279 4541 2477 4612 illoque
2502 4551 2719 4612 petente
2739 4540 2953 4611 signum
2974 4577 2990 4606 ,
3019 4537 3148 4594 solis
3174 4552 3366 4593 cursus
3389 4553 3488 4607 pro

1902 4638 2007 4693 hoc
2041 4643 2282 4691 mutatus
2315 4635 2424 4700 sit,
2462 4635 2535 4689 ita
2567 4642 2628 4690 ut
2655 4634 2842 4691 decem
2873 4632 3032 4689 lineis
3065 4640 3213 4686 retro
3249 4631 3487 4698 rediret,

1900 4728 2025 4784 libri
2053 4729 2261 4800 Regum
2285 4736 2340 4784 et
2366 4727 2816 4798 Paralipomenon
2834 4768 2848 4793 ,
2878 4741 2982 4782 nec
3002 4741 3112 4781 non
3133 4734 3189 4783 et
3213 4725 3364 4783 Isaiae
3393 4741 3489 4780 vo-

1900 4817 2086 4873 lumen
2121 4817 2255 4872 satis
2291 4816 2591 4873 declarant.
2631 4816 2731 4872 Hic
2764 4831 2893 4888 ergo
2925 4815 3095 4870 Isaias
3133 4815 3323 4885 spiritu
3355 4831 3484 4884 pro-

1898 4911 2119 4981 phetico
2165 4910 2347 4965 futura
2393 4918 2449 4964 et
2492 4909 2806 4965 abscondita
2851 4908 3109 4979 mysteria
3148 4907 3214 4962 de
3249 4906 3486 4962 adventu

1899 5000 2136 5067 Christi,
2169 5009 2225 5055 et
2254 5001 2322 5056 de
2354 5001 2726 5070 redemptione
2754 4999 2968 5071 generis
2999 4997 3222 5053 humani
3240 5037 3256 5063 ,
3284 4997 3350 5051 de
3380 4996 3484 5050 Ec~

1895 5094 2077 5151 clesiae
2101 5109 2315 5164 quoque
2341 5102 2485 5150 statu
2507 5135 2522 5160 ,
2549 5103 2604 5149 et
2634 5095 2700 5149 de
2723 5093 2928 5163 judicio
2954 5091 3050 5145 Dei
3077 5089 3262 5145 futuro
3291 5089 3479 5158 copio-

1896 5187 2110 5243 sissime
2147 5187 2203 5242 in
2245 5187 2383 5242 libro
2423 5202 2521 5242 suo
2561 5185 2840 5241 disseruit.
2885 5184 2962 5238 De
3008 5198 3115 5253 quo
3155 5181 3359 5252 aliquid
3393 5181 3484 5235 hic

1894 5277 2126 5348 exempli
2174 5278 2350 5350 gratia
2392 5293 2596 5348 ponere
2645 5275 2974 5347 superﬂuum
3019 5287 3134 5343 est,
3172 5292 3295 5332 cum
3343 5289 3484 5347 pene

1892 5379 2040 5450 totus
2070 5372 2226 5438 liber,
2255 5380 2516 5441 quantum
2542 5369 2610 5425 ad
2635 5368 2933 5440 spiritalem
2960 5383 3181 5426 sensum
3207 5368 3446 5440 pertinet
3465 5407 3482 5434 .

1897 5465 1953 5520 in
1987 5465 2074 5522 his
2096 5471 2364 5521 versetur.

2485 5552 2713 5610 CAPUT
2751 5553 2892 5609 XXI.

2541 5645 2618 5699 De
2649 5643 2826 5699 Ιοεὶα..

1967 5738 2138 5813 (Car.
2172 5753 2320 5794 xux.
2349 5736 2368 5808 )
2409 5754 2426 5786 ι
2456 5735 2714 5792 Memoria
2742 5732 2902 5790 Josiae
2939 5733 2994 5790 in
3027 5731 3478 5803 compositionem

1896 5851 1916 5889 ‹
1946 5831 2128 5894 odoris
2164 5829 2296 5890 facti
2327 5844 2463 5903 opus
2499 5829 2864 5906 pigmentarii.
2901 5828 2965 5890 In
3001 5827 3152 5887 omni
3187 5841 3284 5884 ore
3315 5822 3480 5896 quasi
