  <div class='ocr_page' id='page_1' title='image "/cluster/home/n/w/nwhite01/storage/ocr_20150623/109/hvd.32044015466857/557.png"; bbox 0 0 4028 6466; ppageno 0'>
   <div class='ocr_carea' id='block_1_1' title="bbox 639 356 777 413">
    <p class='ocr_par' dir='ltr' id='par_1_1' title="bbox 639 356 777 413">
     <span class='ocr_line' id='line_1_1' title="bbox 639 356 777 413; baseline -0.007 0"><span class='ocrx_word' id='word_1_1' title='bbox 639 356 777 413; x_wconf 73' lang='grc'><strong>1107</strong></span> 
     </span>
    </p>
   </div>
   <div class='ocr_carea' id='block_1_2' title="bbox 1273 345 2233 414">
    <p class='ocr_par' dir='ltr' id='par_1_2' title="bbox 1273 351 2233 412">
     <span class='ocr_line' id='line_1_2' title="bbox 1273 351 2233 412; baseline -0.004 0"><span class='ocrx_word' id='word_1_2' title='bbox 1273 356 1333 412; x_wconf 94' lang='grc' dir='ltr'><strong>Β.</strong></span> <span class='ocrx_word' id='word_1_3' title='bbox 1378 354 1632 412; x_wconf 78' lang='grc' dir='ltr'><strong>ΒΑΒΑΝΙ</strong></span> <span class='ocrx_word' id='word_1_4' title='bbox 1668 354 1889 412; x_wconf 71' lang='lat' dir='ltr'><strong>MAURI</strong></span> <span class='ocrx_word' id='word_1_5' title='bbox 1925 351 2233 411; x_wconf 67' lang='lat' dir='ltr'><strong>ARCHIEP.</strong></span> 
     </span>
    </p>
   </div>
   <div class='ocr_carea' id='block_1_3' title="bbox 2314 345 3213 414">
    <p class='ocr_par' dir='ltr' id='par_1_3' title="bbox 2314 345 3213 414">
     <span class='ocr_line' id='line_1_3' title="bbox 2314 345 3213 414; baseline -0.006 -8"><span class='ocrx_word' id='word_1_6' title='bbox 2314 347 2593 408; x_wconf 79' lang='lat' dir='ltr'><strong>IOGUN&#39;I‘.</strong></span> <span class='ocrx_word' id='word_1_7' title='bbox 2612 410 2617 414; x_wconf 25' lang='grc' dir='ltr'><strong>θ</strong></span> <span class='ocrx_word' id='word_1_8' title='bbox 2633 345 2920 405; x_wconf 68' lang='lat' dir='ltr'><strong>OPERUM</strong></span> <span class='ocrx_word' id='word_1_9' title='bbox 2956 345 3135 402; x_wconf 79' lang='lat' dir='ltr'><strong>PARS</strong></span> <span class='ocrx_word' id='word_1_10' title='bbox 3171 346 3213 401; x_wconf 92' lang='lat' dir='ltr'><strong>l.</strong></span> 
     </span>
    </p>
   </div>
   <div class='ocr_carea' id='block_1_4' title="bbox 3688 354 3791 416">
    <p class='ocr_par' dir='ltr' id='par_1_4' title="bbox 3688 354 3791 416">
     <span class='ocr_line' id='line_1_4' title="bbox 3688 354 3791 416; baseline 0.029 -3"><span class='ocrx_word' id='word_1_11' title='bbox 3688 354 3791 416; x_wconf 71' lang='grc'><strong>1108</strong></span> 
     </span>
    </p>
   </div>
   <div class='ocr_carea' id='block_1_5' title="bbox 644 459 3793 536">
    <p class='ocr_par' dir='ltr' id='par_1_5' title="bbox 644 459 3793 536">
     <span class='ocr_line' id='line_1_5' title="bbox 644 459 3793 536; baseline -0.003 -10"><span class='ocrx_word' id='word_1_12' title='bbox 644 493 664 526; x_wconf 77' lang='grc' dir='ltr'><strong>ι</strong></span> <span class='ocrx_word' id='word_1_13' title='bbox 689 472 801 529; x_wconf 89' lang='lat' dir='ltr'><strong>mel</strong></span> <span class='ocrx_word' id='word_1_14' title='bbox 835 470 1196 529; x_wconf 81' lang='lat' dir='ltr'><strong>lndulcabitur</strong></span> <span class='ocrx_word' id='word_1_15' title='bbox 1233 472 1495 528; x_wconf 81' lang='lat' dir='ltr'><strong>memoria</strong></span> <span class='ocrx_word' id='word_1_16' title='bbox 1514 513 1529 536; x_wconf 89' lang='lat'><strong>,</strong></span> <span class='ocrx_word' id='word_1_17' title='bbox 1563 481 1619 527; x_wconf 88' lang='lat' dir='ltr'><strong>et</strong></span> <span class='ocrx_word' id='word_1_18' title='bbox 1651 480 1712 526; x_wconf 89' lang='lat' dir='ltr'><strong>ut</strong></span> <span class='ocrx_word' id='word_1_19' title='bbox 1753 471 1961 527; x_wconf 83' lang='lat' dir='ltr'><strong>musica</strong></span> <span class='ocrx_word' id='word_1_20' title='bbox 1996 468 2051 527; x_wconf 89' lang='lat' dir='ltr'><strong>in</strong></span> <span class='ocrx_word' id='word_1_21' title='bbox 2086 482 2218 524; x_wconf 87' lang='lat' dir='ltr'><strong>con-</strong></span> <span class='ocrx_word' id='word_1_22' title='bbox 2242 468 2299 528; x_wconf 73' lang='grc' dir='ltr'>Α</span> <span class='ocrx_word' id='word_1_23' title='bbox 2321 464 2537 535; x_wconf 86' lang='lat' dir='ltr'><strong>pietatis</strong></span> <span class='ocrx_word' id='word_1_24' title='bbox 2560 476 2729 534; x_wconf 82' lang='lat' dir='ltr'><strong>opera</strong></span> <span class='ocrx_word' id='word_1_25' title='bbox 2754 467 3270 525; x_wconf 88' lang='lat' dir='ltr'><strong>commemorantur,</strong></span> <span class='ocrx_word' id='word_1_26' title='bbox 3296 459 3388 515; x_wconf 90' lang='lat' dir='ltr'><strong>sed</strong></span> <span class='ocrx_word' id='word_1_27' title='bbox 3410 476 3509 517; x_wconf 88' lang='lat' dir='ltr'><strong>non</strong></span> <span class='ocrx_word' id='word_1_28' title='bbox 3534 463 3598 518; x_wconf 89' lang='lat' dir='ltr'><strong>ita</strong></span> <span class='ocrx_word' id='word_1_29' title='bbox 3618 465 3793 535; x_wconf 68' lang='lat' dir='ltr'><strong>partem</strong></span> 
     </span>
    </p>
   </div>
   <div class='ocr_carea' id='block_1_6' title="bbox 2330 554 3911 631">
    <p class='ocr_par' dir='ltr' id='par_1_6' title="bbox 2330 554 3911 631">
     <span class='ocr_line' id='line_1_6' title="bbox 2330 554 3911 631; baseline 0.001 -17"><span class='ocrx_word' id='word_1_30' title='bbox 2330 559 2472 615; x_wconf 92' lang='lat' dir='ltr'><strong>sicut</strong></span> <span class='ocrx_word' id='word_1_31' title='bbox 2495 557 2690 613; x_wconf 89' lang='lat' dir='ltr'><strong>horum</strong></span> <span class='ocrx_word' id='word_1_32' title='bbox 2718 557 2901 611; x_wconf 90' lang='lat' dir='ltr'><strong>trium.</strong></span> <span class='ocrx_word' id='word_1_33' title='bbox 2931 554 3165 610; x_wconf 77' lang='lat' dir='ltr'><strong>Maxima</strong></span> <span class='ocrx_word' id='word_1_34' title='bbox 3186 562 3365 610; x_wconf 89' lang='lat' dir='ltr'><strong>autem</strong></span> <span class='ocrx_word' id='word_1_35' title='bbox 3384 569 3502 625; x_wconf 85' lang='lat' dir='ltr'><strong>pars</strong></span> <span class='ocrx_word' id='word_1_36' title='bbox 3518 557 3794 631; x_wconf 74' lang='lat' dir='ltr'><strong>reguquda,</strong></span> <span class='ocrx_word' id='word_1_37' title='bbox 3910 554 3911 631; x_wconf 57' lang='grc' dir='ltr'><strong>ξ</strong></span> 
     </span>
    </p>
   </div>
   <div class='ocr_carea' id='block_1_7' title="bbox 644 559 2223 635">
    <p class='ocr_par' dir='ltr' id='par_1_7' title="bbox 644 559 2223 635">
     <span class='ocr_line' id='line_1_7' title="bbox 644 559 2223 635; baseline -0.003 -16"><span class='ocrx_word' id='word_1_38' title='bbox 644 582 666 619; x_wconf 82' lang='grc' dir='ltr'><strong>ι</strong></span> <span class='ocrx_word' id='word_1_39' title='bbox 698 565 844 621; x_wconf 85' lang='lat' dir='ltr'><strong>vlvio</strong></span> <span class='ocrx_word' id='word_1_40' title='bbox 867 564 1003 620; x_wconf 86' lang='lat' dir='ltr'><strong>vini.</strong></span> <span class='ocrx_word' id='word_1_41' title='bbox 1024 563 1143 635; x_wconf 86' lang='lat' dir='ltr'><strong>Ipse</strong></span> <span class='ocrx_word' id='word_1_42' title='bbox 1166 571 1251 620; x_wconf 88' lang='lat' dir='ltr'><strong>est</strong></span> <span class='ocrx_word' id='word_1_43' title='bbox 1274 563 1515 620; x_wconf 89' lang='lat' dir='ltr'><strong>directus</strong></span> <span class='ocrx_word' id='word_1_44' title='bbox 1538 564 1795 620; x_wconf 85' lang='lat' dir='ltr'><strong>divinitus</strong></span> <span class='ocrx_word' id='word_1_45' title='bbox 1819 564 1875 619; x_wconf 89' lang='lat' dir='ltr'><strong>in</strong></span> <span class='ocrx_word' id='word_1_46' title='bbox 1901 559 2223 633; x_wconf 62' lang='lat' dir='ltr'><strong>poenitentia</strong></span> 
     </span>
    </p>
   </div>
   <div class='ocr_carea' id='block_1_8' title="bbox 598 652 2224 730">
    <p class='ocr_par' dir='ltr' id='par_1_8' title="bbox 598 652 2224 730">
     <span class='ocr_line' id='line_1_8' title="bbox 598 652 2224 730; baseline -0.003 -17"><span class='ocrx_word' id='word_1_47' title='bbox 598 652 605 659; x_wconf 82' lang='grc'><em>’</em></span> <span class='ocrx_word' id='word_1_48' title='bbox 636 676 664 713; x_wconf 75' lang='grc' dir='ltr'><strong>ι</strong></span> <span class='ocrx_word' id='word_1_49' title='bbox 694 657 905 730; x_wconf 66' lang='lat' dir='ltr'><strong>gentis,</strong></span> <span class='ocrx_word' id='word_1_50' title='bbox 933 663 990 712; x_wconf 91' lang='lat' dir='ltr'><strong>et</strong></span> <span class='ocrx_word' id='word_1_51' title='bbox 1012 654 1134 711; x_wconf 91' lang='lat' dir='ltr'><strong>tulit</strong></span> <span class='ocrx_word' id='word_1_52' title='bbox 1159 654 1229 711; x_wconf 84' lang='lat' dir='ltr'><strong>ab</strong></span> <span class='ocrx_word' id='word_1_53' title='bbox 1248 656 1559 712; x_wconf 79' lang='lat' dir='ltr'><strong>hominibus</strong></span> <span class='ocrx_word' id='word_1_54' title='bbox 1582 655 1909 726; x_wconf 83' lang='lat' dir='ltr'><strong>impietates.</strong></span> <span class='ocrx_word' id='word_1_55' title='bbox 1939 653 2007 708; x_wconf 89' lang='lat' dir='ltr'><strong>Et</strong></span> <span class='ocrx_word' id='word_1_56' title='bbox 2030 653 2224 725; x_wconf 85' lang='lat' dir='ltr'><strong>guber-</strong></span> 
     </span>
    </p>
   </div>
   <div class='ocr_carea' id='block_1_9' title="bbox 641 736 2224 819">
    <p class='ocr_par' dir='ltr' id='par_1_9' title="bbox 641 736 2224 819">
     <span class='ocr_line' id='line_1_9' title="bbox 641 736 2224 819; baseline -0.004 -12"><span class='ocrx_word' id='word_1_57' title='bbox 641 769 666 806; x_wconf 82' lang='lat' dir='ltr'><strong>v</strong></span> <span class='ocrx_word' id='word_1_58' title='bbox 694 751 847 807; x_wconf 82' lang='lat' dir='ltr'><strong>navit</strong></span> <span class='ocrx_word' id='word_1_59' title='bbox 882 750 953 805; x_wconf 90' lang='lat' dir='ltr'><strong>ad</strong></span> <span class='ocrx_word' id='word_1_60' title='bbox 984 736 1272 806; x_wconf 83' lang='lat' dir='ltr'><strong>Dominum</strong></span> <span class='ocrx_word' id='word_1_61' title='bbox 1306 764 1401 806; x_wconf 90' lang='lat' dir='ltr'><strong>cor</strong></span> <span class='ocrx_word' id='word_1_62' title='bbox 1443 748 1642 819; x_wconf 85' lang='lat' dir='ltr'><strong>ipsius,</strong></span> <span class='ocrx_word' id='word_1_63' title='bbox 1687 756 1744 804; x_wconf 88' lang='lat' dir='ltr'><strong>et</strong></span> <span class='ocrx_word' id='word_1_64' title='bbox 1782 748 1838 803; x_wconf 91' lang='lat' dir='ltr'><strong>in</strong></span> <span class='ocrx_word' id='word_1_65' title='bbox 1871 747 2063 803; x_wconf 91' lang='lat' dir='ltr'><strong>diebus</strong></span> <span class='ocrx_word' id='word_1_66' title='bbox 2097 760 2224 817; x_wconf 88' lang='lat' dir='ltr'><strong>pec-</strong></span> 
     </span>
    </p>
   </div>
   <div class='ocr_carea' id='block_1_10' title="bbox 642 839 2223 911">
    <p class='ocr_par' dir='ltr' id='par_1_10' title="bbox 642 839 2223 911">
     <span class='ocr_line' id='line_1_10' title="bbox 642 839 2223 911; baseline -0.002 -15"><span class='ocrx_word' id='word_1_67' title='bbox 642 859 663 896; x_wconf 77' lang='grc' dir='ltr'><strong>ι</strong></span> <span class='ocrx_word' id='word_1_68' title='bbox 694 849 941 898; x_wconf 73' lang='lat' dir='ltr'><strong>ostentm</strong></span> <span class='ocrx_word' id='word_1_69' title='bbox 978 840 1357 897; x_wconf 85' lang='lat' dir='ltr'><strong>corroboravit</strong></span> <span class='ocrx_word' id='word_1_70' title='bbox 1388 840 1670 911; x_wconf 74' lang='lat' dir='ltr'><strong>pietatem.</strong></span> <span class='ocrx_word' id='word_1_71' title='bbox 1704 860 1722 891; x_wconf 76' lang='grc' dir='ltr'><strong>ι</strong></span> <span class='ocrx_word' id='word_1_72' title='bbox 1756 839 1903 897; x_wconf 80' lang='lat' dir='ltr'><strong>Bene</strong></span> <span class='ocrx_word' id='word_1_73' title='bbox 1935 845 2223 908; x_wconf 85' lang='lat' dir='ltr'><strong>comparat</strong></span> 
     </span>
    </p>
   </div>
   <div class='ocr_carea' id='block_1_11' title="bbox 634 930 2225 1004">
    <p class='ocr_par' dir='ltr' id='par_1_11' title="bbox 634 930 2225 1004">
     <span class='ocr_line' id='line_1_11' title="bbox 634 930 2225 1004; baseline -0.004 -13"><span class='ocrx_word' id='word_1_74' title='bbox 634 933 957 991; x_wconf 83' lang='lat' dir='ltr'><strong>memoriam</strong></span> <span class='ocrx_word' id='word_1_75' title='bbox 984 932 1148 990; x_wconf 79' lang='lat' dir='ltr'><strong>Iasiae</strong></span> <span class='ocrx_word' id='word_1_76' title='bbox 1171 934 1317 1004; x_wconf 86' lang='lat' dir='ltr'><strong>regis</strong></span> <span class='ocrx_word' id='word_1_77' title='bbox 1340 933 1495 990; x_wconf 85' lang='lat' dir='ltr'><strong>odori</strong></span> <span class='ocrx_word' id='word_1_78' title='bbox 1525 933 1708 1003; x_wconf 89' lang='lat' dir='ltr'><strong>operis</strong></span> <span class='ocrx_word' id='word_1_79' title='bbox 1746 930 2092 1002; x_wconf 77' lang='lat' dir='ltr'><strong>pigmentarii</strong></span> <span class='ocrx_word' id='word_1_80' title='bbox 2110 971 2126 996; x_wconf 90' lang='lat'><strong>,</strong></span> <span class='ocrx_word' id='word_1_81' title='bbox 2165 937 2225 988; x_wconf 85' lang='lat' dir='ltr'><strong>et</strong></span> 
     </span>
    </p>
   </div>
   <div class='ocr_carea' id='block_1_12' title="bbox 634 1027 2220 1102">
    <p class='ocr_par' dir='ltr' id='par_1_12' title="bbox 634 1027 2220 1102">
     <span class='ocr_line' id='line_1_12' title="bbox 634 1027 2220 1102; baseline -0.005 -14"><span class='ocrx_word' id='word_1_82' title='bbox 634 1030 815 1088; x_wconf 82' lang='lat' dir='ltr'><strong>mellis</strong></span> <span class='ocrx_word' id='word_1_83' title='bbox 840 1030 1145 1097; x_wconf 83' lang='lat' dir='ltr'><strong>dulcedini,</strong></span> <span class='ocrx_word' id='word_1_84' title='bbox 1176 1037 1235 1086; x_wconf 90' lang='lat' dir='ltr'><strong>et</strong></span> <span class='ocrx_word' id='word_1_85' title='bbox 1258 1044 1465 1102; x_wconf 75' lang='lat' dir='ltr'><strong>orgam</strong></span> <span class='ocrx_word' id='word_1_86' title='bbox 1492 1028 1713 1085; x_wconf 71' lang='lat' dir='ltr'><strong>musicae</strong></span> <span class='ocrx_word' id='word_1_87' title='bbox 1730 1069 1746 1095; x_wconf 90' lang='lat'><strong>,</strong></span> <span class='ocrx_word' id='word_1_88' title='bbox 1774 1028 1903 1098; x_wconf 84' lang='lat' dir='ltr'><strong>quia</strong></span> <span class='ocrx_word' id='word_1_89' title='bbox 1931 1027 2077 1082; x_wconf 73' lang='lat' dir='ltr'><strong>fama</strong></span> <span class='ocrx_word' id='word_1_90' title='bbox 2104 1027 2220 1082; x_wconf 86' lang='lat' dir='ltr'><strong>vir-</strong></span> 
     </span>
    </p>
   </div>
   <div class='ocr_carea' id='block_1_13' title="bbox 636 1120 2222 1195">
    <p class='ocr_par' dir='ltr' id='par_1_13' title="bbox 636 1120 2222 1195">
     <span class='ocr_line' id='line_1_13' title="bbox 636 1120 2222 1195; baseline -0.004 -13"><span class='ocrx_word' id='word_1_91' title='bbox 636 1127 768 1183; x_wconf 90' lang='lat' dir='ltr'><strong>tutis</strong></span> <span class='ocrx_word' id='word_1_92' title='bbox 805 1124 955 1195; x_wconf 90' lang='lat' dir='ltr'><strong>ejus,</strong></span> <span class='ocrx_word' id='word_1_93' title='bbox 994 1133 1050 1180; x_wconf 90' lang='lat' dir='ltr'><strong>et</strong></span> <span class='ocrx_word' id='word_1_94' title='bbox 1081 1125 1323 1179; x_wconf 81' lang='lat' dir='ltr'><strong>suavitas</strong></span> <span class='ocrx_word' id='word_1_95' title='bbox 1356 1123 1670 1187; x_wconf 65' lang='lat' dir='ltr'><strong>modestiae,</strong></span> <span class='ocrx_word' id='word_1_96' title='bbox 1704 1128 1762 1178; x_wconf 89' lang='lat' dir='ltr'><strong>et</strong></span> <span class='ocrx_word' id='word_1_97' title='bbox 1794 1121 2035 1177; x_wconf 88' lang='lat' dir='ltr'><strong>studium</strong></span> <span class='ocrx_word' id='word_1_98' title='bbox 2074 1120 2222 1191; x_wconf 84' lang='lat' dir='ltr'><strong>quod</strong></span> 
     </span>
    </p>
   </div>
   <div class='ocr_carea' id='block_1_14' title="bbox 638 1212 2223 1278">
    <p class='ocr_par' dir='ltr' id='par_1_14' title="bbox 638 1212 2223 1278">
     <span class='ocr_line' id='line_1_14' title="bbox 638 1212 2223 1278; baseline -0.005 -4"><span class='ocrx_word' id='word_1_99' title='bbox 638 1218 879 1274; x_wconf 78' lang='lat' dir='ltr'><strong>habebat</strong></span> <span class='ocrx_word' id='word_1_100' title='bbox 904 1218 959 1272; x_wconf 86' lang='lat' dir='ltr'><strong>in</strong></span> <span class='ocrx_word' id='word_1_101' title='bbox 984 1216 1343 1272; x_wconf 69' lang='lat' dir='ltr'><strong>restaurando</strong></span> <span class='ocrx_word' id='word_1_102' title='bbox 1367 1215 1581 1271; x_wconf 79' lang='lat' dir='ltr'><strong>cultum.</strong></span> <span class='ocrx_word' id='word_1_103' title='bbox 1598 1213 1692 1268; x_wconf 89' lang='lat' dir='ltr'><strong>Dei</strong></span> <span class='ocrx_word' id='word_1_104' title='bbox 1710 1253 1725 1278; x_wconf 91' lang='lat'><strong>,</strong></span> <span class='ocrx_word' id='word_1_105' title='bbox 1754 1228 1972 1268; x_wconf 87' lang='lat' dir='ltr'><strong>omnem</strong></span> <span class='ocrx_word' id='word_1_106' title='bbox 1997 1212 2223 1267; x_wconf 84' lang='lat' dir='ltr'><strong>odorem</strong></span> 
     </span>
    </p>
   </div>
   <div class='ocr_carea' id='block_1_15' title="bbox 634 1305 2225 1381">
    <p class='ocr_par' dir='ltr' id='par_1_15' title="bbox 634 1305 2225 1381">
     <span class='ocr_line' id='line_1_15' title="bbox 634 1305 2225 1381; baseline -0.005 -16"><span class='ocrx_word' id='word_1_107' title='bbox 634 1309 1037 1381; x_wconf 82' lang='lat' dir='ltr'><strong>pigmentorum</strong></span> <span class='ocrx_word' id='word_1_108' title='bbox 1054 1346 1070 1373; x_wconf 92' lang='lat'><strong>,</strong></span> <span class='ocrx_word' id='word_1_109' title='bbox 1094 1316 1151 1363; x_wconf 91' lang='lat' dir='ltr'><strong>et</strong></span> <span class='ocrx_word' id='word_1_110' title='bbox 1171 1307 1506 1363; x_wconf 88' lang='lat' dir='ltr'><strong>dulcedinem</strong></span> <span class='ocrx_word' id='word_1_111' title='bbox 1534 1305 1708 1361; x_wconf 83' lang='lat' dir='ltr'><strong>mellis</strong></span> <span class='ocrx_word' id='word_1_112' title='bbox 1723 1344 1737 1369; x_wconf 88' lang='lat'><strong>,</strong></span> <span class='ocrx_word' id='word_1_113' title='bbox 1762 1319 1862 1360; x_wconf 92' lang='lat' dir='ltr'><strong>nec</strong></span> <span class='ocrx_word' id='word_1_114' title='bbox 1884 1318 1992 1359; x_wconf 89' lang='lat' dir='ltr'><strong>non</strong></span> <span class='ocrx_word' id='word_1_115' title='bbox 2016 1311 2073 1358; x_wconf 89' lang='lat' dir='ltr'><strong>et</strong></span> <span class='ocrx_word' id='word_1_116' title='bbox 2095 1317 2225 1358; x_wconf 88' lang='lat' dir='ltr'><strong>can-</strong></span> 
     </span>
    </p>
   </div>
   <div class='ocr_carea' id='block_1_16' title="bbox 639 1396 2224 1471">
    <p class='ocr_par' dir='ltr' id='par_1_16' title="bbox 639 1396 2224 1471">
     <span class='ocr_line' id='line_1_16' title="bbox 639 1396 2224 1471; baseline -0.004 -15"><span class='ocrx_word' id='word_1_117' title='bbox 639 1401 863 1458; x_wconf 90' lang='lat' dir='ltr'><strong>tilenam</strong></span> <span class='ocrx_word' id='word_1_118' title='bbox 899 1403 1121 1457; x_wconf 57' lang='lat' dir='ltr'><strong>musica</strong></span> <span class='ocrx_word' id='word_1_119' title='bbox 1150 1402 1286 1456; x_wconf 87' lang='lat' dir='ltr'><strong>artis</strong></span> <span class='ocrx_word' id='word_1_120' title='bbox 1311 1408 1571 1471; x_wconf 87' lang='lat' dir='ltr'><strong>superat;</strong></span> <span class='ocrx_word' id='word_1_121' title='bbox 1605 1399 1695 1469; x_wconf 86' lang='lat' dir='ltr'><strong>qui</strong></span> <span class='ocrx_word' id='word_1_122' title='bbox 1728 1400 1868 1455; x_wconf 86' lang='lat' dir='ltr'><strong>bene</strong></span> <span class='ocrx_word' id='word_1_123' title='bbox 1897 1413 2021 1453; x_wconf 90' lang='lat' dir='ltr'><strong>cum</strong></span> <span class='ocrx_word' id='word_1_124' title='bbox 2053 1396 2224 1451; x_wconf 84' lang='lat' dir='ltr'><strong>David</strong></span> 
     </span>
    </p>
   </div>
   <div class='ocr_carea' id='block_1_17' title="bbox 638 1489 2223 1565">
    <p class='ocr_par' dir='ltr' id='par_1_17' title="bbox 638 1489 2223 1565">
     <span class='ocr_line' id='line_1_17' title="bbox 638 1489 2223 1565; baseline -0.003 -18"><span class='ocrx_word' id='word_1_125' title='bbox 638 1494 824 1550; x_wconf 82' lang='lat' dir='ltr'><strong>dicere</strong></span> <span class='ocrx_word' id='word_1_126' title='bbox 844 1502 1097 1565; x_wconf 84' lang='lat' dir='ltr'><strong>poterat:</strong></span> <span class='ocrx_word' id='word_1_127' title='bbox 1127 1510 1148 1544; x_wconf 76' lang='grc' dir='ltr'><strong>ι</strong></span> <span class='ocrx_word' id='word_1_128' title='bbox 1178 1492 1352 1561; x_wconf 84' lang='lat' dir='ltr'><strong>Quam</strong></span> <span class='ocrx_word' id='word_1_129' title='bbox 1376 1492 1556 1548; x_wconf 78' lang='lat' dir='ltr'><strong>dulcia</strong></span> <span class='ocrx_word' id='word_1_130' title='bbox 1583 1491 1827 1547; x_wconf 80' lang='lat' dir='ltr'><strong>faucibus</strong></span> <span class='ocrx_word' id='word_1_131' title='bbox 1850 1490 1986 1546; x_wconf 85' lang='lat' dir='ltr'><strong>meis</strong></span> <span class='ocrx_word' id='word_1_132' title='bbox 2008 1489 2223 1559; x_wconf 89' lang='lat' dir='ltr'><strong>eloquia</strong></span> 
     </span>
    </p>
   </div>
   <div class='ocr_carea' id='block_1_18' title="bbox 608 1580 2224 1657">
    <p class='ocr_par' dir='ltr' id='par_1_18' title="bbox 608 1580 2224 1657">
     <span class='ocr_line' id='line_1_18' title="bbox 608 1580 2224 1657; baseline -0.003 -15"><span class='ocrx_word' id='word_1_133' title='bbox 608 1596 762 1654; x_wconf 43' lang='lat' dir='ltr'><strong>&#39;tua,</strong></span> <span class='ocrx_word' id='word_1_134' title='bbox 793 1587 1051 1653; x_wconf 81' lang='lat' dir='ltr'><strong>Domine,</strong></span> <span class='ocrx_word' id='word_1_135' title='bbox 1085 1601 1247 1657; x_wconf 86' lang='lat' dir='ltr'><strong>super</strong></span> <span class='ocrx_word' id='word_1_136' title='bbox 1271 1585 1377 1641; x_wconf 91' lang='lat' dir='ltr'><strong>mel</strong></span> <span class='ocrx_word' id='word_1_137' title='bbox 1404 1595 1461 1641; x_wconf 92' lang='lat' dir='ltr'><strong>et</strong></span> <span class='ocrx_word' id='word_1_138' title='bbox 1491 1584 1672 1640; x_wconf 83' lang='lat' dir='ltr'><strong>favum</strong></span> <span class='ocrx_word' id='word_1_139' title='bbox 1705 1582 1786 1639; x_wconf 92' lang='lat' dir='ltr'><strong>ori</strong></span> <span class='ocrx_word' id='word_1_140' title='bbox 1819 1597 1959 1638; x_wconf 88' lang='lat' dir='ltr'><strong>meo.</strong></span> <span class='ocrx_word' id='word_1_141' title='bbox 1991 1580 2116 1637; x_wconf 90' lang='lat' dir='ltr'><strong>ldeo</strong></span> <span class='ocrx_word' id='word_1_142' title='bbox 2143 1581 2224 1637; x_wconf 90' lang='lat' dir='ltr'><strong>di-</strong></span> 
     </span>
    </p>
   </div>
   <div class='ocr_carea' id='block_1_19' title="bbox 637 1675 2222 1752">
    <p class='ocr_par' dir='ltr' id='par_1_19' title="bbox 637 1675 2222 1752">
     <span class='ocr_line' id='line_1_19' title="bbox 637 1675 2222 1752; baseline -0.005 -15"><span class='ocrx_word' id='word_1_143' title='bbox 637 1683 745 1739; x_wconf 82' lang='lat' dir='ltr'><strong>lexi</strong></span> <span class='ocrx_word' id='word_1_144' title='bbox 771 1684 1025 1738; x_wconf 86' lang='lat' dir='ltr'><strong>mandata</strong></span> <span class='ocrx_word' id='word_1_145' title='bbox 1047 1690 1160 1749; x_wconf 89' lang='lat' dir='ltr'><strong>tua,</strong></span> <span class='ocrx_word' id='word_1_146' title='bbox 1178 1696 1341 1752; x_wconf 87' lang='lat' dir='ltr'><strong>super</strong></span> <span class='ocrx_word' id='word_1_147' title='bbox 1364 1696 1556 1736; x_wconf 88' lang='lat' dir='ltr'><strong>aurum</strong></span> <span class='ocrx_word' id='word_1_148' title='bbox 1582 1688 1637 1735; x_wconf 91' lang='lat' dir='ltr'><strong>et</strong></span> <span class='ocrx_word' id='word_1_149' title='bbox 1662 1677 1935 1748; x_wconf 80' lang='lat' dir='ltr'><strong>topazion.</strong></span> <span class='ocrx_word' id='word_1_150' title='bbox 1967 1675 2222 1745; x_wconf 90' lang='lat' dir='ltr'><strong>Propter-</strong></span> 
     </span>
    </p>
   </div>
   <div class='ocr_carea' id='block_1_20' title="bbox 2326 648 3799 724">
    <p class='ocr_par' dir='ltr' id='par_1_20' title="bbox 2326 648 3799 724">
     <span class='ocr_line' id='line_1_20' title="bbox 2326 648 3799 724; baseline -0.001 -15"><span class='ocrx_word' id='word_1_151' title='bbox 2326 652 2469 709; x_wconf 86' lang='lat' dir='ltr'><strong>sicut</strong></span> <span class='ocrx_word' id='word_1_152' title='bbox 2491 659 2547 707; x_wconf 90' lang='lat' dir='ltr'><strong>et</strong></span> <span class='ocrx_word' id='word_1_153' title='bbox 2568 665 2725 722; x_wconf 85' lang='lat' dir='ltr'><strong>reges</strong></span> <span class='ocrx_word' id='word_1_154' title='bbox 2751 648 2916 705; x_wconf 85' lang='lat' dir='ltr'><strong>Israel</strong></span> <span class='ocrx_word' id='word_1_155' title='bbox 2933 689 2949 715; x_wconf 88' lang='lat'><strong>,</strong></span> <span class='ocrx_word' id='word_1_156' title='bbox 2977 648 3343 704; x_wconf 84' lang='lat' dir='ltr'><strong>declinaverat</strong></span> <span class='ocrx_word' id='word_1_157' title='bbox 3368 649 3434 703; x_wconf 88' lang='lat' dir='ltr'><strong>ad</strong></span> <span class='ocrx_word' id='word_1_158' title='bbox 3455 664 3601 720; x_wconf 81' lang='lat' dir='ltr'><strong>opera</strong></span> <span class='ocrx_word' id='word_1_159' title='bbox 3624 652 3799 724; x_wconf 76' lang='lat' dir='ltr'><strong>impieta-</strong></span> 
     </span>
    </p>
   </div>
   <div class='ocr_carea' id='block_1_21' title="bbox 2326 741 3799 814">
    <p class='ocr_par' dir='ltr' id='par_1_21' title="bbox 2326 741 3799 814">
     <span class='ocr_line' id='line_1_21' title="bbox 2326 741 3799 814; baseline -0.001 -13"><span class='ocrx_word' id='word_1_160' title='bbox 2326 746 2401 801; x_wconf 84' lang='lat' dir='ltr'><strong>tis</strong></span> <span class='ocrx_word' id='word_1_161' title='bbox 2434 753 2489 801; x_wconf 91' lang='lat' dir='ltr'><strong>et</strong></span> <span class='ocrx_word' id='word_1_162' title='bbox 2538 744 2744 801; x_wconf 85' lang='lat' dir='ltr'><strong>scelera</strong></span> <span class='ocrx_word' id='word_1_163' title='bbox 2772 750 3139 814; x_wconf 85' lang='lat' dir='ltr'><strong>peccatorum.</strong></span> <span class='ocrx_word' id='word_1_164' title='bbox 3176 741 3331 797; x_wconf 84' lang='lat' dir='ltr'><strong>Unde</strong></span> <span class='ocrx_word' id='word_1_165' title='bbox 3355 750 3411 797; x_wconf 89' lang='lat' dir='ltr'><strong>et</strong></span> <span class='ocrx_word' id='word_1_166' title='bbox 3435 744 3652 798; x_wconf 80' lang='lat' dir='ltr'><strong>meritam</strong></span> <span class='ocrx_word' id='word_1_167' title='bbox 3674 746 3799 806; x_wconf 82' lang='lat' dir='ltr'><strong>vindi-</strong></span> 
     </span>
    </p>
   </div>
   <div class='ocr_carea' id='block_1_22' title="bbox 2326 835 3753 910">
    <p class='ocr_par' dir='ltr' id='par_1_22' title="bbox 2326 835 3753 910">
     <span class='ocr_line' id='line_1_22' title="bbox 2326 835 3753 910; baseline -0.001 -17"><span class='ocrx_word' id='word_1_168' title='bbox 2326 844 2472 893; x_wconf 81' lang='lat' dir='ltr'><strong>ctam</strong></span> <span class='ocrx_word' id='word_1_169' title='bbox 2497 842 2890 910; x_wconf 88' lang='lat' dir='ltr'><strong>perceperunt,</strong></span> <span class='ocrx_word' id='word_1_170' title='bbox 2915 835 3060 891; x_wconf 80' lang='lat' dir='ltr'><strong>sicut</strong></span> <span class='ocrx_word' id='word_1_171' title='bbox 3082 842 3473 905; x_wconf 82' lang='lat' dir='ltr'><strong>consequenter</strong></span> <span class='ocrx_word' id='word_1_172' title='bbox 3494 836 3753 895; x_wconf 73' lang='lat' dir='ltr'><strong>ostsnilitur.</strong></span> 
     </span>
    </p>
   </div>
   <div class='ocr_carea' id='block_1_23' title="bbox 2891 963 3333 1026">
    <p class='ocr_par' dir='ltr' id='par_1_23' title="bbox 2891 963 3333 1026">
     <span class='ocr_line' id='line_1_23' title="bbox 2891 963 3333 1026; baseline -0.009 -1"><span class='ocrx_word' id='word_1_173' title='bbox 2891 966 3124 1026; x_wconf 76' lang='lat' dir='ltr'><strong>CAPUT</strong></span> <span class='ocrx_word' id='word_1_174' title='bbox 3169 963 3333 1023; x_wconf 74' lang='lat' dir='ltr'><strong>XXII.</strong></span> 
     </span>
    </p>
   </div>
   <div class='ocr_carea' id='block_1_24' title="bbox 2928 1076 3307 1138">
    <p class='ocr_par' dir='ltr' id='par_1_24' title="bbox 2928 1076 3307 1138">
     <span class='ocr_line' id='line_1_24' title="bbox 2928 1076 3307 1138; baseline 0 0"><span class='ocrx_word' id='word_1_175' title='bbox 2928 1078 3008 1138; x_wconf 82' lang='lat' dir='ltr'><strong>De</strong></span> <span class='ocrx_word' id='word_1_176' title='bbox 3051 1076 3307 1138; x_wconf 78' lang='lat' dir='ltr'><strong>Ieremia.</strong></span> 
     </span>
    </p>
   </div>
   <div class='ocr_carea' id='block_1_25' title="bbox 2401 1214 3805 1288">
    <p class='ocr_par' dir='ltr' id='par_1_25' title="bbox 2401 1214 3805 1288">
     <span class='ocr_line' id='line_1_25' title="bbox 2401 1214 3805 1288; baseline 0.005 -18"><span class='ocrx_word' id='word_1_177' title='bbox 2401 1237 2422 1270; x_wconf 72' lang='grc' dir='ltr'><strong>ι</strong></span> <span class='ocrx_word' id='word_1_178' title='bbox 2453 1215 2632 1288; x_wconf 76' lang='lat' dir='ltr'><strong>Reges</strong></span> <span class='ocrx_word' id='word_1_179' title='bbox 2655 1214 2809 1272; x_wconf 72' lang='lat' dir='ltr'><strong>Iuda:</strong></span> <span class='ocrx_word' id='word_1_180' title='bbox 2830 1214 3148 1272; x_wconf 77' lang='lat' dir='ltr'><strong>defecerunt</strong></span> <span class='ocrx_word' id='word_1_181' title='bbox 3164 1252 3180 1282; x_wconf 86' lang='lat'><strong>,</strong></span> <span class='ocrx_word' id='word_1_182' title='bbox 3201 1224 3259 1272; x_wconf 90' lang='lat' dir='ltr'><strong>et</strong></span> <span class='ocrx_word' id='word_1_183' title='bbox 3283 1221 3683 1287; x_wconf 72' lang='lat' dir='ltr'><strong>contumptemnt</strong></span> <span class='ocrx_word' id='word_1_184' title='bbox 3700 1221 3805 1277; x_wconf 83' lang='lat' dir='ltr'><strong>timo-</strong></span> 
     </span>
    </p>
   </div>
   <div class='ocr_carea' id='block_1_26' title="bbox 2331 1309 3807 1382">
    <p class='ocr_par' dir='ltr' id='par_1_26' title="bbox 2331 1309 3807 1382">
     <span class='ocr_line' id='line_1_26' title="bbox 2331 1309 3807 1382; baseline 0.002 -20"><span class='ocrx_word' id='word_1_185' title='bbox 2331 1322 2352 1362; x_wconf 82' lang='lat' dir='ltr'><strong>t</strong></span> <span class='ocrx_word' id='word_1_186' title='bbox 2386 1325 2501 1365; x_wconf 86' lang='lat' dir='ltr'><strong>rem</strong></span> <span class='ocrx_word' id='word_1_187' title='bbox 2523 1310 2639 1365; x_wconf 85' lang='lat' dir='ltr'><strong>Dei.</strong></span> <span class='ocrx_word' id='word_1_188' title='bbox 2665 1309 2939 1365; x_wconf 91' lang='lat' dir='ltr'><strong>Dederuut</strong></span> <span class='ocrx_word' id='word_1_189' title='bbox 2958 1310 3104 1364; x_wconf 88' lang='lat' dir='ltr'><strong>enim</strong></span> <span class='ocrx_word' id='word_1_190' title='bbox 3128 1324 3358 1380; x_wconf 89' lang='lat' dir='ltr'><strong>regnum</strong></span> <span class='ocrx_word' id='word_1_191' title='bbox 3378 1324 3527 1365; x_wconf 88' lang='lat' dir='ltr'><strong>suum</strong></span> <span class='ocrx_word' id='word_1_192' title='bbox 3546 1309 3666 1375; x_wconf 84' lang='lat' dir='ltr'><strong>aliis,</strong></span> <span class='ocrx_word' id='word_1_193' title='bbox 3681 1312 3807 1382; x_wconf 68' lang='lat' dir='ltr'><strong>etglo-</strong></span> 
     </span>
    </p>
   </div>
   <div class='ocr_carea' id='block_1_27' title="bbox 2332 1401 3808 1473">
    <p class='ocr_par' dir='ltr' id='par_1_27' title="bbox 2332 1401 3808 1473">
     <span class='ocr_line' id='line_1_27' title="bbox 2332 1401 3808 1473; baseline 0.002 -17"><span class='ocrx_word' id='word_1_194' title='bbox 2332 1421 2353 1456; x_wconf 78' lang='grc' dir='ltr'><strong>ι</strong></span> <span class='ocrx_word' id='word_1_195' title='bbox 2385 1403 2523 1457; x_wconf 79' lang='lat' dir='ltr'><strong>riam</strong></span> <span class='ocrx_word' id='word_1_196' title='bbox 2551 1418 2702 1458; x_wconf 89' lang='lat' dir='ltr'><strong>suam</strong></span> <span class='ocrx_word' id='word_1_197' title='bbox 2733 1402 2922 1458; x_wconf 57' lang='lat' dir='ltr'><strong>aliena</strong></span> <span class='ocrx_word' id='word_1_198' title='bbox 2953 1402 3118 1473; x_wconf 90' lang='lat' dir='ltr'><strong>genti.</strong></span> <span class='ocrx_word' id='word_1_199' title='bbox 3148 1401 3506 1458; x_wconf 88' lang='lat' dir='ltr'><strong>lncenderunt</strong></span> <span class='ocrx_word' id='word_1_200' title='bbox 3526 1402 3713 1459; x_wconf 80' lang='lat' dir='ltr'><strong>electam</strong></span> <span class='ocrx_word' id='word_1_201' title='bbox 3734 1421 3808 1459; x_wconf 79' lang='lat' dir='ltr'><strong>san-</strong></span> 
     </span>
    </p>
   </div>
   <div class='ocr_carea' id='block_1_28' title="bbox 2332 1494 3807 1565">
    <p class='ocr_par' dir='ltr' id='par_1_28' title="bbox 2332 1494 3807 1565">
     <span class='ocr_line' id='line_1_28' title="bbox 2332 1494 3807 1565; baseline 0.004 -19"><span class='ocrx_word' id='word_1_202' title='bbox 2332 1512 2355 1546; x_wconf 73' lang='lat' dir='ltr'><strong>i</strong></span> <span class='ocrx_word' id='word_1_203' title='bbox 2386 1494 2456 1549; x_wconf 90' lang='lat' dir='ltr'><strong>cti</strong></span> <span class='ocrx_word' id='word_1_204' title='bbox 2464 1494 2589 1548; x_wconf 87' lang='lat' dir='ltr'><strong>tatis</strong></span> <span class='ocrx_word' id='word_1_205' title='bbox 2606 1494 2885 1549; x_wconf 86' lang='lat' dir='ltr'><strong>civitatem</strong></span> <span class='ocrx_word' id='word_1_206' title='bbox 2901 1532 2915 1559; x_wconf 87' lang='lat'><strong>,</strong></span> <span class='ocrx_word' id='word_1_207' title='bbox 2933 1503 2991 1551; x_wconf 89' lang='lat' dir='ltr'><strong>et</strong></span> <span class='ocrx_word' id='word_1_208' title='bbox 3007 1495 3251 1550; x_wconf 87' lang='lat' dir='ltr'><strong>desertas</strong></span> <span class='ocrx_word' id='word_1_209' title='bbox 3270 1495 3511 1553; x_wconf 85' lang='lat' dir='ltr'><strong>fecerunt</strong></span> <span class='ocrx_word' id='word_1_210' title='bbox 3526 1495 3628 1551; x_wconf 91' lang='lat' dir='ltr'><strong>vias</strong></span> <span class='ocrx_word' id='word_1_211' title='bbox 3644 1497 3764 1565; x_wconf 79' lang='lat' dir='ltr'><strong>ipsius</strong></span> <span class='ocrx_word' id='word_1_212' title='bbox 3775 1499 3807 1551; x_wconf 81' lang='lat' dir='ltr'><strong>in</strong></span> 
     </span>
    </p>
   </div>
   <div class='ocr_carea' id='block_1_29' title="bbox 2298 1585 3809 1655">
    <p class='ocr_par' dir='ltr' id='par_1_29' title="bbox 2298 1585 3809 1655">
     <span class='ocr_line' id='line_1_29' title="bbox 2298 1585 3809 1655; baseline 0.001 -15"><span class='ocrx_word' id='word_1_213' title='bbox 2298 1624 2303 1627; x_wconf 61' lang='grc' dir='ltr'>η</span> <span class='ocrx_word' id='word_1_214' title='bbox 2332 1606 2353 1640; x_wconf 85' lang='grc'><em>‹</em></span> <span class='ocrx_word' id='word_1_215' title='bbox 2386 1603 2550 1642; x_wconf 88' lang='lat' dir='ltr'><strong>manu</strong></span> <span class='ocrx_word' id='word_1_216' title='bbox 2579 1586 2862 1651; x_wconf 77' lang='lat' dir='ltr'><strong>Ieremiie,</strong></span> <span class='ocrx_word' id='word_1_217' title='bbox 2886 1601 3011 1641; x_wconf 89' lang='lat' dir='ltr'><strong>nam</strong></span> <span class='ocrx_word' id='word_1_218' title='bbox 3035 1585 3175 1640; x_wconf 90' lang='lat' dir='ltr'><strong>male</strong></span> <span class='ocrx_word' id='word_1_219' title='bbox 3201 1592 3560 1641; x_wconf 81' lang='lat' dir='ltr'><strong>tractaverunt</strong></span> <span class='ocrx_word' id='word_1_220' title='bbox 3577 1585 3809 1655; x_wconf 73' lang='lat' dir='ltr'><strong>illumqaii</strong></span> 
     </span>
    </p>
   </div>
   <div class='ocr_carea' id='block_1_30' title="bbox 2334 1675 3811 1745">
    <p class='ocr_par' dir='ltr' id='par_1_30' title="bbox 2334 1675 3811 1745">
     <span class='ocr_line' id='line_1_30' title="bbox 2334 1675 3811 1745; baseline -0.001 -15"><span class='ocrx_word' id='word_1_221' title='bbox 2334 1698 2355 1730; x_wconf 74' lang='grc' dir='ltr'><strong>ι</strong></span> <span class='ocrx_word' id='word_1_222' title='bbox 2388 1686 2577 1735; x_wconf 79' lang='lat' dir='ltr'><strong>ventre</strong></span> <span class='ocrx_word' id='word_1_223' title='bbox 2598 1677 2788 1734; x_wconf 85' lang='lat' dir='ltr'><strong>matris</strong></span> <span class='ocrx_word' id='word_1_224' title='bbox 2809 1684 3158 1732; x_wconf 87' lang='lat' dir='ltr'><strong>consecratus</strong></span> <span class='ocrx_word' id='word_1_225' title='bbox 3184 1684 3272 1730; x_wconf 89' lang='lat' dir='ltr'><strong>est</strong></span> <span class='ocrx_word' id='word_1_226' title='bbox 3294 1675 3561 1745; x_wconf 84' lang='lat' dir='ltr'><strong>propheta,</strong></span> <span class='ocrx_word' id='word_1_227' title='bbox 3581 1684 3764 1730; x_wconf 81' lang='lat' dir='ltr'><strong>evertere</strong></span> <span class='ocrx_word' id='word_1_228' title='bbox 3778 1685 3811 1729; x_wconf 83' lang='lat' dir='ltr'><strong>ei</strong></span> 
     </span>
    </p>
   </div>
   <div class='ocr_carea' id='block_1_31' title="bbox 635 1764 3809 1842">
    <p class='ocr_par' dir='ltr' id='par_1_31' title="bbox 635 1764 3809 1842">
     <span class='ocr_line' id='line_1_31' title="bbox 635 1764 3809 1842; baseline -0.004 -12"><span class='ocrx_word' id='word_1_229' title='bbox 635 1790 702 1831; x_wconf 90' lang='lat' dir='ltr'><strong>ea</strong></span> <span class='ocrx_word' id='word_1_230' title='bbox 739 1773 807 1829; x_wconf 94' lang='lat' dir='ltr'><strong>ad</strong></span> <span class='ocrx_word' id='word_1_231' title='bbox 839 1774 1022 1830; x_wconf 86' lang='lat' dir='ltr'><strong>omnia</strong></span> <span class='ocrx_word' id='word_1_232' title='bbox 1060 1774 1316 1829; x_wconf 87' lang='lat' dir='ltr'><strong>mandata</strong></span> <span class='ocrx_word' id='word_1_233' title='bbox 1365 1781 1457 1827; x_wconf 92' lang='lat' dir='ltr'><strong>tua</strong></span> <span class='ocrx_word' id='word_1_234' title='bbox 1500 1770 1795 1842; x_wconf 88' lang='lat' dir='ltr'><strong>dirigebar,</strong></span> <span class='ocrx_word' id='word_1_235' title='bbox 1826 1782 2045 1824; x_wconf 87' lang='lat' dir='ltr'><strong>omnem</strong></span> <span class='ocrx_word' id='word_1_236' title='bbox 2074 1767 2217 1822; x_wconf 86' lang='lat' dir='ltr'><strong>viam</strong></span> <span class='ocrx_word' id='word_1_237' title='bbox 2335 1786 2354 1820; x_wconf 74' lang='grc' dir='ltr'><strong>ι</strong></span> <span class='ocrx_word' id='word_1_238' title='bbox 2385 1782 2596 1833; x_wconf 89' lang='lat' dir='ltr'><strong>eruere,</strong></span> <span class='ocrx_word' id='word_1_239' title='bbox 2611 1775 2667 1822; x_wconf 92' lang='lat' dir='ltr'><strong>et</strong></span> <span class='ocrx_word' id='word_1_240' title='bbox 2686 1768 2932 1838; x_wconf 87' lang='lat' dir='ltr'><strong>perdere,</strong></span> <span class='ocrx_word' id='word_1_241' title='bbox 2945 1775 3000 1821; x_wconf 92' lang='lat' dir='ltr'><strong>et</strong></span> <span class='ocrx_word' id='word_1_242' title='bbox 3022 1766 3221 1822; x_wconf 90' lang='lat' dir='ltr'><strong>iterum</strong></span> <span class='ocrx_word' id='word_1_243' title='bbox 3241 1764 3809 1821; x_wconf 65' lang='lat' dir='ltr'><strong>aediﬁcareetreuovarei</strong></span> 
     </span>
    </p>
   </div>
   <div class='ocr_carea' id='block_1_32' title="bbox 640 1844 3809 1937">
    <p class='ocr_par' dir='ltr' id='par_1_32' title="bbox 640 1844 3809 1937">
     <span class='ocr_line' id='line_1_32' title="bbox 640 1844 3809 1937; baseline -0.003 -15"><span class='ocrx_word' id='word_1_244' title='bbox 640 1868 882 1937; x_wconf 83' lang='lat' dir='ltr'><strong>iniquom</strong></span> <span class='ocrx_word' id='word_1_245' title='bbox 913 1866 1038 1923; x_wconf 91' lang='lat' dir='ltr'><strong>odio</strong></span> <span class='ocrx_word' id='word_1_246' title='bbox 1086 1866 1251 1921; x_wconf 85' lang='lat' dir='ltr'><strong>habui</strong></span> <span class='ocrx_word' id='word_1_247' title='bbox 1293 1868 1312 1934; x_wconf 87' lang='lat'>(</span> <span class='ocrx_word' id='word_1_248' title='bbox 1338 1865 1485 1921; x_wconf 75' lang='lat' dir='ltr'><strong>Psat.</strong></span> <span class='ocrx_word' id='word_1_249' title='bbox 1517 1881 1683 1920; x_wconf 85' lang='lat' dir='ltr'><strong>cxvm</strong></span> <span class='ocrx_word' id='word_1_250' title='bbox 1707 1863 1747 1935; x_wconf 94' lang='lat'><strong>).</strong></span> <span class='ocrx_word' id='word_1_251' title='bbox 1779 1884 1798 1916; x_wconf 75' lang='grc' dir='ltr'><strong>ι</strong></span> <span class='ocrx_word' id='word_1_252' title='bbox 1834 1863 1911 1917; x_wconf 91' lang='lat' dir='ltr'><strong>De</strong></span> <span class='ocrx_word' id='word_1_253' title='bbox 1937 1878 2046 1932; x_wconf 89' lang='lat' dir='ltr'><strong>quo</strong></span> <span class='ocrx_word' id='word_1_254' title='bbox 2079 1860 2228 1916; x_wconf 87' lang='lat' dir='ltr'><strong>Scri-</strong></span> <span class='ocrx_word' id='word_1_255' title='bbox 2257 1844 2307 1904; x_wconf 83' lang='grc' dir='ltr'>Β</span> <span class='ocrx_word' id='word_1_256' title='bbox 2334 1860 2474 1928; x_wconf 89' lang='lat' dir='ltr'><strong>Quid</strong></span> <span class='ocrx_word' id='word_1_257' title='bbox 2500 1868 2584 1915; x_wconf 90' lang='lat' dir='ltr'><strong>est</strong></span> <span class='ocrx_word' id='word_1_258' title='bbox 2607 1861 2752 1929; x_wconf 84' lang='lat' dir='ltr'><strong>quod</strong></span> <span class='ocrx_word' id='word_1_259' title='bbox 2773 1859 2934 1925; x_wconf 91' lang='lat' dir='ltr'><strong>dicit,</strong></span> <span class='ocrx_word' id='word_1_260' title='bbox 2962 1859 3017 1913; x_wconf 94' lang='lat' dir='ltr'><strong>in</strong></span> <span class='ocrx_word' id='word_1_261' title='bbox 3042 1873 3207 1913; x_wconf 92' lang='lat' dir='ltr'><strong>manu</strong></span> <span class='ocrx_word' id='word_1_262' title='bbox 3234 1856 3482 1914; x_wconf 68' lang='lat' dir='ltr'><strong>Ieremia:</strong></span> <span class='ocrx_word' id='word_1_263' title='bbox 3508 1867 3667 1929; x_wconf 79' lang='lat' dir='ltr'><strong>gentes</strong></span> <span class='ocrx_word' id='word_1_264' title='bbox 3685 1858 3809 1913; x_wconf 74' lang='lat' dir='ltr'><strong>inces-</strong></span> 
     </span>
    </p>
   </div>
   <div class='ocr_carea' id='block_1_33' title="bbox 639 1948 3815 2029">
    <p class='ocr_par' dir='ltr' id='par_1_33' title="bbox 639 1948 3815 2029">
     <span class='ocr_line' id='line_1_33' title="bbox 639 1948 3815 2029; baseline -0.002 -16"><span class='ocrx_word' id='word_1_265' title='bbox 639 1968 800 2029; x_wconf 86' lang='lat' dir='ltr'><strong>ptura</strong></span> <span class='ocrx_word' id='word_1_266' title='bbox 833 1966 1054 2024; x_wconf 85' lang='lat' dir='ltr'><strong>narrat,</strong></span> <span class='ocrx_word' id='word_1_267' title='bbox 1087 1958 1233 2028; x_wconf 90' lang='lat' dir='ltr'><strong>quod</strong></span> <span class='ocrx_word' id='word_1_268' title='bbox 1261 1973 1387 2013; x_wconf 89' lang='lat' dir='ltr'><strong>cum</strong></span> <span class='ocrx_word' id='word_1_269' title='bbox 1423 1958 1599 2013; x_wconf 85' lang='lat' dir='ltr'><strong>adhuc</strong></span> <span class='ocrx_word' id='word_1_270' title='bbox 1636 1965 1779 2011; x_wconf 85' lang='lat' dir='ltr'><strong>esset</strong></span> <span class='ocrx_word' id='word_1_271' title='bbox 1812 1970 1967 2025; x_wconf 88' lang='lat' dir='ltr'><strong>puer,</strong></span> <span class='ocrx_word' id='word_1_272' title='bbox 2001 1953 2232 2023; x_wconf 82' lang='lat' dir='ltr'><strong>coeperit</strong></span> <span class='ocrx_word' id='word_1_273' title='bbox 2331 1953 2462 2009; x_wconf 90' lang='lat' dir='ltr'><strong>dere</strong></span> <span class='ocrx_word' id='word_1_274' title='bbox 2488 1953 2759 2009; x_wconf 89' lang='lat' dir='ltr'><strong>civitatem</strong></span> <span class='ocrx_word' id='word_1_275' title='bbox 2784 1952 3014 2008; x_wconf 77' lang='lat' dir='ltr'><strong>electam</strong></span> <span class='ocrx_word' id='word_1_276' title='bbox 3044 1951 3374 2015; x_wconf 86' lang='lat' dir='ltr'><strong>sanctitatis,</strong></span> <span class='ocrx_word' id='word_1_277' title='bbox 3397 1958 3453 2005; x_wconf 90' lang='lat' dir='ltr'><strong>et</strong></span> <span class='ocrx_word' id='word_1_278' title='bbox 3472 1950 3680 2006; x_wconf 83' lang='lat' dir='ltr'><strong>desertas</strong></span> <span class='ocrx_word' id='word_1_279' title='bbox 3698 1948 3815 2006; x_wconf 66' lang='lat' dir='ltr'><strong>{iure</strong></span> 
     </span>
    </p>
   </div>
   <div class='ocr_carea' id='block_1_34' title="bbox 606 2044 2231 2120">
    <p class='ocr_par' dir='ltr' id='par_1_34' title="bbox 606 2044 2231 2120">
     <span class='ocr_line' id='line_1_34' title="bbox 606 2044 2231 2120; baseline -0.005 -14"><span class='ocrx_word' id='word_1_280' title='bbox 606 2078 609 2081; x_wconf 92' lang='lat'><strong><em>-</em></strong></span> <span class='ocrx_word' id='word_1_281' title='bbox 639 2064 887 2120; x_wconf 63' lang='lat' dir='ltr'><strong>quaerere</strong></span> <span class='ocrx_word' id='word_1_282' title='bbox 920 2050 1212 2104; x_wconf 90' lang='lat' dir='ltr'><strong>Dominum</strong></span> <span class='ocrx_word' id='word_1_283' title='bbox 1242 2050 1416 2119; x_wconf 87' lang='lat' dir='ltr'><strong>patris</strong></span> <span class='ocrx_word' id='word_1_284' title='bbox 1446 2047 1531 2104; x_wconf 88' lang='lat' dir='ltr'><strong>sui</strong></span> <span class='ocrx_word' id='word_1_285' title='bbox 1562 2047 1733 2109; x_wconf 84' lang='lat' dir='ltr'><strong>David</strong></span> <span class='ocrx_word' id='word_1_286' title='bbox 1752 2088 1767 2111; x_wconf 89' lang='lat'><strong>,</strong></span> <span class='ocrx_word' id='word_1_287' title='bbox 1799 2054 1855 2100; x_wconf 87' lang='lat' dir='ltr'><strong>et</strong></span> <span class='ocrx_word' id='word_1_288' title='bbox 1888 2044 2231 2100; x_wconf 82' lang='lat' dir='ltr'><strong>mundaverit</strong></span> 
     </span>
    </p>
   </div>
   <div class='ocr_carea' id='block_1_35' title="bbox 639 2134 2227 2201">
    <p class='ocr_par' dir='ltr' id='par_1_35' title="bbox 639 2134 2227 2201">
     <span class='ocr_line' id='line_1_35' title="bbox 639 2134 2227 2201; baseline -0.004 -6"><span class='ocrx_word' id='word_1_289' title='bbox 639 2138 837 2197; x_wconf 84' lang='lat' dir='ltr'><strong>Iudam</strong></span> <span class='ocrx_word' id='word_1_290' title='bbox 867 2148 927 2196; x_wconf 85' lang='lat' dir='ltr'><strong>et</strong></span> <span class='ocrx_word' id='word_1_291' title='bbox 952 2139 1290 2196; x_wconf 84' lang='lat' dir='ltr'><strong>Hierusalem</strong></span> <span class='ocrx_word' id='word_1_292' title='bbox 1318 2139 1387 2194; x_wconf 91' lang='lat' dir='ltr'><strong>ab</strong></span> <span class='ocrx_word' id='word_1_293' title='bbox 1413 2138 1675 2201; x_wconf 77' lang='lat' dir='ltr'><strong>excelsis,</strong></span> <span class='ocrx_word' id='word_1_294' title='bbox 1705 2146 1762 2192; x_wconf 87' lang='lat' dir='ltr'><strong>et</strong></span> <span class='ocrx_word' id='word_1_295' title='bbox 1798 2136 1936 2192; x_wconf 89' lang='lat' dir='ltr'><strong>lucis</strong></span> <span class='ocrx_word' id='word_1_296' title='bbox 1954 2176 1969 2200; x_wconf 93' lang='lat'><strong>,</strong></span> <span class='ocrx_word' id='word_1_297' title='bbox 2002 2134 2227 2190; x_wconf 90' lang='lat' dir='ltr'><strong>simula-</strong></span> 
     </span>
    </p>
   </div>
   <div class='ocr_carea' id='block_1_36' title="bbox 640 2225 2229 2302">
    <p class='ocr_par' dir='ltr' id='par_1_36' title="bbox 640 2225 2229 2302">
     <span class='ocr_line' id='line_1_36' title="bbox 640 2225 2229 2302; baseline -0.007 -12"><span class='ocrx_word' id='word_1_298' title='bbox 640 2231 895 2302; x_wconf 78' lang='lat' dir='ltr'><strong>crisque,</strong></span> <span class='ocrx_word' id='word_1_299' title='bbox 934 2240 989 2285; x_wconf 88' lang='lat' dir='ltr'><strong>et</strong></span> <span class='ocrx_word' id='word_1_300' title='bbox 1022 2231 1394 2300; x_wconf 86' lang='lat' dir='ltr'><strong>sculptilibus,</strong></span> <span class='ocrx_word' id='word_1_301' title='bbox 1432 2228 1870 2297; x_wconf 84' lang='lat' dir='ltr'><strong>destruxeritque</strong></span> <span class='ocrx_word' id='word_1_302' title='bbox 1908 2241 2034 2282; x_wconf 89' lang='lat' dir='ltr'><strong>aras</strong></span> <span class='ocrx_word' id='word_1_303' title='bbox 2062 2234 2119 2281; x_wconf 89' lang='lat' dir='ltr'><strong>et</strong></span> <span class='ocrx_word' id='word_1_304' title='bbox 2150 2225 2229 2280; x_wconf 86' lang='lat' dir='ltr'><strong>si-</strong></span> 
     </span>
    </p>
   </div>
   <div class='ocr_carea' id='block_1_37' title="bbox 642 2317 2227 2389">
    <p class='ocr_par' dir='ltr' id='par_1_37' title="bbox 642 2317 2227 2389">
     <span class='ocr_line' id='line_1_37' title="bbox 642 2317 2227 2389; baseline -0.005 -11"><span class='ocrx_word' id='word_1_305' title='bbox 642 2322 886 2378; x_wconf 79' lang='lat' dir='ltr'><strong>mulacra</strong></span> <span class='ocrx_word' id='word_1_306' title='bbox 904 2362 921 2387; x_wconf 87' lang='lat'><strong>,</strong></span> <span class='ocrx_word' id='word_1_307' title='bbox 951 2321 1104 2377; x_wconf 81' lang='lat' dir='ltr'><strong>lucos</strong></span> <span class='ocrx_word' id='word_1_308' title='bbox 1130 2333 1188 2375; x_wconf 87' lang='lat' dir='ltr'><strong>et</strong></span> <span class='ocrx_word' id='word_1_309' title='bbox 1214 2320 1485 2389; x_wconf 74' lang='lat' dir='ltr'><strong>sculptilis</strong></span> <span class='ocrx_word' id='word_1_310' title='bbox 1523 2319 1836 2375; x_wconf 80' lang='lat' dir='ltr'><strong>succiderit.</strong></span> <span class='ocrx_word' id='word_1_311' title='bbox 1868 2317 2113 2386; x_wconf 85' lang='lat' dir='ltr'><strong>Ossaque</strong></span> <span class='ocrx_word' id='word_1_312' title='bbox 2139 2332 2227 2371; x_wconf 89' lang='lat' dir='ltr'><strong>sa-</strong></span> 
     </span>
    </p>
   </div>
   <div class='ocr_carea' id='block_1_38' title="bbox 642 2406 2231 2472">
    <p class='ocr_par' dir='ltr' id='par_1_38' title="bbox 642 2406 2231 2472">
     <span class='ocr_line' id='line_1_38' title="bbox 642 2406 2231 2472; baseline -0.006 -5"><span class='ocrx_word' id='word_1_313' title='bbox 642 2413 922 2468; x_wconf 87' lang='lat' dir='ltr'><strong>cerdotum</strong></span> <span class='ocrx_word' id='word_1_314' title='bbox 963 2411 1325 2466; x_wconf 87' lang='lat' dir='ltr'><strong>combusserit</strong></span> <span class='ocrx_word' id='word_1_315' title='bbox 1352 2410 1408 2464; x_wconf 93' lang='lat' dir='ltr'><strong>in</strong></span> <span class='ocrx_word' id='word_1_316' title='bbox 1435 2409 1696 2463; x_wconf 84' lang='lat' dir='ltr'><strong>altaribus</strong></span> <span class='ocrx_word' id='word_1_317' title='bbox 1733 2406 2034 2472; x_wconf 86' lang='lat' dir='ltr'><strong>idolorum,</strong></span> <span class='ocrx_word' id='word_1_318' title='bbox 2075 2421 2231 2459; x_wconf 92' lang='lat' dir='ltr'><strong>mun-</strong></span> 
     </span>
    </p>
   </div>
   <div class='ocr_carea' id='block_1_39' title="bbox 642 2496 2230 2573">
    <p class='ocr_par' dir='ltr' id='par_1_39' title="bbox 642 2496 2230 2573">
     <span class='ocr_line' id='line_1_39' title="bbox 642 2496 2230 2573; baseline -0.006 -14"><span class='ocrx_word' id='word_1_319' title='bbox 642 2505 963 2573; x_wconf 76' lang='lat' dir='ltr'><strong>daveritque</strong></span> <span class='ocrx_word' id='word_1_320' title='bbox 985 2502 1183 2558; x_wconf 86' lang='lat' dir='ltr'><strong>Iudam</strong></span> <span class='ocrx_word' id='word_1_321' title='bbox 1211 2511 1269 2557; x_wconf 91' lang='lat' dir='ltr'><strong>et</strong></span> <span class='ocrx_word' id='word_1_322' title='bbox 1298 2499 1677 2565; x_wconf 76' lang='lat' dir='ltr'><strong>Hierusalem;</strong></span> <span class='ocrx_word' id='word_1_323' title='bbox 1711 2499 1806 2554; x_wconf 89' lang='lat' dir='ltr'><strong>sed</strong></span> <span class='ocrx_word' id='word_1_324' title='bbox 1842 2506 1895 2553; x_wconf 92' lang='lat' dir='ltr'><strong>et</strong></span> <span class='ocrx_word' id='word_1_325' title='bbox 1922 2499 1976 2551; x_wconf 92' lang='lat' dir='ltr'><strong>in</strong></span> <span class='ocrx_word' id='word_1_326' title='bbox 2008 2496 2230 2551; x_wconf 83' lang='lat' dir='ltr'><strong>urbibus</strong></span> 
     </span>
    </p>
   </div>
   <div class='ocr_carea' id='block_1_40' title="bbox 645 2587 2230 2664">
    <p class='ocr_par' dir='ltr' id='par_1_40' title="bbox 645 2587 2230 2664">
     <span class='ocr_line' id='line_1_40' title="bbox 645 2587 2230 2664; baseline -0.004 -14"><span class='ocrx_word' id='word_1_327' title='bbox 645 2595 895 2651; x_wconf 74' lang='lat' dir='ltr'><strong>Manasse</strong></span> <span class='ocrx_word' id='word_1_328' title='bbox 935 2602 993 2650; x_wconf 88' lang='lat' dir='ltr'><strong>et</strong></span> <span class='ocrx_word' id='word_1_329' title='bbox 1034 2594 1291 2664; x_wconf 88' lang='lat' dir='ltr'><strong>Ephraim</strong></span> <span class='ocrx_word' id='word_1_330' title='bbox 1346 2602 1402 2647; x_wconf 91' lang='lat' dir='ltr'><strong>et</strong></span> <span class='ocrx_word' id='word_1_331' title='bbox 1445 2592 1664 2648; x_wconf 86' lang='lat' dir='ltr'><strong>Simcon</strong></span> <span class='ocrx_word' id='word_1_332' title='bbox 1709 2605 1881 2659; x_wconf 89' lang='lat' dir='ltr'><strong>usque</strong></span> <span class='ocrx_word' id='word_1_333' title='bbox 1924 2587 2230 2659; x_wconf 86' lang='lat' dir='ltr'><strong>Nephtalim</strong></span> 
     </span>
    </p>
   </div>
   <div class='ocr_carea' id='block_1_41' title="bbox 640 2680 2229 2754">
    <p class='ocr_par' dir='ltr' id='par_1_41' title="bbox 640 2680 2229 2754">
     <span class='ocr_line' id='line_1_41' title="bbox 640 2680 2229 2754; baseline -0.004 -11"><span class='ocrx_word' id='word_1_334' title='bbox 640 2694 844 2743; x_wconf 77' lang='lat' dir='ltr'><strong>cuncta</strong></span> <span class='ocrx_word' id='word_1_335' title='bbox 867 2686 1213 2743; x_wconf 87' lang='lat' dir='ltr'><strong>subverterit.</strong></span> <span class='ocrx_word' id='word_1_336' title='bbox 1243 2684 1551 2741; x_wconf 88' lang='lat' dir='ltr'><strong>Secundum</strong></span> <span class='ocrx_word' id='word_1_337' title='bbox 1579 2682 1891 2754; x_wconf 76' lang='lat' dir='ltr'><strong>allegoriam</strong></span> <span class='ocrx_word' id='word_1_338' title='bbox 1918 2690 2103 2736; x_wconf 87' lang='lat' dir='ltr'><strong>autem</strong></span> <span class='ocrx_word' id='word_1_339' title='bbox 2130 2680 2229 2737; x_wconf 87' lang='lat' dir='ltr'><strong>Io-</strong></span> 
     </span>
    </p>
   </div>
   <div class='ocr_carea' id='block_1_42' title="bbox 653 2775 2233 2853">
    <p class='ocr_par' dir='ltr' id='par_1_42' title="bbox 653 2775 2233 2853">
     <span class='ocr_line' id='line_1_42' title="bbox 653 2775 2233 2853; baseline -0.005 -16"><span class='ocrx_word' id='word_1_340' title='bbox 653 2779 770 2837; x_wconf 81' lang='lat' dir='ltr'><strong>sias</strong></span> <span class='ocrx_word' id='word_1_341' title='bbox 792 2779 897 2836; x_wconf 90' lang='lat' dir='ltr'><strong>iste</strong></span> <span class='ocrx_word' id='word_1_342' title='bbox 920 2788 1106 2853; x_wconf 81' lang='lat' dir='ltr'><strong>typum</strong></span> <span class='ocrx_word' id='word_1_343' title='bbox 1131 2786 1278 2835; x_wconf 82' lang='lat' dir='ltr'><strong>tenet</strong></span> <span class='ocrx_word' id='word_1_344' title='bbox 1302 2779 1513 2835; x_wconf 89' lang='lat' dir='ltr'><strong>Domini</strong></span> <span class='ocrx_word' id='word_1_345' title='bbox 1539 2777 1857 2841; x_wconf 87' lang='lat' dir='ltr'><strong>Salvatoris,</strong></span> <span class='ocrx_word' id='word_1_346' title='bbox 1887 2776 1979 2845; x_wconf 90' lang='lat' dir='ltr'><strong>qui</strong></span> <span class='ocrx_word' id='word_1_347' title='bbox 2008 2775 2154 2830; x_wconf 87' lang='lat' dir='ltr'><strong>salus</strong></span> <span class='ocrx_word' id='word_1_348' title='bbox 2176 2782 2233 2829; x_wconf 89' lang='lat' dir='ltr'><strong>et</strong></span> 
     </span>
    </p>
   </div>
   <div class='ocr_carea' id='block_1_43' title="bbox 643 2868 2231 2940">
    <p class='ocr_par' dir='ltr' id='par_1_43' title="bbox 643 2868 2231 2940">
     <span class='ocr_line' id='line_1_43' title="bbox 643 2868 2231 2940; baseline -0.005 -12"><span class='ocrx_word' id='word_1_349' title='bbox 643 2871 910 2929; x_wconf 78' lang='lat' dir='ltr'><strong>fortitudo</strong></span> <span class='ocrx_word' id='word_1_350' title='bbox 930 2872 1143 2929; x_wconf 89' lang='lat' dir='ltr'><strong>Domini</strong></span> <span class='ocrx_word' id='word_1_351' title='bbox 1171 2872 1368 2928; x_wconf 89' lang='lat' dir='ltr'><strong>merito</strong></span> <span class='ocrx_word' id='word_1_352' title='bbox 1393 2872 1612 2937; x_wconf 86' lang='lat' dir='ltr'><strong>dicitur,</strong></span> <span class='ocrx_word' id='word_1_353' title='bbox 1638 2870 1764 2940; x_wconf 88' lang='lat' dir='ltr'><strong>quia</strong></span> <span class='ocrx_word' id='word_1_354' title='bbox 1791 2870 1907 2939; x_wconf 86' lang='lat' dir='ltr'><strong>ipse</strong></span> <span class='ocrx_word' id='word_1_355' title='bbox 1930 2876 2015 2923; x_wconf 85' lang='lat' dir='ltr'><strong>est</strong></span> <span class='ocrx_word' id='word_1_356' title='bbox 2036 2868 2104 2924; x_wconf 91' lang='lat' dir='ltr'><strong>de</strong></span> <span class='ocrx_word' id='word_1_357' title='bbox 2124 2881 2231 2936; x_wconf 90' lang='lat' dir='ltr'><strong>quo</strong></span> 
     </span>
    </p>
   </div>
   <div class='ocr_carea' id='block_1_44' title="bbox 646 2960 2233 3036">
    <p class='ocr_par' dir='ltr' id='par_1_44' title="bbox 646 2960 2233 3036">
     <span class='ocr_line' id='line_1_44' title="bbox 646 2960 2233 3036; baseline -0.006 -15"><span class='ocrx_word' id='word_1_358' title='bbox 646 2963 933 3036; x_wconf 77' lang='lat' dir='ltr'><strong>Scriptura</strong></span> <span class='ocrx_word' id='word_1_359' title='bbox 965 2966 1136 3021; x_wconf 90' lang='lat' dir='ltr'><strong>dicit:</strong></span> <span class='ocrx_word' id='word_1_360' title='bbox 1169 2982 1187 3016; x_wconf 77' lang='grc' dir='ltr'><strong>ι</strong></span> <span class='ocrx_word' id='word_1_361' title='bbox 1216 2964 1478 3020; x_wconf 87' lang='lat' dir='ltr'><strong>Dominus</strong></span> <span class='ocrx_word' id='word_1_362' title='bbox 1512 2962 1700 3029; x_wconf 82' lang='lat' dir='ltr'><strong>fortis,</strong></span> <span class='ocrx_word' id='word_1_363' title='bbox 1744 2960 2005 3016; x_wconf 90' lang='lat' dir='ltr'><strong>Dominus</strong></span> <span class='ocrx_word' id='word_1_364' title='bbox 2039 2967 2233 3028; x_wconf 90' lang='lat' dir='ltr'><strong>potens</strong></span> 
     </span>
    </p>
   </div>
   <div class='ocr_carea' id='block_1_45' title="bbox 647 3052 2231 3127">
    <p class='ocr_par' dir='ltr' id='par_1_45' title="bbox 647 3052 2231 3127">
     <span class='ocr_line' id='line_1_45' title="bbox 647 3052 2231 3127; baseline -0.005 -14"><span class='ocrx_word' id='word_1_365' title='bbox 647 3057 705 3113; x_wconf 84' lang='lat' dir='ltr'><strong>in</strong></span> <span class='ocrx_word' id='word_1_366' title='bbox 729 3056 917 3127; x_wconf 70' lang='lat' dir='ltr'><strong>prmlio</strong></span> <span class='ocrx_word' id='word_1_367' title='bbox 941 3055 961 3127; x_wconf 97' lang='lat'><strong>(</strong></span> <span class='ocrx_word' id='word_1_368' title='bbox 988 3055 1135 3111; x_wconf 76' lang='lat' dir='ltr'><strong>Psal.</strong></span> <span class='ocrx_word' id='word_1_369' title='bbox 1166 3071 1304 3111; x_wconf 80' lang='lat' dir='ltr'><strong>xxnt</strong></span> <span class='ocrx_word' id='word_1_370' title='bbox 1330 3056 1370 3127; x_wconf 87' lang='lat'><strong>).</strong></span> <span class='ocrx_word' id='word_1_371' title='bbox 1404 3075 1422 3108; x_wconf 78' lang='grc' dir='ltr'><strong>ι</strong></span> <span class='ocrx_word' id='word_1_372' title='bbox 1449 3055 1517 3110; x_wconf 89' lang='lat' dir='ltr'><strong>Et</strong></span> <span class='ocrx_word' id='word_1_373' title='bbox 1541 3053 1669 3109; x_wconf 81' lang='lat' dir='ltr'><strong>alibi</strong></span> <span class='ocrx_word' id='word_1_374' title='bbox 1701 3073 1714 3108; x_wconf 94' lang='lat'><strong>:</strong></span> <span class='ocrx_word' id='word_1_375' title='bbox 1750 3073 1769 3106; x_wconf 74' lang='grc' dir='ltr'><strong>ι</strong></span> <span class='ocrx_word' id='word_1_376' title='bbox 1796 3054 1916 3124; x_wconf 86' lang='lat' dir='ltr'><strong>Ipse</strong></span> <span class='ocrx_word' id='word_1_377' title='bbox 1942 3053 2090 3109; x_wconf 86' lang='lat' dir='ltr'><strong>enim</strong></span> <span class='ocrx_word' id='word_1_378' title='bbox 2120 3052 2231 3109; x_wconf 85' lang='lat' dir='ltr'><strong>sal-</strong></span> 
     </span>
    </p>
   </div>
   <div class='ocr_carea' id='block_1_46' title="bbox 645 3144 2229 3220">
    <p class='ocr_par' dir='ltr' id='par_1_46' title="bbox 645 3144 2229 3220">
     <span class='ocr_line' id='line_1_46' title="bbox 645 3144 2229 3220; baseline -0.005 -14"><span class='ocrx_word' id='word_1_379' title='bbox 645 3164 773 3206; x_wconf 82' lang='lat' dir='ltr'><strong>vum</strong></span> <span class='ocrx_word' id='word_1_380' title='bbox 801 3148 965 3205; x_wconf 83' lang='lat' dir='ltr'><strong>faciet</strong></span> <span class='ocrx_word' id='word_1_381' title='bbox 988 3148 1243 3220; x_wconf 81' lang='lat' dir='ltr'><strong>populum</strong></span> <span class='ocrx_word' id='word_1_382' title='bbox 1270 3162 1428 3203; x_wconf 85' lang='lat' dir='ltr'><strong>suum</strong></span> <span class='ocrx_word' id='word_1_383' title='bbox 1454 3164 1486 3203; x_wconf 91' lang='lat' dir='ltr'><strong>a</strong></span> <span class='ocrx_word' id='word_1_384' title='bbox 1510 3147 1751 3219; x_wconf 81' lang='lat' dir='ltr'><strong>peccatis</strong></span> <span class='ocrx_word' id='word_1_385' title='bbox 1772 3162 1963 3203; x_wconf 83' lang='lat' dir='ltr'><strong>eorum</strong></span> <span class='ocrx_word' id='word_1_386' title='bbox 1991 3144 2011 3218; x_wconf 93' lang='lat'><strong>(</strong></span> <span class='ocrx_word' id='word_1_387' title='bbox 2035 3145 2229 3200; x_wconf 71' lang='lat' dir='ltr'><strong>Matth.</strong></span> 
     </span>
    </p>
   </div>
   <div class='ocr_carea' id='block_1_47' title="bbox 2332 2041 3813 2115">
    <p class='ocr_par' dir='ltr' id='par_1_47' title="bbox 2332 2041 3813 2115">
     <span class='ocr_line' id='line_1_47' title="bbox 2332 2041 3813 2115; baseline -0.004 -13"><span class='ocrx_word' id='word_1_388' title='bbox 2332 2047 2450 2102; x_wconf 85' lang='lat' dir='ltr'><strong>vias</strong></span> <span class='ocrx_word' id='word_1_389' title='bbox 2485 2046 2663 2111; x_wconf 88' lang='lat' dir='ltr'><strong>illius,</strong></span> <span class='ocrx_word' id='word_1_390' title='bbox 2693 2047 2799 2101; x_wconf 88' lang='lat' dir='ltr'><strong>nisi</strong></span> <span class='ocrx_word' id='word_1_391' title='bbox 2833 2046 2977 2115; x_wconf 90' lang='lat' dir='ltr'><strong>quod</strong></span> <span class='ocrx_word' id='word_1_392' title='bbox 3006 2046 3062 2100; x_wconf 93' lang='lat' dir='ltr'><strong>in</strong></span> <span class='ocrx_word' id='word_1_393' title='bbox 3092 2045 3318 2114; x_wconf 88' lang='lat' dir='ltr'><strong>scriptis</strong></span> <span class='ocrx_word' id='word_1_394' title='bbox 3347 2041 3583 2098; x_wconf 52' lang='lat' dir='ltr'><strong>Ieremia)</strong></span> <span class='ocrx_word' id='word_1_395' title='bbox 3608 2052 3655 2096; x_wconf 88' lang='lat' dir='ltr'><strong>et</strong></span> <span class='ocrx_word' id='word_1_396' title='bbox 3675 2056 3813 2096; x_wconf 79' lang='lat' dir='ltr'><strong>senm-</strong></span> 
     </span>
    </p>
   </div>
   <div class='ocr_carea' id='block_1_48' title="bbox 2331 2132 3815 2209">
    <p class='ocr_par' dir='ltr' id='par_1_48' title="bbox 2331 2132 3815 2209">
     <span class='ocr_line' id='line_1_48' title="bbox 2331 2132 3815 2209; baseline -0.005 -13"><span class='ocrx_word' id='word_1_397' title='bbox 2331 2142 2493 2197; x_wconf 88' lang='lat' dir='ltr'><strong>nibus</strong></span> <span class='ocrx_word' id='word_1_398' title='bbox 2517 2138 2636 2208; x_wconf 83' lang='lat' dir='ltr'><strong>ejus</strong></span> <span class='ocrx_word' id='word_1_399' title='bbox 2653 2178 2668 2205; x_wconf 91' lang='lat'><strong>,</strong></span> <span class='ocrx_word' id='word_1_400' title='bbox 2700 2139 2971 2209; x_wconf 78' lang='lat' dir='ltr'><strong>patefacta</strong></span> <span class='ocrx_word' id='word_1_401' title='bbox 3000 2145 3085 2192; x_wconf 89' lang='lat' dir='ltr'><strong>est</strong></span> <span class='ocrx_word' id='word_1_402' title='bbox 3111 2136 3353 2191; x_wconf 80' lang='lat' dir='ltr'><strong>vastatio</strong></span> <span class='ocrx_word' id='word_1_403' title='bbox 3378 2134 3549 2189; x_wconf 80' lang='lat' dir='ltr'><strong>futura</strong></span> <span class='ocrx_word' id='word_1_404' title='bbox 3574 2132 3815 2189; x_wconf 61' lang='lat' dir='ltr'><strong>illorum</strong></span> 
     </span>
    </p>
   </div>
   <div class='ocr_carea' id='block_1_49' title="bbox 2328 2224 3817 2301">
    <p class='ocr_par' dir='ltr' id='par_1_49' title="bbox 2328 2224 3817 2301">
     <span class='ocr_line' id='line_1_49' title="bbox 2328 2224 3817 2301; baseline -0.008 -13"><span class='ocrx_word' id='word_1_405' title='bbox 2328 2241 2388 2288; x_wconf 88' lang='lat' dir='ltr'><strong>et</strong></span> <span class='ocrx_word' id='word_1_406' title='bbox 2410 2233 2642 2288; x_wconf 81' lang='lat' dir='ltr'><strong>ﬁliarum</strong></span> <span class='ocrx_word' id='word_1_407' title='bbox 2665 2230 2820 2301; x_wconf 88' lang='lat' dir='ltr'><strong>ejus?</strong></span> <span class='ocrx_word' id='word_1_408' title='bbox 2843 2229 2968 2284; x_wconf 89' lang='lat' dir='ltr'><strong>Fuit</strong></span> <span class='ocrx_word' id='word_1_409' title='bbox 2989 2228 3134 2283; x_wconf 90' lang='lat' dir='ltr'><strong>enim</strong></span> <span class='ocrx_word' id='word_1_410' title='bbox 3158 2228 3307 2284; x_wconf 89' lang='lat' dir='ltr'><strong>idem</strong></span> <span class='ocrx_word' id='word_1_411' title='bbox 3332 2224 3598 2297; x_wconf 79' lang='lat' dir='ltr'><strong>propheta,</strong></span> <span class='ocrx_word' id='word_1_412' title='bbox 3621 2225 3730 2279; x_wconf 87' lang='lat' dir='ltr'><strong>sicut</strong></span> <span class='ocrx_word' id='word_1_413' title='bbox 3746 2224 3817 2291; x_wconf 77' lang='lat' dir='ltr'><strong>ipse</strong></span> 
     </span>
    </p>
   </div>
   <div class='ocr_carea' id='block_1_50' title="bbox 2332 2316 3817 2393">
    <p class='ocr_par' dir='ltr' id='par_1_50' title="bbox 2332 2316 3817 2393">
     <span class='ocr_line' id='line_1_50' title="bbox 2332 2316 3817 2393; baseline -0.009 -14"><span class='ocrx_word' id='word_1_414' title='bbox 2332 2333 2590 2389; x_wconf 83' lang='lat' dir='ltr'><strong>testatur,</strong></span> <span class='ocrx_word' id='word_1_415' title='bbox 2622 2322 2961 2393; x_wconf 86' lang='lat' dir='ltr'><strong>temporibus</strong></span> <span class='ocrx_word' id='word_1_416' title='bbox 2987 2320 3183 2385; x_wconf 69' lang='lat' dir='ltr'><strong>Iosire,</strong></span> <span class='ocrx_word' id='word_1_417' title='bbox 3214 2318 3497 2382; x_wconf 84' lang='lat' dir='ltr'><strong>Ioachim,</strong></span> <span class='ocrx_word' id='word_1_418' title='bbox 3525 2316 3817 2378; x_wconf 76' lang='lat' dir='ltr'><strong>Iechouia,et</strong></span> 
     </span>
    </p>
   </div>
   <div class='ocr_carea' id='block_1_51' title="bbox 2332 2404 3817 2482">
    <p class='ocr_par' dir='ltr' id='par_1_51' title="bbox 2332 2404 3817 2482">
     <span class='ocr_line' id='line_1_51' title="bbox 2332 2404 3817 2482; baseline -0.009 -11"><span class='ocrx_word' id='word_1_419' title='bbox 2332 2415 2614 2471; x_wconf 70' lang='lat' dir='ltr'><strong>Sedecbize</strong></span> <span class='ocrx_word' id='word_1_420' title='bbox 2651 2428 2840 2482; x_wconf 78' lang='lat' dir='ltr'><strong>regum</strong></span> <span class='ocrx_word' id='word_1_421' title='bbox 2876 2412 3016 2469; x_wconf 88' lang='lat' dir='ltr'><strong>Iuda</strong></span> <span class='ocrx_word' id='word_1_422' title='bbox 3043 2431 3056 2465; x_wconf 90' lang='lat'><strong>:</strong></span> <span class='ocrx_word' id='word_1_423' title='bbox 3090 2426 3314 2481; x_wconf 83' lang='lat' dir='ltr'><strong>semper</strong></span> <span class='ocrx_word' id='word_1_424' title='bbox 3338 2409 3583 2480; x_wconf 88' lang='lat' dir='ltr'><strong>populum</strong></span> <span class='ocrx_word' id='word_1_425' title='bbox 3607 2422 3633 2461; x_wconf 88' lang='lat' dir='ltr'><strong>a</strong></span> <span class='ocrx_word' id='word_1_426' title='bbox 3655 2404 3817 2474; x_wconf 68' lang='lat' dir='ltr'><strong>persius</strong></span> 
     </span>
    </p>
   </div>
   <div class='ocr_carea' id='block_1_52' title="bbox 2332 2499 3816 2575">
    <p class='ocr_par' dir='ltr' id='par_1_52' title="bbox 2332 2499 3816 2575">
     <span class='ocr_line' id='line_1_52' title="bbox 2332 2499 3816 2575; baseline -0.008 -12"><span class='ocrx_word' id='word_1_427' title='bbox 2332 2519 2715 2575; x_wconf 83' lang='lat' dir='ltr'><strong>compescens,</strong></span> <span class='ocrx_word' id='word_1_428' title='bbox 2747 2512 2805 2560; x_wconf 91' lang='lat' dir='ltr'><strong>et</strong></span> <span class='ocrx_word' id='word_1_429' title='bbox 2834 2504 2901 2559; x_wconf 88' lang='lat' dir='ltr'><strong>ad</strong></span> <span class='ocrx_word' id='word_1_430' title='bbox 2932 2503 3351 2558; x_wconf 87' lang='lat' dir='ltr'><strong>conversionem</strong></span> <span class='ocrx_word' id='word_1_431' title='bbox 3380 2508 3536 2570; x_wconf 86' lang='lat' dir='ltr'><strong>atque</strong></span> <span class='ocrx_word' id='word_1_432' title='bbox 3569 2499 3684 2553; x_wconf 83' lang='lat' dir='ltr'><strong>bona</strong></span> <span class='ocrx_word' id='word_1_433' title='bbox 3709 2508 3816 2566; x_wconf 78' lang='lat' dir='ltr'><strong>opera</strong></span> 
     </span>
    </p>
   </div>
   <div class='ocr_carea' id='block_1_53' title="bbox 2331 2585 3816 2669">
    <p class='ocr_par' dir='ltr' id='par_1_53' title="bbox 2331 2585 3816 2669">
     <span class='ocr_line' id='line_1_53' title="bbox 2331 2585 3816 2669; baseline -0.011 -17"><span class='ocrx_word' id='word_1_434' title='bbox 2331 2612 2676 2669; x_wconf 85' lang='lat' dir='ltr'><strong>provocans;</strong></span> <span class='ocrx_word' id='word_1_435' title='bbox 2711 2595 2804 2651; x_wconf 84' lang='lat' dir='ltr'><strong>sed</strong></span> <span class='ocrx_word' id='word_1_436' title='bbox 2838 2595 2942 2665; x_wconf 88' lang='lat' dir='ltr'><strong>ipsi</strong></span> <span class='ocrx_word' id='word_1_437' title='bbox 2975 2594 3117 2648; x_wconf 89' lang='lat' dir='ltr'><strong>male</strong></span> <span class='ocrx_word' id='word_1_438' title='bbox 3146 2599 3520 2648; x_wconf 85' lang='lat' dir='ltr'><strong>tractaverunt</strong></span> <span class='ocrx_word' id='word_1_439' title='bbox 3544 2589 3698 2652; x_wconf 83' lang='lat' dir='ltr'><strong>illum,</strong></span> <span class='ocrx_word' id='word_1_440' title='bbox 3718 2585 3816 2655; x_wconf 73' lang='lat' dir='ltr'><strong>quia</strong></span> 
     </span>
    </p>
   </div>
   <div class='ocr_carea' id='block_1_54' title="bbox 2333 2685 3819 2756">
    <p class='ocr_par' dir='ltr' id='par_1_54' title="bbox 2333 2685 3819 2756">
     <span class='ocr_line' id='line_1_54' title="bbox 2333 2685 3819 2756; baseline -0.009 -12"><span class='ocrx_word' id='word_1_441' title='bbox 2333 2700 2523 2747; x_wconf 89' lang='lat' dir='ltr'><strong>ventre</strong></span> <span class='ocrx_word' id='word_1_442' title='bbox 2551 2688 2742 2744; x_wconf 89' lang='lat' dir='ltr'><strong>matris</strong></span> <span class='ocrx_word' id='word_1_443' title='bbox 2771 2693 3122 2743; x_wconf 88' lang='lat' dir='ltr'><strong>consecratus</strong></span> <span class='ocrx_word' id='word_1_444' title='bbox 3154 2693 3241 2741; x_wconf 87' lang='lat' dir='ltr'><strong>est</strong></span> <span class='ocrx_word' id='word_1_445' title='bbox 3268 2685 3529 2756; x_wconf 83' lang='lat' dir='ltr'><strong>propheta</strong></span> <span class='ocrx_word' id='word_1_446' title='bbox 3548 2722 3563 2746; x_wconf 92' lang='lat'><strong>,</strong></span> <span class='ocrx_word' id='word_1_447' title='bbox 3587 2688 3770 2737; x_wconf 80' lang='lat' dir='ltr'><strong>evertere</strong></span> <span class='ocrx_word' id='word_1_448' title='bbox 3784 2686 3819 2730; x_wconf 78' lang='lat' dir='ltr'><strong>et</strong></span> 
     </span>
    </p>
   </div>
   <div class='ocr_carea' id='block_1_55' title="bbox 2332 2777 3812 2851">
    <p class='ocr_par' dir='ltr' id='par_1_55' title="bbox 2332 2777 3812 2851">
     <span class='ocr_line' id='line_1_55' title="bbox 2332 2777 3812 2851; baseline -0.008 -13"><span class='ocrx_word' id='word_1_449' title='bbox 2332 2796 2530 2838; x_wconf 86' lang='lat' dir='ltr'><strong>eruere</strong></span> <span class='ocrx_word' id='word_1_450' title='bbox 2562 2790 2619 2837; x_wconf 91' lang='lat' dir='ltr'><strong>et</strong></span> <span class='ocrx_word' id='word_1_451' title='bbox 2654 2781 2883 2851; x_wconf 84' lang='lat' dir='ltr'><strong>perdere</strong></span> <span class='ocrx_word' id='word_1_452' title='bbox 2903 2820 2919 2846; x_wconf 94' lang='lat'><strong>,</strong></span> <span class='ocrx_word' id='word_1_453' title='bbox 2953 2787 3011 2835; x_wconf 90' lang='lat' dir='ltr'><strong>et</strong></span> <span class='ocrx_word' id='word_1_454' title='bbox 3037 2778 3237 2834; x_wconf 86' lang='lat' dir='ltr'><strong>iterum</strong></span> <span class='ocrx_word' id='word_1_455' title='bbox 3269 2777 3536 2833; x_wconf 79' lang='lat' dir='ltr'><strong>:editicare</strong></span> <span class='ocrx_word' id='word_1_456' title='bbox 3560 2785 3608 2831; x_wconf 90' lang='lat' dir='ltr'><strong>et</strong></span> <span class='ocrx_word' id='word_1_457' title='bbox 3632 2785 3812 2829; x_wconf 78' lang='lat' dir='ltr'><strong>renovare</strong></span> 
     </span>
    </p>
   </div>
   <div class='ocr_carea' id='block_1_56' title="bbox 2334 2867 3817 2946">
    <p class='ocr_par' dir='ltr' id='par_1_56' title="bbox 2334 2867 3817 2946">
     <span class='ocr_line' id='line_1_56' title="bbox 2334 2867 3817 2946; baseline -0.003 -17"><span class='ocrx_word' id='word_1_458' title='bbox 2334 2874 2489 2946; x_wconf 62' lang='grc' dir='ltr'><strong>(λετ.</strong></span> <span class='ocrx_word' id='word_1_459' title='bbox 2522 2891 2539 2929; x_wconf 91' lang='grc' dir='ltr'><strong>ι</strong></span> <span class='ocrx_word' id='word_1_460' title='bbox 2564 2874 2604 2946; x_wconf 94' lang='grc'><strong>).</strong></span> <span class='ocrx_word' id='word_1_461' title='bbox 2633 2874 2713 2928; x_wconf 86' lang='lat' dir='ltr'><strong>Ita</strong></span> <span class='ocrx_word' id='word_1_462' title='bbox 2738 2872 2884 2926; x_wconf 90' lang='lat' dir='ltr'><strong>enim</strong></span> <span class='ocrx_word' id='word_1_463' title='bbox 2913 2872 2967 2926; x_wconf 92' lang='lat' dir='ltr'><strong>in</strong></span> <span class='ocrx_word' id='word_1_464' title='bbox 2997 2871 3187 2926; x_wconf 88' lang='lat' dir='ltr'><strong>eodem</strong></span> <span class='ocrx_word' id='word_1_465' title='bbox 3213 2869 3485 2940; x_wconf 87' lang='lat' dir='ltr'><strong>propheta</strong></span> <span class='ocrx_word' id='word_1_466' title='bbox 3508 2867 3726 2936; x_wconf 75' lang='lat' dir='ltr'><strong>scriptun</strong></span> <span class='ocrx_word' id='word_1_467' title='bbox 3744 2871 3817 2924; x_wconf 70' lang='lat' dir='ltr'><strong>est.</strong></span> 
     </span>
    </p>
   </div>
   <div class='ocr_carea' id='block_1_57' title="bbox 2335 2952 3819 3031">
    <p class='ocr_par' dir='ltr' id='par_1_57' title="bbox 2335 2952 3819 3031">
     <span class='ocr_line' id='line_1_57' title="bbox 2335 2952 3819 3031; baseline -0.01 -9"><span class='ocrx_word' id='word_1_468' title='bbox 2335 2967 2551 3022; x_wconf 88' lang='lat' dir='ltr'><strong>dicente</strong></span> <span class='ocrx_word' id='word_1_469' title='bbox 2578 2965 2646 3020; x_wconf 92' lang='lat' dir='ltr'><strong>ad</strong></span> <span class='ocrx_word' id='word_1_470' title='bbox 2672 2979 2797 3020; x_wconf 89' lang='lat' dir='ltr'><strong>eum</strong></span> <span class='ocrx_word' id='word_1_471' title='bbox 2823 2962 3053 3018; x_wconf 87' lang='lat' dir='ltr'><strong>Domino</strong></span> <span class='ocrx_word' id='word_1_472' title='bbox 3079 2976 3094 3015; x_wconf 91' lang='lat'><strong>:</strong></span> <span class='ocrx_word' id='word_1_473' title='bbox 3127 2978 3148 3013; x_wconf 76' lang='grc' dir='ltr'><strong>ι</strong></span> <span class='ocrx_word' id='word_1_474' title='bbox 3176 2960 3324 3016; x_wconf 89' lang='lat' dir='ltr'><strong>Ecce</strong></span> <span class='ocrx_word' id='word_1_475' title='bbox 3346 2974 3447 3031; x_wconf 81' lang='lat' dir='ltr'><strong>ego</strong></span> <span class='ocrx_word' id='word_1_476' title='bbox 3466 2955 3688 3014; x_wconf 85' lang='lat' dir='ltr'><strong>constitui</strong></span> <span class='ocrx_word' id='word_1_477' title='bbox 3708 2952 3819 3011; x_wconf 72' lang='lat' dir='ltr'><strong>telu-</strong></span> 
     </span>
    </p>
   </div>
   <div class='ocr_carea' id='block_1_58' title="bbox 2336 3048 3816 3130">
    <p class='ocr_par' dir='ltr' id='par_1_58' title="bbox 2336 3048 3816 3130">
     <span class='ocr_line' id='line_1_58' title="bbox 2336 3048 3816 3130; baseline -0.008 -15"><span class='ocrx_word' id='word_1_478' title='bbox 2336 3060 2426 3115; x_wconf 91' lang='lat' dir='ltr'><strong>die</strong></span> <span class='ocrx_word' id='word_1_479' title='bbox 2458 3074 2624 3129; x_wconf 88' lang='lat' dir='ltr'><strong>super</strong></span> <span class='ocrx_word' id='word_1_480' title='bbox 2652 3068 2840 3130; x_wconf 88' lang='lat' dir='ltr'><strong>gentes</strong></span> <span class='ocrx_word' id='word_1_481' title='bbox 2866 3067 2922 3116; x_wconf 91' lang='lat' dir='ltr'><strong>et</strong></span> <span class='ocrx_word' id='word_1_482' title='bbox 2948 3074 3113 3129; x_wconf 88' lang='lat' dir='ltr'><strong>super</strong></span> <span class='ocrx_word' id='word_1_483' title='bbox 3150 3072 3322 3129; x_wconf 76' lang='lat' dir='ltr'><strong>regna</strong></span> <span class='ocrx_word' id='word_1_484' title='bbox 3342 3097 3359 3124; x_wconf 88' lang='lat'><strong>,</strong></span> <span class='ocrx_word' id='word_1_485' title='bbox 3391 3063 3447 3113; x_wconf 87' lang='lat' dir='ltr'><strong>et</strong></span> <span class='ocrx_word' id='word_1_486' title='bbox 3470 3053 3672 3117; x_wconf 79' lang='lat' dir='ltr'><strong>evellas,</strong></span> <span class='ocrx_word' id='word_1_487' title='bbox 3694 3059 3737 3105; x_wconf 87' lang='lat' dir='ltr'><strong>et</strong></span> <span class='ocrx_word' id='word_1_488' title='bbox 3756 3048 3816 3103; x_wconf 75' lang='lat' dir='ltr'><strong>de-</strong></span> 
     </span>
    </p>
   </div>
   <div class='ocr_carea' id='block_1_59' title="bbox 2336 3140 3820 3220">
    <p class='ocr_par' dir='ltr' id='par_1_59' title="bbox 2336 3140 3820 3220">
     <span class='ocr_line' id='line_1_59' title="bbox 2336 3140 3820 3220; baseline -0.007 -13"><span class='ocrx_word' id='word_1_489' title='bbox 2336 3159 2539 3213; x_wconf 87' lang='lat' dir='ltr'><strong>struas,</strong></span> <span class='ocrx_word' id='word_1_490' title='bbox 2564 3157 2619 3205; x_wconf 92' lang='lat' dir='ltr'><strong>et</strong></span> <span class='ocrx_word' id='word_1_491' title='bbox 2644 3150 2945 3220; x_wconf 85' lang='lat' dir='ltr'><strong>disperdas,</strong></span> <span class='ocrx_word' id='word_1_492' title='bbox 2973 3160 3029 3205; x_wconf 88' lang='lat' dir='ltr'><strong>et</strong></span> <span class='ocrx_word' id='word_1_493' title='bbox 3057 3149 3313 3219; x_wconf 86' lang='lat' dir='ltr'><strong>dissipes,</strong></span> <span class='ocrx_word' id='word_1_494' title='bbox 3343 3155 3400 3205; x_wconf 92' lang='lat' dir='ltr'><strong>et</strong></span> <span class='ocrx_word' id='word_1_495' title='bbox 3420 3144 3648 3210; x_wconf 71' lang='lat' dir='ltr'><strong>aediﬁces,</strong></span> <span class='ocrx_word' id='word_1_496' title='bbox 3666 3150 3709 3198; x_wconf 85' lang='lat' dir='ltr'><strong>et</strong></span> <span class='ocrx_word' id='word_1_497' title='bbox 3724 3140 3820 3211; x_wconf 63' lang='lat' dir='ltr'><strong>plu-</strong></span> 
     </span>
    </p>
   </div>
   <div class='ocr_carea' id='block_1_60' title="bbox 649 3218 3821 3316">
    <p class='ocr_par' dir='ltr' id='par_1_60' title="bbox 649 3218 3821 3316">
     <span class='ocr_line' id='line_1_60' title="bbox 649 3218 3821 3316; baseline -0.003 -17"><span class='ocrx_word' id='word_1_498' title='bbox 649 3242 732 3316; x_wconf 88' lang='lat' dir='ltr'><strong>I).</strong></span> <span class='ocrx_word' id='word_1_499' title='bbox 764 3258 782 3294; x_wconf 78' lang='grc' dir='ltr'><strong>ι</strong></span> <span class='ocrx_word' id='word_1_500' title='bbox 812 3241 931 3314; x_wconf 78' lang='lat' dir='ltr'><strong>Ipse</strong></span> <span class='ocrx_word' id='word_1_501' title='bbox 964 3218 1185 3313; x_wconf 73' lang='lat' dir='ltr'><strong>quidem</strong></span> <span class='ocrx_word' id='word_1_502' title='bbox 1225 3242 1342 3296; x_wconf 86' lang='lat' dir='ltr'><strong>zelo</strong></span> <span class='ocrx_word' id='word_1_503' title='bbox 1374 3242 1464 3297; x_wconf 89' lang='lat' dir='ltr'><strong>dei</strong></span> <span class='ocrx_word' id='word_1_504' title='bbox 1504 3242 1731 3297; x_wconf 80' lang='lat' dir='ltr'><strong>mundat</strong></span> <span class='ocrx_word' id='word_1_505' title='bbox 1764 3249 1969 3297; x_wconf 82' lang='lat' dir='ltr'><strong>terram</strong></span> <span class='ocrx_word' id='word_1_506' title='bbox 2001 3237 2140 3297; x_wconf 84' lang='lat' dir='ltr'><strong>Iuda</strong></span> <span class='ocrx_word' id='word_1_507' title='bbox 2178 3248 2234 3294; x_wconf 92' lang='lat' dir='ltr'><strong>et</strong></span> <span class='ocrx_word' id='word_1_508' title='bbox 2258 3218 2308 3283; x_wconf 68' lang='grc' dir='ltr'>α</span> <span class='ocrx_word' id='word_1_509' title='bbox 2339 3250 2421 3299; x_wconf 89' lang='lat' dir='ltr'><strong>tes</strong></span> <span class='ocrx_word' id='word_1_510' title='bbox 2449 3241 2685 3314; x_wconf 48' lang='grc' dir='ltr'><strong>(Μὴ).</strong></span> <span class='ocrx_word' id='word_1_511' title='bbox 2719 3218 2744 3296; x_wconf 38' lang='grc' dir='ltr'><strong>ι-</strong></span> <span class='ocrx_word' id='word_1_512' title='bbox 2763 3218 3235 3299; x_wconf 72' lang='lat' dir='ltr'><strong>Considerandum</strong></span> <span class='ocrx_word' id='word_1_513' title='bbox 3259 3242 3405 3312; x_wconf 88' lang='lat' dir='ltr'><strong>quod</strong></span> <span class='ocrx_word' id='word_1_514' title='bbox 3429 3247 3639 3310; x_wconf 86' lang='lat' dir='ltr'><strong>quatuor</strong></span> <span class='ocrx_word' id='word_1_515' title='bbox 3657 3232 3821 3291; x_wconf 67' lang='lat' dir='ltr'><strong>tristibus</strong></span> 
     </span>
    </p>
   </div>
   <div class='ocr_carea' id='block_1_61' title="bbox 648 3334 2237 3391">
    <p class='ocr_par' dir='ltr' id='par_1_61' title="bbox 648 3334 2237 3391">
     <span class='ocr_line' id='line_1_61' title="bbox 648 3334 2237 3391; baseline 0.001 -1"><span class='ocrx_word' id='word_1_516' title='bbox 648 3334 988 3391; x_wconf 76' lang='lat' dir='ltr'><strong>Hierusalem</strong></span> <span class='ocrx_word' id='word_1_517' title='bbox 1026 3337 1095 3391; x_wconf 91' lang='lat' dir='ltr'><strong>ab</strong></span> <span class='ocrx_word' id='word_1_518' title='bbox 1129 3335 1381 3391; x_wconf 76' lang='lat' dir='ltr'><strong>omnibus</strong></span> <span class='ocrx_word' id='word_1_519' title='bbox 1411 3335 1768 3391; x_wconf 78' lang='lat' dir='ltr'><strong>immtmditiis</strong></span> <span class='ocrx_word' id='word_1_520' title='bbox 1788 3343 1847 3389; x_wconf 90' lang='lat' dir='ltr'><strong>et</strong></span> <span class='ocrx_word' id='word_1_521' title='bbox 1874 3334 2237 3391; x_wconf 81' lang='lat' dir='ltr'><strong>abominatio-</strong></span> 
     </span>
    </p>
   </div>
   <div class='ocr_carea' id='block_1_62' title="bbox 650 3425 2239 3498">
    <p class='ocr_par' dir='ltr' id='par_1_62' title="bbox 650 3425 2239 3498">
     <span class='ocr_line' id='line_1_62' title="bbox 650 3425 2239 3498; baseline 0 -16"><span class='ocrx_word' id='word_1_522' title='bbox 650 3428 843 3494; x_wconf 83' lang='lat' dir='ltr'><strong>nibus,</strong></span> <span class='ocrx_word' id='word_1_523' title='bbox 871 3428 965 3497; x_wconf 88' lang='lat' dir='ltr'><strong>qui</strong></span> <span class='ocrx_word' id='word_1_524' title='bbox 995 3442 1091 3498; x_wconf 88' lang='lat' dir='ltr'><strong>per</strong></span> <span class='ocrx_word' id='word_1_525' title='bbox 1114 3427 1441 3498; x_wconf 85' lang='lat' dir='ltr'><strong>Prophetam</strong></span> <span class='ocrx_word' id='word_1_526' title='bbox 1468 3425 1642 3481; x_wconf 91' lang='lat' dir='ltr'><strong>dixit:</strong></span> <span class='ocrx_word' id='word_1_527' title='bbox 1672 3445 1691 3478; x_wconf 71' lang='grc' dir='ltr'><strong>ι</strong></span> <span class='ocrx_word' id='word_1_528' title='bbox 1722 3427 1881 3483; x_wconf 75' lang='lat' dir='ltr'><strong>Zelus</strong></span> <span class='ocrx_word' id='word_1_529' title='bbox 1903 3426 2097 3482; x_wconf 84' lang='lat' dir='ltr'><strong>domus</strong></span> <span class='ocrx_word' id='word_1_530' title='bbox 2132 3435 2239 3482; x_wconf 83' lang='lat' dir='ltr'><strong>tuae</strong></span> 
     </span>
    </p>
   </div>
   <div class='ocr_carea' id='block_1_63' title="bbox 649 3517 2238 3589">
    <p class='ocr_par' dir='ltr' id='par_1_63' title="bbox 649 3517 2238 3589">
     <span class='ocr_line' id='line_1_63' title="bbox 649 3517 2238 3589; baseline -0.001 -14"><span class='ocrx_word' id='word_1_531' title='bbox 649 3519 888 3575; x_wconf 85' lang='lat' dir='ltr'><strong>comedit</strong></span> <span class='ocrx_word' id='word_1_532' title='bbox 913 3534 1001 3574; x_wconf 88' lang='lat' dir='ltr'><strong>me</strong></span> <span class='ocrx_word' id='word_1_533' title='bbox 1029 3518 1047 3589; x_wconf 94' lang='lat'>(</span> <span class='ocrx_word' id='word_1_534' title='bbox 1072 3517 1222 3574; x_wconf 79' lang='lat' dir='ltr'><strong>Psat.</strong></span> <span class='ocrx_word' id='word_1_535' title='bbox 1251 3534 1416 3574; x_wconf 79' lang='lat' dir='ltr'><strong>vam</strong></span> <span class='ocrx_word' id='word_1_536' title='bbox 1442 3518 1481 3589; x_wconf 91' lang='lat'><strong>).</strong></span> <span class='ocrx_word' id='word_1_537' title='bbox 1518 3538 1535 3569; x_wconf 77' lang='grc' dir='ltr'><strong>ι</strong></span> <span class='ocrx_word' id='word_1_538' title='bbox 1567 3518 1642 3573; x_wconf 92' lang='lat' dir='ltr'><strong>De</strong></span> <span class='ocrx_word' id='word_1_539' title='bbox 1671 3534 1778 3588; x_wconf 93' lang='lat' dir='ltr'><strong>quo</strong></span> <span class='ocrx_word' id='word_1_540' title='bbox 1803 3527 1857 3574; x_wconf 91' lang='lat' dir='ltr'><strong>et</strong></span> <span class='ocrx_word' id='word_1_541' title='bbox 1886 3517 2123 3574; x_wconf 87' lang='lat' dir='ltr'><strong>Joannes</strong></span> <span class='ocrx_word' id='word_1_542' title='bbox 2152 3518 2238 3573; x_wconf 87' lang='lat' dir='ltr'><strong>di-</strong></span> 
     </span>
    </p>
   </div>
   <div class='ocr_carea' id='block_1_64' title="bbox 650 3609 2240 3682">
    <p class='ocr_par' dir='ltr' id='par_1_64' title="bbox 650 3609 2240 3682">
     <span class='ocr_line' id='line_1_64' title="bbox 650 3609 2240 3682; baseline -0.001 -16"><span class='ocrx_word' id='word_1_543' title='bbox 650 3610 727 3666; x_wconf 90' lang='lat' dir='ltr'><strong>cit</strong></span> <span class='ocrx_word' id='word_1_544' title='bbox 753 3629 765 3664; x_wconf 88' lang='lat'><strong>:</strong></span> <span class='ocrx_word' id='word_1_545' title='bbox 799 3627 818 3661; x_wconf 76' lang='grc' dir='ltr'><strong>ι</strong></span> <span class='ocrx_word' id='word_1_546' title='bbox 847 3609 1013 3682; x_wconf 86' lang='lat' dir='ltr'><strong>Cujus</strong></span> <span class='ocrx_word' id='word_1_547' title='bbox 1036 3610 1400 3665; x_wconf 84' lang='lat' dir='ltr'><strong>ventilabrum</strong></span> <span class='ocrx_word' id='word_1_548' title='bbox 1427 3610 1483 3664; x_wconf 78' lang='lat' dir='ltr'><strong>in</strong></span> <span class='ocrx_word' id='word_1_549' title='bbox 1522 3625 1686 3664; x_wconf 85' lang='lat' dir='ltr'><strong>manu</strong></span> <span class='ocrx_word' id='word_1_550' title='bbox 1728 3626 1825 3665; x_wconf 88' lang='lat' dir='ltr'><strong>sua</strong></span> <span class='ocrx_word' id='word_1_551' title='bbox 1845 3652 1859 3675; x_wconf 92' lang='lat'><strong>,</strong></span> <span class='ocrx_word' id='word_1_552' title='bbox 1898 3620 1953 3666; x_wconf 90' lang='lat' dir='ltr'><strong>et</strong></span> <span class='ocrx_word' id='word_1_553' title='bbox 1985 3610 2240 3681; x_wconf 84' lang='lat' dir='ltr'><strong>purgabit</strong></span> 
     </span>
    </p>
   </div>
   <div class='ocr_carea' id='block_1_65' title="bbox 648 3698 2237 3770">
    <p class='ocr_par' dir='ltr' id='par_1_65' title="bbox 648 3698 2237 3770">
     <span class='ocr_line' id='line_1_65' title="bbox 648 3698 2237 3770; baseline 0 -17"><span class='ocrx_word' id='word_1_554' title='bbox 648 3704 838 3755; x_wconf 78' lang='lat' dir='ltr'><strong>areum</strong></span> <span class='ocrx_word' id='word_1_555' title='bbox 865 3714 1018 3755; x_wconf 87' lang='lat' dir='ltr'><strong>suam</strong></span> <span class='ocrx_word' id='word_1_556' title='bbox 1045 3699 1063 3769; x_wconf 89' lang='lat'><strong>(</strong></span> <span class='ocrx_word' id='word_1_557' title='bbox 1088 3698 1281 3754; x_wconf 69' lang='lat' dir='ltr'><strong>Matth.</strong></span> <span class='ocrx_word' id='word_1_558' title='bbox 1309 3716 1369 3754; x_wconf 88' lang='grc' dir='ltr'><strong>ιιι</strong></span> <span class='ocrx_word' id='word_1_559' title='bbox 1396 3701 1435 3770; x_wconf 83' lang='grc'><strong>).</strong></span> <span class='ocrx_word' id='word_1_560' title='bbox 1470 3718 1487 3750; x_wconf 76' lang='grc' dir='ltr'><strong>ι</strong></span> <span class='ocrx_word' id='word_1_561' title='bbox 1516 3698 1593 3755; x_wconf 89' lang='lat' dir='ltr'><strong>De</strong></span> <span class='ocrx_word' id='word_1_562' title='bbox 1616 3715 1724 3769; x_wconf 89' lang='lat' dir='ltr'><strong>quo</strong></span> <span class='ocrx_word' id='word_1_563' title='bbox 1748 3708 1805 3754; x_wconf 91' lang='lat' dir='ltr'><strong>et</strong></span> <span class='ocrx_word' id='word_1_564' title='bbox 1832 3699 2125 3755; x_wconf 81' lang='lat' dir='ltr'><strong>Malaclilas</strong></span> <span class='ocrx_word' id='word_1_565' title='bbox 2153 3699 2237 3753; x_wconf 88' lang='lat' dir='ltr'><strong>di-</strong></span> 
     </span>
    </p>
   </div>
   <div class='ocr_carea' id='block_1_66' title="bbox 2338 3324 3818 3409">
    <p class='ocr_par' dir='ltr' id='par_1_66' title="bbox 2338 3324 3818 3409">
     <span class='ocr_line' id='line_1_66' title="bbox 2338 3324 3818 3409; baseline -0.006 -18"><span class='ocrx_word' id='word_1_566' title='bbox 2338 3337 2446 3391; x_wconf 91' lang='lat' dir='ltr'><strong>duo</strong></span> <span class='ocrx_word' id='word_1_567' title='bbox 2478 3335 2598 3390; x_wconf 56' lang='lat' dir='ltr'><strong>laeta</strong></span> <span class='ocrx_word' id='word_1_568' title='bbox 2630 3334 2943 3409; x_wconf 81' lang='lat' dir='ltr'><strong>succedant.</strong></span> <span class='ocrx_word' id='word_1_569' title='bbox 2982 3333 3168 3404; x_wconf 87' lang='lat' dir='ltr'><strong>Neque</strong></span> <span class='ocrx_word' id='word_1_570' title='bbox 3190 3339 3448 3405; x_wconf 81' lang='lat' dir='ltr'><strong>poterant</strong></span> <span class='ocrx_word' id='word_1_571' title='bbox 3468 3327 3690 3387; x_wconf 73' lang='lat' dir='ltr'><strong>aediﬁcari</strong></span> <span class='ocrx_word' id='word_1_572' title='bbox 3709 3324 3818 3382; x_wconf 72' lang='lat' dir='ltr'><strong>hom,</strong></span> 
     </span>
    </p>
   </div>
   <div class='ocr_carea' id='block_1_67' title="bbox 2338 3420 3820 3498">
    <p class='ocr_par' dir='ltr' id='par_1_67' title="bbox 2338 3420 3820 3498">
     <span class='ocr_line' id='line_1_67' title="bbox 2338 3420 3820 3498; baseline -0.003 -14"><span class='ocrx_word' id='word_1_573' title='bbox 2338 3429 2442 3484; x_wconf 89' lang='lat' dir='ltr'><strong>nisi</strong></span> <span class='ocrx_word' id='word_1_574' title='bbox 2491 3431 2765 3485; x_wconf 84' lang='lat' dir='ltr'><strong>destructa</strong></span> <span class='ocrx_word' id='word_1_575' title='bbox 2816 3437 2999 3484; x_wconf 86' lang='lat' dir='ltr'><strong>essent</strong></span> <span class='ocrx_word' id='word_1_576' title='bbox 3046 3428 3185 3484; x_wconf 87' lang='lat' dir='ltr'><strong>mala</strong></span> <span class='ocrx_word' id='word_1_577' title='bbox 3208 3469 3224 3494; x_wconf 91' lang='lat'><strong>,</strong></span> <span class='ocrx_word' id='word_1_578' title='bbox 3280 3443 3383 3483; x_wconf 88' lang='lat' dir='ltr'><strong>nec</strong></span> <span class='ocrx_word' id='word_1_579' title='bbox 3418 3424 3629 3498; x_wconf 80' lang='lat' dir='ltr'><strong>plantari</strong></span> <span class='ocrx_word' id='word_1_580' title='bbox 3656 3420 3820 3492; x_wconf 70' lang='lat' dir='ltr'><strong>apti-Ii</strong></span> 
     </span>
    </p>
   </div>
   <div class='ocr_carea' id='block_1_68' title="bbox 2338 3508 3821 3589">
    <p class='ocr_par' dir='ltr' id='par_1_68' title="bbox 2338 3508 3821 3589">
     <span class='ocr_line' id='line_1_68' title="bbox 2338 3508 3821 3589; baseline -0.01 -13"><span class='ocrx_word' id='word_1_581' title='bbox 2338 3521 2445 3576; x_wconf 86' lang='lat' dir='ltr'><strong>nisi</strong></span> <span class='ocrx_word' id='word_1_582' title='bbox 2481 3519 2898 3576; x_wconf 87' lang='lat' dir='ltr'><strong>eradicarentur</strong></span> <span class='ocrx_word' id='word_1_583' title='bbox 2934 3520 3190 3589; x_wconf 87' lang='lat' dir='ltr'><strong>pessima.</strong></span> <span class='ocrx_word' id='word_1_584' title='bbox 3222 3539 3241 3571; x_wconf 75' lang='grc' dir='ltr'><strong>ι</strong></span> <span class='ocrx_word' id='word_1_585' title='bbox 3274 3518 3464 3575; x_wconf 85' lang='lat' dir='ltr'><strong>Omnis</strong></span> <span class='ocrx_word' id='word_1_586' title='bbox 3492 3516 3622 3573; x_wconf 84' lang='lat' dir='ltr'><strong>enim</strong></span> <span class='ocrx_word' id='word_1_587' title='bbox 3645 3508 3821 3584; x_wconf 77' lang='lat' dir='ltr'><strong>plautio</strong></span> 
     </span>
    </p>
   </div>
   <div class='ocr_carea' id='block_1_69' title="bbox 2336 3601 3821 3685">
    <p class='ocr_par' dir='ltr' id='par_1_69' title="bbox 2336 3601 3821 3685">
     <span class='ocr_line' id='line_1_69' title="bbox 2336 3601 3821 3685; baseline -0.022 1"><span class='ocrx_word' id='word_1_588' title='bbox 2336 3628 2503 3685; x_wconf 60' lang='lat' dir='ltr'><strong>Quam</strong></span> <span class='ocrx_word' id='word_1_589' title='bbox 2564 3630 2673 3671; x_wconf 86' lang='lat' dir='ltr'><strong>non</strong></span> <span class='ocrx_word' id='word_1_590' title='bbox 2721 3613 2990 3684; x_wconf 87' lang='lat' dir='ltr'><strong>plantavit</strong></span> <span class='ocrx_word' id='word_1_591' title='bbox 3034 3612 3280 3669; x_wconf 80' lang='lat' dir='ltr'><strong>caelestis</strong></span> <span class='ocrx_word' id='word_1_592' title='bbox 3332 3612 3512 3675; x_wconf 88' lang='lat' dir='ltr'><strong>Pater,</strong></span> <span class='ocrx_word' id='word_1_593' title='bbox 3557 3601 3821 3664; x_wconf 78' lang='lat' dir='ltr'><strong>eradicabitlr</strong></span> 
     </span>
    </p>
   </div>
   <div class='ocr_carea' id='block_1_70' title="bbox 2338 3702 3819 3778">
    <p class='ocr_par' dir='ltr' id='par_1_70' title="bbox 2338 3702 3819 3778">
     <span class='ocr_line' id='line_1_70' title="bbox 2338 3702 3819 3778; baseline 0.001 -20"><span class='ocrx_word' id='word_1_594' title='bbox 2338 3703 2362 3778; x_wconf 89' lang='lat'><strong>(</strong></span> <span class='ocrx_word' id='word_1_595' title='bbox 2389 3703 2580 3761; x_wconf 73' lang='lat' dir='ltr'><strong>Matth.</strong></span> <span class='ocrx_word' id='word_1_596' title='bbox 2611 3720 2680 3759; x_wconf 78' lang='lat' dir='ltr'><strong>xv</strong></span> <span class='ocrx_word' id='word_1_597' title='bbox 2706 3703 2747 3776; x_wconf 88' lang='lat'><strong>).</strong></span> <span class='ocrx_word' id='word_1_598' title='bbox 2772 3723 2792 3755; x_wconf 70' lang='grc' dir='ltr'><strong>ι</strong></span> <span class='ocrx_word' id='word_1_599' title='bbox 2822 3703 2891 3759; x_wconf 87' lang='lat' dir='ltr'><strong>Et</strong></span> <span class='ocrx_word' id='word_1_600' title='bbox 2918 3702 3209 3759; x_wconf 59' lang='lat' dir='ltr'><strong>mditicatio</strong></span> <span class='ocrx_word' id='word_1_601' title='bbox 3232 3718 3360 3774; x_wconf 68' lang='lat' dir='ltr'><strong>qua:</strong></span> <span class='ocrx_word' id='word_1_602' title='bbox 3384 3717 3541 3772; x_wconf 79' lang='lat' dir='ltr'><strong>super</strong></span> <span class='ocrx_word' id='word_1_603' title='bbox 3564 3707 3732 3770; x_wconf 72' lang='grc' dir='ltr'><strong>ροιηιι</strong></span> <span class='ocrx_word' id='word_1_604' title='bbox 3754 3705 3819 3747; x_wconf 72' lang='grc' dir='ltr'><strong>’ω</strong></span> 
     </span>
    </p>
   </div>
   <div class='ocr_carea' id='block_1_71' title="bbox 653 3788 3821 3861">
    <p class='ocr_par' dir='ltr' id='par_1_71' title="bbox 653 3788 3821 3861">
     <span class='ocr_line' id='line_1_71' title="bbox 653 3788 3821 3861; baseline -0.003 -15"><span class='ocrx_word' id='word_1_605' title='bbox 653 3789 763 3846; x_wconf 88' lang='lat' dir='ltr'><strong>cit:</strong></span> <span class='ocrx_word' id='word_1_606' title='bbox 785 3806 804 3840; x_wconf 78' lang='grc' dir='ltr'><strong>ι</strong></span> <span class='ocrx_word' id='word_1_607' title='bbox 825 3788 968 3845; x_wconf 85' lang='lat' dir='ltr'><strong>Ecce</strong></span> <span class='ocrx_word' id='word_1_608' title='bbox 986 3789 1158 3855; x_wconf 88' lang='lat' dir='ltr'><strong>venit,</strong></span> <span class='ocrx_word' id='word_1_609' title='bbox 1178 3789 1312 3845; x_wconf 90' lang='lat' dir='ltr'><strong>dicit</strong></span> <span class='ocrx_word' id='word_1_610' title='bbox 1331 3789 1591 3845; x_wconf 86' lang='lat' dir='ltr'><strong>Dominus</strong></span> <span class='ocrx_word' id='word_1_611' title='bbox 1612 3790 1980 3853; x_wconf 80' lang='lat' dir='ltr'><strong>exercituum;</strong></span> <span class='ocrx_word' id='word_1_612' title='bbox 2006 3788 2128 3858; x_wconf 90' lang='lat' dir='ltr'><strong>quis</strong></span> <span class='ocrx_word' id='word_1_613' title='bbox 2149 3803 2241 3858; x_wconf 90' lang='lat' dir='ltr'><strong>po-</strong></span> <span class='ocrx_word' id='word_1_614' title='bbox 2340 3798 2507 3855; x_wconf 77' lang='lat' dir='ltr'><strong>habet</strong></span> <span class='ocrx_word' id='word_1_615' title='bbox 2526 3796 2938 3855; x_wconf 74' lang='lat' dir='ltr'><strong>fundamentum</strong></span> <span class='ocrx_word' id='word_1_616' title='bbox 2954 3830 2973 3861; x_wconf 78' lang='grc'><strong><em>,</em></strong></span> <span class='ocrx_word' id='word_1_617' title='bbox 2995 3796 3089 3853; x_wconf 85' lang='lat' dir='ltr'><strong>sed</strong></span> <span class='ocrx_word' id='word_1_618' title='bbox 3116 3796 3170 3850; x_wconf 91' lang='lat' dir='ltr'><strong>in</strong></span> <span class='ocrx_word' id='word_1_619' title='bbox 3188 3810 3359 3851; x_wconf 79' lang='lat' dir='ltr'><strong>arena</strong></span> <span class='ocrx_word' id='word_1_620' title='bbox 3381 3798 3636 3850; x_wconf 55' lang='lat' dir='ltr'><strong>enutritus</strong></span> <span class='ocrx_word' id='word_1_621' title='bbox 3652 3795 3739 3849; x_wconf 81' lang='lat' dir='ltr'><strong>est,</strong></span> <span class='ocrx_word' id='word_1_622' title='bbox 3753 3796 3821 3837; x_wconf 77' lang='lat' dir='ltr'><strong>su-</strong></span> 
     </span>
    </p>
   </div>
   <div class='ocr_carea' id='block_1_72' title="bbox 664 3878 3821 3954">
    <p class='ocr_par' dir='ltr' id='par_1_72' title="bbox 664 3878 3821 3954">
     <span class='ocr_line' id='line_1_72' title="bbox 664 3878 3821 3954; baseline -0.002 -16"><span class='ocrx_word' id='word_1_623' title='bbox 664 3884 797 3941; x_wconf 85' lang='lat' dir='ltr'><strong>terit</strong></span> <span class='ocrx_word' id='word_1_624' title='bbox 824 3882 1063 3954; x_wconf 74' lang='lat' dir='ltr'><strong>cogitare</strong></span> <span class='ocrx_word' id='word_1_625' title='bbox 1097 3881 1238 3937; x_wconf 90' lang='lat' dir='ltr'><strong>diem</strong></span> <span class='ocrx_word' id='word_1_626' title='bbox 1274 3882 1539 3938; x_wconf 86' lang='lat' dir='ltr'><strong>adventus</strong></span> <span class='ocrx_word' id='word_1_627' title='bbox 1566 3880 1715 3950; x_wconf 76' lang='lat' dir='ltr'><strong>eius,</strong></span> <span class='ocrx_word' id='word_1_628' title='bbox 1744 3889 1802 3937; x_wconf 88' lang='lat' dir='ltr'><strong>et</strong></span> <span class='ocrx_word' id='word_1_629' title='bbox 1829 3881 1951 3950; x_wconf 83' lang='lat' dir='ltr'><strong>quis</strong></span> <span class='ocrx_word' id='word_1_630' title='bbox 1978 3879 2144 3937; x_wconf 83' lang='lat' dir='ltr'><strong>stabit</strong></span> <span class='ocrx_word' id='word_1_631' title='bbox 2172 3880 2241 3935; x_wconf 91' lang='lat' dir='ltr'><strong>ad</strong></span> <span class='ocrx_word' id='word_1_632' title='bbox 2308 3904 2505 3944; x_wconf 18' lang='lat' dir='ltr'><strong>“mone</strong></span> <span class='ocrx_word' id='word_1_633' title='bbox 2544 3887 2642 3944; x_wconf 70' lang='lat' dir='ltr'><strong>Dei</strong></span> <span class='ocrx_word' id='word_1_634' title='bbox 2677 3885 2963 3943; x_wconf 75' lang='lat' dir='ltr'><strong>sua‘oditur</strong></span> <span class='ocrx_word' id='word_1_635' title='bbox 3000 3893 3165 3954; x_wconf 77' lang='lat' dir='ltr'><strong>atque</strong></span> <span class='ocrx_word' id='word_1_636' title='bbox 3195 3884 3532 3948; x_wconf 67' lang='lat' dir='ltr'><strong>destruit&quot;;</strong></span> <span class='ocrx_word' id='word_1_637' title='bbox 3560 3879 3682 3935; x_wconf 80' lang='lat' dir='ltr'><strong>illam</strong></span> <span class='ocrx_word' id='word_1_638' title='bbox 3703 3878 3821 3929; x_wconf 72' lang='lat' dir='ltr'><strong>utan</strong></span> 
     </span>
    </p>
   </div>
   <div class='ocr_carea' id='block_1_73' title="bbox 652 3966 3822 4051">
    <p class='ocr_par' dir='ltr' id='par_1_73' title="bbox 652 3966 3822 4051">
     <span class='ocr_line' id='line_1_73' title="bbox 652 3966 3822 4051; baseline -0.004 -19"><span class='ocrx_word' id='word_1_639' title='bbox 652 3974 947 4032; x_wconf 86' lang='lat' dir='ltr'><strong>videndum</strong></span> <span class='ocrx_word' id='word_1_640' title='bbox 982 3972 1153 4029; x_wconf 86' lang='lat' dir='ltr'><strong>eum?</strong></span> <span class='ocrx_word' id='word_1_641' title='bbox 1189 3973 1305 4044; x_wconf 88' lang='lat' dir='ltr'><strong>ipse</strong></span> <span class='ocrx_word' id='word_1_642' title='bbox 1345 3973 1489 4029; x_wconf 86' lang='lat' dir='ltr'><strong>enim</strong></span> <span class='ocrx_word' id='word_1_643' title='bbox 1528 3973 1684 4043; x_wconf 89' lang='lat' dir='ltr'><strong>quasi</strong></span> <span class='ocrx_word' id='word_1_644' title='bbox 1724 3972 1865 4044; x_wconf 87' lang='lat' dir='ltr'><strong>ignis</strong></span> <span class='ocrx_word' id='word_1_645' title='bbox 1890 3971 2160 4038; x_wconf 84' lang='lat' dir='ltr'><strong>conﬂans,</strong></span> <span class='ocrx_word' id='word_1_646' title='bbox 2184 3976 2244 4028; x_wconf 86' lang='lat' dir='ltr'><strong>et</strong></span> <span class='ocrx_word' id='word_1_647' title='bbox 2343 3994 2506 4051; x_wconf 80' lang='lat' dir='ltr'><strong>quam</strong></span> <span class='ocrx_word' id='word_1_648' title='bbox 2549 3985 2835 4035; x_wconf 77' lang='lat' dir='ltr'><strong>consumet</strong></span> <span class='ocrx_word' id='word_1_649' title='bbox 2865 3976 3032 4033; x_wconf 85' lang='lat' dir='ltr'><strong>Iesus</strong></span> <span class='ocrx_word' id='word_1_650' title='bbox 3066 3976 3264 4046; x_wconf 75' lang='lat' dir='ltr'><strong>spiritu</strong></span> <span class='ocrx_word' id='word_1_651' title='bbox 3300 3976 3415 4032; x_wconf 89' lang='lat' dir='ltr'><strong>oris</strong></span> <span class='ocrx_word' id='word_1_652' title='bbox 3447 3973 3555 4036; x_wconf 84' lang='lat' dir='ltr'><strong>sui,</strong></span> <span class='ocrx_word' id='word_1_653' title='bbox 3586 3976 3635 4025; x_wconf 87' lang='lat' dir='ltr'><strong>et</strong></span> <span class='ocrx_word' id='word_1_654' title='bbox 3661 3966 3822 4021; x_wconf 68' lang='lat' dir='ltr'><strong>destruet</strong></span> 
     </span>
    </p>
   </div>
   <div class='ocr_carea' id='block_1_74' title="bbox 664 4052 3821 4140">
    <p class='ocr_par' dir='ltr' id='par_1_74' title="bbox 664 4052 3821 4140">
     <span class='ocr_line' id='line_1_74' title="bbox 664 4052 3821 4140; baseline 0 -20"><span class='ocrx_word' id='word_1_655' title='bbox 664 4064 821 4136; x_wconf 82' lang='lat' dir='ltr'><strong>quasi</strong></span> <span class='ocrx_word' id='word_1_656' title='bbox 846 4064 1015 4120; x_wconf 82' lang='lat' dir='ltr'><strong>herba</strong></span> <span class='ocrx_word' id='word_1_657' title='bbox 1045 4063 1309 4121; x_wconf 75' lang='lat' dir='ltr'><strong>fullonum</strong></span> <span class='ocrx_word' id='word_1_658' title='bbox 1333 4081 1350 4131; x_wconf 88' lang='lat'><strong>;</strong></span> <span class='ocrx_word' id='word_1_659' title='bbox 1379 4071 1433 4121; x_wconf 85' lang='lat' dir='ltr'><strong>et</strong></span> <span class='ocrx_word' id='word_1_660' title='bbox 1460 4065 1673 4121; x_wconf 81' lang='lat' dir='ltr'><strong>sedebit</strong></span> <span class='ocrx_word' id='word_1_661' title='bbox 1698 4063 1940 4122; x_wconf 74' lang='lat' dir='ltr'><strong>conlisus</strong></span> <span class='ocrx_word' id='word_1_662' title='bbox 1966 4072 2025 4121; x_wconf 92' lang='lat' dir='ltr'><strong>et</strong></span> <span class='ocrx_word' id='word_1_663' title='bbox 2046 4079 2241 4121; x_wconf 83' lang='lat' dir='ltr'><strong>emun-</strong></span> <span class='ocrx_word' id='word_1_664' title='bbox 2343 4072 2578 4131; x_wconf 77' lang='lat' dir='ltr'><strong>adventu</strong></span> <span class='ocrx_word' id='word_1_665' title='bbox 2606 4067 2908 4140; x_wconf 73' lang='lat' dir='ltr'><strong>praesentia:</strong></span> <span class='ocrx_word' id='word_1_666' title='bbox 2931 4082 3065 4133; x_wconf 83' lang='lat' dir='ltr'><strong>suae,</strong></span> <span class='ocrx_word' id='word_1_667' title='bbox 3098 4084 3116 4118; x_wconf 77' lang='grc' dir='ltr'><strong>ι</strong></span> <span class='ocrx_word' id='word_1_668' title='bbox 3135 4080 3357 4123; x_wconf 82' lang='lat' dir='ltr'><strong>omnem</strong></span> <span class='ocrx_word' id='word_1_669' title='bbox 3383 4063 3578 4121; x_wconf 84' lang='lat' dir='ltr'><strong>scilicet</strong></span> <span class='ocrx_word' id='word_1_670' title='bbox 3596 4052 3821 4120; x_wconf 59' lang='lat' dir='ltr'><strong>tam</strong></span> 
     </span>
    </p>
   </div>
   <div class='ocr_carea' id='block_1_75' title="bbox 656 4150 3821 4234">
    <p class='ocr_par' dir='ltr' id='par_1_75' title="bbox 656 4150 3821 4234">
     <span class='ocr_line' id='line_1_75' title="bbox 656 4150 3821 4234; baseline -0.002 -20"><span class='ocrx_word' id='word_1_671' title='bbox 656 4158 803 4214; x_wconf 86' lang='lat' dir='ltr'><strong>dans</strong></span> <span class='ocrx_word' id='word_1_672' title='bbox 822 4166 1140 4229; x_wconf 81' lang='lat' dir='ltr'><strong>argentum,</strong></span> <span class='ocrx_word' id='word_1_673' title='bbox 1171 4165 1228 4212; x_wconf 86' lang='lat' dir='ltr'><strong>et</strong></span> <span class='ocrx_word' id='word_1_674' title='bbox 1255 4156 1510 4229; x_wconf 85' lang='lat' dir='ltr'><strong>purgabit</strong></span> <span class='ocrx_word' id='word_1_675' title='bbox 1538 4156 1677 4213; x_wconf 79' lang='lat' dir='ltr'><strong>ﬁlios</strong></span> <span class='ocrx_word' id='word_1_676' title='bbox 1703 4156 1868 4222; x_wconf 88' lang='lat' dir='ltr'><strong>Levi,</strong></span> <span class='ocrx_word' id='word_1_677' title='bbox 1898 4164 1955 4213; x_wconf 91' lang='lat' dir='ltr'><strong>et</strong></span> <span class='ocrx_word' id='word_1_678' title='bbox 1985 4156 2243 4213; x_wconf 78' lang='lat' dir='ltr'><strong>condabit</strong></span> <span class='ocrx_word' id='word_1_679' title='bbox 2342 4174 2768 4234; x_wconf 78' lang='lat' dir='ltr'><strong>perversamque</strong></span> <span class='ocrx_word' id='word_1_680' title='bbox 2819 4158 3122 4215; x_wconf 84' lang='lat' dir='ltr'><strong>doctrinam</strong></span> <span class='ocrx_word' id='word_1_681' title='bbox 3172 4156 3453 4227; x_wconf 72' lang='lat' dir='ltr'><strong>disperdat</strong></span> <span class='ocrx_word' id='word_1_682' title='bbox 3502 4154 3553 4209; x_wconf 90' lang='lat' dir='ltr'><strong>in</strong></span> 
     </span>
    </p>
   </div>
   <div class='ocr_carea' id='block_1_76' title="bbox 652 4231 3823 4326">
    <p class='ocr_par' dir='ltr' id='par_1_76' title="bbox 652 4231 3823 4326">
     <span class='ocr_line' id='line_1_76' title="bbox 652 4231 3823 4326; baseline -0.003 -21"><span class='ocrx_word' id='word_1_683' title='bbox 652 4263 753 4305; x_wconf 87' lang='lat' dir='ltr'><strong>eos</strong></span> <span class='ocrx_word' id='word_1_684' title='bbox 784 4248 946 4319; x_wconf 76' lang='lat' dir='ltr'><strong>quasi</strong></span> <span class='ocrx_word' id='word_1_685' title='bbox 980 4258 1179 4303; x_wconf 84' lang='lat' dir='ltr'><strong>aurum</strong></span> <span class='ocrx_word' id='word_1_686' title='bbox 1198 4286 1213 4313; x_wconf 86' lang='lat'><strong>,</strong></span> <span class='ocrx_word' id='word_1_687' title='bbox 1244 4254 1301 4303; x_wconf 91' lang='lat' dir='ltr'><strong>et</strong></span> <span class='ocrx_word' id='word_1_688' title='bbox 1325 4247 1483 4319; x_wconf 83' lang='lat' dir='ltr'><strong>quasi</strong></span> <span class='ocrx_word' id='word_1_689' title='bbox 1508 4255 1833 4319; x_wconf 74' lang='lat' dir='ltr'><strong>argentum;</strong></span> <span class='ocrx_word' id='word_1_690' title='bbox 1866 4255 1922 4303; x_wconf 90' lang='lat' dir='ltr'><strong>et</strong></span> <span class='ocrx_word' id='word_1_691' title='bbox 1948 4254 2109 4304; x_wconf 87' lang='lat' dir='ltr'><strong>erunt</strong></span> <span class='ocrx_word' id='word_1_692' title='bbox 2131 4247 2238 4302; x_wconf 91' lang='lat' dir='ltr'><strong>Do-</strong></span> <span class='ocrx_word' id='word_1_693' title='bbox 2342 4231 2432 4326; x_wconf 59' lang='grc' dir='ltr'><strong>ζιι</strong></span> <span class='ocrx_word' id='word_1_694' title='bbox 2458 4251 2639 4307; x_wconf 77' lang='lat' dir='ltr'><strong>Thess.</strong></span> <span class='ocrx_word' id='word_1_695' title='bbox 2665 4250 2749 4323; x_wconf 78' lang='lat' dir='ltr'><strong>ii).</strong></span> <span class='ocrx_word' id='word_1_696' title='bbox 2775 4268 2794 4302; x_wconf 78' lang='grc' dir='ltr'><strong>ι</strong></span> <span class='ocrx_word' id='word_1_697' title='bbox 2812 4249 2984 4306; x_wconf 86' lang='lat' dir='ltr'><strong>Porro</strong></span> <span class='ocrx_word' id='word_1_698' title='bbox 3004 4264 3070 4304; x_wconf 86' lang='lat' dir='ltr'><strong>ea</strong></span> <span class='ocrx_word' id='word_1_699' title='bbox 3093 4264 3215 4318; x_wconf 77' lang='lat' dir='ltr'><strong>qua:</strong></span> <span class='ocrx_word' id='word_1_700' title='bbox 3235 4248 3518 4304; x_wconf 82' lang='lat' dir='ltr'><strong>elevantur</strong></span> <span class='ocrx_word' id='word_1_701' title='bbox 3532 4231 3823 4326; x_wconf 52' lang='lat' dir='ltr'><strong>contraxi“:</strong></span> 
     </span>
    </p>
   </div>
   <div class='ocr_carea' id='block_1_77' title="bbox 655 4317 3823 4411">
    <p class='ocr_par' dir='ltr' id='par_1_77' title="bbox 655 4317 3823 4411">
     <span class='ocr_line' id='line_1_77' title="bbox 655 4317 3823 4411; baseline -0.005 -14"><span class='ocrx_word' id='word_1_702' title='bbox 655 4317 1118 4397; x_wconf 46' lang='lat' dir='ltr'><strong>mino—oderentes</strong></span> <span class='ocrx_word' id='word_1_703' title='bbox 1141 4317 1416 4395; x_wconf 81' lang='lat' dir='ltr'><strong>sacriﬁcia</strong></span> <span class='ocrx_word' id='word_1_704' title='bbox 1444 4317 1731 4407; x_wconf 73' lang='lat' dir='ltr'><strong>iniustitia</strong></span> <span class='ocrx_word' id='word_1_705' title='bbox 1750 4378 1765 4405; x_wconf 89' lang='lat'><strong>,</strong></span> <span class='ocrx_word' id='word_1_706' title='bbox 1789 4346 1845 4394; x_wconf 88' lang='lat' dir='ltr'><strong>et</strong></span> <span class='ocrx_word' id='word_1_707' title='bbox 1868 4338 2105 4409; x_wconf 82' lang='lat' dir='ltr'><strong>placebit</strong></span> <span class='ocrx_word' id='word_1_708' title='bbox 2131 4337 2243 4395; x_wconf 89' lang='lat' dir='ltr'><strong>Deo</strong></span> <span class='ocrx_word' id='word_1_709' title='bbox 2342 4317 2477 4402; x_wconf 52' lang='lat' dir='ltr'><strong>{iam</strong></span> <span class='ocrx_word' id='word_1_710' title='bbox 2518 4344 2646 4411; x_wconf 71' lang='lat' dir='ltr'><strong>Dei,</strong></span> <span class='ocrx_word' id='word_1_711' title='bbox 2680 4317 2738 4399; x_wconf 71' lang='grc' dir='ltr'><strong>εἰ</strong></span> <span class='ocrx_word' id='word_1_712' title='bbox 2774 4344 2831 4399; x_wconf 74' lang='lat' dir='ltr'><strong>in</strong></span> <span class='ocrx_word' id='word_1_713' title='bbox 2868 4357 2965 4399; x_wconf 76' lang='lat' dir='ltr'><strong>sua</strong></span> <span class='ocrx_word' id='word_1_714' title='bbox 3004 4317 3288 4398; x_wconf 53' lang='lat' dir='ltr'><strong>conﬁdunt</strong></span> <span class='ocrx_word' id='word_1_715' title='bbox 3316 4336 3596 4409; x_wconf 63' lang='lat' dir='ltr'><strong>sapiam,</strong></span> <span class='ocrx_word' id='word_1_716' title='bbox 3622 4342 3715 4401; x_wconf 68' lang='lat' dir='ltr'><strong>qua:</strong></span> <span class='ocrx_word' id='word_1_717' title='bbox 3734 4317 3823 4392; x_wconf 62' lang='lat' dir='ltr'><strong>epod</strong></span> 
     </span>
    </p>
   </div>
   <div class='ocr_carea' id='block_1_78' title="bbox 656 4411 3824 4509">
    <p class='ocr_par' dir='ltr' id='par_1_78' title="bbox 656 4411 3824 4509">
     <span class='ocr_line' id='line_1_78' title="bbox 656 4411 3824 4509; baseline -0.006 -20"><span class='ocrx_word' id='word_1_718' title='bbox 656 4431 990 4489; x_wconf 80' lang='lat' dir='ltr'><strong>sacriﬁcium</strong></span> <span class='ocrx_word' id='word_1_719' title='bbox 1026 4430 1165 4488; x_wconf 90' lang='lat' dir='ltr'><strong>Iuda</strong></span> <span class='ocrx_word' id='word_1_720' title='bbox 1205 4441 1260 4509; x_wconf 72' lang='lat' dir='ltr'><strong>et</strong></span> <span class='ocrx_word' id='word_1_721' title='bbox 1295 4432 1597 4488; x_wconf 87' lang='lat' dir='ltr'><strong>Ierusalem</strong></span> <span class='ocrx_word' id='word_1_722' title='bbox 1633 4433 1775 4489; x_wconf 88' lang='lat' dir='ltr'><strong>sicut</strong></span> <span class='ocrx_word' id='word_1_723' title='bbox 1802 4434 1917 4488; x_wconf 83' lang='lat' dir='ltr'><strong>dies</strong></span> <span class='ocrx_word' id='word_1_724' title='bbox 1945 4432 2160 4497; x_wconf 84' lang='lat' dir='ltr'><strong>saeculi,</strong></span> <span class='ocrx_word' id='word_1_725' title='bbox 2188 4439 2244 4486; x_wconf 91' lang='lat' dir='ltr'><strong>et</strong></span> <span class='ocrx_word' id='word_1_726' title='bbox 2313 4438 2517 4495; x_wconf 74' lang='lat' dir='ltr'><strong>,Deum</strong></span> <span class='ocrx_word' id='word_1_727' title='bbox 2544 4436 2771 4493; x_wconf 78' lang='lat' dir='ltr'><strong>stultitia</strong></span> <span class='ocrx_word' id='word_1_728' title='bbox 2795 4443 2911 4501; x_wconf 85' lang='lat' dir='ltr'><strong>est,</strong></span> <span class='ocrx_word' id='word_1_729' title='bbox 2936 4433 3226 4505; x_wconf 80' lang='lat' dir='ltr'><strong>dissipabit</strong></span> <span class='ocrx_word' id='word_1_730' title='bbox 3246 4443 3412 4503; x_wconf 89' lang='lat' dir='ltr'><strong>atque</strong></span> <span class='ocrx_word' id='word_1_731' title='bbox 3432 4431 3663 4499; x_wconf 82' lang='lat' dir='ltr'><strong>deponet,</strong></span> <span class='ocrx_word' id='word_1_732' title='bbox 3682 4411 3824 4473; x_wconf 66' lang='lat' dir='ltr'><strong>staﬁ-</strong></span> 
     </span>
    </p>
   </div>
   <div class='ocr_carea' id='block_1_79' title="bbox 657 4515 3823 4598">
    <p class='ocr_par' dir='ltr' id='par_1_79' title="bbox 657 4515 3823 4598">
     <span class='ocr_line' id='line_1_79' title="bbox 657 4515 3823 4598; baseline -0.005 -16"><span class='ocrx_word' id='word_1_733' title='bbox 657 4527 801 4582; x_wconf 87' lang='lat' dir='ltr'><strong>sicut</strong></span> <span class='ocrx_word' id='word_1_734' title='bbox 814 4526 950 4581; x_wconf 79' lang='lat' dir='ltr'><strong>anni</strong></span> <span class='ocrx_word' id='word_1_735' title='bbox 977 4525 1207 4595; x_wconf 78' lang='lat' dir='ltr'><strong>antiqui.</strong></span> <span class='ocrx_word' id='word_1_736' title='bbox 1244 4526 1313 4581; x_wconf 87' lang='lat' dir='ltr'><strong>Et</strong></span> <span class='ocrx_word' id='word_1_737' title='bbox 1344 4527 1601 4582; x_wconf 89' lang='lat' dir='ltr'><strong>accedam</strong></span> <span class='ocrx_word' id='word_1_738' title='bbox 1630 4527 1697 4582; x_wconf 89' lang='lat' dir='ltr'><strong>ad</strong></span> <span class='ocrx_word' id='word_1_739' title='bbox 1719 4541 1817 4581; x_wconf 88' lang='lat' dir='ltr'><strong>vos</strong></span> <span class='ocrx_word' id='word_1_740' title='bbox 1846 4528 1899 4581; x_wconf 89' lang='lat' dir='ltr'><strong>in</strong></span> <span class='ocrx_word' id='word_1_741' title='bbox 1925 4525 2130 4596; x_wconf 86' lang='lat' dir='ltr'><strong>judicio</strong></span> <span class='ocrx_word' id='word_1_742' title='bbox 2146 4565 2163 4591; x_wconf 92' lang='lat'><strong>,</strong></span> <span class='ocrx_word' id='word_1_743' title='bbox 2188 4533 2246 4580; x_wconf 83' lang='lat' dir='ltr'><strong>et</strong></span> <span class='ocrx_word' id='word_1_744' title='bbox 2271 4582 2318 4598; x_wconf 48' lang='grc' dir='ltr'><strong>κ</strong></span> <span class='ocrx_word' id='word_1_745' title='bbox 2344 4529 2578 4586; x_wconf 73' lang='lat' dir='ltr'><strong>liceatur</strong></span> <span class='ocrx_word' id='word_1_746' title='bbox 2597 4544 2697 4598; x_wconf 87' lang='lat' dir='ltr'><strong>pro</strong></span> <span class='ocrx_word' id='word_1_747' title='bbox 2722 4529 2809 4584; x_wconf 84' lang='lat' dir='ltr'><strong>liis</strong></span> <span class='ocrx_word' id='word_1_748' title='bbox 2830 4526 3074 4590; x_wconf 89' lang='lat' dir='ltr'><strong>humilia,</strong></span> <span class='ocrx_word' id='word_1_749' title='bbox 3096 4525 3230 4581; x_wconf 87' lang='lat' dir='ltr'><strong>etin</strong></span> <span class='ocrx_word' id='word_1_750' title='bbox 3254 4524 3431 4581; x_wconf 84' lang='lat' dir='ltr'><strong>locum</strong></span> <span class='ocrx_word' id='word_1_751' title='bbox 3452 4515 3737 4588; x_wconf 78' lang='lat' dir='ltr'><strong>superiorum</strong></span> <span class='ocrx_word' id='word_1_752' title='bbox 3745 4515 3823 4589; x_wconf 56' lang='lat' dir='ltr'><strong>tu</strong></span> 
     </span>
    </p>
   </div>
   <div class='ocr_carea' id='block_1_80' title="bbox 658 4601 3823 4690">
    <p class='ocr_par' dir='ltr' id='par_1_80' title="bbox 658 4601 3823 4690">
     <span class='ocr_line' id='line_1_80' title="bbox 658 4601 3823 4690; baseline -0.004 -15"><span class='ocrx_word' id='word_1_753' title='bbox 658 4634 756 4676; x_wconf 91' lang='lat' dir='ltr'><strong>ero</strong></span> <span class='ocrx_word' id='word_1_754' title='bbox 792 4619 950 4675; x_wconf 81' lang='lat' dir='ltr'><strong>testis</strong></span> <span class='ocrx_word' id='word_1_755' title='bbox 987 4618 1145 4674; x_wconf 88' lang='lat' dir='ltr'><strong>velox</strong></span> <span class='ocrx_word' id='word_1_756' title='bbox 1182 4617 1478 4685; x_wconf 85' lang='lat' dir='ltr'><strong>maleﬁcis,</strong></span> <span class='ocrx_word' id='word_1_757' title='bbox 1514 4626 1570 4674; x_wconf 91' lang='lat' dir='ltr'><strong>et</strong></span> <span class='ocrx_word' id='word_1_758' title='bbox 1603 4618 1865 4675; x_wconf 87' lang='lat' dir='ltr'><strong>adulteris</strong></span> <span class='ocrx_word' id='word_1_759' title='bbox 1888 4626 1942 4674; x_wconf 84' lang='lat' dir='ltr'><strong>et</strong></span> <span class='ocrx_word' id='word_1_760' title='bbox 1966 4617 2200 4690; x_wconf 87' lang='lat' dir='ltr'><strong>perjuris</strong></span> <span class='ocrx_word' id='word_1_761' title='bbox 2226 4635 2240 4684; x_wconf 87' lang='lat'><strong>;</strong></span> <span class='ocrx_word' id='word_1_762' title='bbox 2269 4601 2323 4643; x_wconf 72' lang='grc' dir='ltr'><em>υ</em></span> <span class='ocrx_word' id='word_1_763' title='bbox 2344 4622 2625 4677; x_wconf 87' lang='lat' dir='ltr'><strong>destructa</strong></span> <span class='ocrx_word' id='word_1_764' title='bbox 2642 4626 2790 4683; x_wconf 87' lang='lat' dir='ltr'><strong>sunt,</strong></span> <span class='ocrx_word' id='word_1_765' title='bbox 2815 4626 2872 4674; x_wconf 91' lang='lat' dir='ltr'><strong>et</strong></span> <span class='ocrx_word' id='word_1_766' title='bbox 2894 4617 3099 4682; x_wconf 86' lang='lat' dir='ltr'><strong>evulsa,</strong></span> <span class='ocrx_word' id='word_1_767' title='bbox 3122 4622 3475 4670; x_wconf 74' lang='lat' dir='ltr'><strong>exstruantur</strong></span> <span class='ocrx_word' id='word_1_768' title='bbox 3496 4618 3642 4678; x_wconf 83' lang='lat' dir='ltr'><strong>atque</strong></span> <span class='ocrx_word' id='word_1_769' title='bbox 3659 4601 3823 4690; x_wconf 56' lang='lat' dir='ltr'><strong>pluit!“</strong></span> 
     </span>
    </p>
   </div>
   <div class='ocr_carea' id='block_1_81' title="bbox 657 4686 3822 4781">
    <p class='ocr_par' dir='ltr' id='par_1_81' title="bbox 657 4686 3822 4781">
     <span class='ocr_line' id='line_1_81' title="bbox 657 4686 3822 4781; baseline -0.005 -15"><span class='ocrx_word' id='word_1_770' title='bbox 657 4719 715 4766; x_wconf 90' lang='lat' dir='ltr'><strong>et</strong></span> <span class='ocrx_word' id='word_1_771' title='bbox 738 4712 831 4781; x_wconf 89' lang='lat' dir='ltr'><strong>qui</strong></span> <span class='ocrx_word' id='word_1_772' title='bbox 854 4710 1257 4767; x_wconf 77' lang='lat' dir='ltr'><strong>calumniantur</strong></span> <span class='ocrx_word' id='word_1_773' title='bbox 1281 4712 1585 4767; x_wconf 83' lang='lat' dir='ltr'><strong>mercedem</strong></span> <span class='ocrx_word' id='word_1_774' title='bbox 1608 4711 1931 4768; x_wconf 80' lang='lat' dir='ltr'><strong>mercenarii</strong></span> <span class='ocrx_word' id='word_1_775' title='bbox 1948 4686 2045 4776; x_wconf 37' lang='grc' dir='ltr'><strong>.-ει</strong></span> <span class='ocrx_word' id='word_1_776' title='bbox 2068 4686 2249 4766; x_wconf 91' lang='lat' dir='ltr'><strong>humi-</strong></span> <span class='ocrx_word' id='word_1_777' title='bbox 2350 4718 2462 4775; x_wconf 87' lang='lat' dir='ltr'><strong>tur,</strong></span> <span class='ocrx_word' id='word_1_778' title='bbox 2485 4726 2607 4780; x_wconf 73' lang='lat' dir='ltr'><strong>quin</strong></span> <span class='ocrx_word' id='word_1_779' title='bbox 2626 4708 3006 4765; x_wconf 76' lang='lat' dir='ltr'><strong>ecclesiasticae</strong></span> <span class='ocrx_word' id='word_1_780' title='bbox 3024 4706 3358 4761; x_wconf 85' lang='lat' dir='ltr'><strong>conventh</strong></span> <span class='ocrx_word' id='word_1_781' title='bbox 3378 4700 3598 4762; x_wconf 88' lang='lat' dir='ltr'><strong>veritati,</strong></span> <span class='ocrx_word' id='word_1_782' title='bbox 3615 4704 3661 4751; x_wconf 87' lang='lat' dir='ltr'><strong>et</strong></span> <span class='ocrx_word' id='word_1_783' title='bbox 3676 4686 3822 4781; x_wconf 50' lang='lat' dir='ltr'><strong>inﬁgi:</strong></span> 
     </span>
    </p>
   </div>
   <div class='ocr_carea' id='block_1_82' title="bbox 659 4773 3822 4875">
    <p class='ocr_par' dir='ltr' id='par_1_82' title="bbox 659 4773 3822 4875">
     <span class='ocr_line' id='line_1_82' title="bbox 659 4773 3822 4875; baseline -0.005 -15"><span class='ocrx_word' id='word_1_784' title='bbox 659 4773 796 4860; x_wconf 74' lang='lat' dir='ltr'><strong>liant</strong></span> <span class='ocrx_word' id='word_1_785' title='bbox 829 4805 1022 4862; x_wconf 87' lang='lat' dir='ltr'><strong>viduas</strong></span> <span class='ocrx_word' id='word_1_786' title='bbox 1058 4812 1116 4861; x_wconf 91' lang='lat' dir='ltr'><strong>et</strong></span> <span class='ocrx_word' id='word_1_787' title='bbox 1146 4803 1410 4875; x_wconf 83' lang='lat' dir='ltr'><strong>pupillos,</strong></span> <span class='ocrx_word' id='word_1_788' title='bbox 1434 4812 1492 4859; x_wconf 88' lang='lat' dir='ltr'><strong>et</strong></span> <span class='ocrx_word' id='word_1_789' title='bbox 1525 4773 2245 4874; x_wconf 70' lang='lat' dir='ltr'><strong>opprimunt-peregrinum,</strong></span> <span class='ocrx_word' id='word_1_790' title='bbox 2352 4773 2600 4857; x_wconf 18' lang='lat' dir='ltr'><strong>turril-lud</strong></span> <span class='ocrx_word' id='word_1_791' title='bbox 2625 4800 2769 4869; x_wconf 87' lang='lat' dir='ltr'><strong>quod</strong></span> <span class='ocrx_word' id='word_1_792' title='bbox 2805 4799 2937 4855; x_wconf 89' lang='lat' dir='ltr'><strong>dicit</strong></span> <span class='ocrx_word' id='word_1_793' title='bbox 2961 4796 3255 4868; x_wconf 82' lang='lat' dir='ltr'><strong>Apostolus</strong></span> <span class='ocrx_word' id='word_1_794' title='bbox 3279 4813 3295 4850; x_wconf 73' lang='grc' dir='ltr'>ε</span> <span class='ocrx_word' id='word_1_795' title='bbox 3323 4815 3341 4849; x_wconf 77' lang='grc' dir='ltr'><strong>ι</strong></span> <span class='ocrx_word' id='word_1_796' title='bbox 3370 4794 3462 4850; x_wconf 88' lang='lat' dir='ltr'><strong>Dei</strong></span> <span class='ocrx_word' id='word_1_797' title='bbox 3486 4782 3745 4846; x_wconf 67' lang='lat' dir='ltr'><strong>acassam.</strong></span> <span class='ocrx_word' id='word_1_798' title='bbox 3764 4773 3822 4828; x_wconf 76' lang='grc' dir='ltr'><strong>υεί</strong></span> 
     </span>
    </p>
   </div>
   <div class='ocr_carea' id='block_1_83' title="bbox 659 4875 3822 4967">
    <p class='ocr_par' dir='ltr' id='par_1_83' title="bbox 659 4875 3822 4967">
     <span class='ocr_line' id='line_1_83' title="bbox 659 4875 3822 4967; baseline -0.005 -11"><span class='ocrx_word' id='word_1_799' title='bbox 659 4914 763 4956; x_wconf 90' lang='lat' dir='ltr'><strong>nec</strong></span> <span class='ocrx_word' id='word_1_800' title='bbox 782 4900 1082 4955; x_wconf 82' lang='lat' dir='ltr'><strong>timuerant</strong></span> <span class='ocrx_word' id='word_1_801' title='bbox 1100 4912 1209 4965; x_wconf 90' lang='lat' dir='ltr'><strong>me,</strong></span> <span class='ocrx_word' id='word_1_802' title='bbox 1231 4898 1362 4952; x_wconf 88' lang='lat' dir='ltr'><strong>dicit</strong></span> <span class='ocrx_word' id='word_1_803' title='bbox 1381 4897 1642 4953; x_wconf 88' lang='lat' dir='ltr'><strong>Dominus</strong></span> <span class='ocrx_word' id='word_1_804' title='bbox 1662 4898 1998 4953; x_wconf 80' lang='lat' dir='ltr'><strong>exercituum</strong></span> <span class='ocrx_word' id='word_1_805' title='bbox 2020 4894 2246 4967; x_wconf 67' lang='lat' dir='ltr'><strong>(Helix.</strong></span> <span class='ocrx_word' id='word_1_806' title='bbox 2353 4892 2684 4963; x_wconf 74' lang='lat' dir='ltr'><strong>agricultura</strong></span> <span class='ocrx_word' id='word_1_807' title='bbox 2706 4890 2838 4949; x_wconf 86' lang='lat' dir='ltr'><strong>estis</strong></span> <span class='ocrx_word' id='word_1_808' title='bbox 2862 4889 2925 4961; x_wconf 88' lang='grc' dir='ltr'><strong>(Ι</strong></span> <span class='ocrx_word' id='word_1_809' title='bbox 2948 4888 3071 4945; x_wconf 77' lang='lat' dir='ltr'><strong>Cor.</strong></span> <span class='ocrx_word' id='word_1_810' title='bbox 3095 4886 3214 4958; x_wconf 87' lang='grc' dir='ltr'><strong>ιιι).</strong></span> <span class='ocrx_word' id='word_1_811' title='bbox 3247 4906 3265 4939; x_wconf 75' lang='grc' dir='ltr'><strong>ι</strong></span> <span class='ocrx_word' id='word_1_812' title='bbox 3295 4885 3442 4941; x_wconf 79' lang='lat' dir='ltr'><strong>Multi</strong></span> <span class='ocrx_word' id='word_1_813' title='bbox 3467 4884 3599 4941; x_wconf 70' lang='lat' dir='ltr'><strong>hunc</strong></span> 
     </span>
    </p>
   </div>
   <div class='ocr_carea' id='block_1_84' title="bbox 659 4987 2245 5063">
    <p class='ocr_par' dir='ltr' id='par_1_84' title="bbox 659 4987 2245 5063">
     <span class='ocr_line' id='line_1_84' title="bbox 659 4987 2245 5063; baseline -0.003 -16"><span class='ocrx_word' id='word_1_814' title='bbox 659 4990 781 5063; x_wconf 88' lang='grc' dir='ltr'><strong>ιιι).</strong></span> <span class='ocrx_word' id='word_1_815' title='bbox 806 5011 825 5045; x_wconf 78' lang='grc' dir='ltr'><strong>ι</strong></span> <span class='ocrx_word' id='word_1_816' title='bbox 846 4991 1001 5059; x_wconf 88' lang='lat' dir='ltr'><strong>Quod</strong></span> <span class='ocrx_word' id='word_1_817' title='bbox 1025 4998 1207 5046; x_wconf 87' lang='lat' dir='ltr'><strong>autem</strong></span> <span class='ocrx_word' id='word_1_818' title='bbox 1230 4989 1286 5045; x_wconf 91' lang='lat' dir='ltr'><strong>in</strong></span> <span class='ocrx_word' id='word_1_819' title='bbox 1313 4988 1565 5044; x_wconf 86' lang='lat' dir='ltr'><strong>laudibus</strong></span> <span class='ocrx_word' id='word_1_820' title='bbox 1579 4987 1742 5045; x_wconf 75' lang='lat' dir='ltr'><strong>Iosite</strong></span> <span class='ocrx_word' id='word_1_821' title='bbox 1764 4989 1940 5044; x_wconf 83' lang='lat' dir='ltr'><strong>adhuc</strong></span> <span class='ocrx_word' id='word_1_822' title='bbox 1965 4988 2245 5043; x_wconf 77' lang='lat' dir='ltr'><strong>subditur:</strong></span> 
     </span>
    </p>
   </div>
   <div class='ocr_carea' id='block_1_85' title="bbox 740 5080 2248 5149">
    <p class='ocr_par' dir='ltr' id='par_1_85' title="bbox 740 5080 2248 5149">
     <span class='ocr_line' id='line_1_85' title="bbox 740 5080 2248 5149; baseline -0.001 -14"><span class='ocrx_word' id='word_1_823' title='bbox 740 5102 758 5135; x_wconf 72' lang='grc' dir='ltr'><strong>ι</strong></span> <span class='ocrx_word' id='word_1_824' title='bbox 790 5083 996 5139; x_wconf 67' lang='lat' dir='ltr'><strong>Prmter</strong></span> <span class='ocrx_word' id='word_1_825' title='bbox 1035 5082 1205 5138; x_wconf 89' lang='lat' dir='ltr'><strong>David</strong></span> <span class='ocrx_word' id='word_1_826' title='bbox 1222 5122 1238 5149; x_wconf 93' lang='lat'><strong>,</strong></span> <span class='ocrx_word' id='word_1_827' title='bbox 1266 5091 1323 5138; x_wconf 89' lang='lat' dir='ltr'><strong>et</strong></span> <span class='ocrx_word' id='word_1_828' title='bbox 1348 5081 1669 5145; x_wconf 80' lang='lat' dir='ltr'><strong>Ezechiam,</strong></span> <span class='ocrx_word' id='word_1_829' title='bbox 1699 5089 1757 5135; x_wconf 91' lang='lat' dir='ltr'><strong>et</strong></span> <span class='ocrx_word' id='word_1_830' title='bbox 1785 5080 1989 5135; x_wconf 85' lang='lat' dir='ltr'><strong>Iosiam</strong></span> <span class='ocrx_word' id='word_1_831' title='bbox 2013 5120 2028 5146; x_wconf 91' lang='lat'><strong>,</strong></span> <span class='ocrx_word' id='word_1_832' title='bbox 2055 5092 2248 5135; x_wconf 90' lang='lat' dir='ltr'><strong>omnes</strong></span> 
     </span>
    </p>
   </div>
   <div class='ocr_carea' id='block_1_86' title="bbox 669 5172 2250 5247">
    <p class='ocr_par' dir='ltr' id='par_1_86' title="bbox 669 5172 2250 5247">
     <span class='ocr_line' id='line_1_86' title="bbox 669 5172 2250 5247; baseline -0.001 -19"><span class='ocrx_word' id='word_1_833' title='bbox 669 5195 690 5228; x_wconf 76' lang='grc' dir='ltr'>σ</span> <span class='ocrx_word' id='word_1_834' title='bbox 719 5184 1002 5247; x_wconf 82' lang='lat' dir='ltr'><strong>peccatum</strong></span> <span class='ocrx_word' id='word_1_835' title='bbox 1023 5175 1441 5240; x_wconf 75' lang='lat' dir='ltr'><strong>Commiserunt;</strong></span> <span class='ocrx_word' id='word_1_836' title='bbox 1463 5188 1590 5229; x_wconf 88' lang='lat' dir='ltr'><strong>nam</strong></span> <span class='ocrx_word' id='word_1_837' title='bbox 1611 5174 1951 5244; x_wconf 70' lang='lat' dir='ltr'><strong>reliquerunt</strong></span> <span class='ocrx_word' id='word_1_838' title='bbox 1972 5173 2147 5245; x_wconf 84' lang='lat' dir='ltr'><strong>legem</strong></span> <span class='ocrx_word' id='word_1_839' title='bbox 2162 5172 2250 5228; x_wconf 79' lang='lat' dir='ltr'><strong>Al-</strong></span> 
     </span>
    </p>
   </div>
   <div class='ocr_carea' id='block_1_87' title="bbox 670 5266 2249 5341">
    <p class='ocr_par' dir='ltr' id='par_1_87' title="bbox 670 5266 2249 5341">
     <span class='ocr_line' id='line_1_87' title="bbox 670 5266 2249 5341; baseline -0.001 -19"><span class='ocrx_word' id='word_1_840' title='bbox 670 5289 690 5322; x_wconf 75' lang='lat' dir='ltr'><strong>i</strong></span> <span class='ocrx_word' id='word_1_841' title='bbox 714 5270 913 5326; x_wconf 85' lang='lat' dir='ltr'><strong>tissimi</strong></span> <span class='ocrx_word' id='word_1_842' title='bbox 934 5282 1088 5341; x_wconf 81' lang='lat' dir='ltr'><strong>reges</strong></span> <span class='ocrx_word' id='word_1_843' title='bbox 1100 5267 1258 5325; x_wconf 90' lang='lat' dir='ltr'><strong>Iuda.</strong></span> <span class='ocrx_word' id='word_1_844' title='bbox 1282 5288 1301 5322; x_wconf 76' lang='grc' dir='ltr'><strong>ι</strong></span> <span class='ocrx_word' id='word_1_845' title='bbox 1322 5268 1564 5325; x_wconf 89' lang='lat' dir='ltr'><strong>lnsinuat</strong></span> <span class='ocrx_word' id='word_1_846' title='bbox 1582 5268 1683 5323; x_wconf 88' lang='lat' dir='ltr'><strong>hos</strong></span> <span class='ocrx_word' id='word_1_847' title='bbox 1696 5275 1811 5323; x_wconf 89' lang='lat' dir='ltr'><strong>tres</strong></span> <span class='ocrx_word' id='word_1_848' title='bbox 1833 5282 1990 5338; x_wconf 87' lang='lat' dir='ltr'><strong>reges</strong></span> <span class='ocrx_word' id='word_1_849' title='bbox 2011 5266 2249 5322; x_wconf 80' lang='lat' dir='ltr'><strong>maxime</strong></span> 
     </span>
    </p>
   </div>
   <div class='ocr_carea' id='block_1_88' title="bbox 666 5358 2249 5436">
    <p class='ocr_par' dir='ltr' id='par_1_88' title="bbox 666 5358 2249 5436">
     <span class='ocr_line' id='line_1_88' title="bbox 666 5358 2249 5436; baseline -0.004 -15"><span class='ocrx_word' id='word_1_850' title='bbox 666 5365 778 5421; x_wconf 88' lang='lat' dir='ltr'><strong>Deo</strong></span> <span class='ocrx_word' id='word_1_851' title='bbox 798 5364 1065 5436; x_wconf 82' lang='lat' dir='ltr'><strong>placuisse</strong></span> <span class='ocrx_word' id='word_1_852' title='bbox 1083 5364 1153 5420; x_wconf 91' lang='lat' dir='ltr'><strong>ob</strong></span> <span class='ocrx_word' id='word_1_853' title='bbox 1172 5363 1514 5420; x_wconf 83' lang='lat' dir='ltr'><strong>devotionem</strong></span> <span class='ocrx_word' id='word_1_854' title='bbox 1534 5361 1717 5417; x_wconf 84' lang='lat' dir='ltr'><strong>cordis</strong></span> <span class='ocrx_word' id='word_1_855' title='bbox 1730 5370 1788 5415; x_wconf 86' lang='lat' dir='ltr'><strong>et</strong></span> <span class='ocrx_word' id='word_1_856' title='bbox 1806 5361 2011 5416; x_wconf 85' lang='lat' dir='ltr'><strong>cultum</strong></span> <span class='ocrx_word' id='word_1_857' title='bbox 2029 5358 2249 5430; x_wconf 83' lang='lat' dir='ltr'><strong>pietatis</strong></span> 
     </span>
    </p>
   </div>
   <div class='ocr_carea' id='block_1_89' title="bbox 668 5454 2249 5530">
    <p class='ocr_par' dir='ltr' id='par_1_89' title="bbox 668 5454 2249 5530">
     <span class='ocr_line' id='line_1_89' title="bbox 668 5454 2249 5530; baseline -0.005 -14"><span class='ocrx_word' id='word_1_858' title='bbox 668 5473 830 5530; x_wconf 91' lang='lat' dir='ltr'><strong>quem</strong></span> <span class='ocrx_word' id='word_1_859' title='bbox 856 5457 1160 5515; x_wconf 88' lang='lat' dir='ltr'><strong>habuerunt</strong></span> <span class='ocrx_word' id='word_1_860' title='bbox 1210 5459 1265 5512; x_wconf 91' lang='lat' dir='ltr'><strong>in</strong></span> <span class='ocrx_word' id='word_1_861' title='bbox 1295 5456 1556 5526; x_wconf 89' lang='lat' dir='ltr'><strong>obsequio</strong></span> <span class='ocrx_word' id='word_1_862' title='bbox 1581 5455 1699 5510; x_wconf 92' lang='lat' dir='ltr'><strong>Dei.</strong></span> <span class='ocrx_word' id='word_1_863' title='bbox 1731 5454 1969 5522; x_wconf 83' lang='lat' dir='ltr'><strong>Quilth</strong></span> <span class='ocrx_word' id='word_1_864' title='bbox 1989 5454 2045 5508; x_wconf 91' lang='lat' dir='ltr'><strong>in</strong></span> <span class='ocrx_word' id='word_1_865' title='bbox 2066 5454 2249 5521; x_wconf 86' lang='lat' dir='ltr'><strong>aliquo</strong></span> 
     </span>
    </p>
   </div>
   <div class='ocr_carea' id='block_1_90' title="bbox 668 5545 2249 5620">
    <p class='ocr_par' dir='ltr' id='par_1_90' title="bbox 668 5545 2249 5620">
     <span class='ocr_line' id='line_1_90' title="bbox 668 5545 2249 5620; baseline -0.007 -12"><span class='ocrx_word' id='word_1_866' title='bbox 668 5549 898 5608; x_wconf 90' lang='lat' dir='ltr'><strong>crimine</strong></span> <span class='ocrx_word' id='word_1_867' title='bbox 922 5550 1065 5620; x_wconf 86' lang='lat' dir='ltr'><strong>capti</strong></span> <span class='ocrx_word' id='word_1_868' title='bbox 1092 5549 1201 5604; x_wconf 91' lang='lat' dir='ltr'><strong>sint</strong></span> <span class='ocrx_word' id='word_1_869' title='bbox 1229 5555 1285 5601; x_wconf 89' lang='lat' dir='ltr'><strong>et</strong></span> <span class='ocrx_word' id='word_1_870' title='bbox 1322 5546 1777 5618; x_wconf 88' lang='lat' dir='ltr'><strong>reprehensibiles</strong></span> <span class='ocrx_word' id='word_1_871' title='bbox 1816 5545 2039 5609; x_wconf 89' lang='lat' dir='ltr'><strong>inventi,</strong></span> <span class='ocrx_word' id='word_1_872' title='bbox 2070 5554 2249 5598; x_wconf 86' lang='lat' dir='ltr'><strong>tamen</strong></span> 
     </span>
    </p>
   </div>
   <div class='ocr_carea' id='block_1_91' title="bbox 667 5636 2250 5715">
    <p class='ocr_par' dir='ltr' id='par_1_91' title="bbox 667 5636 2250 5715">
     <span class='ocr_line' id='line_1_91' title="bbox 667 5636 2250 5715; baseline -0.008 -16"><span class='ocrx_word' id='word_1_873' title='bbox 667 5658 767 5715; x_wconf 87' lang='lat' dir='ltr'><strong>per</strong></span> <span class='ocrx_word' id='word_1_874' title='bbox 797 5642 1120 5713; x_wconf 77' lang='lat' dir='ltr'><strong>condignam</strong></span> <span class='ocrx_word' id='word_1_875' title='bbox 1147 5639 1523 5711; x_wconf 63' lang='lat' dir='ltr'><strong>paenitentiam</strong></span> <span class='ocrx_word' id='word_1_876' title='bbox 1552 5638 1873 5711; x_wconf 83' lang='lat' dir='ltr'><strong>deleverunt</strong></span> <span class='ocrx_word' id='word_1_877' title='bbox 1898 5636 2040 5705; x_wconf 86' lang='lat' dir='ltr'><strong>quod</strong></span> <span class='ocrx_word' id='word_1_878' title='bbox 2070 5636 2250 5703; x_wconf 88' lang='lat' dir='ltr'><strong>inique</strong></span> 
     </span>
    </p>
   </div>
   <div class='ocr_carea' id='block_1_92' title="bbox 666 5729 2253 5809">
    <p class='ocr_par' dir='ltr' id='par_1_92' title="bbox 666 5729 2253 5809">
     <span class='ocr_line' id='line_1_92' title="bbox 666 5729 2253 5809; baseline -0.008 -16"><span class='ocrx_word' id='word_1_879' title='bbox 666 5742 978 5809; x_wconf 72' lang='lat' dir='ltr'><strong>gesserunt,</strong></span> <span class='ocrx_word' id='word_1_880' title='bbox 1018 5732 1163 5787; x_wconf 84' lang='lat' dir='ltr'><strong>unde</strong></span> <span class='ocrx_word' id='word_1_881' title='bbox 1206 5738 1263 5786; x_wconf 90' lang='lat' dir='ltr'><strong>et</strong></span> <span class='ocrx_word' id='word_1_882' title='bbox 1288 5730 1584 5801; x_wconf 79' lang='lat' dir='ltr'><strong>perfectam</strong></span> <span class='ocrx_word' id='word_1_883' title='bbox 1615 5729 2253 5799; x_wconf 81' lang='lat' dir='ltr'><strong>indulgentiam&#39;merue-</strong></span> 
     </span>
    </p>
   </div>
   <div class='ocr_carea' id='block_1_93' title="bbox 669 5820 2251 5894">
    <p class='ocr_par' dir='ltr' id='par_1_93' title="bbox 669 5820 2251 5894">
     <span class='ocr_line' id='line_1_93' title="bbox 669 5820 2251 5894; baseline -0.008 -8"><span class='ocrx_word' id='word_1_884' title='bbox 669 5832 819 5886; x_wconf 61' lang='lat' dir='ltr'><strong>fuit.</strong></span> <span class='ocrx_word' id='word_1_885' title='bbox 859 5826 1101 5882; x_wconf 76' lang='lat' dir='ltr'><strong>Fuerunt</strong></span> <span class='ocrx_word' id='word_1_886' title='bbox 1137 5824 1301 5879; x_wconf 80' lang='lat' dir='ltr'><strong>etiam</strong></span> <span class='ocrx_word' id='word_1_887' title='bbox 1338 5830 1396 5880; x_wconf 87' lang='lat' dir='ltr'><strong>et</strong></span> <span class='ocrx_word' id='word_1_888' title='bbox 1419 5822 1513 5878; x_wconf 83' lang='lat' dir='ltr'><strong>alii</strong></span> <span class='ocrx_word' id='word_1_889' title='bbox 1552 5822 1788 5894; x_wconf 77' lang='lat' dir='ltr'><strong>regesin</strong></span> <span class='ocrx_word' id='word_1_890' title='bbox 1822 5820 1990 5888; x_wconf 70' lang='lat' dir='ltr'><strong>Iuda,</strong></span> <span class='ocrx_word' id='word_1_891' title='bbox 2019 5836 2251 5891; x_wconf 82' lang='lat' dir='ltr'><strong>quorum</strong></span> 
     </span>
    </p>
   </div>
   <div class='ocr_carea' id='block_1_94' title="bbox 2348 4961 3824 5058">
    <p class='ocr_par' dir='ltr' id='par_1_94' title="bbox 2348 4961 3824 5058">
     <span class='ocr_line' id='line_1_94' title="bbox 2348 4961 3824 5058; baseline -0.011 -16"><span class='ocrx_word' id='word_1_892' title='bbox 2348 4961 2450 5058; x_wconf 57' lang='grc' dir='ltr'><strong>ιοέι·</strong></span> <span class='ocrx_word' id='word_1_893' title='bbox 2472 5000 2705 5056; x_wconf 86' lang='lat' dir='ltr'><strong>persona</strong></span> <span class='ocrx_word' id='word_1_894' title='bbox 2729 4982 2934 5038; x_wconf 89' lang='lat' dir='ltr'><strong>Christi</strong></span> <span class='ocrx_word' id='word_1_895' title='bbox 2960 4980 3285 5051; x_wconf 84' lang='lat' dir='ltr'><strong>intelligunt.</strong></span> <span class='ocrx_word' id='word_1_896' title='bbox 3312 4975 3567 5033; x_wconf 80' lang='lat' dir='ltr'><strong>Ieremias</strong></span> <span class='ocrx_word' id='word_1_897' title='bbox 3583 4968 3702 5025; x_wconf 71' lang='lat' dir='ltr'><strong>enim</strong></span> 
     </span>
    </p>
   </div>
   <div class='ocr_carea' id='block_1_95' title="bbox 2349 5046 3822 5146">
    <p class='ocr_par' dir='ltr' id='par_1_95' title="bbox 2349 5046 3822 5146">
     <span class='ocr_line' id='line_1_95' title="bbox 2349 5046 3822 5146; baseline -0.017 -13"><span class='ocrx_word' id='word_1_898' title='bbox 2349 5046 2597 5146; x_wconf 74' lang='lat' dir='ltr'><strong>pretatur</strong></span> <span class='ocrx_word' id='word_1_899' title='bbox 2618 5072 2867 5129; x_wconf 80' lang='lat' dir='ltr'><strong>excelsus</strong></span> <span class='ocrx_word' id='word_1_900' title='bbox 2885 5069 3097 5126; x_wconf 82' lang='lat' dir='ltr'><strong>Domini</strong></span> <span class='ocrx_word' id='word_1_901' title='bbox 3115 5046 3250 5139; x_wconf 34' lang='lat' dir='ltr'><strong>,vqui</strong></span> <span class='ocrx_word' id='word_1_902' title='bbox 3272 5064 3535 5124; x_wconf 88' lang='lat' dir='ltr'><strong>destruxit</strong></span> <span class='ocrx_word' id='word_1_903' title='bbox 3551 5070 3690 5130; x_wconf 74' lang='lat' dir='ltr'><strong>regna</strong></span> 
     </span>
    </p>
   </div>
   <div class='ocr_carea' id='block_1_96' title="bbox 2349 5146 3822 5240">
    <p class='ocr_par' dir='ltr' id='par_1_96' title="bbox 2349 5146 3822 5240">
     <span class='ocr_line' id='line_1_96' title="bbox 2349 5146 3822 5240; baseline -0.017 -15"><span class='ocrx_word' id='word_1_904' title='bbox 2349 5170 2409 5236; x_wconf 88' lang='lat' dir='ltr'><strong>li,</strong></span> <span class='ocrx_word' id='word_1_905' title='bbox 2424 5185 2546 5240; x_wconf 70' lang='lat' dir='ltr'><strong>qua:</strong></span> <span class='ocrx_word' id='word_1_906' title='bbox 2562 5168 2667 5225; x_wconf 87' lang='lat' dir='ltr'><strong>sibi</strong></span> <span class='ocrx_word' id='word_1_907' title='bbox 2688 5167 2743 5222; x_wconf 92' lang='lat' dir='ltr'><strong>in</strong></span> <span class='ocrx_word' id='word_1_908' title='bbox 2771 5164 2987 5221; x_wconf 77' lang='lat' dir='ltr'><strong>excelso</strong></span> <span class='ocrx_word' id='word_1_909' title='bbox 3006 5162 3206 5219; x_wconf 88' lang='lat' dir='ltr'><strong>montis</strong></span> <span class='ocrx_word' id='word_1_910' title='bbox 3222 5159 3546 5217; x_wconf 69' lang='lat' dir='ltr'><strong>ostenderat.</strong></span> <span class='ocrx_word' id='word_1_911' title='bbox 3566 5146 3822 5240; x_wconf 34' lang='lat' dir='ltr'><strong>Adversa&quot;?</strong></span> 
     </span>
    </p>
   </div>
   <div class='ocr_carea' id='block_1_97' title="bbox 2348 5238 3820 5334">
    <p class='ocr_par' dir='ltr' id='par_1_97' title="bbox 2348 5238 3820 5334">
     <span class='ocr_line' id='line_1_97' title="bbox 2348 5238 3820 5334; baseline 0.007 -20"><span class='ocrx_word' id='word_1_912' title='bbox 2348 5238 2587 5334; x_wconf 81' lang='lat' dir='ltr'><strong>perdidit</strong></span> <span class='ocrx_word' id='word_1_913' title='bbox 2625 5264 2953 5329; x_wconf 82' lang='lat' dir='ltr'><strong>potestates,</strong></span> <span class='ocrx_word' id='word_1_914' title='bbox 2991 5254 3178 5310; x_wconf 90' lang='lat' dir='ltr'><strong>delens</strong></span> <span class='ocrx_word' id='word_1_915' title='bbox 3217 5246 3614 5321; x_wconf 61' lang='lat' dir='ltr'><strong>cumsuam</strong></span> <span class='ocrx_word' id='word_1_916' title='bbox 3651 5238 3820 5334; x_wconf 47' lang='lat' dir='ltr'><strong>tm&quot;?</strong></span> 
     </span>
    </p>
   </div>
   <div class='ocr_carea' id='block_1_98' title="bbox 2350 5328 3821 5418">
    <p class='ocr_par' dir='ltr' id='par_1_98' title="bbox 2350 5328 3821 5418">
     <span class='ocr_line' id='line_1_98' title="bbox 2350 5328 3821 5418; baseline -0.016 -9"><span class='ocrx_word' id='word_1_917' title='bbox 2350 5328 2410 5409; x_wconf 77' lang='lat' dir='ltr'><strong>in</strong></span> <span class='ocrx_word' id='word_1_918' title='bbox 2436 5328 2635 5408; x_wconf 61' lang='lat' dir='ltr'><strong>cruce.</strong></span> <span class='ocrx_word' id='word_1_919' title='bbox 2651 5348 2729 5403; x_wconf 88' lang='lat' dir='ltr'><strong>De</strong></span> <span class='ocrx_word' id='word_1_920' title='bbox 2753 5348 2955 5418; x_wconf 87' lang='lat' dir='ltr'><strong>quibus</strong></span> <span class='ocrx_word' id='word_1_921' title='bbox 2980 5353 3037 5401; x_wconf 86' lang='lat' dir='ltr'><strong>et</strong></span> <span class='ocrx_word' id='word_1_922' title='bbox 3067 5345 3124 5400; x_wconf 90' lang='lat' dir='ltr'><strong>in</strong></span> <span class='ocrx_word' id='word_1_923' title='bbox 3148 5343 3359 5415; x_wconf 82' lang='lat' dir='ltr'><strong>psalmo</strong></span> <span class='ocrx_word' id='word_1_924' title='bbox 3380 5347 3497 5412; x_wconf 86' lang='lat' dir='ltr'><strong>post</strong></span> <span class='ocrx_word' id='word_1_925' title='bbox 3518 5328 3717 5392; x_wconf 54' lang='lat' dir='ltr'><strong>historia</strong></span> <span class='ocrx_word' id='word_1_926' title='bbox 3733 5330 3821 5373; x_wconf 65' lang='grc' dir='ltr'><strong>πη·</strong></span> 
     </span>
    </p>
   </div>
   <div class='ocr_carea' id='block_1_99' title="bbox 2353 5422 3820 5525">
    <p class='ocr_par' dir='ltr' id='par_1_99' title="bbox 2353 5422 3820 5525">
     <span class='ocr_line' id='line_1_99' title="bbox 2353 5422 3820 5525; baseline -0.026 -20"><span class='ocrx_word' id='word_1_927' title='bbox 2353 5457 2525 5504; x_wconf 87' lang='lat' dir='ltr'><strong>tatem</strong></span> <span class='ocrx_word' id='word_1_928' title='bbox 2550 5452 2805 5525; x_wconf 76' lang='grc' dir='ltr'><strong>τροπικῶς</strong></span> <span class='ocrx_word' id='word_1_929' title='bbox 2830 5443 3098 5512; x_wconf 87' lang='lat' dir='ltr'><strong>loquitur:</strong></span> <span class='ocrx_word' id='word_1_930' title='bbox 3123 5458 3143 5491; x_wconf 83' lang='grc'><em>‹</em></span> <span class='ocrx_word' id='word_1_931' title='bbox 3161 5438 3338 5506; x_wconf 85' lang='lat' dir='ltr'><strong>Quare</strong></span> <span class='ocrx_word' id='word_1_932' title='bbox 3362 5433 3665 5493; x_wconf 79' lang='lat' dir='ltr'><strong>fremuerunt</strong></span> <span class='ocrx_word' id='word_1_933' title='bbox 3678 5422 3820 5525; x_wconf 53' lang='lat' dir='ltr'><strong>gulf.</strong></span> 
     </span>
    </p>
   </div>
   <div class='ocr_carea' id='block_1_100' title="bbox 2352 5515 3821 5612">
    <p class='ocr_par' dir='ltr' id='par_1_100' title="bbox 2352 5515 3821 5612">
     <span class='ocr_line' id='line_1_100' title="bbox 2352 5515 3821 5612; baseline -0.016 -13"><span class='ocrx_word' id='word_1_934' title='bbox 2352 5552 2411 5599; x_wconf 90' lang='lat' dir='ltr'><strong>et</strong></span> <span class='ocrx_word' id='word_1_935' title='bbox 2433 5515 2614 5612; x_wconf 76' lang='lat' dir='ltr'><strong>populi</strong></span> <span class='ocrx_word' id='word_1_936' title='bbox 2640 5539 2887 5594; x_wconf 82' lang='lat' dir='ltr'><strong>meditati</strong></span> <span class='ocrx_word' id='word_1_937' title='bbox 2913 5545 3040 5592; x_wconf 80' lang='lat' dir='ltr'><strong>sunt</strong></span> <span class='ocrx_word' id='word_1_938' title='bbox 3064 5534 3287 5590; x_wconf 83' lang='lat' dir='ltr'><strong>inania?</strong></span> <span class='ocrx_word' id='word_1_939' title='bbox 3308 5532 3592 5588; x_wconf 84' lang='lat' dir='ltr'><strong>Astiteruat</strong></span> 
     </span>
    </p>
   </div>
   <div class='ocr_carea' id='block_1_101' title="bbox 2357 5596 3817 5701">
    <p class='ocr_par' dir='ltr' id='par_1_101' title="bbox 2357 5596 3817 5701">
     <span class='ocr_line' id='line_1_101' title="bbox 2357 5596 3817 5701; baseline -0.02 -11"><span class='ocrx_word' id='word_1_940' title='bbox 2357 5596 2466 5698; x_wconf 56' lang='grc' dir='ltr'><strong>ἐπ’,</strong></span> <span class='ocrx_word' id='word_1_941' title='bbox 2484 5596 2487 5597; x_wconf 10' lang='grc' dir='ltr'><em>ν</em></span> <span class='ocrx_word' id='word_1_942' title='bbox 2505 5596 2563 5687; x_wconf 71' lang='lat' dir='ltr'><strong>et</strong></span> <span class='ocrx_word' id='word_1_943' title='bbox 2585 5631 2859 5701; x_wconf 81' lang='lat' dir='ltr'><strong>principes</strong></span> <span class='ocrx_word' id='word_1_944' title='bbox 2889 5633 3261 5684; x_wconf 87' lang='lat' dir='ltr'><strong>convenerunt</strong></span> <span class='ocrx_word' id='word_1_945' title='bbox 3292 5625 3345 5679; x_wconf 90' lang='lat' dir='ltr'><strong>in</strong></span> <span class='ocrx_word' id='word_1_946' title='bbox 3377 5633 3534 5685; x_wconf 81' lang='lat' dir='ltr'><strong>unum</strong></span> <span class='ocrx_word' id='word_1_947' title='bbox 3564 5603 3713 5701; x_wconf 53' lang='lat' dir='ltr'><strong>(P101:</strong></span> 
     </span>
    </p>
   </div>
   <div class='ocr_carea' id='block_1_102' title="bbox 2357 5696 3821 5791">
    <p class='ocr_par' dir='ltr' id='par_1_102' title="bbox 2357 5696 3821 5791">
     <span class='ocr_line' id='line_1_102' title="bbox 2357 5696 3821 5791; baseline -0.007 -12"><span class='ocrx_word' id='word_1_948' title='bbox 2357 5696 2465 5780; x_wconf 88' lang='lat' dir='ltr'><strong>Pro</strong></span> <span class='ocrx_word' id='word_1_949' title='bbox 2496 5696 2815 5778; x_wconf 40' lang='lat' dir='ltr'><strong>bis-evulsis</strong></span> <span class='ocrx_word' id='word_1_950' title='bbox 2834 5761 2850 5786; x_wconf 85' lang='lat'><strong>,</strong></span> <span class='ocrx_word' id='word_1_951' title='bbox 2874 5719 3168 5776; x_wconf 83' lang='lat' dir='ltr'><strong>destructis</strong></span> <span class='ocrx_word' id='word_1_952' title='bbox 3188 5758 3205 5784; x_wconf 96' lang='lat'><strong>,</strong></span> <span class='ocrx_word' id='word_1_953' title='bbox 3228 5714 3448 5789; x_wconf 85' lang='lat' dir='ltr'><strong>perditis</strong></span> <span class='ocrx_word' id='word_1_954' title='bbox 3481 5717 3534 5766; x_wconf 88' lang='lat' dir='ltr'><strong>et</strong></span> <span class='ocrx_word' id='word_1_955' title='bbox 3561 5707 3610 5763; x_wconf 77' lang='lat' dir='ltr'><strong>ill</strong></span> 
     </span>
    </p>
   </div>
   <div class='ocr_carea' id='block_1_103' title="bbox 2358 5784 3787 5882">
    <p class='ocr_par' dir='ltr' id='par_1_103' title="bbox 2358 5784 3787 5882">
     <span class='ocr_line' id='line_1_103' title="bbox 2358 5784 3787 5882; baseline -0.022 -10"><span class='ocrx_word' id='word_1_956' title='bbox 2358 5816 2651 5881; x_wconf 69' lang='lat' dir='ltr'><strong>detractis,</strong></span> <span class='ocrx_word' id='word_1_957' title='bbox 2681 5784 2979 5870; x_wconf 58' lang='lat' dir='ltr'><strong>aedificati“:</strong></span> <span class='ocrx_word' id='word_1_958' title='bbox 3000 5820 3167 5882; x_wconf 80' lang='lat' dir='ltr'><strong>atque</strong></span> <span class='ocrx_word' id='word_1_959' title='bbox 3191 5784 3458 5881; x_wconf 65' lang='lat' dir='ltr'><strong>plantam:-</strong></span> <span class='ocrx_word' id='word_1_960' title='bbox 3481 5793 3682 5860; x_wconf 78' lang='lat' dir='ltr'><strong>Ecclesia</strong></span> <span class='ocrx_word' id='word_1_961' title='bbox 3704 5784 3787 5841; x_wconf 77' lang='lat' dir='ltr'><strong>Dei-</strong></span> 
     </span>
    </p>
   </div>
  </div>
