4028 6454
250 357 393 416 1109

814 474 1040 533 CAPUT
1083 476 1266 537 XXIII.

843 612 921 667 De
954 612 1246 670 Ezechiele.

335 762 352 793 ε
388 741 639 800 Ezechiel
683 745 776 816 qui
822 745 959 802 vidit
1009 755 1357 818 conspectum
1409 747 1621 820 gloriae,
1672 765 1835 821 quam

258 852 272 881 ε
309 836 545 888 ostendit
583 835 657 890 illi
694 836 746 891 iu
787 852 950 892 curru
992 839 1293 894 cherubim.
1331 837 1468 897 Nam
1509 856 1838 897 commemo-

259 945 275 975 ‹
312 936 461 983 ratus
489 938 573 984 est
598 930 943 987 inimicorum
970 931 1023 986 in
1057 932 1249 999 imbre,
1278 941 1333 988 et
1356 933 1495 988 bene
1523 930 1705 988 facere
1730 933 1836 989 illis

257 1037 273 1066 ι
311 1018 401 1087 qui
440 1020 795 1077 ostenderunt
834 1030 1011 1078 rectas
1044 1023 1179 1078 vias.
1213 1044 1231 1075 ι
1261 1022 1513 1079 Ezechiel
1539 1031 1668 1095 ergo
1704 1040 1832 1095 pro--

242 1111 412 1182 pheta
458 1113 515 1167 in
559 1114 735 1184 prima
782 1116 990 1171 visione
1031 1133 1138 1188 qua
1183 1118 1393 1174 viderat
1431 1126 1663 1190 quatuor
1719 1118 1834 1174 ani-

248 1202 412 1255 malia
435 1212 668 1273 quatuor
688 1206 988 1277 specierum
1009 1248 1024 1273 ,
1055 1216 1109 1263 et
1138 1216 1370 1279 quatuor
1398 1216 1545 1265 rotas
1566 1209 1722 1280 juxta
1746 1224 1830 1276 ea,

248 1291 385 1347 vidit
423 1294 650 1365 gloriam
680 1297 894 1361 Domini
919 1313 1019 1368 per
1047 1299 1453 1354 similitudinem
1487 1300 1643 1370 quasi
1681 1314 1835 1370 aspe-

251 1392 399 1439 ctum
420 1387 659 1443 hominis
693 1391 931 1447 sedentis
959 1408 1121 1462 super
1146 1393 1400 1449 thronum
1424 1411 1438 1459 ;
1465 1403 1521 1448 et
1547 1395 1602 1448 in
1628 1393 1733 1449 alia
1755 1393 1836 1451 vi-

249 1471 405 1531 sione
442 1473 577 1530 vidit
611 1476 840 1547 gloriam
880 1479 1091 1535 Domini
1121 1496 1283 1550 super
1318 1482 1630 1549 cherubim,
1661 1491 1716 1538 et
1743 1498 1834 1539 so-

248 1561 397 1618 nitus
441 1563 649 1621 alarum
673 1568 953 1624 cherubim
994 1570 1315 1627 audiebatur
1342 1587 1512 1641 usque
1539 1573 1607 1629 ad
1632 1574 1833 1629 atrium

248 1655 510 1723 exterius,
533 1659 688 1728 quasi
715 1675 818 1714 vox
840 1662 935 1717 Dei
957 1663 1342 1734 omnipotentis
1365 1664 1652 1735 loquentis.
1680 1666 1837 1735 Quod

247 1754 428 1802 autem
473 1749 601 1806 dicit
640 1767 765 1807 eum
803 1765 1284 1813 cmmemoratum
1324 1773 1445 1814 esse
1489 1759 1832 1816 inimicorum

1117 360 1474 422 COMMENT.
1518 364 1586 420 IN
1628 366 2241 427 ECCLESIASTICUM.
2283 401 2354 412 —-
2394 371 2520 443 LIB.
2563 370 2631 425 X.

1865 491 1921 551 A

3389 377 3528 437 1110

2503 481 2730 540 CAPUT
2752 482 2920 540 XXV.
3098 516 3101 519 λ

2198 574 2277 631 De
2300 574 2592 631 Zorobabel
2614 585 2663 631 et
2686 575 2816 630 Jesu
2833 574 2947 645 ﬁlio
2976 573 3255 633 Iosedech.

2013 687 2032 720 ι
2067 668 2348 737 Quomodo
2377 668 2771 740 ampliﬁcemus
2795 668 3134 749 Zorobabel?
3156 685 3279 725 nam
3315 678 3373 727 et
3412 670 3531 742 ipse

1942 778 1963 827 ς
1995 762 2148 839 quasi
2175 762 2386 833 signum
2417 761 2473 815 in
2493 761 2715 816 dextera
2754 775 2916 816 manu
2941 760 3136 828 Israel;
3163 770 3218 817 et
3240 760 3426 831 Jesum
3462 762 3529 818 ﬁ-

1943 870 1961 904 ι
1989 850 2118 906 lium
2137 850 2435 907 Iosedech?
2459 851 2550 919 qui
2573 849 2629 903 in
2655 849 2845 905 diebus
2873 850 2988 906 suis
3004 850 3411 909 aediﬁcaverunt
3431 854 3529 908 do-

1944 963 1961 996 c
1996 961 2141 999 mum
2156 952 2211 999 et
2223 944 2597 1001 exaltaverunt
2618 944 2876 1017 templum
2891 954 3136 1009 sanctum
3160 946 3406 1011 Domino,
3437 940 3530 1016 pa-

1942 1054 1961 1087 ‹
2000 1043 2176 1089 ratum
2204 1034 2257 1089 in
2273 1034 2498 1104 gloriam
2513 1033 2915 1105 sempiternam.
2939 1053 2959 1085 ι
2985 1034 3283 1089 Zorobabel
3309 1034 3411 1089 iste
3424 1034 3531 1090 dux

1934 1125 2037 1182 fuit
2080 1126 2259 1197 populi
2285 1125 2468 1192 Israel,
2492 1126 2583 1196 qui
2616 1141 2737 1180 cum
2769 1122 2897 1180 Jesu
2934 1125 3187 1198 pontiﬁce
3224 1124 3336 1181 ﬁlio
3378 1123 3533 1180 Iose-

1937 1216 2093 1283 dech,
2119 1225 2176 1271 et
2193 1216 2405 1271 caeteris
2433 1216 2691 1271 Israelitis
2714 1215 2927 1271 rediens
2947 1214 3013 1270 de
3032 1215 3304 1288 Babylone
3322 1222 3533 1271 restau—

1936 1306 2078 1361 ravit
2125 1306 2383 1376 templum
2414 1305 2625 1361 Domini
2655 1305 2708 1359 in
2734 1303 3057 1370 Jerusalem,
3113 1305 3253 1360 sicut
3292 1320 3533 1377 praesens

1934 1403 2084 1458 locus
2127 1401 2469 1466 manifestat;
2512 1400 2780 1471 quomodo
2817 1407 2998 1455 autem
3042 1400 3157 1470 ipse
3198 1399 3415 1471 signum
3460 1398 3533 1455 sit

1936 1495 1991 1550 in
2024 1509 2188 1550 manu
2215 1494 2405 1549 dextra
2430 1492 2617 1560 Israel,
2640 1492 2851 1567 Aggeus
2874 1492 3135 1565 propheta
3166 1492 3220 1546 in
3260 1490 3367 1546 ﬁne
3407 1488 3536 1545 libri

1935 1586 2019 1645 sui
2047 1586 2425 1653 demonstrat,
2452 1586 2675 1642 dicens:
2717 1604 2735 1637 α
2774 1586 2832 1640 In
2855 1585 2940 1640 die
2965 1584 3076 1652 illa,
3114 1584 3245 1640 dicit
3275 1583 3536 1640 Dominus

1935 1678 2272 1734 exercituum
2303 1696 2314 1731 :
2348 1677 2635 1733 Assumam
2667 1685 2739 1743 te,
2774 1676 3072 1733 Zorobabel
3127 1675 3201 1729 ﬁli
3233 1674 3525 1740 Salatbiel,

1937 1785 2092 1825 serve
2135 1785 2311 1837 meus,
2346 1769 2475 1825 dicit
2525 1769 2785 1827 Dominus
2830 1769 3166 1824 exercituum
3196 1809 3211 1835 ,
3247 1775 3302 1823 et
3329 1781 3528 1837 ponam

248 1836 303 1934 in
338 1839 541 1906 imbre,
575 1851 629 1897 et
658 1843 978 1906 benefacere
1009 1846 1115 1902 illis
1143 1849 1235 1917 qui
1268 1851 1626 1907 ostenderunt
1655 1861 1835 1909 rectas
1862 1844 1912 1907 Β
1942 1868 1995 1916 ιθ
2019 1861 2175 1931 quasi
2216 1861 2553 1934 signaculum
2581 1902 2595 1926 ,
2637 1860 2762 1929 quia
2792 1867 2843 1915 ιθ
2885 1858 3054 1932 αἱρεῖ,
3100 1858 3232 1914 dicit
3270 1857 3532 1913 Dominus

246 1931 366 1988 vias
385 1974 399 1999 ,
431 1934 703 2006 significat
730 1938 874 2008 quod
905 1939 1425 2011 ipsepraedicaverit
1451 1958 1614 2014 super
1642 1960 1836 2014 pecca-

249 2022 395 2080 tores
415 2034 700 2083 venturam
725 2045 844 2086 esse
865 2031 1104 2101 pluviam
1125 2034 1400 2103 vindictae,
1427 2043 1483 2091 et
1510 2036 1653 2093 viam
1684 2054 1838 2094 man-

248 2116 501 2174 datorum
538 2120 635 2179 Dei
675 2124 1046 2195 gradientibus
1072 2128 1388 2198 promiserit
1415 2131 1837 2189 consolationem

245 2211 653 2271 misericordiae.
680 2214 757 2273 De
784 2217 888 2275 hac
911 2219 997 2274 via
1017 2219 1307 2276 Psalmista
1334 2222 1623 2279 Dominum
1646 2223 1839 2294 depre-

247 2312 428 2370 catur,
460 2305 647 2363 dicens
673 2325 686 2361 :
716 2328 733 2360 ι
762 2307 965 2383 Legem
993 2311 1128 2368 mihi
1157 2312 1458 2380 constitue,
1491 2313 1750 2381 Domine,
1781 2315 1838 2369 in

244 2397 334 2455 via
364 2406 485 2465 tua,
518 2407 574 2455 et
604 2400 774 2474 dirige
804 2417 891 2458 me
919 2404 976 2459 in
999 2405 1195 2461 semita
1226 2417 1375 2480 recta
1406 2414 1629 2478 propter
1657 2407 1839 2462 inimi-

243 2506 340 2549 cos
367 2506 516 2548 meos
541 2491 677 2564 (lsa.
709 2511 836 2551 xxvr
853 2494 894 2568 ).
925 2516 945 2549 ›
975 2497 1205 2571 Mystice
1227 2508 1410 2573 autem
1435 2499 1718 2566 Ezechiel,
1743 2499 1838 2572 qui

245 2582 536 2640 roboratus
571 2601 604 2640 a
638 2587 750 2642 Deo
775 2588 1187 2661 interpretatur,
1218 2600 1274 2649 et
1305 2592 1361 2651 in
1388 2591 1668 2664 Babylone
1696 2607 1833 2648 con-

245 2688 475 2731 versans
495 2675 643 2746 plebi
666 2680 959 2748 peccatrici
978 2682 1230 2754 praedixit
1250 2682 1623 2761 captivitatem
1646 2691 1838 2740 ventu-

242 2780 393 2832 ram,
426 2775 481 2822 et
509 2770 785 2828 conversis
818 2782 982 2844 atque
1005 2776 1395 2844 paenitentibus
1426 2777 1680 2849 promisit
1710 2792 1838 2849 pee-

246 2864 493 2913 catorum
535 2860 749 2915 veniam
775 2903 790 2928 ,
834 2864 1104 2934 signiﬁcat
1136 2865 1426 2923 Dominum
1462 2867 1833 2936 Salvatorem,

246 2949 339 3018 qui
372 2958 455 3005 est
483 2952 659 3008 virtus
687 2960 744 3008 et
772 2956 1037 3025 sapientia
1065 2957 1191 3024 Dei,
1220 2966 1277 3016 et
1306 2960 1591 3015 brachium
1622 2961 1832 3016 Domini

245 3055 277 3095 a
303 3042 567 3111 propheta
597 3045 1033 3116 cognominatur,
1063 3048 1249 3123 nostin
1277 3051 1650 3122 captivitatem
1679 3052 1836 3107 istius

244 3132 427 3189 saeculi
462 3135 670 3209 positos
701 3137 973 3196 visitasse.
1015 3139 1120 3197 Ubi
1148 3149 1205 3198 et
1229 3142 1609 3215 peccatoribus
1643 3159 1836 3216 plenas

243 3225 498 3295 praedixit
525 3224 773 3299 futuras,
804 3237 860 3286 et
888 3231 1278 3303 pmnitentibus
1305 3233 1548 3291 remedia
1585 3234 1838 3306 promisit

244 3323 469 3373 aeterna.

804 3452 1040 3513 CAPUT
1075 3456 1269 3514 XXIV.

683 3562 765 3624 De
797 3569 1076 3628 duodecim
1107 3576 1373 3647 prophetis

324 3712 345 3746 ι
376 3694 446 3751 Et
471 3695 759 3757 duodecim
778 3703 1168 3775 prophetarum
1187 3724 1313 3765 ossa
1331 3709 1600 3780 pullulant
1626 3712 1837 3771 deloco

249 3803 270 3838 ι
302 3800 425 3845 suo.
456 3786 594 3846 Nam
622 3793 1115 3871 corroboraveth
1138 3798 1344 3869 Iacob,
1386 3810 1446 3859 et
1489 3805 1839 3865 redemerunt

258 3896 280 3930 ί
311 3893 373 3935 se
399 3879 455 3939 in
481 3880 589 3941 ﬁde
615 3884 854 3945 virtutis.
885 3907 906 3947 ι
947 3889 1241 3951 Duodecim
1270 3896 1564 3965 prephetas
1590 3896 1713 3955 illos
1733 3937 1749 3962 ς
1777 3897 1834 3953 ni

240 3969 426 4061 fallor,
453 3987 746 4047 nuncupat,
768 3995 911 4051 quos
930 3998 1033 4041 nos
1058 3985 1299 4045 minores
1323 3988 1576 4056 dicimus,
1599 4006 1834 4061 quorum

240 4060 412 4119 libelli
450 4064 610 4126 simul
644 4078 861 4129 exstant
886 4074 1216 4146 conscripti,
1246 4093 1479 4148 quorum
1515 4080 1683 4136 etiam
1718 4082 1833 4151 pri-

238 4168 367 4217 mus
404 4155 462 4211 in
500 4160 752 4231 catalogo
778 4170 867 4221 est
888 4163 1056 4233 Osee,
1086 4168 1312 4227 ultimus
1339 4185 1469 4226 vero
1497 4170 1830 4239 Malachias;

242 4259 407 4314 quem
446 4246 675 4306 Esdram
710 4252 987 4323 scribam,
1024 4257 1271 4331 legisque
1306 4261 1586 4321 doctorem
1620 4262 1834 4335 Hebraei

236 4349 368 4425 esse
406 4346 709 4399 autumant.
747 4341 953 4405 Horum
977 4362 1112 4417 ergo
1137 4363 1262 4406 ossa
1288 4351 1502 4411 deloco
1531 4368 1632 4411 suo
1658 4354 1836 4425 pullu-

238 4424 389 4496 lant,
418 4432 546 4501 quia
569 4433 1136 4507 dignammemoriam
1160 4443 1427 4505 bonorum
1458 4447 1834 4518 exemplorum

1942 1954 2278 2008 exercituum
2326 1952 2476 2025 (Agg.
2518 1952 2600 2024 ιι).
2663 1972 2681 2005 ι
2736 1952 2979 2022 Denique
3032 1950 3255 2021 jubetur
3299 1949 3533 2022 prophe-

1942 2052 1997 2100 ta
2045 2045 2112 2100 ad
2169 2044 2343 2100 solum
2392 2043 2690 2101 Zorobabel
2754 2043 2923 2114 loqui,
2997 2044 3254 2113 quoniam
3303 2041 3354 2095 in
3412 2049 3538 2111 typo

1941 2134 2142 2193 Christi
2188 2142 2411 2206 propter
2450 2134 2876 2206 assumptionem
2930 2132 3173 2204 corporis
3215 2147 3282 2187 ex
3327 2130 3535 2187 semine

1940 2226 2135 2292 David,
2166 2243 2290 2283 eum
2318 2227 2667 2299 praecessisse
2701 2226 3212 2282 demonstravimus.
3243 2223 3382 2279 Huic
3405 2238 3536 2294 ergo

1942 2321 2198 2378 dicuntur
2228 2337 2349 2393 quae
2380 2321 2437 2375 in
2482 2319 2589 2377 ﬁne
2634 2328 2862 2375 ventura
2892 2326 3055 2385 sunt,
3104 2317 3249 2390 quod
3294 2324 3537 2375 transeat

1941 2414 2114 2487 ﬁgura
2135 2413 2299 2485 hujus
2343 2414 2547 2479 mundi,
2572 2421 2628 2468 et
2680 2412 2775 2467 ﬁat
2819 2411 3017 2468 caelum
3054 2426 3253 2467 novum
3280 2417 3336 2463 et
3390 2417 3537 2464 terra

1941 2523 2103 2575 nova,
2127 2518 2185 2563 et
2206 2513 2547 2564 commoveat
2596 2504 2860 2560 Dominus
2899 2502 3096 2559 caalum
3136 2508 3192 2556 et
3226 2510 3451 2565 terram,
3484 2508 3539 2553 et

1943 2597 2190 2655 destruat
2213 2611 2428 2653 omnem
2455 2593 2843 2666 principatum,
2890 2600 2946 2648 et
2968 2599 3313 2664 potestatem,
3338 2597 3393 2645 et
3426 2588 3537 2644 vir-

1935 2694 2221 2766 _tutem,et
2245 2685 2470 2757 dissipet
2503 2685 2660 2740 sedes
2707 2698 2919 2756 regum,
2944 2692 3066 2756 post
3108 2680 3535 2737 destructionem

1942 2777 2087 2837 enim
2141 2776 2403 2834 soliorum
2438 2784 2493 2831 et
2524 2775 2859 2831 fortitudinis
2908 2774 3249 2847 regnantium
3278 2813 3293 2837 ,
3319 2778 3374 2826 et
3397 2785 3532 2843 qua-

1932 2856 2240 2939 drigarum,
2258 2875 2313 2923 et
2336 2880 2621 2938 equorum,
2646 2873 2702 2921 et
2725 2866 2989 2937 equitum.
3008 2885 3040 2937 η(
3068 2864 3125 2919 In
3151 2864 3239 2919 die
3266 2863 3377 2929 illa,
3403 2860 3536 2916 dicit

1939 2961 2205 3019 Dominus
2257 2959 2595 3017 exercituum
2647 2977 2658 3013 :
2726 2957 3016 3014 Assumam
3072 2968 3159 3030 te,
3237 2954 3535 3012 Zorobabel

1942 3054 2114 3111 filium
2143 3051 2405 3111 Salatbiel
2435 3066 2651 3109 servum
2699 3066 2901 3107 meum.
2936 3070 2955 3103 ι
2987 3049 3190 3105 Servus
3237 3055 3418 3104 autem
3449 3045 3534 3100 di-

1943 3147 2086 3203 citur
2109 3152 2336 3217 propter
2386 3158 2584 3215 corpus
2634 3142 2953 3208 humanum,
2999 3141 3126 3212 quia
3166 3150 3294 3194 tunc
3336 3147 3391 3193 et
3418 3138 3535 3208 ipse

1941 3238 2089 3297 ﬁlius
2117 3235 2439 3307 subjicietur
2477 3234 2551 3301 ei,
2579 3230 2673 3309 qui
2721 3232 2825 3289 sibi
2875 3231 3104 3302 subjecit
3128 3230 3310 3287 omnia
3339 3271 3353 3297 ,
3384 3236 3439 3284 et
3477 3229 3531 3284 iu

1942 3330 2206 3401 subjectis
2242 3328 2497 3385 omnibus
2540 3324 2815 3383 videbitur
2841 3333 2898 3379 et
2940 3324 3056 3395 ipse
3085 3319 3391 3390 subjectus.;
3438 3319 3535 3375 sed

1941 3441 2067 3491 cum
2110 3425 2214 3480 hoc
2260 3421 2426 3479 fuerit
2477 3419 2777 3492 impletum,
2828 3426 2995 3490 ponet
3042 3432 3166 3472 eum
3196 3415 3340 3470 Deus
3376 3411 3536 3485 quasi

1941 3514 2283 3587 signaculum
2323 3513 2377 3567 in
2422 3526 2587 3569 manu
2626 3526 2745 3566 sua.
2798 3507 2954 3563 Hunc
3003 3509 3149 3563 enim
3189 3506 3365 3576 signat
3394 3503 3537 3560 Deus

1938 3603 2126 3672 Pater,
2148 3613 2204 3660 et
2251 3603 2341 3659 hic
2382 3609 2466 3658 est
2506 3603 2686 3673 imago
2723 3599 2819 3656 Dei
2850 3596 3161 3664 invisibilis,
3187 3605 3243 3653 et
3280 3596 3452 3652 forma
3482 3602 3538 3652 et

1938 3697 2245 3759 substantia
2273 3693 2412 3766 ejus,
2453 3701 2513 3753 ut
2558 3694 2869 3765 quicunque
2902 3689 3194 3747 crediderit
3246 3690 3302 3743 in
3334 3687 3529 3753 Deum,

1941 3791 2046 3849 hoc
2076 3790 2233 3862 quasi
2288 3787 2489 3844 annulo
2546 3786 2914 3858 consignetur.
2952 3782 3113 3853 Quod
3151 3789 3333 3837 autem
3366 3779 3538 3836 Zoro-

1939 3881 2100 3941 babel
2148 3890 2204 3939 et
2255 3879 2415 3937 Iesus
2452 3877 2859 3936 tediﬁcaverunt
2908 3876 3130 3931 domum
3172 3873 3535 3937 destructam,

1939 3987 1997 4037 et
2038 3979 2423 4037 exaltaverunt
2471 3974 2731 4051 templum
2784 3979 3037 4030 sanctum
3068 3968 3332 4036 Domino,
3363 3965 3535 4039 signi-

1938 4070 2069 4133 ﬁcat
2091 4070 2237 4142 quod
2249 4084 2349 4142 per
2370 4067 2601 4143 gratiam
2625 4061 3025 4123 Domininostri
3052 4059 3180 4117 Jesu
3192 4058 3416 4125 Christi,
3443 4056 3537 4128 qui

1939 4179 2039 4221 rex
2089 4171 2144 4219 et
2172 4160 2430 4221 sacerdos
2474 4167 2660 4217 noster
2682 4166 2793 4226 est,
2825 4164 2947 4228 post
2972 4153 3348 4224 captivitatem
3382 4164 3533 4210 reso-

1939 4253 2107 4311 lutam
2132 4252 2478 4311 daamoniacae
2520 4247 2923 4314 dominationis,
2958 4245 3034 4303 illi
3078 4244 3173 4315 qui
3205 4243 3535 4313 resipiscunt

1936 4364 1971 4411 a
1995 4347 2197 4405 diaboli
2225 4346 2456 4418 laqueis,
2494 4344 2696 4415 quibus
2724 4341 2866 4414 capti
2900 4339 3228 4394 tenebantur
3250 4336 3320 4392 ad
3363 4334 3531 4405 ipsius

1937 4440 2295 4506 voluntatem,
2333 4446 2528 4493 etnon
2571 4434 2745 4491 solum
2784 4431 2910 4507 ﬁdei
2957 4429 3329 4486 sinceritatem
3372 4432 3535 4494 atque

236 4522 477 4631 Ρθδίξῖίδ
638 4528 1003 4601 nminem“.
1026 4534 1125 4606 qui
1146 4538 1642 4596 corroboraveruut
1665 4537 1836 4597 Iacob
1860 4567 1916 4631 Β
1939 4537 2313 4609 integritatem
2339 4533 2466 4590 boni
2506 4530 2686 4604 operis
2728 4527 3102 4601 perdiderunt,
3142 4518 3533 4631 verum‘etiam

237 4611 726 4683 Wdicationibus
758 4622 908 4689 suis,
948 4633 1005 4680 et
1030 4626 1383 4685 redemerunt
1411 4646 1472 4688 se
1500 4632 1556 4687 in
1586 4632 1694 4690 ﬁde
1722 4632 1838 4689 vir-
1860 4610 1914 4631 ν
1941 4644 2040 4702 per
2074 4628 2425 4685 acerbitatem
2464 4623 2731 4680 scelerum
2780 4616 3072 4693 gentilibus
3119 4630 3183 4670 ac
3228 4610 3535 4684 publicanis

236 4704 414 4773 “usa
456 4710 676 4778 quando
711 4715 1099 4775 nuntiantes
1133 4720 1333 4791 populo
1368 4723 1595 4781 verbum
1632 4725 1732 4782 Dei
1774 4741 1835 4782 se
1941 4719 2229 4779 assimilati
2280 4717 2539 4782 fuerant,
2587 4715 2745 4791 juxta
2796 4708 2927 4766 illud
2963 4706 3306 4764 Dominicum
3340 4723 3353 4759 :
3408 4721 3428 4755 ι
3473 4702 3532 4758 Si

238 4793 521 4861 immunes
554 4799 806 4861 fecerunt
836 4822 868 4862 a
905 4808 1136 4869 crimine
1174 4813 1354 4871 noxiae
1400 4814 1829 4883 taciturnitatis;

1938 4822 2124 4877 autem
2153 4811 2451 4873 Ecclesiam
2480 4824 2588 4867 non
2614 4805 2868 4872 audierit,
2888 4803 2959 4863 sit
2987 4802 3087 4860 tibi
3114 4801 3256 4857 sicut
3281 4799 3532 4855 ethnicus

232 4886 394 4961 Ma
424 4892 577 4957 illam
608 4901 940 4958 sententiam
972 4902 1190 4961 Domini
1220 4921 1332 4977 qua
1377 4908 1448 4963 ad
1490 4907 1834 4967 Bacchidem
1928 4915 1996 4967 et
2011 4905 2332 4980 publicanus
2346 4901 2558 4978 (Matth.
2585 4899 2796 4972 XVIII).)
2815 4897 2949 4960 Post
2971 4894 3308 4966 septuaginta
3335 4904 3526 4956 annos,

236 4984 563 5054 prophetam
598 4989 677 5047 ait
703 5008 718 5047 ε
748 5008 771 5044 ί
804 4990 911 5048 Fili
954 4993 1228 5064 hominis,
1275 4998 1673 5069 speculatorem
1704 5000 1832 5059 dedi

1942 5001 2049 5061 hoc
2072 5007 2157 5057 est
2190 5005 2315 5071 post
2367 4992 2775 5071 septemplicem
2805 4988 3036 5063 gratiam
3082 4986 3318 5059 Spiritus
3354 4982 3530 5040 sancti

236 5081 300 5131 te
332 5077 518 5135 domui
555 5079 741 5139 Israel.
784 5084 1029 5143 Audiens
1060 5103 1194 5160 ergo
1224 5104 1300 5146 ex
1333 5105 1430 5148 one
1454 5106 1579 5148 meo
1617 5108 1828 5155 sermo-
1939 5108 2041 5171 per
2089 5091 2390 5151 custodiam
2433 5086 2686 5161 Decaloﬁi
2713 5126 2727 5151 ν
2782 5084 2873 5157 qui
2928 5097 3023 5137 eos
3073 5078 3313 5171 “simi?
3344 5084 3529 5171 -a‘que

239 5181 401 5235 mm,
431 5173 782 5231 annuntiabis
807 5174 891 5232 eis
918 5192 988 5235 ex
1015 5192 1123 5235 me.
1164 5179 1222 5235 Si
1250 5196 1338 5239 me
1373 5182 1590 5241 dicente
1624 5185 1695 5241 ad
1726 5185 1830 5243 im-
1934 5168 2254 5249 eonsolatus
2287 5190 2369 5241 est
2390 5181 2720 5249 liberantur,
2744 5191 2807 5231 ac
2825 5174 3041 5232 domum
3058 5171 3155 5227 Dei
3177 5177 3231 5227 et
3251 5168 3526 5226 civitatem

232 5260 431 5332 pium:
471 5262 670 5336 Impie,
708 5276 888 5325 morte
928 5272 1220 5333 morieris:
1260 5290 1370 5335 non
1410 5275 1579 5335 fueris
1612 5277 1828 5337 locutus
1930 5288 2183 5341 sanctam
2214 5277 2566 5342 reaediﬁcant,
2598 5273 2725 5346 quia
2774 5283 3163 5339 nonnunquam
3207 5266 3262 5322 hi
3294 5265 3386 5337 qui
3431 5278 3528 5336 per

231 5360 303 5415 ut
326 5368 392 5446 se
412 5357 684 5415 custodiat
702 5359 906 5432 impius
932 5379 966 5421 a
991 5365 1082 5423 via
1104 5381 1238 5434 sua,
1271 5368 1387 5439 ipse
1414 5369 1614 5441 impius
1638 5371 1696 5428 in
1722 5371 1826 5431 ini-
1930 5390 2037 5433 sua
2059 5380 2282 5446 peccata
2316 5387 2348 5426 a
2387 5366 2765 5427 communione
2801 5376 2867 5417 ac
2907 5359 3168 5417 societate
3200 5362 3401 5414 sanctae
3424 5354 3528 5412 Ec-

234 5445 450 5520 quit'ate
468 5467 566 5509 sua
587 5454 873 5525 morietur,
890 5461 1214 5533 sanguinem
1234 5470 1416 5520 autem
1435 5462 1555 5534 ejus
1574 5465 1642 5522 de
1661 5480 1824 5522 manu
1930 5445 2118 5524 etesiae
2162 5461 2401 5536 separati
2436 5456 2736 5516 inﬁdelium
2780 5451 3030 5514 societati
3067 5466 3132 5507 ac
3162 5463 3389 5539 numero
3433 5445 3525 5502 c0—

225 5549 336 5601 ω
370 5546 669 5617 requiram.
708 5548 771 5607 Si
810 5558 993 5609 autem
1030 5554 1391 5612 annuntiante
1416 5566 1473 5615 te
1496 5559 1567 5616 ad
1593 5558 1823 5631 impium
1935 5556 2283 5631 pulabantur,
2309 5566 2526 5611 rursum
2557 5563 2655 5623 per
2695 5547 2897 5607 donum
2927 5542 3102 5631 sancti
3149 5540 3386 5614 Spiritus
3411 5547 3523 5593 stu-

228 5643 302 5695 δι
340 5651 375 5692 a
405 5639 510 5705 viis
546 5643 660 5701 suis
692 5655 1059 5715 convertatur,
1099 5664 1210 5707 non
1246 5649 1415 5708 fuerit
1452 5666 1749 5712 conversus
1789 5667 1823 5709 a

1934 5626 2088 5712 diose
2119 5657 2298 5705 actum
2324 5645 2481 5703 bona:
2517 5640 2847 5723 operationis
2865 5626 3143 5704 exercent,
3165 5650 3229 5691 ac
3261 5647 3361 5708 per
3395 5633 3519 5692 hoc,

232 5730 329 5787 uia
360 5746 492 5799 sua,
528 5733 647 5804 ipso
680 5737 739 5793 in
777 5738 1064 5810 iniquitate
1099 5758 1199 5799 sua
1232 5743 1537 5813 morietur;
1565 5758 1733 5817 porro
1756 5753 1818 5803 tu
1934 5741 2269 5803 consortium
2314 5738 2551 5795 ﬁdelium
2577 5776 2594 5802 ,
2646 5735 2838 5790 domus
2879 5729 3132 5788 videlicet
3184 5734 3242 5781 et
3285 5722 3522 5780 civitatis

228 5824 483 5888 ﬁlim
502 5830 922 5905 ωοωμιοωιί
944 5833 965 5905 (
987 5835 1184 5898 Each.
1208 5852 1276 5903 ιιι
1296 5837 1340 5905 δ.
1369 5857 1393 5895 ι

1926 5836 2170 5913 Domini.
2206 5834 2276 5901 de
2319 5848 2428 5909 qua
2452 5831 2673 5893 fuerant
2713 5826 2894 5905 ejecti,
2953 5823 3243 5896 recipiunt,
3299 5825 3358 5877 et
3376 5817 3521 5899 bene
