4028 6510
393 348 535 405 1117

1274 346 1627 409 COMMENT.
1772 345 2391 406 ECCLESfASTICUM.
2430 376 2502 390 —-
2539 347 2667 404 LIB.
2710 300 2803 404 Χ.¹

3513 353 3654 409 1118

390 467 452 517 ut
489 459 711 517 videant
737 477 905 533 opera
928 472 1112 520 vestra
1148 460 1310 530 bena,
1336 471 1394 519 et
1412 462 1718 535 gloriﬁcent
1749 462 1974 519 Patrem
1996 464 2053 528 Α
2074 463 2597 521 consummationem
2625 464 2835 532 mundi,
2856 466 3074 535 quando
3120 480 3318 537 corpus
3343 469 3545 526 Christi
3569 470 3654 524 in-

389 561 634 613 vestrum
658 556 752 626 qui
788 555 846 612 in
871 556 1026 613 oculis
1051 565 1138 613 est
1163 555 1377 630 (Matth.
1408 555 1485 627 v).
1515 575 1535 610 ι

465 663 486 699 α
518 644 590 703 Et
608 648 1080 704 consummatione
1129 646 1363 720 fungens
1409 646 1468 703 in
1494 662 1614 712 ara,
1637 645 1970 720 ampliﬁcare

394 754 415 790 ι
443 735 775 794 oblationem
812 738 1018 796 excelsi
1059 739 1224 812 regis.
1269 737 1522 795 Porrexit
1548 751 1769 794 manum
1812 752 1969 794 suam

392 845 416 881 ι
448 826 506 885 in
534 827 815 896 libatione,
840 837 899 886 et
940 829 1128 885 libavit
1171 828 1243 884 de
1282 829 1547 903 sanguine
1590 843 1726 885 uvae.
1770 828 1973 884 Effudit

391 937 412 974 ι
444 919 503 976 in
548 919 902 978 fundamento
946 921 1134 978 altaris
1182 921 1410 977 odorem
1459 920 1703 976 divinum
1749 918 1970 975 excelso

390 1030 411 1066 ι
440 1013 692 1084 principi.
719 1034 741 1068 ι
783 1013 1167 1071 Consummata
1216 1015 1420 1093 oblatio
1469 1014 1715 1087 fungitur
1751 1013 1970 1069 excelso

384 1104 525 1175 regi,
548 1105 764 1175 quando
786 1121 982 1176 corpus
1019 1106 1222 1163 Christi
1261 1106 1317 1161 in
1364 1121 1524 1163 sacro
1554 1106 1713 1162 altari
1744 1104 1971 1161 offertur

381 1194 496 1253 Deo
522 1198 763 1255 omnium
807 1198 1149 1262 dominatori,
1192 1198 1285 1254 ubi
1309 1203 1366 1253 et
1406 1197 1590 1253 libatio
1621 1196 1682 1251 ﬁt
1709 1196 1969 1266 sanguine

382 1303 524 1355 uvae,
545 1290 760 1358 quando
802 1290 1023 1360 sanguis
1052 1288 1431 1358 Redemptoris
1471 1288 1757 1343 exhibetur
1784 1287 1840 1342 in
1878 1302 1968 1342 ca-

381 1378 487 1436 lice
514 1396 530 1434 :
559 1380 703 1450 quod
747 1380 1075 1437 fundendum
1103 1392 1189 1438 est
1234 1384 1289 1439 in
1318 1381 1734 1439 fundamentum
1757 1382 1965 1450 altaris,

381 1471 487 1529 hoc
506 1480 590 1528 est
613 1482 785 1529 totum
806 1474 1071 1545 agendum
1100 1475 1152 1528 in
1176 1476 1746 1531 commemorationem
1793 1476 1966 1530 nostri

379 1562 786 1636 Redemptoris;
813 1567 927 1637 ipse
950 1575 1034 1622 est
1072 1568 1216 1623 enim
1243 1568 1651 1624 fundamentum
1676 1570 1820 1639 quod
1842 1583 1968 1638 por-

379 1662 463 1711 tat
486 1663 658 1712 totum
686 1656 940 1713 Ecclesia;
968 1659 1277 1716 aedilicium.
1307 1659 1474 1732 Cujus
1501 1661 1792 1718 oblationis
1831 1664 1966 1719 odor

375 1746 730 1803 suavissimus
751 1759 835 1804 est
858 1749 1073 1805 excelso
1098 1751 1354 1821 principi,
1381 1755 1509 1822 quia
1534 1752 1673 1809 bene
1691 1753 1869 1825 placet
1898 1770 1962 1810 ac

378 1840 691 1911 gratissima
714 1852 798 1898 est
823 1843 935 1898 Deo
960 1844 1108 1899 Patri
1137 1846 1517 1917 omnipotenti.

453 1947 473 1981 ι
506 1930 657 1987 Tunc
691 1932 1128 1990 exclamaverunt
1158 1935 1254 1991 ﬁlii
1291 1937 1495 2003 Aaron,
1532 1944 1587 1992 et
1607 1937 1663 1992 in
1693 1938 1842 1995 tubis
1868 1938 1966 1994 du-

384 2039 405 2074 ι
431 2021 650 2079 ctilibus
676 2036 997 2092 sonuerunt,
1025 2036 1082 2081 et
1130 2028 1375 2083 auditam
1420 2028 1668 2085 fecerunt
1714 2044 1966 2102 magnam

383 2131 404 2167 ι
438 2129 626 2172 vocem
652 2115 707 2171 in
727 2119 1046 2174 memoriam
1068 2134 1252 2175 coram
1282 2120 1534 2176 Domino.
1564 2140 1583 2173 ι
1618 2121 1741 2199 Filii
1768 2122 1967 2193 quippe

374 2205 561 2264 Aaron
596 2210 909 2267 sacerdotes
955 2212 1079 2268 sun't
1121 2213 1349 2281 Christi,
1391 2224 1448 2270 et
1482 2215 1718 2271 ministri
1776 2216 1967 2273 altaris

376 2298 574 2368 divini;
621 2302 680 2357 hi
715 2317 905 2360 vocem
956 2297 1201 2361 exaltant
1242 2306 1299 2362 in
1337 2308 1482 2362 tubis
1508 2306 1822 2373 ductilibus,
1864 2309 1969 2364 hoc

374 2397 481 2454 est,
502 2390 942 2460 pmdicationem
967 2394 1226 2450 exhibent
1250 2397 1511 2451 doctrinae
1536 2412 1635 2467 per
1658 2398 1965 2467 passionem

371 2491 762 2539 consummatae
794 2484 849 2538 in
881 2486 1203 2541 memoriam
1232 2503 1418 2542 coram
1445 2488 1691 2544 Domino.
1729 2489 1967 2545 Ductiles

378 2579 557 2627 autem
591 2582 716 2643 apte
742 2573 1015 2643 dicuntur,
1038 2577 1164 2646 quia
1200 2577 1387 2633 ﬁdeles
1430 2578 1663 2634 diversis
1694 2578 1965 2648 passioni-

373 2663 482 2720 bus
516 2665 661 2721 tunsi
690 2666 919 2723 Domino
942 2668 1205 2740 largiente
1228 2670 1540 2740 proﬁciunt,
1567 2678 1625 2724 et
1670 2678 1820 2726 tanto
1844 2669 1964 2740 plus

375 2768 649 2825 crescunt,
693 2768 898 2829 quanto
937 2760 1167 2830 amplius
1213 2762 1319 2817 diri
1346 2762 1526 2818 mallei
1565 2761 1769 2818 fuerint
1799 2762 1961 2817 itera-

375 2848 524 2905 tione
550 2851 823 2921 percussi;
857 2851 1084 2908 malleus
1126 2853 1269 2908 enim
1318 2862 1403 2909 est
1450 2854 1715 2919 diabolus,
1746 2854 1813 2909 de
1854 2868 1963 2923 quo

372 2941 639 3012 propheta
690 2942 825 2999 dicit
864 2961 878 2998 :
915 2961 933 2995 ι
965 2942 1244 3001 Contritus
1288 2954 1374 3003 est
1419 2945 1650 3003 malleus
1698 2945 1964 3002 universae

376 3042 535 3091 teme
557 3034 693 3108 (ιον.
722 3035 799 3110 ι).
834 3057 855 3091 ι

451 3146 471 3178 ι
501 3126 653 3184 Tune
690 3128 869 3185 omnis
909 3129 1139 3200 populus
1177 3130 1339 3189 simul
1382 3139 1850 3202 properaverant,
1907 3138 1963 3187 et

380 3238 402 3271 ι
436 3218 826 3276 cecideruntin
847 3191 1043 3277 faciem
1089 3236 1251 3292 super
1286 3191 1499 3278 terram
1521 3222 1751 3277 adorare
1779 3191 1963 3277 Domi—
1986 3191 2035 3256 ί)

381 3329 401 3363 ι
439 3323 569 3365 num
590 3311 762 3368 Deum
796 3324 977 3378 suum,
1006 3321 1063 3368 et
1092 3313 1224 3369 dare
1247 3327 1439 3384 preces
1458 3314 1572 3371 Deo
1602 3313 1962 3383 omnipotenti

382 3420 403 3454 r
437 3400 670 3467 excelso,
705 3410 761 3457 et
786 3402 1262 3473 ampliﬁcaverunt
1304 3404 1599 3475 psallentes
1647 3405 1706 3461 in
1739 3405 1961 3462 vocibus

381 3514 401 3547 ι
434 3494 568 3552 suis.
601 3514 622 3549 ι
673 3495 810 3553 Cum
852 3512 984 3568 ergo
1030 3498 1191 3569 digne
1243 3498 1479 3555 ofﬁcium
1534 3499 1962 3556 ecclesiasticum

375 3599 474 3656 per
500 3586 778 3645 ministros
814 3587 1005 3644 altaris
1049 3588 1249 3645 Christi
1293 3590 1349 3644 in
1386 3592 1705 3648 memoriam
1746 3592 1961 3647 Domini

374 3677 578 3749 agitur,
608 3685 737 3734 tunc
764 3680 929 3735 etiam
948 3680 1200 3736 universa
1221 3681 1376 3752 plebs
1397 3681 1730 3737 credentium
1761 3683 1828 3737 ad
1849 3682 1963 3737 lau-

371 3771 613 3827 dandum
630 3781 686 3828 et
704 3774 1035 3830 adorandum
1058 3774 1347 3831 Dominum
1366 3764 1709 3846 provocatur,
1726 3783 1965 3847 pmster—

374 3860 460 3918 nit
486 3876 548 3919 se
572 3860 631 3918 in
657 3860 874 3929 faciem,
906 3864 1010 3921 hoc
1056 3873 1160 3931 est,
1189 3866 1371 3922 cordis
1415 3866 1498 3921 sui
1528 3875 1654 3922 ante
1680 3865 1848 3922 Deum
1875 3879 1966 3922 ex-

374 3952 529 4010 hibet
565 3954 958 4024 humilitatem;
1006 3958 1098 4014 dat
1124 3973 1316 4029 preces
1346 3966 1405 4014 et
1432 3957 1617 4029 psallit
1642 3958 1698 4013 in
1724 3972 1858 4015 voce
1875 3956 1964 4027 ju-

374 4043 654 4102 bilationis
678 4087 695 4114 ,
742 4047 869 4117 quia
902 4048 1168 4119 quidquid
1210 4049 1265 4105 in
1313 4050 1508 4105 timore
1551 4058 1607 4104 et
1647 4064 1835 4105 amore
1866 4050 1965 4105 Dei

372 4139 511 4210 agit,
564 4146 737 4197 totum
779 4156 966 4197 coram
1011 4143 1124 4199 Deo
1164 4142 1345 4198 oratio
1378 4151 1465 4199 est
1510 4151 1568 4198 et
1603 4142 1741 4199 odor
1783 4142 1963 4197 suavi-

377 4230 525 4286 tatis.

455 4345 475 4378 ι
503 4325 572 4382 Et
597 4326 655 4382 in
692 4341 888 4399 magna
928 4327 1090 4385 domo
1128 4328 1305 4385 factus
1348 4335 1433 4384 est
1474 4342 1639 4383 sonus
1682 4326 1964 4382 suavitatis
1995 4399 2011 4418 ο

384 4437 407 4472 ι
437 4420 651 4491 plenus.
674 4421 745 4476 Et
772 4420 981 4493 rogavit
1003 4422 1232 4492 populus
1269 4422 1554 4477 Dominum
1589 4420 1863 4476 excelsum
1906 4420 1960 4473 in

382 4531 404 4564 ι
436 4526 621 4583 prece,
661 4526 835 4583 usque
856 4513 988 4568 dum
1016 4510 1291 4584 perfectus
1325 4521 1409 4569 est
1434 4513 1610 4567 honor
1639 4510 1873 4576 Domini,
1908 4518 1964 4565 et

380 4622 404 4655 ί
438 4618 636 4659 munus
671 4619 829 4659 suum
876 4604 1244 4676 perfecerunt.
1275 4623 1296 4657 ι
1324 4603 1513 4676 Magna
1556 4604 1738 4673 itaque
1770 4603 1963 4657 domus

377 4704 464 4751 est
507 4695 753 4752 Ecclesia
797 4697 1085 4764 catholica,
1121 4697 1176 4752 in
1215 4712 1322 4766 qua
1364 4694 1598 4765 majores
1625 4704 1679 4750 et
1728 4695 1965 4750 minores

378 4802 575 4845 sonum
608 4803 830 4845 suavem
877 4789 1305 4860 reddunttquia
1352 4790 1612 4860 quidquid
1657 4790 1712 4843 in
1756 4789 1964 4844 unitate

378 4868 543 4938 rcctaa
580 4882 704 4939 ﬁdei
733 4882 1104 4951 Deooﬂ‘ertur,
1126 4884 1232 4939 rite
1267 4892 1325 4939 et
1363 4884 1660 4942 secundum
1698 4882 1964 4938 rationem

377 4975 683 5044 praebetur;
709 4974 972 5046 quidquid
1010 4985 1193 5031 autem
1240 4985 1394 5031 extra
1426 4975 1727 5031 Ecclesiam
1765 4976 1962 5047 agitur,

378 5076 556 5123 totum
583 5067 652 5123 ad
679 5069 1011 5139 impietatem
1036 5068 1350 5139 deputatur.
1372 5066 1598 5139 Magnus
1624 5082 1755 5139 ergo
1789 5068 1845 5122 in
1865 5068 1968 5123 Ec-

380 5157 546 5216 clesia
573 5159 636 5214 ﬁt
670 5159 901 5225 sonitus,
936 5159 1152 5230 quando
1188 5159 1471 5214 orantibus
1520 5158 1894 5215 sacerdotibus
1912 5167 1970 5213 et

380 5250 841 5319 benedicentibns,
874 5253 1164 5323 respondet
1182 5254 1362 5309 omnis
1387 5251 1615 5323 populus
1638 5252 1847 5305 Amen:
1875 5252 1967 5322 qui

380 5359 550 5402 sonus
596 5355 706 5401 tam
734 5347 802 5402 ad
830 5347 1121 5402 clamorem
1150 5347 1323 5412 vocis,
1345 5362 1508 5417 quam
1537 5347 1604 5401 ad
1630 5345 1969 5401 devotionem

377 5438 618 5511 pertinet
634 5439 839 5505 cordis,
853 5439 982 5509 quia
1002 5440 1165 5495 homo
1184 5440 1331 5495 videt
1359 5439 1412 5494 in
1440 5438 1599 5505 facie,
1622 5437 1763 5492 Deus
1784 5445 1964 5492 autem

380 5531 626 5588 intuetur
650 5545 768 5587 cor.
814 5530 991 5600 Rogat
1037 5546 1168 5602 ergo
1195 5530 1425 5601 populus
1471 5530 1757 5586 Dominum
1788 5530 1967 5585 excel-

378 5632 502 5677 sum
532 5622 588 5677 in
634 5636 797 5694 prece
841 5636 1012 5692 usque
1037 5625 1161 5678 dum
1205 5623 1481 5693 perﬁcitur
1506 5624 1682 5677 honor
1728 5622 1961 5685 Domini,

383 5713 510 5784 quia
530 5716 707 5772 omnis
740 5716 982 5773 Ecclesia
1012 5715 1248 5771 ﬁdelium
1274 5716 1377 5771 hoc
1405 5716 1592 5781 ambit,
1617 5715 1743 5768 inde
1766 5713 1967 5785 satagit

380 5814 446 5863 ut
484 5815 795 5876 perseveret
830 5808 893 5863 in-
936 5821 1096 5880 prece
1138 5814 1195 5863 et
1242 5806 1493 5862 laudibus
1548 5805 1642 5860 Dei
1674 5819 1845 5875 usque
1897 5804 1965 5859 ad

2071 555 2422 626 corruptione
2465 555 2839 627 honorabitur,
2885 566 2942 613 et
2986 557 3383 631 conjungentur
3411 558 3657 618 membra

2069 648 2236 720 capiti
2274 664 2397 704 suo.

2146 756 2166 790 ι
2196 739 2347 795 Tunc
2367 739 2698 797 descendens
2725 742 2919 799 extulit
2970 758 3164 800 manus
3188 757 3316 800 suas
3352 746 3408 800 in
3437 734 3679 802 omnem

2076 845 2096 880 ι
2132 831 2606 901 congregationem
2631 824 2867 889 ﬁliorum
2914 832 3100 900 lsrael,
3131 834 3261 891 dare
3290 834 3519 906 gloriam
3546 836 3656 893 Deo

2074 940 2094 974 ι
2128 920 2182 975 in
2209 920 2365 976 labiis
2395 922 2528 989 suis,
2553 931 2609 978 et
2656 924 2711 978 in
2755 926 2972 980 nomine
3001 926 3169 995 ipsius
3194 927 3434 998 gloriari.
3470 929 3538 983 Et
3560 930 3657 986 ite-

2078 1029 2098 1062 r
2134 1012 2274 1066 ravit
2303 1013 2603 1069 orationem
2634 1029 2809 1080 suam,
2854 1016 3040 1072 volens
3073 1019 3358 1073 ostendere
3400 1018 3657 1077 virtutem

2076 1120 2095 1153 ‹
2129 1102 2245 1156 Dei.
2273 1102 2341 1157 Et
2366 1103 2486 1172 plus
2531 1104 2706 1160 oravit
2736 1105 3020 1160 Dominum
3046 1109 3309 1174 omnium,
3337 1109 3429 1178 qui
3462 1124 3658 1182 magna

2076 1210 2096 1245 ‹
2132 1192 2261 1249 fecit
2283 1193 2338 1249 in
2368 1195 2516 1250 omni
2539 1203 2704 1258 terra,
2739 1196 2831 1265 qui
2857 1197 3008 1252 auxit
3028 1198 3144 1254 dies
3170 1208 3388 1256 nostros
3415 1216 3446 1255 a
3466 1211 3658 1257 ventre

2074 1301 2095 1335 ‹
2131 1284 2322 1339 matris
2343 1293 2562 1353 nostrae,
2604 1294 2659 1341 et
2680 1284 2810 1341 fecit
2844 1287 3127 1343 nobiscum
3169 1291 3466 1346 secundum
3502 1306 3658 1346 suam

2075 1391 2095 1425 ι
2129 1374 2579 1442 misericordiam,
2612 1376 2704 1431 det
2743 1377 2903 1433 nobis
2937 1378 3335 1448 iucunditatem
3373 1381 3574 1449 cordis,
3604 1387 3659 1435 et

2074 1484 2093 1517 ‹
2131 1465 2249 1522 ﬁeri
2298 1483 2485 1539 pacem
2529 1469 2584 1523 in
2629 1469 2821 1525 diebus
2862 1471 3064 1527 nostris
3094 1471 3149 1525 in
3197 1471 3362 1527 israel
3405 1488 3505 1543 per
3541 1472 3657 1527 dies

2073 1576 2094 1609 ε
2126 1561 2515 1631 sempiternos;
2542 1562 2767 1618 credere
2801 1562 2966 1618 lsrael
2991 1562 3270 1619 nobiscum
3293 1578 3414 1618 esse
3443 1563 3659 1619 miseri-

2062 1669 2093 1717 ,ι
2128 1652 2367 1708 cordiam
2397 1654 2494 1710 Dei
2517 1663 2577 1709 ut
2618 1654 2811 1709 liberet
2840 1670 2941 1710 nos
2970 1654 3026 1708 in
3062 1653 3253 1711 diebus
3292 1654 3422 1710 suis.
3455 1673 3475 1707 ι
3508 1653 3661 1709 Tunc

2068 1746 2215 1801 enim
2244 1752 2419 1802 cretus
2447 1755 2761 1802 sanctorum
2805 1746 3087 1802 doctorum
3129 1746 3408 1803 exsultans
3450 1746 3661 1803 extollit

1992 1831 2041 1891 B
2068 1852 2264 1891 manus
2320 1851 2445 1891 suas
2497 1836 2552 1891 in
2611 1850 2831 1892 omnem
2882 1837 3358 1909 congregationem
3423 1836 3661 1893 ﬁliorum

2068 1929 2255 1995 Israel,
2280 1930 2497 1999 quando
2519 1930 2725 2001 gratias
2747 1930 2860 1985 Deo
2889 1931 3001 2001 agit
3022 1946 3122 2002 pro
3162 1930 3493 2000 perfectione
3519 1929 3663 1986 labo—

2068 2023 2146 2077 ris
2168 2022 2249 2077 sui
2289 2031 2345 2077 et
2382 2021 2557 2077 salute
2585 2023 2825 2077 universi
2856 2022 3071 2092 populi;
3105 2030 3235 2077 tunc
3267 2022 3455 2078 laudes
3479 2020 3664 2077 multi-

2032 2150 2037 2157 .
2065 2112 2251 2183 plicat,
2287 2120 2416 2167 tunc
2443 2112 2748 2168 orationem
2777 2112 2960 2178 iterat,
3010 2112 3137 2182 quia
3169 2127 3446 2181 nunquam
3473 2127 3504 2166 a
3544 2111 3663 2166 lau-

2067 2203 2227 2259 dibus
2250 2204 2343 2260 Dei
2369 2212 2572 2271 cessat,
2600 2204 2785 2259 volens
2813 2204 3102 2260 ostendere
3126 2204 3384 2260 virtutem
3409 2203 3529 2269 Dei,
3557 2203 3661 2259 hoc

2067 2306 2173 2364 est,
2197 2313 2459 2353 enarrare
2499 2305 2554 2353 et
2595 2299 2896 2367 przedicare
2934 2297 3366 2354 misericordiam
3416 2298 3533 2366 ejus
3569 2295 3688 2366 qui-

2068 2394 2160 2448 dat
2185 2394 2340 2448 nobis
2380 2392 2773 2462 iucunditatem
2797 2393 2981 2449 cordis
3017 2401 3072 2448 et
3099 2408 3288 2463 pacem
3322 2393 3378 2447 in
3410 2391 3666 2462 tempori-

2064 2483 2168 2539 bus
2193 2486 2433 2551 aeternis,
2467 2495 2735 2556 quatenus
2756 2500 2947 2541 omnes
2978 2484 3256 2550 lsraelitaa,
3285 2486 3389 2540 hoc
3416 2493 3519 2549 est,
3544 2483 3661 2539 veri

2065 2577 2301 2632 cultores
2328 2578 2424 2632 Dei
2451 2585 2508 2633 et
2556 2587 2829 2634 amatores
2879 2579 3022 2649 regis
3047 2580 3256 2643 aeterni,
3303 2585 3661 2649 agnoscentes

2032 2710 2035 2713 .
2060 2670 2361 2740 praedicent
2384 2672 2689 2740 potentiam
2710 2679 2765 2726 et
2791 2671 3091 2728 bonitatem
3126 2671 3221 2727 Dei
3254 2672 3310 2726 in
3339 2669 3660 2727 liberatione

2063 2763 2249 2833 populi
2278 2763 2380 2818 sui.

2141 2880 2161 2913 ε
2192 2862 2336 2917 Duas
2366 2870 2554 2934 gentes
2592 2863 2710 2919 odit
2729 2863 2910 2918 anima
2933 2876 3055 2918 mea
3083 2880 3098 2918 :
3124 2863 3288 2918 tertia
3335 2871 3517 2918 autem
3547 2877 3658 2919 non

2030 2989 2034 2994 η
2068 2971 2087 3005 ι
2122 2963 2207 3010 est
2228 2968 2380 3025 gens,
2414 2970 2577 3024 quam
2607 2954 2848 3021 oderim;
2873 2955 2965 3026 qui
3006 2955 3202 3010 sedent
3227 2954 3281 3010 in
3308 2962 3490 3010 monte
3513 2950 3657 3021 Seir,

2028 3058 2029 3061 ‘
2068 3066 2087 3099 ι
2123 3056 2177 3102 ει
2201 3046 2553 3114 Philisthiim,
2577 3055 2633 3103 et
2651 3048 2849 3103 stultus
2874 3048 3100 3119 populus
3118 3049 3212 3118 qui
3244 3047 3457 3104 habitat
3484 3048 3540 3104 in
3575 3046 3663 3104 Si-

2071 3158 2090 3191 ι
2122 3140 2335 3196 cbimis.
2369 3159 2388 3193 ι
2423 3141 2568 3196 Duas
2595 3148 2784 3212 gentes
2803 3139 2937 3195 dicit
2964 3155 3025 3195 se
3048 3140 3229 3195 edisse
3254 3158 3266 3194 :
3291 3155 3522 3210 quarum
3549 3152 3659 3194 una

2065 3241 2152 3291 est
2190 3248 2323 3306 gens
2350 3232 2575 3290 Judaica
2621 3234 2723 3290 sub
2766 3234 2900 3306 legis
2952 3233 3134 3289 littera
3178 3234 3495 3298 constituta,
3538 3246 3659 3305 quae

2064 3326 2228 3382 etiam
2252 3334 2305 3379 et
2332 3324 2455 3380 Seir
2483 3325 2703 3381 nomine
2740 3326 2998 3381 denotata
3035 3333 3134 3389 est,
3162 3324 3305 3395 quod
3331 3324 3655 3394 interpreta-

2065 3428 2153 3475 tur
2178 3420 2420 3491 hispidus
2459 3420 2542 3476 vel
2573 3420 2799 3490 pilosus.
2845 3419 2967 3476 Seir
2989 3420 3135 3475 enim
3174 3418 3318 3474 idem
3360 3416 3461 3473 fuit
3484 3417 3576 3488 qui
3603 3424 3659 3472 et

2063 3511 2227 3579 Esau,
2250 3512 2396 3582 quod
2424 3512 2821 3582 interpretatur
2860 3512 3081 3580 rubens,
3116 3508 3293 3580 major
3335 3509 3478 3564 ﬁlius
3507 3509 3658 3564 lsaac

2063 3613 2119 3660 et
2141 3604 2426 3669 Rebeccae;
2458 3604 2638 3659 minor
2672 3612 2852 3658 autem
2879 3601 3175 3658 vocabatur
3204 3600 3398 3657 Jacob.
3424 3598 3532 3656 Sed
3562 3615 3660 3657 cur

2062 3697 2155 3754 ille
2184 3706 2327 3753 totus
2352 3698 2551 3753 rubens
2579 3704 2634 3751 et
2658 3696 2925 3767 hispidus,
2955 3697 3062 3751 nisi
3092 3694 3218 3765 quia
3246 3693 3483 3765 populus
3511 3693 3663 3765 prior

2062 3790 2449 3861 prophetarum
2474 3797 2531 3843 et
2554 3787 2755 3843 Christi
2782 3786 2884 3842 fuit
2923 3801 3117 3842 cruore
3142 3786 3396 3856 pollutus,
3427 3800 3492 3841 ac
3530 3798 3657 3855 pec-

2064 3881 2170 3935 cati
2209 3889 2265 3935 et
2288 3880 2542 3951 nequitia:
2567 3879 2819 3950 squalore
2857 3876 3069 3934 exstitit
3119 3876 3524 3934 circumdatus?
3547 3875 3657 3933 Cu-

2056 3970 2147 4041 jus
2175 3972 2296 4027 ideo
2324 3973 2503 4027 minor
2523 3972 2837 4028 calcaneum
2888 3971 3083 4037 tenuit,
3111 3970 3235 4041 quia
3274 3970 3501 4041 mystice
3543 3984 3661 4025 ma-

2058 4062 2233 4133 jorem
2269 4062 2528 4132 populum
2577 4062 2757 4117 minor
2813 4068 3167 4132 superaturos
3214 4067 3353 4115 erat.
3400 4057 3527 4115 Haec
3578 4067 3662 4115 est

2064 4152 2208 4208 enim
2252 4153 2530 4222 generatio
2577 4164 2744 4222 prava
2790 4160 2847 4207 et
2891 4167 3147 4223 perversa
3176 4160 3340 4222 atque
3391 4150 3658 4218 adultera,

2055 4242 2215 4311 juxta
2236 4242 2527 4298 veridicam
2562 4258 2749 4298 vocem
2780 4242 3079 4313 Evangelii,
3110 4258 3233 4313 qua:
3259 4260 3279 4295 ι
3305 4242 3506 4298 occidit
3530 4256 3659 4312 pro-

2062 4335 2278 4404 phetas,
2304 4341 2359 4387 et
2382 4333 2638 4403 lapidavit
2666 4348 2760 4388 eos
2781 4334 2873 4403 qui
2915 4333 2981 4387 ad
3004 4347 3062 4388 se
3101 4333 3251 4388 missi
3286 4340 3431 4388 sunt.
3471 4331 3659 4388 Novis-

2032 4425 2200 4479 sime
2246 4433 2426 4479 autem
2462 4424 2516 4478 in
2562 4424 2738 4494 ipsum
2785 4424 3055 4478 hteredem
3100 4438 3208 4478 non
3241 4423 3663 4493 pertimescebat

2066 4529 2261 4569 manus
2285 4514 2478 4583 impias
2506 4513 2731 4583 injicere
2762 4521 2816 4568 et
2847 4514 3119 4569 trucidare
3153 4513 3347 4568 Filium
3372 4513 3467 4569 Dei
3501 4512 3653 4585 (Luc.

2066 4606 2209 4679 xm).
2241 4626 2262 4660 ι
2296 4606 2448 4663 Hanc
2472 4622 2599 4676 ergo
2628 4616 2845 4676 gentem
2874 4607 2996 4662 ideo
3044 4607 3342 4662 detestatur
3368 4606 3658 4676 sapientia,

2065 4698 2192 4767 quia
2229 4697 2414 4753 sedulo
2454 4706 2770 4768 perseverat
2812 4698 2868 4753 in
2909 4699 3090 4754 cordis
3116 4697 3317 4754 duritia
3363 4705 3418 4754 et
3467 4712 3661 4753 sensus

2064 4791 2316 4847 stultitia.
2348 4790 2477 4847 Haec
2529 4800 2708 4847 autem
2738 4793 2939 4848 dicitur
2986 4793 3177 4849 sedere
3212 4793 3269 4846 in
3316 4800 3519 4857 monte,
3549 4806 3656 4845 non

2064 4884 2124 4939 in
2147 4883 2467 4939 celsitudine
2493 4885 2683 4953 utique
2708 4885 2990 4951 virtutum,
3013 4886 3109 4940 sed
3147 4886 3201 4939 in
3234 4892 3444 4939 tumore
3471 4898 3660 4953 super-

2036 5024 2039 5025 .
2067 4971 2191 5040 bim,
2219 4972 2347 5043 quia
2392 4989 2609 5044 semper
2634 4975 2747 5030 Deo
2775 4976 2907 5030 dura
2936 4975 3150 5030 cervice
3174 4982 3231 5029 et
3279 4972 3660 5029 incircumciso

2068 5066 2233 5120 corde
2283 5064 2597 5121 rebellabat.
2631 5064 2816 5120 Altera
2860 5080 2994 5135 gens
3032 5072 3118 5120 est
3159 5064 3509 5130 Philisthiim,
3536 5078 3658 5134 quae

2068 5158 2459 5231 interpretatur
2478 5160 2639 5214 ruina
2663 5159 2881 5230 duplex,
2910 5158 3219 5229 signiﬁcans
3245 5164 3460 5229 gentem
3488 5155 3661 5211 natio-

2070 5263 2223 5317 num,
2251 5265 2371 5319 qnte
2390 5258 2448 5306 et
2471 5250 2526 5304 in
2550 5250 2857 5305 idololatria
2882 5250 3221 5320 scelestaque
3248 5250 3657 5305 conversatione

2068 5341 2232 5399 simul
2273 5341 2478 5412 polluta
2523 5340 2648 5407 fuit,
2674 5350 2729 5397 et
2758 5342 2880 5396 ideo
2909 5340 3142 5407 odibilis,
3165 5341 3295 5411 quia
3318 5340 3475 5412 longe
3500 5355 3533 5395 a
3557 5355 3656 5397 ve-

2070 5433 2251 5488 ritatis
2277 5432 2365 5486 via
2394 5432 2628 5487 errando
2652 5432 2899 5487 recessit.
2916 5430 3096 5486 Tertia
3124 5441 3304 5488 autem
3329 5440 3413 5487 est
3443 5430 3657 5486 haereti-

2071 5540 2257 5580 corum
2285 5537 2575 5593 synagoga,
2600 5523 2754 5592 cujus
2777 5524 2975 5579 stultus
2994 5525 3222 5596 populus
3252 5525 3463 5581 habitat
3483 5525 3538 5578 in
3567 5522 3651 5577 Si-

2071 5616 2290 5680 chimis,
2309 5615 2412 5669 hoc
2436 5623 2542 5680 est,
2569 5615 2624 5669 in
2646 5615 2891 5673 humeris
2918 5617 3030 5673 sive
3053 5617 3349 5682 laboribus,
3374 5629 3499 5670 cum
3518 5629 3656 5685 quo-

2074 5708 2202 5763 tidie
2230 5720 2484 5776 perversa
2510 5707 2795 5763 scribendo
2821 5716 2986 5779 atque
3011 5723 3178 5781 prava
3198 5706 3462 5771 docendo,
3490 5704 3655 5761 stulte

2072 5799 2313 5855 laborem
2341 5813 2497 5853 suum
2518 5800 2808 5857 consumit.
2831 5799 2985 5870 Quod
3011 5809 3193 5856 autem
3218 5797 3354 5855 dicit
3378 5797 3521 5857 hanc
3542 5811 3652 5855 non
