4028 6524
413 381 420 390 ·
477 366 612 422 H19
1098 359 1180 422 Β.
1220 357 1475 415 RABANI
1513 356 1733 415 MAURI
1768 352 2090 412 ARCHIEP.
2129 349 2439 410 MOGUNT.
2482 349 2769 410 OPERUM
2805 349 2985 408 PARS
3022 349 3064 405 Ι.
3599 347 3711 409 119.0

478 493 596 536 esse
623 484 854 548 gentem,
879 473 1116 528 ostendit
1149 472 1275 542 quia
1308 487 1413 526 non
1443 487 1509 526 ex
1546 486 1652 524 una
1693 468 2060 541 generatione,
2090 471 2138 532 Α
2167 481 2275 521 non
2312 463 2599 520 habentem
2629 463 2893 519 maculam
2923 472 3016 519 aut
3054 477 3274 535 rugam,
3305 469 3403 518 aut
3428 459 3618 533 aliquid
3637 466 3720 520 hu-

477 570 561 625 vel
605 565 839 637 simplici
870 579 1056 620 errore
1100 563 1204 633 ipsi
1248 563 1488 618 haeretici
1536 561 1826 632 prodeunt,
1861 561 1953 616 sed
1997 574 2064 614 ex
2162 558 2418 629 jusmodi,
2446 559 2539 614 sed
2562 568 2622 614 ut
2641 559 2711 614 sit
2734 567 2922 614 sancta
2949 568 3003 613 et
3031 555 3385 612 immaculata
3410 552 3717 629 (1601311).»

480 661 708 719 diversis
728 658 864 714 locis
891 657 996 713 orti
1026 655 1244 726 plurimi
1273 665 1396 710 sunt
1442 655 1718 710 erroribus
1745 653 1984 718 obnoxii,
2013 658 2068 706 et
2169 651 2270 706 Hic
2294 667 2424 722 ergo
2450 650 2664 720 adjutor
2691 659 2745 706 et
2765 657 3042 722 protector
3069 649 3252 705 factus
3285 656 3374 703 est
3393 662 3595 717 sponsae
3619 665 3724 716 suae,

481 761 663 807 tamen
693 751 833 805 inter
856 763 914 803 se
949 747 1180 802 invicem
1209 746 1498 801 contrarii:
1525 745 1683 799 aliter
1707 743 1850 798 enim
1879 739 2067 796 Ariani
2169 757 2293 797 cum
2336 743 2556 797 tradidit
2587 742 2935 812 semetipsum
2966 754 3073 813 pro
3107 740 3224 805 illa,
3268 747 3330 794 ut
3361 739 3601 793 liberaret
3633 754 3727 796 eam

481 841 697 904 docent,
747 848 908 910 atque
947 838 1104 893 aliter
1154 836 1474 903 Sabelliani;
1531 835 1689 891 aliter
1743 832 2065 898 Novatiani,
2171 848 2203 886 a
2256 832 2554 902 perditione
2602 832 2654 887 in
2693 847 2852 902 quam
2901 847 3000 902 per
3047 829 3558 903 praevaricationem
3599 831 3727 900 primi

484 941 646 1002 atque
673 930 830 985 aliter
858 930 1183 993 Donatistae;
1217 928 1465 983 similiter
1499 935 1554 982 et
1581 927 1761 982 caateri
1789 926 1943 981 falsis
1969 925 2068 980 do-
2171 926 2406 982 hominis
2459 925 2608 997 lapsa
2661 934 2766 991 est,
2815 934 2872 980 et
2919 941 2951 980 a
2981 924 3174 995 laqueo
3215 924 3423 994 linguze
3477 921 3675 992 iniquae,
3705 939 3731 978 ι

487 1020 755 1093 gmalibus
786 1021 854 1076 ab
893 1021 1125 1076 invicem
1166 1019 1482 1075 discordant
1497 1017 1917 1088 'dissimilesque
1942 1026 2071 1074 sunt
2173 1017 2507 1087 blasphemia
2533 1017 2790 1072 nimirum
2835 1015 3174 1081 idololatriae,
3203 1028 3279 1069 ne
3312 1010 3627 1077 immolaret,
3660 1028 3732 1069 ne-

488 1127 759 1178 sermone,
784 1112 877 1167 sed
901 1127 1060 1183 pares
1085 1126 1291 1167 errore.
2174 1127 2279 1182 que
2309 1113 2536 1168 serviret
2561 1121 2822 1168 creaturae
2862 1111 3043 1182 potius
3071 1124 3242 1180 quam
3267 1106 3526 1171 creatori,
3557 1114 3602 1160 et
3627 1121 3653 1159 a
3673 1107 3735 1161 la-

564 1224 582 1255 ‹
629 1202 941 1259 Doctrinam
980 1203 1255 1273 sapientiae
1303 1212 1359 1257 et
1397 1201 1700 1271 disciplinae
1751 1202 1968 1272 scripsit
2017 1202 2073 1256 in
2174 1206 2279 1262 hiis
2308 1205 2649 1275 operantium
2670 1205 3029 1268 mendacium,
3056 1203 3161 1259 hoc
3199 1208 3316 1266 est,
3340 1196 3598 1254 doctrinis
3618 1195 3737 1256 falsis

495 1313 516 1347 ι
551 1294 736 1351 codice
764 1295 868 1350 isto
888 1293 1046 1350 Jesus
1088 1293 1230 1349 filius
1271 1292 1463 1349 Sirach
1511 1294 1948 1366 Hierosolymita,
1980 1295 2072 1365 qui
2119 1307 2124 1310 '
2175 1298 2618 1369 philosophorum
2643 1305 2805 1368 atque
2825 1296 3228 1350 haereticorum.

497 1407 516 1440 ι
553 1386 833 1443 renovavit
859 1387 1176 1457 sapientiam
1205 1386 1270 1441 de
1309 1387 1470 1443 corde
1509 1401 1628 1442 suo.
1673 1387 1874 1442 Beatus
1905 1387 2074 1457 quiin
2256 1409 2273 1441 ι
2310 1390 2378 1444 Et
2402 1391 2455 1444 in
2484 1396 2774 1460 conspectu
2815 1388 3107 1443 astantium
3153 1387 3343 1440 factus
3383 1399 3444 1439 es
3473 1384 3599 1441 mihi
3621 1384 3737 1455 adju-

499 1495 519 1530 ι
556 1478 676 1533 istis
700 1484 947 1532 versatur
990 1476 1176 1543 bonis;
1202 1477 1293 1548 qui
1333 1477 1487 1548 ponit
1532 1477 1618 1532 illa
1669 1479 1722 1533 in
1749 1479 1911 1534 corde
1955 1494 2075 1545 suo,
2115 1509 2123 1528 ι
2185 1499 2205 1532 ‹
2241 1487 2346 1535 tor.
2371 1480 2438 1534 Et
2460 1480 2702 1536 liberasti
2730 1494 2816 1535 me
2847 1480 3146 1535 secundum
3178 1476 3586 1532 multitudinem
3614 1479 3741 1533 mise-

501 1591 520 1623 ‹
557 1573 770 1643 sapiens
795 1571 898 1626 erit
932 1585 1164 1638 semper.
1196 1569 1253 1624 Si
1283 1570 1428 1624 enim
1471 1569 1586 1624 hzec
1633 1569 1846 1637 fecerit,
1876 1572 1942 1626 ad
1968 1587 2078 1627 om-
2187 1591 2205 1624 ι
2243 1573 2491 1628 Γὶοονάἰαξ
2533 1572 2765 1628 nominis
2793 1571 2870 1626 tui
2913 1587 2945 1626 a
2986 1570 3338 1642 rugientibus
3375 1571 3740 1640 prmparatisad

500 1683 518 1716 ε
552 1665 643 1718 nia
695 1662 910 1728 valebit,
961 1662 1087 1732 quia
1137 1661 1230 1715 lux
1280 1662 1374 1716 Dei
1424 1662 1708 1733 vestigium
1750 1662 1868 1732 ejus
1918 1672 2020 1719 est.
2052 1683 2071 1717 ι
2190 1682 2208 1714 ε
2244 1680 2447 1719 escam.
2478 1684 2495 1717 ι
2525 1663 2639 1720 Hoc
2662 1664 2970 1719 testimonio
2990 1663 3252 1733 exprimit
3277 1671 3647 1733 persecutores
3667 1662 3741 1716 Ec-

494 1754 700 1810 Auctor
721 1753 842 1808 libri
888 1759 1078 1807 narrat
1102 1753 1169 1808 de
1193 1751 1377 1807 labore
1404 1769 1523 1817 suo,
1568 1761 1623 1807 et
1657 1753 1721 1808 de
1745 1753 1978 1808 utilitate
2000 1754 2081 1825 ip-
2185 1756 2382 1822 clesiae,
2430 1757 2519 1826 qui
2555 1766 2776 1827 propter
2819 1756 3003 1813 odium
3058 1756 3306 1812 nominis
3352 1753 3554 1811 Christi
3595 1769 3743 1826 perse-

493 1846 609 1902 sius
639 1844 838 1914 operis,
869 1845 1160 1900 ostendens
1191 1852 1450 1914 quantum
1473 1845 1661 1915 gratiae
1695 1844 1770 1900 illi
1811 1844 2076 1911 conferat,
2108 1846 2155 1905 B
2183 1859 2422 1920 quuntur
2456 1849 2661 1916 fideles,
2719 1859 2774 1906 et
2823 1850 3042 1904 tradunt
3089 1865 3185 1906 eos
3228 1848 3518 1919 suppliciis
3555 1848 3741 1902 diversis

495 1937 587 2008 qui
615 1936 669 1991 in
697 1952 760 1992 eo
801 1937 1050 1991 meditari
1079 1945 1134 1992 et
1177 1937 1390 2006 operari
1439 1952 1549 1992 non
1597 1939 1878 1993 detrectat.
1926 1937 2081 2006 Quod
2184 1941 2346 1997 morti
2369 1939 2700 2006 afliciendos,
2718 1937 3098 2012 quatenus'eos
3119 1937 3742 1998 avertantaconfessioue

495 2036 675 2083 autem
715 2027 1049 2097 temporibus
1077 2026 1350 2081 Ptolemaei
1380 2027 1660 2098 Evergetis
1699 2029 1752 2083 in
1786 2027 2081 2100 {Egyptum
2185 2031 2463 2087 catholicae
2504 2030 2649 2097 fidei,
2678 2040 2733 2085 et
2757 2047 2787 2086 a
2819 2031 3033 2086 cultura
3059 2031 3173 2086 veri
3211 2038 3274 2086 et
3306 2030 3468 2085 unius
3501 2029 3608 2094 Dei,
3629 2030 3740 2099 quod

495 2120 739 2184 veniens,
764 2129 1084 2190 prmsentem
1116 2117 1309 2172 librum
1337 2119 1478 2174 idem
1503 2117 1658 2174 Jesus
1679 2119 2081 2190 interpretando
2184 2121 2322 2177 bene
2347 2129 2631 2191 comparat
2654 2121 2816 2177 saevis
2856 2121 3069 2187 bestiis,
3099 2137 3219 2191 qua:
3249 2121 3441 2190 rugitu
3472 2117 3591 2175 forti
3615 2127 3661 2173 et
3683 2119 3742 2174 fe»

497 2211 747 2277 ediderit,
770 2210 1026 2282 prologus
1063 2209 1232 2280 ipsius
1260 2209 1380 2264 libri
1415 2209 1569 2264 testis
1610 2219 1712 2275 est,
1738 2211 1828 2279 qui
1859 2210 1957 2264 sub
1980 2210 2083 2264 hoc
2185 2213 2298 2268 ro'ci
2322 2213 2474 2267 hiatu
2502 2227 2683 2268 escam
2708 2219 3000 2282 appetunt;
3037 2212 3133 2267 sed
3173 2211 3242 2266 de
3274 2210 3365 2265 his
3393 2209 3635 2265 Dominus
3659 2208 3743 2264 ele-

419 2337 428 2348 -
497 2317 771 2369 sermone,
800 2301 954 2372 cujus
995 2301 1048 2356 in
1096 2302 1349 2372 praesenti
1393 2303 1624 2372 capitulo
1669 2304 1871 2358 mentio
1901 2303 2082 2358 habita
2187 2313 2301 2358 ctos
2329 2318 2456 2359 suos
2493 2304 2710 2370 liberat,
2736 2318 2858 2357 cum
2892 2302 3102 2357 animas
3148 2317 3349 2357 eorum
3390 2316 3422 2354 a
3458 2300 3746 2370 persecutio-

497 2403 602 2461 est,
625 2401 812 2450 narrat
845 2393 995 2448 illum
1025 2394 1167 2448 hunc
1206 2393 1498 2463 perfecisse
1529 2393 1801 2448 hominem
1844 2394 1911 2448 ad
1934 2393 2083 2448 utili-
2187 2407 2315 2446 num
2340 2392 2562 2448 aestibus
2609 2392 2806 2447 illaesos
2835 2399 3040 2457 servat,
3082 2399 3315 2462 propter
3359 2405 3587 2462 quarum
3623 2404 3743 2444 ever-

500 2493 669 2541 tatem
716 2485 980 2540 duntaxat
1021 2500 1232 2551 eorum,
1260 2486 1352 2555 qui
1396 2500 1520 2539 eum
1565 2485 1770 2540 intente
1799 2485 2002 2556 legunt,
2033 2492 2088 2540 et
2187 2483 2393 2538 sionem
2419 2484 2546 2538 saevi
2585 2491 2964 2554 persecutores
3001 2497 3235 2554 corpora
3277 2482 3520 2538 maxime
3556 2479 3740 2535 laniatu.

499 2575 661 2632 factis
702 2576 910 2631 monita
936 2575 1079 2630 illius
1125 2576 1355 2630 fideliter
1399 2576 1790 2646 obsequuntur.
1823 2575 1975 2631 Unde
2001 2576 2086 2630 di-
2189 2573 2344 2630 Unde
2373 2575 2618 2645 sequitur
2652 2593 2665 2628 :

499 2668 596 2734 cit,
629 2685 647 2718 ι
678 2667 876 2722 Beatus
909 2667 1000 2736 qui
1051 2667 1106 2720 in
1152 2666 1270 2720 istis
1312 2673 1564 2721 versatur
1590 2666 1766 2732 bonis,
1799 2685 1818 2717 ι
1844 2665 1946 2721 hoc
1983 2675 2085 2731 est,
2264 2684 2282 2717 ί
2321 2666 2395 2721 De
2424 2665 2673 2722 manibus
2705 2666 3063 2736 quierentium
3090 2668 3340 2722 animam
3389 2666 3581 2731 meam,
3613 2672 3660 2719 et
3691 2662 3741 2719 de

500 2763 682 2820 divina
711 2769 979 2833 praecepta
1006 2760 1334 2826 meditando,
1372 2770 1426 2816 et
1454 2761 1709 2831 operibus
1745 2759 1833 2814 illa
1865 2760 2088 2829 implen—
2195 2780 2213 2812 ι
2252 2760 2425 2831 portis
2472 2760 2879 2815 tribulationum
2923 2776 3044 2831 quae
3080 2758 3561 2815 circumdederunt
3599 2770 3686 2811 me.
3719 2772 3734 2807 υ

501 2860 569 2915 do
594 2877 607 2913 :
635 2856 694 2914 Si
720 2858 886 2922 enim,
926 2855 1120 2926 inquit,
1150 2856 1267 2913 haec
1312 2855 1521 2920 fecerit,
1564 2855 1633 2910 ad
1661 2854 1842 2911 omnia
1869 2854 2010 2910 bona
2035 2862 2089 2908 et
2187 2856 2381 2912 Portas
2408 2872 2541 2929 ergo
2565 2855 3000 2922 tribulationum,
3024 2870 3160 2925 quas
3196 2854 3401 2910 melius
3429 2852 3618 2909 sentire
3643 2863 3740 2918 pos-

500 2949 654 3007 utilia
696 2949 914 3014 valebit,
939 2949 1066 3019 quia
1094 2948 1188 3003 lux
1215 2949 1331 3015 Dei,
1361 2949 1467 3006 hoc
1490 2955 1597 3016 est,
1619 2948 1883 3018 sapientia
1909 2947 2089 3002 divina
2190 2964 2400 3016 sumus,
2429 2963 2592 3020 quam
2637 2964 2734 3004 ora
2766 2947 3071 3017 principum
3112 2953 3169 3001 et
3214 2942 3604 3018 tyrannorum?
3626 2939 3739 2996 Unde

499 3042 617 3113 eius
658 3041 945 3111 "eSliSium
974 3048 1080 3106 εει,
1123 3050 1178 3096 ει
1223 3041 1435 3096 άυοῐΐὶιί
1474 3040 1529 3095 in
1563 3041 1651 3095 Via
1689 3039 1962 3103 vernalis;
1994 3051 2092 3106 ller
2191 3044 2350 3100 mina:
2374 3045 2641 3116 prodeunt
2661 3053 2719 3098 et
2735 3042 3090 3098 fraudulentae
3115 3036 3740 3105 suasiones,indictiones-

499 3146 661 3202 quam
685 3133 752 3186 ad
776 3132 1013 3202 quietem
1039 3132 1192 3202 regni
1219 3131 1477 3197 ccelestis,
1505 3131 1550 3186 si
1578 3132 1632 3185 in
1667 3129 1782 3199 ejus
1804 3129 1940 3184 calle
1975 3143 2092 3199 per—
2192 3151 2296 3207 que
2325 3137 2730 3207 suppliciorum,
2759 3143 2819 3190 ut
2854 3135 2969 3190 sive
2997 3150 3095 3205 per
3117 3133 3245 3189 ficta
3274 3131 3647 3191 blandimenta,
3667 3138 3737 3180 seu

499 3221 641 3276 fecte
664 3221 1364 3293 gradiendo‘permanserit,
1396 3221 1684 3291 pervenire
1713 3219 1933 3274 valebit.
1960 3216 2092 3274 Post
2117 3212 2162 3274 C
2196 3243 2290 3300 per
2313 3228 2519 3283 atrocia
2560 3235 2855 3292 tormenta,
2882 3239 3070 3281 servos
3090 3224 3186 3280 Dei
3209 3223 3378 3279 ﬁdem
3402 3219 3591 3278 Christi
3613 3217 3738 3271 abne-

500 3313 617 3369 haec
646 3313 890 3383 sequitur
917 3313 1094 3368 oratio
1127 3301 1372 3384 ejusdem
1402 3310 1552 3378 Jesu,
1599 3327 1760 3382 quam
1790 3310 1982 3366 melius
2007 3325 2091 3381 ge-

2192 3337 2323 3393 gare
2371 3319 2610 3376 faciant:
2644 3319 2741 3376 sed
2771 3338 2788 3370 ‹
2824 3318 3066 3373 immittit
3121 3316 3380 3384 angelum
3433 3310 3667 3368 Dominus
3693 3304 3732 3360 in

498 3403 758 3460 neraliter
780 3404 848 3459 ad
871 3411 1036 3460 totam
1061 3403 1361 3460 Ecclesiam
1384 3402 1778 3469 transferimus,
1794 3417 1957 3472 quam
1979 3416 2094 3472 spe-
2192 3399 2423 3469 circuitu
2452 3413 2755 3469 umentium
2775 3427 2922 3478 eum,
2947 3420 3003 3466 et
3033 3410 3232 3482 eripiet
3250 3425 3368 3467 eos.
3401 3427 3420 3461 ι

499 3497 710 3553 cialiter
731 3497 798 3552 ad
829 3497 1116 3567 cujuslibet
1157 3498 1250 3552 viri
1273 3512 1590 3569 personam;
1616 3498 1742 3568 quia
1767 3513 1890 3552 cum
1911 3495 2093 3551 multa:
2269 3525 2288 3557 «
2318 3505 2364 3560 Α
2392 3521 2648 3576 pressura
2687 3504 2919 3559 flammae
2961 3517 3081 3573 quae
3105 3497 3467 3558 circumdedit
3497 3508 3593 3558 me,
3626 3497 3670 3546 et
3693 3487 3733 3542 in

499 3585 877 3643 describuntur
918 3588 970 3643 in
1002 3604 1066 3644 ea
1088 3589 1296 3660 species
1337 3589 1766 3654 tribulationum,
1797 3596 1853 3644 et
1877 3589 2092 3644 diversa
2199 3615 2217 3648 ι
2256 3596 2432 3651 medio
2467 3596 2607 3667 ignis
2640 3610 2748 3650 ηοιι
2790 3610 2910 3650 sum
2957 3600 3240 3649 minatus.
3279 3612 3300 3646 ι
3329 3590 3442 3647 Hoc
3469 3585 3733 3658 plerumque

499 3678 690 3734 solatia
711 3678 1073 3749 juvaminum,
1100 3680 1292 3737 melius
1317 3680 1384 3735 ad
1413 3688 1582 3736 totum
1619 3695 1818 3750 corpus
1847 3679 2090 3734 referun-

2192 3688 2545 3744 historialiter
2573 3689 2629 3743 in
2653 3687 2997 3759 passionibus
3025 3691 3329 3755 martyrum
3376 3676 3644 3748 contigisse
3679 3667 3731 3722 le-

501 3776 590 3824 tur
611 3784 775 3839 quam
805 3770 874 3824 ad
902 3773 1192 3840 quamdam
1232 3781 1443 3842 partem
1471 3773 1735 3842 corporis.
1778 3771 1910 3828 Orat
1947 3773 2094 3828 enim
2193 3780 2390 3852 gimus.
2419 3780 2490 3836 Ut
2514 3780 2657 3835 sicut
2685 3786 2797 3834 tres
2825 3777 2978 3848 pueri
3001 3776 3058 3832 in
3085 3775 3307 3831 camino
3333 3771 3471 3843 ignis
3491 3767 3554 3822 ab
3576 3762 3730 3818 ardore

499 3859 743 3916 Ecclesia
774 3861 1064 3916 Dominum
1091 3878 1248 3917 suum
1274 3877 1455 3934 regem
1481 3863 1781 3931 Christum,
1810 3871 1864 3919 et
1891 3864 2095 3935 gratias
2193 3851 2424 3929 ﬂamma,
2472 3872 2620 3928 illaesi
2649 3872 2848 3928 servati
2893 3878 3038 3936 sunt,
3082 3870 3156 3924 ita
3201 3876 3258 3923 ει
3294 3866 3385 3922 isti
3432 3864 3496 3917 ab
3532 3851 3730 3914 incendio

500 3951 578 4006 illi
610 3951 777 4008 refert
807 3953 873 4008 de
904 3953 1183 4009 beneﬁciis
1233 3954 1335 4010 sibi
1367 3955 1741 4025 copiosissime
1787 3955 1854 4011 ab
1883 3970 1948 4012 eo
1985 3953 2095 4010 col-
2194 3963 2334 4034 ignis
2371 3963 2780 4019 incontaminati
2828 3968 3210 4024 servarentur;
3244 3959 3343 4016 sed
3373 3954 3496 4027 quia
3531 3951 3620 4006 hoc
3637 3956 3726 4034 θρι-

499 4043 644 4112 latis,
672 4047 777 4103 hoc
805 4047 966 4102 modo
994 4047 1280 4118 incipiens.

2194 4033 2354 4111 nibus
2394 4055 2723 4125 martyribus
2746 4053 2841 4109 Dei
2888 4068 2994 4108 non
3029 4058 3114 4107 est
3139 4060 3480 4110 concessum,
3508 4052 3612 4096 cum
3637 4033 3727 4104 Ρίυν

1048 4159 1276 4218 CAPUT
1326 4161 1519 4216 XXXI.
1718 4133 1724 4139 ’
2198 4147 2317 4202 rimi
2361 4161 2549 4202 eorum
2576 4147 2630 4200 in
2670 4145 2795 4216 igne
2837 4142 3196 4213 corporaliter
3223 4133 3545 4197 concremati
3569 4129 3724 4185 esseni,

501 4249 772 4320 Confessio
811 4260 862 4307 et
905 4252 1097 4319 oratio,
1141 4252 1216 4308 vel
1262 4255 1525 4326 canticum
1573 4254 1810 4326 ejusdem
1860 4253 1961 4324 ﬁlii
2010 4252 2092 4310 Si-

2196 4247 2566 4293 verumtamen
2594 4236 2789 4291 anima:
2813 4249 3005 4290 eorum
3025 4233 3196 4289 libere
3219 4232 3288 4287 ad
3314 4227 3438 4288 cteli
3463 4227 3640 4280 secreta
3658 4227 3726 4284 Ρθο

1217 4325 1363 4378 rach.
1595 4321 1609 4326 ⁷
1861 4321 1870 4324 ⁷
2196 4330 2415 4396 tierant,
2448 4329 2638 4384 melius
2661 4329 2750 4383 hic
2795 4328 2916 4399 igne
2947 4335 3004 4381 et
3029 4325 3249 4381 ﬂamma
3272 4323 3501 4379 validum
3526 4321 3723 4386 persecu‘

572 4421 722 4494 κομι.
737 4423 862 4494 ιι.)«
883 4423 1193 4481 Confitebor
1207 4426 1322 4493 tibi,
1337 4427 1562 4483 Domine
1581 4427 2096 4493 rex,etcollaudabo
2195 4421 2360 4476 tionis
2380 4428 2570 4475 aestum
2601 4417 2971 4490 intelligimus,
2998 4416 3091 4486 qui
3132 4414 3260 4471 licet
3287 4420 3497 4470 sanctos
3517 4402 3600 4460 Dei
3625 4408 3722 4452 ιω·

507 4534 524 4567 ι
560 4524 611 4572 te
632 4516 802 4573 Deum
833 4517 1156 4574 salvatorem
1184 4536 1382 4575 meum.
1412 4519 1725 4577 Confitebor
1749 4521 1953 4578 nomini
1979 4529 2091 4587 tuo,
2118 4571 2170 4587 ﬁ
2197 4511 2456 4582 Ροΐθιίιεν
2505 4509 2740 4581 θίΠίεθτθ
2788 4515 2991 4579 Posset:
3041 4521 3212 4576 υείιιιθ
3256 4505 3326 4561 ad
3365 4501 3545 4558 animm
3586 4498 3722 4587 “in,”

505 4627 526 4659 ι
559 4608 813 4677 quoniam
839 4608 1054 4678 adjutor
1081 4619 1138 4664 et
1158 4619 1434 4680 protector
1470 4611 1645 4666 factus
1669 4626 1729 4668 es
1759 4612 1913 4678 mihi,
1945 4620 2000 4666 et
2024 4571 2092 4665 li:
2118 4571 2173 4632 Β
2201 4602 2624 4658 internecionem
2653 4599 2966 4671 pertingere
3011 4612 3120 4653 non
3167 4595 3366 4666 potuit.
3396 4591 3512 4647 Ideo
3553 4575 3723 4640 ειὼὶιιιι·

507 4719 525 4753 ι
555 4702 760 4768 berasti
792 4718 987 4772 corpus
1009 4719 1190 4758 meum
1214 4720 1244 4757 a
1275 4703 1596 4774 perditione,
1621 4721 1653 4759 a
1674 4705 1867 4774 laqueo
1894 4705 2093 4776 linguae
2198 4697 2378 4769 gitur:
2717 4716 2722 4718 ·
3590 4764 3601 4777 ,
3665 4755 3701 4777 --ε

507 4813 526 4846 ι
563 4794 784 4866 iniquae,
809 4803 864 4850 et
902 4811 934 4849 a
963 4795 1120 4851 labiis
1147 4773 1491 4866 operantium
1535 4773 1896 4852 mendacium.
1931 4818 1949 4850 ι
1980 4773 2093 4852 Do-
2275 4806 2293 4838 (
2331 4787 2407 4840 De
2433 4783 2715 4839 αιιίιυάίηθ
2747 4784 2953 4838 ventris
2973 4780 3154 4846 inferi.
3183 4787 3240 4835 θῑ
3281 4795 3312 4835 ³
3332 4779 3505 4848 ιίηειιε
3531 4773 3722 4866 θοῖηίξῗξ·

501 4888 681 4943 minus
728 4887 872 4943 enim
901 4897 958 4943 et
1003 4903 1120 4954 rex,
1151 4888 1293 4944 Deus
1335 4897 1390 4943 et
1431 4887 1680 4944 Salvator
1715 4888 1972 4944 Ecclesiae
2009 4895 2092 4943 est
2203 4898 2223 4932 ί
2258 4886 2407 4943 nata.
2435 4883 2488 4932 el
2514 4891 2545 4930 a
2584 4877 2750 4930 verbo
2777 4873 3068 4939 mendae“.
3092 4887 3122 4927 ³
3151 4887 3279 4943 ι’θεε
3316 4869 3579 4938 iniquo,“
3600 4871 3624 4909 ³

500 4977 658 5036 Jcsus
700 4979 972 5046 Christus,
1014 4980 1106 5051 qui
1151 4989 1206 5034 et
1252 4991 1414 5051 caput
1463 4989 1517 5035 et
1554 4995 1780 5051 sponsus
1823 4978 1938 5049 ejus
1987 4988 2090 5035 est.

2203 4990 2222 5023 ‹
2255 4986 2360 5042 gua
2401 4969 2622 5039 injusta.
2655 4987 2673 5020 ι
2716 4964 3048 5022 Subauditur
3076 4963 3313 5018 liberavit
3342 4974 3453 5023 me;
3477 4967 3585 5055 non.
3609 4949 3716 5044 80".“

503 5067 656 5126 Unde
686 5071 973 5141 Apostolus
1003 5046 1272 5127 monendo
1303 5046 1557 5127 mulieres
1581 5046 1728 5127 'viris
1767 5046 1879 5126 suis
1908 5072 2093 5126 subdi-
2202 5067 2526 5141 praevalebat
2561 5065 2644 5120 vis
2672 5061 2902 5119 nefanda
2927 5061 3271 5117 inimicorum
3307 5069 3472 5127 usque
3493 5047 3552 5104 ad
3571 5046 3717 5144 ίξηῗῖζ

503 5169 589 5218 tas
617 5178 758 5229 esse,
781 5163 849 5217 ad
874 5163 1136 5234 Ephesios
1163 5163 1400 5234 scripsit,
1426 5164 1612 5219 dicens
1641 5182 1652 5217 :
1683 5183 1700 5213 ε
1739 5162 1990 5218 Mulieres
2011 5163 2092 5217 vi-
2203 5167 2316 5214 tum
2346 5156 2630 5228 pervenire
2659 5154 2961 5209 animarum
3005 5151 3190 5223 (quem
3233 5151 3321 5207 hic
3356 5152 3574 5234 ventrem
3595 5125 3715 5234 infeli

504 5252 582 5307 ris
609 5227 1020 5322 suis-subjecta
1059 5254 1188 5321 sint,
1234 5227 1962 5323 sicutDominozquoniam
2008 5252 2092 5306 vir
2201 5227 2474 5320 appellat),
2527 5262 2628 5302 nec
2666 5246 2847 5316 lingua
2883 5245 3228 5314 coinquinata
3275 5227 3716 5328 blasphemll.5r._'ff

503 5353 669 5415 caput
713 5354 796 5401 est
825 5314 1088 5413 mulieris,
1139 5347 1278 5402 sicut
1320 5354 1376 5402 et
1414 5345 1664 5401 Christus
1692 5314 1856 5415 caput
1878 5353 1963 5399 est
1990 5345 2092 5399 Ec-
2200 5341 2363 5396 verba
2412 5338 2691 5394 mendacia
2737 5352 2768 5390 a
2821 5351 2946 5406 rege
2992 5335 3178 5404 iniquo
3236 5341 3291 5388 et
3344 5333 3508 5399 lingua
3562 5314 3712 5415 illi“?

505 5406 705 5490 clesite.
755 5434 872 5505 Ipse
924 5406 1174 5493 Salvator
1229 5447 1312 5493 est
1359 5437 1603 5507 corporis
1655 5406 1815 5508 (Eph.
1865 5436 1939 5503 v).
1979 5456 1997 5488 ι
2029 5435 2097 5490 Et
2200 5431 2408 5501 prolata
2460 5436 2751 5500 potuerunt
2799 5427 2980 5496 aliquo
3025 5427 3184 5482 modo
3229 5424 3426 5479 violare
3467 5406 3714 5508 5320‘”???

507 5526 661 5593 item,
692 5545 711 5578 ‹
743 5491 881 5592 Viri,
927 5527 1119 5596 inquit,
1165 5529 1370 5598 diligite
1409 5491 1606 5583 uirores
1635 5491 1843 5582 vestras
1866 5526 2006 5580 sicut
2039 5533 2095 5581 et
2204 5520 2534 5594 praecordia;
2569 5519 2662 5574 sed
2700 5518 2826 5573 licet
2851 5530 3080 5586 corpora
3108 5514 3285 5585 poenis
3307 5509 3461 5568 variis
3478 5491 3708 5602 θαῖξιθξξίξβ

506 5614 756 5672 Christus
785 5615 971 5672 dilexit
998 5593 1317 5684 Ecclesiam,
1360 5628 1416 5674 et
1460 5619 1695 5687 seipsum
1751 5617 1971 5671 tradidit
1998 5632 2097 5686 pro

2150 5679 2152 5683 _
2204 5593 2260 5670 et
2288 5615 2447 5669 morti
2471 5611 2751 5682 temporali
2773 5607 3088 5664 addicerent
3113 5622 3128 5661 :
3156 5607 3350 5661 animae
3371 5610 3530 5660 tamen
3550 5593 3594 5644 in

509 5724 594 5775 ea,
627 5717 686 5764 ut
711 5709 855 5764 illam
889 5709 1252 5764 sanctificaret
1296 5677 1560 5764 mundans
1599 5708 1816 5764 lavacro
1861 5722 2014 5776 aqua:
2041 5707 2098 5762 in
2207 5705 2442 5761 fessione
2469 5703 2702 5758 nominis
2735 5701 2937 5756 Christi
2964 5713 3134 5770 usque
3155 5701 3224 5755 ad
3269 5677 3705 5776 finelnvital’elsf‘:

509 5765 697 5881 venio,
726 5812 788 5863 ut
831 5804 1114 5864 exhiberet
1161 5804 1279 5877 ipse
1317 5803 1422 5863 sibi
1463 5802 1756 5873 gloriosam
1798 5765 2101 5863 Ecclesiam
2208 5806 2409 5858 terunt.
2440 5797 2590 5856 Unde
2617 5804 2675 5853 et
2699 5793 2912 5853 felicius
2957 5765 3080 5866 post
3104 5799 3334 5851 mortem
3359 5790 3412 5847 in
3435 5784 3604 5841 aeterna
3626 5765 3708 5818 ll“
