4028 6458
289 351 416 408 1121

1181 353 1533 414 COMMENT.
1571 352 1640 410 IN
1677 349 2286 410 ECCLESIASTICUM.
2324 382 2396 396 -
2431 353 2558 411 LIB.
2590 357 2655 416 X.

3402 359 3541 418 “22

285 481 409 522 cum
431 468 633 525 sanctis
654 468 856 542 angelis
883 467 976 526 Dei
1005 470 1122 528 sine
1167 470 1272 525 fine
1309 469 1634 538 gaudebunt.
1656 467 1733 522 De
1752 481 1858 536 quo
1883 473 1936 531 Α
1961 467 2277 536 corriperet,
2316 468 2591 522 turbatum
2637 483 2695 524 se
2739 481 2859 524 esse
2908 479 3156 524 asserens
3203 482 3315 538 prae
3363 470 3443 526 ira
3489 482 3544 528 et

287 568 343 614 et
368 561 615 614 subditur
641 580 652 614 :

363 670 380 700 ι
416 650 680 706 Laudabit
721 669 891 724 usque
917 657 984 711 ad
1028 665 1258 712 mortem
1305 655 1483 710 anima
1525 640 1645 710 mea
1681 652 1866 709 Domi-

291 759 312 792 ‹
347 758 498 807 num,
525 753 580 798 et
608 744 716 799 vita
759 761 879 801 mea
910 746 1344 818 appropinquans
1393 755 1509 802 erat
1551 747 1604 800 in
1654 745 1864 800 inferno

295 849 313 884 ι
348 833 618 890 deorsum.
652 856 669 888 ι
698 836 877 892 Vitam
915 854 1067 894 suam
1101 839 1156 894 in
1199 838 1410 895 inferno
1432 839 1864 911 appropinquare

287 923 436 988 dicit,
473 927 600 995 quia
637 928 818 982 carnis
856 929 964 983 vita
1005 930 1243 999 quotidie
1290 931 1588 987 deiicienda
1615 931 1683 985 ad
1721 945 1866 984 mor-

289 1023 396 1069 tem
424 1019 835 1089 appropinquat.
868 1021 1116 1077 lnfernus
1155 1023 1299 1078 enim
1327 1023 1415 1079 hic
1441 1039 1540 1094 pro
1563 1031 1737 1080 morte
1765 1039 1862 1095 p0-

285 1107 425 1163 situs
454 1117 558 1173 est,
604 1110 730 1179 quia
777 1127 924 1168 mors
971 1115 1152 1170 carnis
1189 1117 1651 1185 praevaricationis
1678 1118 1864 1186 primae

285 1208 370 1252 est
421 1200 682 1268 vindicta,
713 1203 854 1259 sicut
883 1203 1126 1263 infernus
1152 1208 1534 1277 peccatricium
1562 1211 1864 1266 animarum

282 1301 544 1362 perpetua
595 1309 785 1364 paena;
838 1298 934 1354 sed
975 1311 1205 1356 mortem
1233 1302 1414 1357 carnis
1459 1317 1620 1358 nemo
1662 1304 1860 1359 evadit.

283 1379 416 1458 Quis
455 1391 540 1438 est
585 1386 730 1442 enim
758 1386 919 1442 homo
953 1389 1046 1458 qui
1074 1390 1210 1446 vivit
1248 1399 1302 1446 et
1346 1407 1452 1446 non
1479 1393 1682 1448 videbit
1714 1409 1864 1449 mor-

283 1474 431 1527 tem?
468 1473 620 1531 Unde
647 1476 772 1531 alibi
819 1479 1077 1549 scriptum
1105 1488 1190 1536 est
1213 1499 1226 1535 :
1265 1501 1282 1533 σ
1318 1482 1484 1537 Nemo
1509 1491 1592 1538 est
1620 1498 1750 1555 ergo
1773 1484 1865 1554 qui

282 1579 498 1636 semper
518 1568 683 1634 vivat,
700 1577 755 1624 et
778 1570 936 1640 hujus
957 1572 1032 1626 rei
1056 1573 1252 1628 habeat
1271 1572 1521 1629 fiduciam
1544 1573 1711 1647 (Eccl.
1729 1575 1826 1646 ιχ).
1841 1595 1860 1628 ι

279 1658 484 1714 Inferni
513 1675 643 1717 vero
668 1663 970 1718 cruciatum
1005 1666 1181 1721 sancti
1221 1667 1466 1723 homines
1502 1683 1600 1738 per
1636 1669 1866 1740 gratiam

280 1749 482 1806 Christi
511 1753 740 1808 evadere
764 1763 1010 1825 possunt,
1038 1756 1164 1826 quia
1204 1757 1270 1813 de
1299 1760 1482 1814 carnis
1512 1760 1726 1816 vinculo
1771 1760 1866 1816 ab-

279 1843 440 1898 soluti
472 1847 540 1900 ad
560 1845 782 1903 caeleste
815 1849 1069 1918 gaudium
1091 1865 1216 1906 mox
1250 1851 1578 1923 migrabunt.

314 1957 322 1968 ε
356 1954 374 1986 ι
409 1935 895 1993 Circumdederunt
915 1954 1001 1994 me
1021 1939 1280 2012 undique,
1308 1949 1364 1997 et
1386 1957 1493 1998 non
1515 1951 1632 1998 erat
1656 1945 1747 2015 qui
1774 1944 1867 2000 ad-

283 2040 303 2074 ε
336 2022 570 2094 juvaret.
596 2025 915 2097 Respiciens
937 2043 1088 2084 eram
1118 2029 1186 2084 ad
1213 2031 1540 2102 adjutorium
1566 2033 1866 2102 hominum,

284 2130 304 2166 ι
340 2123 395 2169 et
445 2129 552 2171 non
601 2125 740 2172 erat.
771 2118 1101 2176 Memoratus
1146 2136 1265 2177 sum
1309 2123 1692 2180 misericordiae
1741 2134 1865 2192 tuae,

284 2222 303 2256 ι
341 2205 588 2273 Domine,
617 2217 672 2263 et
709 2212 1106 2280 cooperationis
1143 2219 1252 2268 tuae
1291 2228 1411 2284 qute
1453 2229 1484 2270 a
1509 2216 1705 2272 saeculo
1737 2224 1821 2272 est
1851 2235 1864 2271 :

282 2314 303 2348 ι
339 2298 596 2369 quoniam
627 2301 775 2357 eruis
822 2303 1152 2361 sustinentes
1179 2314 1254 2371 te,
1297 2308 1542 2373 Domine,
1570 2319 1625 2364 et
1669 2309 1869 2366 liberas

284 2407 305 2442 ι
341 2405 437 2446 eos
465 2392 532 2446 de
577 2393 827 2449 manibus
857 2396 1119 2466 gentium.
1153 2417 1172 2449 ι
1198 2397 1401 2454 Videns
1435 2399 1676 2455 Ecclesia
1698 2415 1870 2456 mem-

277 2479 376 2536 bra
409 2495 505 2536 sua
546 2483 786 2554 undique
831 2485 901 2540 ab
945 2487 1191 2542 hostibus
1218 2488 1564 2555 circumdari,
1596 2498 1651 2546 et
1679 2491 1870 2545 buma-

276 2587 408 2627 num
445 2573 701 2629 solatium
731 2575 940 2644 defieri,
971 2577 1096 2633 inde
1123 2579 1318 2648 quaerit
1356 2579 1702 2648 adjutorium,
1726 2582 1868 2638 unde

277 2665 430 2720 novit
453 2666 694 2720 omnium
725 2667 992 2724 bonorum
1018 2671 1205 2725 venire
1233 2670 1558 2740 profectum.
1587 2671 1704 2728 Non
1739 2689 1868 2745 ergo

276 2754 391 2810 suis
432 2754 639 2810 meritis
662 2771 763 2812 nec
789 2757 1039 2813 humanis
1086 2759 1321 2826 actibus,
1350 2763 1444 2815 sed
1480 2761 1869 2818 misericordiae

276 2845 374 2900 Dei
406 2847 616 2912 tribuit,
648 2848 792 2917 quod
823 2861 881 2902 se
925 2849 992 2903 ab
1019 2848 1254 2904 inimicis
1295 2858 1538 2920 ereptam
1576 2859 1632 2906 et
1669 2851 1868 2907 libera-

277 2947 389 2994 tam
427 2954 548 2994 esse
579 2941 859 3010 agnoscit;
903 2949 959 2996 et
985 2957 1092 2997 non
1119 2943 1292 2999 solum
1334 2943 1639 3012 liberatam,
1681 2946 1789 3002 imo
1817 2955 1873 3003 et

270 3027 386 3100 jam
429 3031 638 3089 honore
674 3036 938 3091 virtutum
969 3040 1335 3108 sublimatam,
1367 3050 1530 3113 atque
1574 3043 1868 3100 miraculo-

275 3135 400 3176 rum
421 3121 630 3195 fulgore
659 3125 1035 3196 glorificatam.
1067 3129 1222 3187 Unde
1246 3132 1409 3188 dicit:

1969 555 2307 612 inveterasse
2354 558 2494 612 inter
2545 574 2734 614 omnes
2789 559 3037 614 inimicos
3081 575 3254 625 suos;
3298 563 3544 630 protinus

1965 648 2119 718 quasi
2154 647 2265 719 jam
2307 649 2373 703 de
2415 651 2665 706 evasione
2696 665 2792 705 sua
2833 651 2900 706 ab
2936 649 3169 706 inimicis
3193 665 3416 707 securus
3454 668 3547 708 ex-

1966 740 2182 806 clamat,
2225 741 2411 812 dicens
2441 761 2454 796 :
2515 761 2534 793 ‹
2579 743 2848 800 Discedite
2874 759 2905 798 a
2927 759 3034 809 me,
3067 759 3256 800 omnes
3294 745 3387 814 qui
3421 761 3548 816 ope-

1966 831 2161 886 ramini
2224 832 2588 903 iniquitatem,
2658 833 2914 904 quoniam
2955 835 3233 890 exaudivit
3282 834 3542 893 Dominus

1965 939 2153 980 vocem
2205 924 2360 981 fletus
2409 927 2540 992 mei,
2591 927 2864 984 exaudivit
2903 928 3160 983 Dominus
3209 928 3546 1001 deprecatio-

1967 1032 2089 1073 nem
2119 1033 2319 1086 meam,
2378 1019 2637 1075 Dominus
2691 1020 2989 1076 orationem
3024 1037 3202 1077 meam
3256 1023 3548 1093 assumpsit

1968 1107 2141 1180 (Paul.
2173 1107 2274 1179 vr).
2312 1127 2332 1162 ›
2417 1110 2523 1166 Sed
2553 1119 2606 1166 et
2655 1111 2744 1166 hic
2779 1111 3019 1166 Ecclesia
3063 1111 3373 1168 exauditam
3426 1129 3545 1168 ora-

1968 1199 2166 1254 tionem
2214 1215 2366 1255 suam
2413 1209 2744 1272 protestans,
2819 1209 3058 1272 ereptam
3103 1218 3161 1258 se
3205 1203 3274 1259 ab
3315 1203 3551 1260 inimicis

1965 1299 2182 1357 asserit,
2232 1300 2287 1346 et
2329 1292 2398 1346 ab
2431 1292 2713 1363 iniquitate
2751 1293 3034 1364 praesentis
3075 1293 3200 1349 vitae
3246 1293 3548 1359 liberatam,

1967 1381 2056 1436 ubi
2109 1381 2280 1452 magis
2325 1381 2567 1437 confusio
2595 1383 2852 1452 praevalet
2895 1397 3003 1452 qua
3030 1383 3190 1438 modo
3219 1383 3444 1453 spondet
3493 1397 3552 1438 se

1966 1473 2198 1542 ereptori
2237 1487 2336 1528 suo
2375 1472 2588 1529 laudem
2637 1481 2690 1529 et
2721 1473 3114 1530 confessionem
3160 1483 3418 1546 perpetuo
3458 1474 3550 1530 de—

1969 1574 2327 1622 cantaturam.
2602 1561 2604 1565 ’
2825 1645 2829 1648 ι

2042 1678 2064 1712 ‹
2108 1660 2242 1716 Cum
2265 1662 2442 1718 adhuc
2475 1660 2662 1733 junior
2686 1678 2825 1731 sum,
2881 1664 3201 1736 priusquam
3233 1665 3549 1723 oberrarem

1973 1769 1994 1804 ‹
2040 1753 2263 1824 quaesivi
2289 1755 2608 1824 sapientiam
2637 1755 2814 1825 palam
2851 1755 2906 1810 in
2935 1756 3179 1812 oratione
3205 1771 3345 1812 mea.
3404 1756 3548 1811 Ante

1892 1832 1943 1893 B
1974 1863 1996 1898 ι
2036 1852 2246 1917 tempus
2272 1847 2610 1919 postulabam
2634 1863 2734 1918 pro
2755 1847 2865 1914 illa,
2888 1855 2944 1903 et
2968 1863 3139 1918 usque
3160 1849 3217 1904 in
3243 1847 3553 1904 novissimis

1975 1955 1995 1989 ‹
2040 1937 2308 2008 inquiram
2360 1939 2524 1994 illam.
2563 1959 2582 1992 ι
2633 1940 2764 1996 Post
2786 1940 3090 1997 orationem
3141 1955 3303 2010 quam
3330 1955 3398 1996 ex
3424 1955 3549 2010 per-

1970 2043 2103 2084 scna
2158 2029 2413 2085 Ecclesiae
2441 2030 2666 2101 protulit
2691 2031 2940 2088 conditor
2975 2029 3136 2099 hujus
3177 2031 3358 2101 operis
3384 2030 3553 2086 refert

1970 2136 2078 2191 quo
2100 2120 2260 2177 modo
2288 2121 2356 2176 ab
2381 2121 2607 2178 infantia
2653 2138 2748 2178 sua
2779 2123 3092 2193 quaesiverit
3117 2122 3458 2192 sapientiam,
3495 2128 3553 2176 et

1970 2211 2258 2269 Dominum
2298 2229 2399 2284 pro
2419 2229 2483 2269 ea
2502 2215 2776 2286 petiverit.
2809 2213 2961 2281 Quod
2985 2222 3166 2268 autem
3205 2211 3338 2268 dicit
3370 2211 3549 2280 prius-

1971 2303 2332 2374 qtiamjunior
2361 2314 2505 2362 esset
2531 2315 2714 2374 aetate,
2759 2307 3019 2378 quaesisse
3044 2305 3214 2373 illam,
3251 2312 3378 2360 ante
3415 2313 3553 2359 tem-

1970 2410 2076 2464 pus
2105 2395 2382 2464 postulare
2404 2412 2503 2466 pro
2528 2397 2638 2463 illa,
2680 2398 3020 2453 demonstrat
3069 2412 3130 2453 se
3158 2404 3286 2452 ante
3311 2409 3555 2452 errorem

1970 2487 2217 2555 pueritiae
2245 2497 2408 2558 atque
2433 2488 2835 2557 adolescentiae,
2874 2497 2929 2544 et
2953 2496 3080 2545 ante
3103 2496 3312 2558 tempus
3333 2486 3548 2556 juveni-

1971 2577 2039 2632 lis
2068 2579 2247 2633 aetatis
2311 2579 2458 2634 illam
2484 2579 2848 2646 desiderasse,
2896 2588 2953 2635 et
2982 2596 3013 2634 a
3049 2579 3278 2634 Domino
3308 2577 3409 2633 sibi
3439 2575 3557 2631 dari

1972 2667 2240 2724 instanter
2293 2671 2594 2740 postulasse
2659 2687 2821 2741 quam
2874 2685 3044 2741 usque
3089 2670 3155 2725 ad
3204 2669 3557 2725 novissimum

1971 2760 2238 2832 promittit
2284 2776 2343 2816 se
2379 2762 2782 2832 inquisiturum.
2833 2763 2892 2817 In
2925 2761 3094 2816 multo
3125 2761 3269 2817 enim
3313 2759 3554 2830 periculo

1971 2860 2151 2907 exstat
2177 2852 2561 2918 adolescentia,
2587 2862 2640 2909 et
2666 2852 2920 2923 juvenilis
2959 2861 3112 2919 aetas,
3143 2852 3271 2922 quia
3311 2850 3554 2907 exterio-

1972 2942 2048 2998 ris
2079 2943 2311 2998 hominis
2351 2953 2505 2999 actus
2551 2944 2606 2999 in
2658 2958 2722 2998 ea
2760 2952 2918 2998 aetate
2948 2943 3184 2998 maxime
3212 2941 3549 3013 praevalent:

1973 3032 2115 3088 sicut
2159 3033 2416 3090 Salomon
2466 3035 2522 3090 in
2566 3034 2874 3091 Proverbiis
2921 3034 3039 3090 ait:
3084 3054 3102 3086 ι
3144 3033 3299 3090 Viam
3343 3031 3560 3102 juvenis

1977 3123 2033 3178 in
2073 3123 2436 3180 adolescentia
2475 3140 2570 3180 sua
2625 3141 2682 3181 se
2725 3125 2943 3196 penitus
3001 3125 3275 3196 ignorasse
3345 3121 3552 3196 (Prov.)

349 3232 370 3266 ι
414 3191 686 3272 Exaltasti
714 3233 877 3289 super
901 3229 1103 3276 terram
1147 3223 1535 3281 habitationem
1565 3241 1762 3292 meam,
1814 3237 1869 3284 et
1896 3191 1943 3256 C
1985 3217 2163 3287 XXX);
2215 3235 2234 3268 ³
2295 3223 2351 3271 el
2410 3217 2680 3287 Propheta
2723 3191 3009 3272 hominum
3060 3218 3405 3286 deprecatur,
3485 3229 3553 3271 ηθ

279 3325 299 3360 ‹
344 3322 445 3376 pro
465 3318 638 3365 morte
659 3311 928 3368 deﬂuente
959 3315 1278 3384 deprecatus
1299 3332 1438 3372 sum.
1476 3339 1494 3370 ι
1531 3319 1866 3376 Videt'enim

275 3411 335 3451 se
387 3399 642 3454 doctrina
673 3399 798 3457 fidei
825 3411 880 3458 et
905 3404 1168 3459 virtutum
1200 3407 1368 3478 signis
1388 3408 1443 3463 in
1466 3410 1668 3466 mundo
1696 3411 1869 3467 clare-

276 3503 452 3556 scere,
507 3493 601 3547 sed
628 3508 732 3548 non
766 3504 1020 3552 contenla
1058 3499 1162 3553 hoc
1197 3499 1311 3555 solo
1362 3509 1445 3556 est
1497 3517 1740 3568 munere,
1793 3503 1868 3559 ita

277 3587 337 3634 ut
357 3579 489 3635 nolit
511 3581 740 3651 amplius
770 3584 972 3655 aliquid
999 3603 1244 3658 quaerere
1271 3606 1286 3655 ;
1311 3591 1440 3661 quin
1472 3592 1649 3661 potius
1694 3600 1868 3648 certat

276 3672 556 3742 angustias
580 3675 862 3742 praesentis
882 3677 1006 3731 vitae
1034 3679 1285 3747 precibus
1315 3681 1558 3736 honestis
1585 3697 1863 3753 superare,

275 3771 332 3816 et
358 3763 432 3818 ita
466 3766 534 3820 ad
569 3767 809 3836 quietem
849 3783 1095 3840 superna:
1163 3774 1334 3829 iatriae
1388 3773 1618 3830 feliciter
1671 3789 1865 3848 perve-

275 3870 414 3910 mre.

354 3966 372 3999 ι
417 3945 670 4005 lnvocavi
689 3950 977 4008 Dominum
1005 3952 1224 4011 Patrem
1254 3957 1468 4012 Domini
1492 3958 1618 4023 mei,
1669 3964 1732 4014 ut
1759 3974 1868 4017 non

281 4059 302 4094 ι
345 4041 684 4113 derelinquat
732 4059 822 4100 me
862 4046 918 4100 in
952 4047 1038 4102 die
1084 4049 1450 4107 tribulationis
1487 4067 1640 4119 meae,
1707 4060 1763 4107 et
1814 4054 1868 4108 in

282 4154 302 4188 ι
346 4143 590 4207 tempore
615 4140 976 4208 superborum
1014 4140 1132 4196 sine
1156 4141 1441 4212 adjutorio.
1474 4145 1730 4201 Laudabo
1773 4163 1871 4202 no-

282 4245 301 4280 σ
349 4242 471 4282 men
496 4237 648 4283 tuum
685 4230 920 4295 assidue,
969 4239 1024 4286 et
1049 4232 1364 4290 collaudabo
1391 4235 1524 4290 illud
1571 4237 1623 4290 in
1658 4237 1870 4294 confes-

284 4335 304 4368 ‹
348 4317 516 4373 sione.
555 4338 575 4372 ι
626 4319 752 4375 Dies
777 4321 922 4376 enim
944 4322 1309 4379 tribulationis
1353 4334 1408 4379 et
1431 4333 1638 4397 tempus
1683 4344 1872 4398 super-

274 4410 491 4477 borum,
543 4427 784 4482 praesens
815 4421 902 4469 est
933 4414 1065 4480 vita,
1118 4415 1211 4470 ubi
1244 4416 1370 4470 boni
1410 4417 1756 4482 tribulantur,
1817 4426 1874 4473 et

1973 3307 2168 3363 delicta
2235 3307 2543 3378 juventutis
2603 3316 2658 3363 et
2708 3309 3025 3380 ignorantiae
3069 3323 3181 3364 suae
3250 3306 3563 3363 meminerit

1971 3399 2144 3472 (Psal.
2201 3399 2373 3471 xxrv).
2415 3419 2434 3452 ι
2489 3399 2626 3454 llinc
2673 3401 2840 3454 etiam
2889 3399 3198 3469 Philosophi
3247 3397 3290 3453 Y
3319 3397 3561 3452 litteram

1971 3492 2220 3546 humanae
2269 3492 2396 3547 vitae
2451 3491 2876 3557 conformantes,
2954 3491 3233 3548 sinistram
3284 3491 3562 3546 tramitem

1968 3583 2215 3654 pueritiae
2243 3592 2299 3639 et
2327 3583 2725 3650 adolescentiae,
2761 3583 3012 3638 dextram
3040 3597 3169 3637 vero
3210 3582 3416 3652 apicem
3443 3580 3558 3636 for-

1971 3673 2097 3729 tiori
2129 3676 2277 3730 :etati
2298 3675 2636 3741 adscribunt,
2687 3676 2903 3746 quando
2947 3675 3060 3746 jam
3091 3674 3398 3731 intellectus
3422 3675 3560 3730 vali-

1971 3767 2090 3822 dior
2132 3769 2385 3838 reprobat
2437 3768 2724 3824 stultitiam
2760 3782 2952 3825 sensus
2977 3766 3198 3839 prioris.
3242 3765 3376 3821 Nam
3418 3767 3561 3822 hanc

1972 3852 2209 3916 litteram
2262 3861 2598 3935 Pythagoras
2667 3864 2735 3919 ad
2784 3861 3088 3934 exemplum
3146 3861 3269 3918 vitae
3315 3861 3564 3918 humanae

1969 3953 2178 4022 primus
2203 3953 2278 4008 ita
2302 3954 2557 4020 instituit,
2579 3955 2658 4010 uti
2683 3955 2890 4027 virgula
2910 3953 3179 4020 subtilior,
3207 3967 3328 4024 qua:
3370 3953 3426 4008 in
3452 3953 3562 4009 imo

1973 4054 2076 4110 est,
2111 4046 2374 4102 incertum
2403 4057 2602 4104 statum
2626 4049 2814 4120 primae
2847 4049 3023 4103 aetatis
3061 4045 3410 4118 significaret,
3441 4061 3561 4117 qua:
3617 4041 3626 4046 ’

1974 4136 2152 4191 adhuc
2171 4152 2272 4192 nec
2296 4139 2463 4206 vitiis,
2520 4157 2622 4197 nec
2659 4142 2949 4196 virtutibus
2999 4141 3179 4196 dedita
3204 4149 3319 4206 est;
3360 4140 3564 4195 bivium

1974 4238 2155 4283 autem
2181 4230 2325 4298 quod
2352 4242 2598 4301 superest
2643 4234 2710 4288 ab
2740 4233 3105 4288 adolescentia
3135 4232 3341 4302 incipit,
3392 4230 3547 4300 cujus

1973 4321 2162 4375 dextra
2201 4337 2327 4391 pars
2352 4326 2516 4378 ardua
2565 4332 2671 4389 est,
2721 4325 2816 4379 sed
2860 4324 2927 4379 ad
2979 4325 3192 4379 beatam
3244 4323 3415 4377 vitam
3440 4331 3560 4379 ten-

1975 4410 2127 4478 dens,
2171 4412 2392 4468 sinistra
2415 4414 2646 4481 facilior,
2697 4415 2798 4471 sed
2838 4415 2905 4470 ad
2957 4415 3132 4472 labem
3179 4414 3564 4485 interitumque

277 4501 426 4572 impii
450 4503 504 4557 in
543 4505 849 4576 superbiam
890 4507 1239 4562 extolluntur.
1291 4507 1422 4564 Orat
1468 4509 1611 4563 enim
1673 4526 1868 4581 sponsa
1893 4552 1950 4614 Β
1973 4508 2268 4564 deducens.
2315 4510 2392 4566 De
2418 4525 2525 4580 qua
2553 4511 2632 4568 sic
2665 4509 2884 4567 Persius
2929 4511 3006 4566 ait
3038 4528 3052 4566 :

607 4598 647 4614 η
919 4601 931 4613 .
1013 4609 1024 4614 ,
1175 4601 1268 4614 η-
1371 4601 1411 4614 ,κ
1514 4603 1582 4614 ..
1684 4601 1770 4614 ..

277 4593 478 4652 Christi
499 4605 561 4653 ut
604 4598 749 4654 Deus
787 4601 1336 4672 omnipotensPater
1371 4601 1584 4657 Domini
1615 4603 1697 4658 sui
1740 4601 1868 4660 Jesu

277 4689 482 4746 Christi
525 4707 585 4748 se
620 4707 728 4748 non
774 4695 1111 4766 derelinquat
1151 4696 1208 4752 in
1237 4703 1482 4768 tempore
1525 4698 1870 4755 necessitatis

278 4796 409 4847 sum,
454 4770 670 4852 quando
700 4787 952 4855 superbia
980 4787 1322 4842 inimicorum
1354 4801 1472 4843 eam
1514 4787 1748 4861 amigere
1777 4790 1870 4847 de-

279 4873 485 4929 siderat
525 4877 768 4931 cruciatu
801 4884 1214 4942 tormentorum,
1260 4879 1634 4949 promittitque
1673 4896 1732 4935 se
1772 4897 1868 4938 no-

279 4981 405 5020 men
435 4965 550 5037 ejus
575 4967 790 5023 assidue
819 4966 1185 5033 laudaturam,
1230 4977 1284 5023 et
1315 4968 1628 5024 collaudarc
1652 4969 1783 5025 illud
1810 4971 1866 5026 in

279 5056 642 5124 confessione,
699 5060 800 5114 hoc
837 5067 921 5114 est
947 5059 1002 5113 in
1025 5058 1363 5114 confessione
1392 5060 1627 5115 nominis
1651 5060 1767 5129 ejus
1787 5077 1876 5118 us-

280 5164 386 5221 que
410 5149 466 5203 in
489 5148 652 5204 linem
683 5151 810 5205 vitae
835 5163 1225 5220 perseverare;
1263 5158 1318 5206 et
1343 5150 1501 5221 quasi
1525 5150 1641 5222 jam
1676 5166 1871 5209 secura

281 5241 354 5297 sit
397 5242 463 5298 de
489 5242 778 5312 impetrato
803 5241 1022 5308 auxilio,
1065 5244 1309 5314 sequitur
1343 5243 1564 5299 dicens‘:

359 5349 379 5382 ι
424 5331 690 5386 Exaudita
732 5341 817 5386 est
844 5333 1018 5387 oratio
1058 5348 1209 5400 mea;
1241 5333 1486 5390 liberasti
1508 5335 1654 5393 enim
1689 5351 1774 5391 me
1805 5337 1872 5392 de

287 5441 308 5477 ι
349 5423 672 5494 perditione,
725 5430 779 5477 et
823 5423 1068 5494 eripuisti
1097 5437 1186 5479 me
1234 5425 1302 5479 de
1347 5433 1588 5495 tempore
1635 5426 1865 5497 iniquo;

289 5534 309 5569 ι
354 5524 643 5587 propterea
693 5514 1012 5582 confitebor,
1071 5523 1127 5572 et
1167 5516 1383 5572 laudem
1434 5517 1608 5574 dicam
1639 5519 1758 5585 tibi,
1813 5527 1869 5574 et

289 5624 310 5658 α
353 5607 668 5663 benedicam
702 5622 899 5662 nomen
923 5606 1156 5662 Domini.
1197 5627 1217 5661 ι
1270 5606 1409 5664 Huic
1435 5609 1612 5665 simile
1638 5619 1720 5666 est
1737 5610 1867 5666 illud

286 5698 430 5769 quod
466 5699 521 5752 in
549 5709 701 5756 sexto
723 5701 928 5770 psalmo
961 5700 1252 5772 Propheta,
1299 5716 1419 5755 cum
1449 5701 1763 5771 deprecatus
1787 5711 1867 5757 est

289 5792 576 5855 Dominum
624 5809 692 5852 ne
719 5809 777 5851 se
806 5795 861 5856 in
905 5795 987 5851 ira
1036 5803 1306 5866 argueret,
1361 5809 1536 5866 neque
1587 5800 1642 5852 in
1682 5794 1866 5854 furore

2100 4619 2160 4670 Et
2179 4621 2267 4671 tibi
2291 4624 2368 4672 cui
2389 4621 2577 4672 Samios
2597 4621 2805 4673 deduxit
2826 4620 2994 4672 littera
3017 4633 3182 4673 ramos

2099 4659 3313 4744 ἕιὶιῖιξῖηἷέἱέἆὲἓἵιῗοᾛόιὲιῑέἶῐῖἱῆηἶῐῖἕὴεω.

2048 4806 2067 4839 ι
2109 4787 2178 4842 Et
2198 4787 2448 4844 deﬂoruit
2503 4799 2757 4859 tanquam
2786 4803 3004 4859 praecox
3023 4803 3129 4842 uva
3159 4806 3171 4842 ε
3205 4787 3447 4843 laetatum
3482 4798 3566 4844 est

1977 4898 1996 4931 ι
2038 4894 2134 4935 cor
2152 4895 2330 4936 meum
2360 4882 2413 4936 in
2438 4896 2521 4937 ea.
2561 4881 2872 4937 Ambulavit
2891 4895 2986 4952 pes
3008 4896 3162 4936 meus
3191 4881 3297 4936 iter
3318 4889 3560 4936 rectum:

1978 4989 1996 5022 ‹
2041 4987 2071 5025 a
2095 4969 2379 5040 juventute
2415 4988 2537 5028 mea
2573 4974 2963 5043 investigabam
2997 4988 3138 5028 eam.
3179 4992 3199 5025 ι
3248 4973 3394 5030 Bene
3431 4989 3566 5044 quo—

1975 5078 2080 5134 que
2144 5065 2394 5121 decorem
2438 5066 2716 5136 sapicnti:e
2768 5065 3034 5121 assimilal;
3079 5079 3380 5134 praecoquae
3424 5080 3561 5131 uvae,

1973 5164 2034 5212 ut
2061 5158 2308 5213 ostendat
2343 5156 2738 5226 jucunditatem
2773 5159 2912 5228 apud
2941 5171 3064 5212 eum
3087 5157 3323 5211 maxime
3358 5156 3563 5224 valere,

1979 5247 2068 5316 qui
2107 5247 2222 5318 jam
2252 5248 2317 5303 ad
2341 5262 2461 5302 eam
2491 5247 2808 5316 capiendam
2837 5255 3145 5316 promptam
3177 5246 3442 5317 impendit
3471 5263 3566 5303 vo-

1975 5335 2255 5391 luntatem.
2305 5335 2611 5407 Praecoquaa
2657 5351 2788 5407 ergo
2834 5350 2954 5390 uvae
2985 5335 3110 5390 inde
3154 5344 3284 5391 sunt
3332 5345 3561 5401 vocata,

1974 5427 2117 5498 quod
2158 5428 2267 5482 cito
2305 5435 2694 5491 maturescant,
2747 5412 2802 5481 et
2825 5433 2951 5482 ante
2971 5440 3159 5482 omnes
3181 5426 3294 5482 sole
3319 5441 3561 5497 coquan-

1972 5525 2094 5572 tur:
2125 5517 2226 5571 has
2252 5515 2428 5571 Graeci
2458 5516 2608 5587 lagos
2631 5517 2838 5583 dicunt,
2880 5515 3021 5587 quod
3051 5523 3271 5571 current
3292 5516 3360 5570 ad
3388 5524 3564 5570 matu-

1971 5611 2192 5665 ritatem
2231 5609 2511 5674 velociter,
2559 5617 2618 5663 ut
2651 5608 2841 5679 lepus;
2875 5609 3016 5663 unde
3042 5609 3157 5678 ipse
3183 5606 3312 5662 dicit
3343 5624 3355 5658 :
3391 5625 3408 5657 ι
3459 5604 3562 5673 Qui

1972 5720 2132 5762 mane
2181 5703 2522 5774 vigilaverint
2563 5703 2628 5758 ad
2673 5689 2792 5771 me;
2827 5703 3099 5758 invenient
3123 5715 3241 5764 me;
3285 5719 3304 5750 ι
3355 5704 3412 5754 et
3441 5699 3562 5768 quis

1973 5795 2166 5854 melius
2192 5809 2313 5853 eam
2334 5794 2574 5850 invenire
2597 5795 2816 5866 poterit,
2845 5809 3008 5866 quam
3033 5793 3080 5850 is
3105 5791 3197 5863 qui
3224 5790 3328 5869 iter
3352 5797 3564 5865 rectum
