4028 6546
536 386 678 461 ms

1178 393 1241 447 B.
1282 387 1538 447 RABANI
1574 384 1796 443 MAURI
1835 381 2154 439 ARCHIEP.
2190 378 2499 437 MOGUNT.
2541 376 2827 435 OPERUM
2864 376 3044 434 PARS
3078 380 3121 434 Ι.

3625 385 3730 442 ΗἋ

525 517 902 572 mandatorum
943 509 1038 564 Dei
1081 505 1363 563 custodit?
1403 504 1481 559 De
1527 516 1635 572 quo
1683 501 1947 570 scriptum
1990 506 2074 552 est
2101 513 2117 551 :
2146 498 2199 558 Α
2224 493 2457 550 laverint
2480 495 2547 547 ad
2576 508 2682 559 me,
2709 493 2984 550 invenient
3008 508 3095 549 me
3117 491 3298 565 (Prov.
3320 495 3457 566 vni).
3487 515 3505 549 ι
3530 498 3732 559 Eum:

533 626 553 658 ι
595 603 945 675 Concupiscis
992 599 1335 669 sapientiam,
1375 610 1531 651 serva
1564 593 1837 659 mandata,
1890 599 1945 645 et
1974 590 2116 645 Deus

527 696 762 753 servabit
783 694 928 749 illam
954 691 1052 745 tibi
1083 687 1251 761 (Eccl.
1279 687 1341 757 ι).
1367 706 1385 739 ι

604 809 623 840 ι
662 786 919 843 lnclinavi
966 783 1177 839 modice
1199 796 1386 836 aurem
1417 794 1595 834 meam
1643 784 1698 834 et
1728 776 1914 848 excepi
1948 775 2114 841 illam,
2190 796 2195 805 ·

531 898 551 931 ι
592 877 817 933 multam
848 875 1027 930 inveni
1072 876 1127 928 in
1162 872 1372 942 meipso
1407 870 1751 942 sapientiam,
1795 877 1850 925 et
1891 868 2116 923 multum

530 990 550 1022 ι
596 968 800 1041 profeci
846 969 900 1023 in
923 983 1010 1022 ea.
1050 986 1069 1018 ι
1118 966 1198 1020 Ad
1241 963 1628 1036 perfectionem
1669 962 1812 1016 enim
1839 961 2117 1030 sapientiae

528 1060 818 1131 pervenire
841 1075 947 1114 non
968 1067 1053 1114 est
1071 1057 1293 1112 humani
1324 1056 1506 1120 studii,
1539 1054 1632 1110 sed
1661 1053 1906 1108 muneris
1925 1052 2113 1106 divini.

533 1150 687 1209 Unde
744 1151 1017 1206 modicum
1064 1150 1167 1205 sibi
1224 1149 1434 1204 videtur
1483 1148 1729 1201 laborare
1778 1160 1875 1216 pro
1922 1145 2117 1213 adeptu

530 1260 741 1316 magnae
778 1242 1165 1313 intelligentiae,
1214 1256 1377 1311 quam
1425 1239 1532 1294 Deo
1561 1239 1794 1293 donante
1838 1237 2114 1306 praecepit.

529 1336 644 1393 Hoc
671 1345 850 1391 tamen
882 1334 1160 1390 sciendum
1198 1332 1339 1403 quod
1366 1332 1533 1387 multa
1562 1330 1817 1384 distantia
1844 1336 1925 1383 est
1980 1329 2121 1382 inter

530 1428 772 1484 studiom
798 1433 1129 1497 qumrentem
1158 1432 1215 1478 et
1240 1424 1509 1478 desidiose
1562 1422 1945 1492 negligentem.
1997 1418 2121 1474 Om-

529 1519 617 1574 nis
641 1520 786 1573 enim
816 1518 907 1588 qui
930 1517 1067 1587 petit
1090 1516 1305 1586 accipit,
1366 1522 1419 1569 et
1445 1515 1537 1585 qui
1566 1513 1760 1583 quaerit
1788 1512 2016 1575 invenit,
2066 1518 2123 1565 et

529 1609 764 1680 pulsanti
793 1608 1083 1679 aperietur.
1116 1606 1217 1672 Qui
1242 1614 1418 1659 autem
1449 1604 1715 1660 desidiose
1741 1602 1872 1673 agit,
1907 1602 2119 1656 lucrum

532 1701 676 1771 quod
698 1699 926 1771 adipisci
954 1714 1052 1768 per
1076 1698 1352 1755 solertiam
1379 1696 1574 1767 potuit,
1610 1709 1706 1765 per
1734 1694 2118 1767 negligentiam

530 1791 727 1864 perdit.

2226 613 2244 644 ‹
2283 592 2385 660 Qui
2429 600 2721 663 operantur
2750 591 2806 645 in
2850 606 2956 658 me,
2991 605 3098 646 non
3145 591 3469 662 peccabunt,
3498 593 3580 665 qui
3610 594 3737 654 eluci-

2220 683 2352 739 dant
2378 699 2486 748 me,
2514 684 2681 738 vitam
2712 691 2970 739 aeternam
2998 681 3274 738 habebunt
3300 681 3465 756 (Eccl.
3496 686 3645 761 xm).
3672 708 3686 740 ι

2295 798 2314 830 ι
2348 778 2551 834 Venter
2577 793 2732 833 meus
2782 777 3136 833 conturbatus
3177 784 3264 834 est
3300 778 3572 848 quaerendo
3598 779 3739 838 illam:

2226 887 2246 920 ‹
2276 876 2564 939 propterea
2596 868 2883 939 possidebo
2924 869 3121 923 bonam
3156 869 3565 939 possessionem.
3592 890 3608 922 ι
3631 870 3745 939 Quod

2221 963 2354 1019 dicit
2399 969 2647 1017 ventrem
2680 976 2836 1016 suum
2872 963 3255 1016 conturbatum
3295 961 3598 1030 inquirendo
3622 962 3745 1029 illam,

2218 1056 2306 1110 vel
2348 1056 2450 1111 hoc
2493 1055 2730 1109 insinuat
2769 1052 2913 1123 quod
2960 1052 3015 1107 in
3049 1051 3163 1121 ejus
3206 1051 3553 1107 meditatione
3581 1054 3746 1108 anxium

2221 1145 2474 1201 habuerit
2491 1145 2756 1209 animum,
2786 1143 2913 1213 quia
2945 1143 3120 1197 omnis
3148 1142 3435 1212 disciplina
3464 1142 3515 1197 in
3554 1144 3748 1213 presenti

2221 1252 2404 1291 amara
2435 1244 2547 1301 est;
2578 1234 2662 1289 vel
2692 1235 2795 1289 hoc
2836 1235 3053 1289 intimat
3094 1235 3239 1304 quod
3282 1250 3382 1305 per
3426 1235 3535 1306 ejus
3558 1236 3747 1291 notitiam

2223 1329 2293 1383 ad
2325 1339 2672 1398 peccatorum
2700 1341 2922 1382 suorum
2943 1335 3304 1396 compunctus
3327 1326 3394 1380 si'
3419 1327 3748 1397 pmnitentiam.

2224 1421 2378 1476 Unde
2407 1422 2668 1491 scriptum
2693 1430 2777 1475 est
2808 1439 2819 1474 :
2854 1441 2871 1472 ‹
2907 1420 3009 1486 Qui
3042 1420 3189 1474 addit
3218 1420 3504 1475 scientiam
3546 1421 3669 1475 addit
3691 1424 3753 1477 do-

2223 1513 2394 1568 lorem
2422 1531 2434 1565 :
2470 1533 2487 1564 ›
2520 1513 2646 1567 hinc
2668 1520 2722 1567 et
2749 1510 2986 1566 Joannes
3016 1510 3070 1565 in
3096 1509 3422 1582 Apocalypsi
3446 1520 3630 1576 narrat,
3652 1512 3751 1581 quod

2224 1610 2448 1680 angelus
2486 1608 2643 1663 daret
2670 1607 2769 1662 sibi
2800 1607 3019 1670 librum,
3054 1615 3107 1660 et
3129 1606 3340 1661 diceret
3367 1607 3418 1661 ei
3442 1623 3453 1657 :
3485 1625 3503 1656 ‹
3529 1604 3691 1675 Accipe
3710 1605 3753 1661 li-

2222 1699 2402 1764 brum,
2432 1706 2489 1752 et
2514 1698 2709 1753 devora
2740 1696 2888 1751 illum
2912 1714 2930 1751 τ
2963 1705 3018 1751 et
3047 1694 3207 1750 faciet
3241 1696 3543 1750 amaricare
3569 1706 3754 1752 ventrem

2226 1799 2399 1854 tuum,
2426 1790 2520 1847 sed
2543 1790 2594 1844 in
2629 1804 2725 1845 ore
2753 1797 2848 1844 tuo
2876 1788 2979 1843 erit
3008 1788 3164 1843 dulce
3196 1796 3453 1858 tanquam
3480 1787 3592 1842 mel.
3616 1787 3669 1842 Et
3693 1803 3753 1843 ac-

608 1906 628 1939 (
673 1885 832 1941 Bauli
871 1884 1003 1939 mihi
1049 1883 1373 1953 sapientiam
1404 1882 1546 1937 dabo
1587 1879 1835 1952 gloriam-
1876 1897 1894 1929 ι
1949 1878 2119 1934 Recte
2145 1867 2194 1928 Β
2228 1886 2343 1955 cepi
2387 1884 2627 1939 libellum
2677 1883 2745 1937 de
2784 1897 2949 1937 manu
2994 1880 3192 1952 angeli,
3225 1887 3285 1936 et
3322 1880 3567 1934 devoravi
3601 1879 3753 1932 illum:

533 1993 663 2049 ergo
688 1977 778 2032 dat
807 1976 1035 2046 gloriam
1060 1974 1238 2030 datori
1265 1974 1505 2029 omnium
1534 1972 1801 2027 bonorum
1851 1984 1949 2039 pro
1980 1970 2120 2024 dono

535 2069 815 2140 sapientiae
846 2068 949 2125 sibi
978 2083 1257 2135 concesso,
1313 2068 1437 2137 quia
1492 2065 1628 2120 tanti
1663 2062 1904 2118 muneris
1952 2061 2122 2131 possi-

536 2159 665 2215 dere
692 2158 998 2229 largitatem
1021 2159 1261 2231 agnoscit
1281 2174 1385 2213 non
1408 2172 1518 2213 sum
1532 2155 1783 2220 solertia,
1811 2155 1904 2209 sed
1928 2154 2123 2207 divina:

533 2251 740 2324 gratiae.
785 2250 891 2306 Sed
919 2250 1190 2320 quomodo
1208 2250 1411 2321 justum
1441 2257 1527 2304 est
1566 2256 1626 2303 ut
1663 2252 1788 2317 post
1809 2254 2122 2315 perceptum

534 2344 735 2399 donum
775 2342 1145 2413 intelligentiae
1192 2343 1354 2397 homo
1385 2342 1734 2410 semetipsum
1776 2348 2030 2393 exerceat
2068 2337 2122 2391 in

534 2435 679 2491 bona
755 2435 1111 2505 operatione,
1174 2433 1278 2488 iste
1336 2439 1550 2487 amator
1603 2430 1798 2485 divinis
1847 2428 2125 2500 sapientiae

536 2540 695 2581 suum
737 2525 1046 2594 exemplum
1094 2534 1492 2594 consequenter
1542 2523 1749 2592 profert
1786 2523 1838 2576 in
1866 2521 2122 2585 medium,

538 2625 600 2672 ut
644 2617 862 2672 auditor
912 2616 1153 2670 intentus
1180 2630 1338 2670 suum
1380 2614 1623 2668 imitetur
1672 2614 1927 2668 studium.

616 2725 636 2759 ι
680 2707 1010 2763 Coasiliatus
1041 2722 1159 2762 sum
1182 2706 1330 2760 enim
1362 2714 1423 2760 ut
1452 2705 1690 2761 facerem
1714 2704 1880 2758 illam.
1913 2704 2128 2759 Zelatus

545 2815 567 2851 ι
611 2813 732 2855 sum
754 2797 979 2863 bonum,
1010 2804 1065 2852 et
1087 2812 1192 2851 non
1216 2795 1518 2853 confundar
1542 2813 1555 2863 ;
1592 2796 1875 2851 colluctata
1904 2803 1987 2849 est
2016 2795 2131 2849 ani.

545 2910 567 2943 ε
609 2907 699 2947 ma
740 2906 860 2946 mea
899 2892 957 2947 in
987 2890 1098 2956 illa,
1146 2899 1202 2945 et
1239 2890 1293 2945 in
1327 2890 1571 2945 faciendo
1619 2905 1740 2945 eam
1779 2888 2132 2944 confirmatus

547 3001 566 3036 ι
608 2999 751 3039 sum.
788 3001 808 3034 ι
856 2980 1089 3037 Attende
1115 2982 1258 3052 quod
1285 2982 1518 3051 primum
1542 2981 1675 3036 dicit
1709 2995 1769 3036 se
1797 2981 1963 3036 inisse
2004 2996 2131 3035 con-

543 3075 741 3133 silium
770 3084 830 3130 ut
857 3075 1061 3130 faceret
1090 3074 1257 3140 illam,
1307 3074 1497 3129 deinde
1525 3074 1653 3130 boni
1704 3074 1820 3130 zelo
1872 3075 2128 3129 exardes-

542 3183 685 3232 cere,
722 3174 913 3238 postea
943 3166 1180 3222 animam
1210 3181 1365 3222 suam
1420 3166 1475 3221 in
1508 3166 1595 3220 illa
1619 3166 1933 3230 colluctare,
1972 3173 2027 3220 et
2076 3165 2129 3219 in

547 3259 796 3315 faciendo
846 3272 969 3315 eam
1016 3272 1075 3315 se
1111 3256 1492 3313 conﬁrmatum
1528 3269 1669 3322 esse,
1727 3264 1782 3310 et
1831 3254 2132 3325 intelligere
2159 3239 2205 3302 C

541 3352 685 3423 quod
712 3353 951 3423 primum
974 3359 1058 3407 est
1076 3350 1368 3407 ineundum
1404 3350 1686 3405 consilium
1733 3357 1795 3404 ut
1819 3358 2135 3404 secernatur

540 3448 743 3502 bonum
772 3460 805 3500 a
826 3445 990 3500 malo.
1015 3445 1216 3500 Deinde
1238 3445 1568 3501 voluntatem
1594 3446 1661 3500 ad
1686 3445 1790 3500 hoc
1817 3446 2135 3500 vertendam

543 3546 605 3593 ut
641 3538 697 3594 id
737 3538 880 3608 quod
928 3540 1127 3595 bonum
1174 3547 1257 3594 est
1306 3547 1534 3595 ametur.
1587 3537 1869 3594 Postremo
1896 3540 2135 3595 studium

544 3629 673 3685 boni
710 3632 893 3702 operis
937 3631 1321 3698 adhibendum,
1347 3643 1403 3687 et
1431 3632 1504 3686 ita
1545 3641 1603 3685 ut
1647 3646 1753 3686 non
1794 3647 1960 3701 parvo
2001 3641 2138 3688 tem-

548 3737 679 3795 pore
703 3724 798 3779 sed
824 3724 1083 3779 continuo
1111 3739 1175 3779 ac
1218 3724 1444 3780 feliciter
1470 3726 1524 3780 in
1572 3725 1763 3781 eodem
1796 3734 1991 3782 conatu
2016 3743 2138 3797 pcr-

549 3819 791 3867 maneat.
827 3811 920 3868 Sic
947 3814 1091 3868 enim
1119 3814 1470 3870 confirmatus
1497 3815 1564 3871 ad
1595 3816 1831 3872 fructum
1862 3817 2140 3888 perveniet

549 3905 848 3976 sapientiae.
882 3904 1033 3963 Unde
1074 3906 1129 3959 in
1172 3904 1481 3963 Proverbiis
1529 3908 1645 3977 ipsa
1692 3906 1970 3977 Sapientia
2012 3907 2086 3961 ait
2120 3924 2135 3961 :

552 4016 574 4051 ι
613 3996 789 4053 Meum
814 4005 903 4053 est
927 3996 1234 4063 consilium,
1258 4005 1315 4053 et
1353 3999 1599 4069 aequitas,
1625 4014 1747 4054 mea
1780 4006 1864 4054 est
1903 3999 2140 4069 pruden-

550 4089 650 4155 tia,
677 4104 798 4143 mea
825 4095 911 4144 est
931 4088 1210 4144 fortitudo.
1239 4090 1293 4144 In
1317 4089 1421 4145 viis
1435 4088 1659 4158 iustitiae
1684 4090 1919 4156 ambulo,
1944 4091 1997 4145 in
2028 4104 2141 4145 me-

550 4181 640 4236 dio
677 4180 994 4236 semitarum
1028 4179 1237 4248 judicii,
1263 4191 1321 4235 ut
1361 4181 1527 4236 ditem
1565 4181 1852 4253 diligentes
1884 4197 1989 4249 me,
2021 4182 2142 4238 the-

550 4287 741 4329 sauros
768 4286 956 4327 conm
979 4272 1216 4343 repleam
1243 4271 1425 4345 (Prov.
1451 4271 1592 4344 vm).
1625 4291 1644 4325 ι

626 4382 646 4416 ι
680 4363 872 4419 Manus
900 4379 1051 4420 meas
1094 4364 1311 4420 extendi
1362 4364 1415 4419 in
1465 4364 1657 4431 altum,
1686 4373 1739 4421 et
1774 4365 1827 4419 in
1876 4364 2139 4435 sapientia

554 4474 574 4510 ι
608 4454 728 4525 ejus
746 4454 886 4511 luxit
907 4455 1090 4510 anima
1131 4470 1271 4522 mea,
1300 4464 1355 4511 et
1396 4456 1733 4528 ignorantias
1770 4472 1921 4513 meas
1945 4458 2143 4513 illumi-

558 4566 575 4598 ι
613 4546 782 4602 navit.
814 4544 1069 4600 Animam
1108 4561 1286 4601 meam
1311 4546 1487 4602 direxi
1526 4548 1594 4601 ad
1625 4547 1791 4613 illam,
1818 4556 1875 4603 et
1910 4549 1964 4603 in
1989 4549 2141 4619 agni-

557 4654 576 4688 ι
613 4636 758 4689 tione
793 4634 974 4691 inverti
994 4650 1137 4692 eam.
1166 4635 1390 4693 Possedi
1412 4651 1539 4693 cum
1566 4638 1683 4708 ipsa
1724 4654 1819 4694 cor
1844 4640 1914 4693 ab
1937 4639 2091 4695 initio
2122 4659 2134 4694 :

558 4748 577 4781 ι
613 4738 834 4800 propter
858 4730 964 4785 hoc
989 4744 1097 4786 non
1123 4730 1485 4800 derelinquar.
1527 4751 1546 4784 ι
1579 4731 1769 4788 Manus
1813 4734 2056 4789 extendit
2082 4734 2138 4788 in

552 4823 743 4888 alarm,
766 4823 860 4893 qui
882 4823 1136 4894 predbus
1157 4823 1265 4892 piis
1300 4837 1595 4893 supernum
1626 4826 1820 4895 quaerit
1856 4826 2133 4893 auxilium,

552 4915 610 4972 in
636 4915 900 4986 sapientia
934 4914 1079 4971 illius
1116 4913 1286 4970 eluxit
1331 4915 1533 4980 anima,
1557 4916 1651 4985 qui
1690 4917 1756 4971 ad
1783 4917 1928 4971 illam
1973 4918 2141 4973 medi-

554 5008 774 5065 tandam
816 5006 1079 5063 benevola
1118 5006 1307 5077 dirigit
1349 5007 1666 5077 praecordia.
1713 5007 1865 5063 Unde
1902 5008 1955 5061 in
1986 5009 2137 5079 agni-

557 5100 702 5157 tione
740 5098 911 5169 ipsius
940 5096 1179 5152 inveniet
1204 5112 1345 5163 eatn,
1374 5098 1479 5153 hoc
1518 5108 1603 5153 est
1634 5099 1780 5153 enim
1826 5100 2141 5168 sapientiam

559 5193 803 5250 invenire
830 5192 1132 5248 illuminata
1166 5200 1349 5247 mente
1383 5190 1615 5260 pleniter
1637 5205 1757 5245 eam
1788 5193 2063 5261 accipere;
2090 5200 2145 5248 et

560 5287 816 5356 quoniam
862 5288 967 5343 hoc
1000 5301 1111 5341 non
1155 5285 1279 5341 aliis
1315 5285 1630 5341 conceditur
1668 5286 1888 5350 donum,
1932 5285 2034 5340 nisi
2075 5285 2139 5339 il-

558 5377 627 5432 lis
652 5376 745 5446 qui
794 5378 848 5431 in
878 5376 996 5446 ejus
1034 5378 1380 5447 perceptione
1410 5382 1717 5446 praeparant
1740 5390 1835 5429 cor
1863 5376 2141 5441 mundum,

509 5462 517 5468 ’
559 5470 684 5528 ideo
714 5469 847 5524 dicit
874 5488 887 5523 :
927 5488 945 5520 ι
970 5468 1190 5525 Possedi
1215 5483 1338 5523 cum
1368 5469 1498 5538 ipsis
1521 5482 1616 5523 cor
1636 5466 1704 5521 ab
1734 5467 1903 5523 initio.
1937 5486 1955 5519 ι
1989 5466 2067 5522 Ac
2094 5468 2140 5523 si

560 5564 784 5628 diceret,
816 5580 835 5613 ι
868 5561 1042 5616 Dilexi
1069 5577 1187 5617 eam
1204 5577 1343 5632 puro
1363 5562 1526 5617 corde
1553 5561 1621 5616 ab
1652 5561 1825 5626 initio,
1859 5572 2143 5631 propterea

559 5673 670 5714 non
700 5655 1080 5726 derelinquar:
1114 5672 1131 5705 ι
1159 5654 1491 5723 impossibile
1515 5661 1598 5709 est
1636 5653 1779 5707 enim
1811 5660 1869 5706 ut
1916 5668 2141 5708 exsecu-

561 5753 649 5802 tor
676 5760 817 5802 verte
840 5745 1113 5815 sapientize
1133 5744 1538 5814 derelinquatur
1568 5745 1634 5799 ab
1657 5759 1740 5810 ea,
1767 5760 1888 5799 cum
1926 5746 2040 5815 ipsa
2063 5745 2143 5800 di-

560 5849 656 5897 cat
682 5858 693 5894 :
734 5858 752 5891 ι
788 5840 902 5912 Ego
935 5838 1221 5909 diligentes
1250 5851 1338 5893 me
1359 5836 1598 5909 diligam,
1627 5844 1682 5891 et
1705 5838 1798 5908 qui
1821 5852 1977 5892 mane
2004 5838 2141 5909 vigi-

2164 4598 2220 4660 D

2224 1986 2279 2034 et
2306 1988 2426 2033 erat
2452 1977 2505 2031 in
2535 1992 2629 2032 ore
2662 1991 2784 2031 meo
2824 1981 3084 2044 tanquam
3122 1973 3229 2028 mel
3259 1972 3436 2027 dulce.
3463 1972 3525 2027 Et
3566 1987 3664 2026 cum
3692 1972 3756 2025 de-

2221 2084 2500 2124 vorassem
2530 2085 2676 2135 eum,
2705 2067 3034 2122 amaricatus
3082 2074 3166 2120 est
3214 2074 3412 2120 venter
3462 2079 3600 2119 meus
3619 2063 3755 2135 (Apoc.

2223 2160 2302 2232 ιι).
2327 2180 2345 2212 ι
2367 2160 2471 2215 Sel
2495 2160 2736 2231 possidet
2757 2160 2810 2213 in
2831 2159 2935 2212 hoc
2960 2159 3153 2212 bonam
3172 2155 3580 2226 possessionem,
3595 2151 3757 2222 quando

2222 2268 2322 2323 per
2340 2250 2712 2321 hujuscemodi
2732 2248 3142 2305 conversionem
3168 2247 3236 2301 ad
3259 2255 3518 2301 aeternam
3539 2242 3757 2314 perveniet

2224 2343 2487 2411 requiem.
2526 2362 2542 2391 ‹
2573 2341 2675 2408 Qui
2713 2342 2856 2395 enim
2911 2354 3207 2394 conversus
3246 2335 3586 2408 ingemuerit,
3619 2332 3755 2388 salvus

2227 2437 2333 2490 erit
2357 2434 2573 2505 (Ex-ccli.
2608 2432 2723 2504 m);
2774 2453 2791 2483 ι
2827 2440 2904 2497 et,
2941 2452 2959 2482 ι
2995 2431 3143 2485 Beati
3174 2431 3269 2500 qui
3296 2430 3478 2500 lugent
3504 2439 3759 2494 nunc,quoo

2227 2526 2374 2581 niam
2413 2526 2518 2595 ipsi
2548 2524 2973 2579 consolabuntur
2997 2521 3211 2594 (Matth.
3235 2521 3313 2595 v).
3348 2541 3366 2573 l

2305 2637 2323 2667 σ
2372 2618 2529 2672 Dedit
2576 2618 2718 2672 enim
2769 2616 2900 2671 mihi
2939 2616 3198 2671 Dominus
3247 2613 3484 2683 linguam
3518 2609 3758 2665 mercedem

2236 2730 2254 2763 ι
2286 2725 2483 2773 meam,
2513 2717 2568 2764 et
2599 2708 2653 2762 in
2684 2700 2802 2779 ipsa
2832 2707 3066 2762 laudabo
3091 2722 3239 2762 eum.
3278 2726 3297 2758 ι
3329 2703 3477 2759 Bona
3504 2715 3680 2757 merces
3702 2707 3760 2753 est

2230 2803 2411 2875 lingua
2434 2803 2646 2859 erudita
2688 2810 2744 2858 et
2788 2800 2915 2857 boni
2948 2800 3143 2871 loquax
3174 2819 3186 2853 :
3223 2814 3386 2869 quam
3422 2796 3508 2867 qui
3552 2796 3669 2849 dono
3689 2790 3758 2845 Dei

2232 2896 2416 2962 habet,
2452 2898 2618 2951 Deum
2650 2903 2799 2950 recte
2828 2894 3074 2957 laudare,
3110 2899 3165 2947 et
3199 2891 3504 2962 proximum
3538 2900 3667 2941 suum
3690 2883 3760 2936 rite

2232 2988 2375 3043 valet
2401 2986 2692 3041 instruere.
2728 2984 2881 3041 Unde
2900 2999 2997 3054 per
3022 2981 3221 3037 Isaiam
3244 2981 3442 3036 dicitur
3472 2998 3483 3031 :
3514 2998 3530 3029 ι
3560 2974 3756 3030 Dominus

2235 3079 2383 3134 dedit
2413 3078 2544 3132 mihi
2592 3077 2827 3147 linguam
2858 3074 3151 3139 eruditam,
3201 3082 3263 3127 ut
3309 3073 3475 3127 sciam
3520 3073 3758 3124 sustentare

2238 3187 2360 3227 eum
2387 3186 2477 3240 qui
2503 3169 2684 3239 lapsus
2706 3177 2790 3224 est
2819 3167 3004 3223 verbo.
3041 3188 3059 3219 ›

2316 3283 2331 3313 ι
2354 3262 2797 3332 ApprOpinquate
2826 3260 2892 3314 ad
2917 3274 3025 3324 me,
3059 3258 3281 3322 indocti,
3310 3264 3366 3312 et
3392 3260 3675 3326 congregato
3693 3263 3760 3302 vos

2240 3371 2261 3405 ι
2295 3353 2348 3407 in
2381 3353 2600 3407 domum
2631 3351 2948 3423 disciplinae.
2978 3349 3044 3404 Et
3079 3350 3209 3421 quid
3236 3351 3414 3405 adhuc
3444 3343 3758 3405 retardatis,et

2240 3463 2261 3496 ι
2294 3444 2423 3514 quid
2448 3443 2627 3498 dicitis
2648 3444 2702 3497 in
2726 3443 2841 3497 his?
2865 3441 3058 3496 animae
3084 3450 3283 3509 vestra:
3326 3440 3509 3495 sitiunt
3530 3436 3755 3490 vehemen-

2241 3555 2260 3587 ι
2297 3545 2398 3591 ter.
2429 3555 2448 3589 ι
2483 3534 2742 3590 Hortatur
2766 3534 2851 3588 vir
2879 3534 3094 3604 sapiens
3153 3541 3381 3603 paterno
3429 3528 3604 3584 aﬂ‘ectu
3647 3519 3757 3576 indo-

2237 3642 2356 3690 ctos
2380 3641 2544 3702 atque
2587 3628 3015 3700 indisciplinatos
3048 3628 3320 3693 homines,
3351 3634 3406 3680 ut
3445 3624 3550 3679 sine
3575 3613 3757 3673 retarda-

2237 3728 2385 3781 tione
2412 3732 2575 3794 atque
2617 3721 3042 3777 contradictione
3074 3726 3367 3790 properent
3409 3724 3463 3771 et
3495 3710 3754 3779 congregem

2238 3834 2296 3874 se
2318 3819 2371 3873 in
2394 3819 2610 3872 domum
2630 3814 2946 3884 disciplinae,
2962 3827 3081 3881 quae
3098 3820 3180 3866 est
3198 3809 3459 3871 Ecclesia,
3489 3804 3567 3859 ubi
3585 3796 3757 3871 pruden-

2240 3912 2315 3967 tia
2342 3925 2473 3966 vera
2498 3908 2744 3972 discitur,
2774 3915 2829 3960 et
2872 3921 3081 3960 morum
3114 3905 3373 3959 honestas
3415 3898 3610 3955 assidue
3634 3887 3753 3945 habe-

2239 4010 2356 4070 tur;
2387 4018 2490 4059 nec
2517 4016 2625 4056 non
2651 4006 2707 4053 et
2724 4013 2817 4053 eos
2848 3997 3027 4067 arguit
3047 4003 3103 4051 et
3128 3992 3483 4065 reprehendit,
3512 3983 3633 4059 quod
3664 3979 3754 4070 dntn

2240 4065 2386 4151 sitim
2408 4092 2561 4148 verbi
2590 4089 2686 4146 Dei
2712 4065 3013 4160 patiantur,
3040 4085 3382 4157 refrigerium
3425 4077 3649 4137 doctrinm

2240 4184 2415 4242 ritalis
2462 4183 2638 4239 nolint
2682 4181 2945 4251 recipere,
2976 4184 3033 4233 et
3088 4176 3218 4248 quid
3257 4176 3361 4232 sibi
3408 4165 3671 4227 faciendum
3704 4160 3753 4210 sil

2239 4285 2488 4349 protinus
2511 4274 2887 4348 subiungendo
2914 4269 3245 4326 manifestat.

2317 4391 2336 4424 ι
2370 4372 2572 4443 Aperui
2626 4386 2688 4428 os
2724 4384 2926 4434 meum,
2969 4373 3024 4421 et
3068 4365 3282 4421 locutus
3327 4375 3439 4418 sum
3468 4349 3750 4419 :Compm“

2250 4484 2269 4517 ι
2302 4465 2456 4521 vobis
2486 4465 2603 4521 sine
2636 4470 2861 4534 argento
2906 4458 3251 4530 sapientiam,
3284 4463 3339 4511 et
3365 4449 3546 4508 collum

2250 4578 2269 4611 ι
2303 4557 2551 4627 subjicite
2570 4530 2863 4627 jugovejus,
2894 4560 2948 4608 et
2974 4551 3235 4620 suscipiat
3257 4548 3431 4603 anima
3459 4544 3613 4595 vestra

2250 4667 2270 4700 ι
2303 4648 2526 4719 plinam.
2556 4645 2614 4700 In
2637 4644 2883 4715 proximo
2903 4650 2986 4697 est
3006 4640 3151 4696 enim
3197 4639 3435 4694 invenire
3460 4641 3585 4686 eam.
3612 4642 3628 4675 ι
3652 4616 3750 4719 M01:

2242 4716 2536 4796 cimonium
2565 4737 2829 4807 Optimum
2858 4743 2962 4799 est,
2993 4733 3082 4787 ubi
3129 4731 3344 4787 devotio
3382 4729 3477 4782 hoc
3516 4716 3745 4791 promereri

2241 4831 2403 4897 valet,
2432 4831 2574 4901 quod
2612 4829 2961 4899 pecuniarmn
3001 4825 3222 4897 grandis
3257 4825 3488 4896 impensa
3525 4810 3745 4901 imperite

2240 4940 2348 4980 non
2379 4892 2712 4994 potesnnui
2740 4934 2869 4989 ergo
2898 4892 3104 4972 intente
3150 4892 3350 4981 discit,
3372 4908 3423 4969 et
3465 4892 3745 4994 disciplinai-

2239 5017 2366 5071 liter
2380 4987 2544 5080 vivit,
2570 4987 2765 5069 donum
2794 4987 3030 5066 caelestis
3076 5010 3349 5080 sapientim
3386 4999 3621 5060 veraciter
3647 4987 3744 5085 οδξξ·

2246 5109 2415 5164 nebit.
2450 5107 2585 5161 Huic
2608 5106 2887 5161 sententiae
2916 5104 3091 5159 simile
3129 5074 3210 5158 est
3238 5103 3365 5158 illud
3391 5097 3545 5155 Isaia,
3572 5097 3655 5156 quo
3687 5074 3741 5129 di’

2246 5198 2356 5252 cit:
2386 5217 2403 5247 ι
2431 5196 2632 5252 Omnes
2677 5195 2921 5249 sitientes
2951 5188 3128 5249 venite
3154 5194 3219 5249 ad
3245 5206 3406 5264 aquas
3438 5192 3517 5240 :et
3556 5173 3629 5247 qui
3658 5176 3740 5270 tu)“

2247 5289 2458 5345 habetis
2507 5296 2813 5356 argentum,
2857 5297 3168 5357 properate,
3214 5260 3390 5349 emite,
3433 5286 3481 5333 et
3519 5260 3735 5326 comedim-

2247 5379 2460 5445 Venite,
2495 5380 2659 5434 emite
2712 5378 2915 5449 absque
2955 5386 3178 5450 argento
3213 5386 3265 5433 et
3295 5379 3483 5444 absque
3516 5360 3605 5419 una
3635 5361 3737 5408 ε⁰¹⁰⁹

2246 5471 2547 5526 mutatione
2572 5470 2755 5524 vinum
2784 5479 2837 5525 et
2865 5470 2968 5525 lac.
2998 5470 3175 5536 Quare
3219 5461 3498 5540 appenditis
3522 5451 3732 5539 argentata

2244 5579 2351 5617 non
2396 5563 2449 5616 in
2483 5562 2732 5632 panibus,
2762 5571 2816 5617 et
2858 5562 3098 5617 laborem
3131 5572 3365 5618 vestrum
3397 5571 3489 5612 non
3525 5549 3569 5602 in
3591 5544 3734 5632 saw":

2247 5655 2391 5709 tate?
2418 5653 2610 5708 Audite
2656 5652 2935 5708 audientes
2981 5670 3084 5719 me,
3118 5663 3170 5709 et
3217 5649 3462 5709 comedite
3501 5625 3730 5719 bonum.“

2247 5744 2604 5800 delectabitur
2627 5744 2682 5797 in
2703 5744 3067 5799 crassitudine
3094 5747 3270 5799 anima
3293 5750 3451 5798 vestra
3477 5727 3601 5794 (Ιεαῑο
3625 5714 3723 5781 Li)”

2248 5836 2442 5911 Spreto
2476 5836 2640 5908 igitur
2681 5836 2771 5892 illo
2799 5844 3025 5909 argento
3058 5845 3112 5893 et
3151 5838 3404 5912 pecuniis,
3428 5824 3587 5899 quibus
3606 5812 3724 5875 aqu”
