  <div class='ocr_page' id='page_1' title='image "/cluster/home/n/w/nwhite01/storage/ocr_20150623/109/hvd.32044015466857/566.png"; bbox 0 0 4028 6490; ppageno 0'>
   <div class='ocr_carea' id='block_1_1' title="bbox 282 333 423 397">
    <p class='ocr_par' dir='ltr' id='par_1_1' title="bbox 282 333 423 397">
     <span class='ocr_line' id='line_1_1' title="bbox 282 333 423 397; baseline 0.014 -2"><span class='ocrx_word' id='word_1_1' title='bbox 282 333 423 397; x_wconf 66' lang='grc' dir='ltr'><strong>Ηεὸ</strong></span> 
     </span>
    </p>
   </div>
   <div class='ocr_carea' id='block_1_2' title="bbox 994 331 1881 394">
    <p class='ocr_par' dir='ltr' id='par_1_2' title="bbox 994 332 1881 394">
     <span class='ocr_line' id='line_1_2' title="bbox 994 332 1881 394; baseline -0.009 0"><span class='ocrx_word' id='word_1_2' title='bbox 994 334 1350 394; x_wconf 74' lang='grc' dir='ltr'><strong>οοΜΜΕΝΤ.</strong></span> <span class='ocrx_word' id='word_1_3' title='bbox 1391 333 1460 391; x_wconf 83' lang='grc' dir='ltr'><strong>ΙΝ</strong></span> <span class='ocrx_word' id='word_1_4' title='bbox 1495 332 1741 390; x_wconf 85' lang='lat' dir='ltr'><strong>LIBROS</strong></span> <span class='ocrx_word' id='word_1_5' title='bbox 1778 332 1881 388; x_wconf 64' lang='grc' dir='ltr'><strong>ΜΑι</strong></span> 
     </span>
    </p>
   </div>
   <div class='ocr_carea' id='block_1_3' title="bbox 1985 331 2896 394">
    <p class='ocr_par' dir='ltr' id='par_1_3' title="bbox 1985 331 2896 393">
     <span class='ocr_line' id='line_1_3' title="bbox 1985 331 2896 393; baseline 0.002 -5"><span class='ocrx_word' id='word_1_6' title='bbox 1985 332 2354 391; x_wconf 70' lang='lat' dir='ltr'><strong>lB/EORUM.</strong></span> <span class='ocrx_word' id='word_1_7' title='bbox 2395 364 2467 376; x_wconf 89' lang='lat'><strong><em>—</em></strong></span> <span class='ocrx_word' id='word_1_8' title='bbox 2501 331 2896 393; x_wconf 84' lang='lat' dir='ltr'><strong>PROLOGUS.</strong></span> 
     </span>
    </p>
   </div>
   <div class='ocr_carea' id='block_1_4' title="bbox 3421 328 3556 388">
    <p class='ocr_par' dir='ltr' id='par_1_4' title="bbox 3421 328 3556 388">
     <span class='ocr_line' id='line_1_4' title="bbox 3421 328 3556 388; baseline -0.007 -1"><span class='ocrx_word' id='word_1_9' title='bbox 3421 328 3556 388; x_wconf 73' lang='lat'><strong>“26</strong></span> 
     </span>
    </p>
   </div>
   <div class='ocr_carea' id='block_1_5' title="bbox 280 447 3562 526">
    <p class='ocr_par' dir='ltr' id='par_1_5' title="bbox 280 447 3562 526">
     <span class='ocr_line' id='line_1_5' title="bbox 280 447 3562 526; baseline -0.002 -10"><span class='ocrx_word' id='word_1_10' title='bbox 280 454 497 516; x_wconf 82' lang='lat' dir='ltr'><strong>Domini</strong></span> <span class='ocrx_word' id='word_1_11' title='bbox 520 466 703 512; x_wconf 84' lang='lat' dir='ltr'><strong>emere</strong></span> <span class='ocrx_word' id='word_1_12' title='bbox 729 469 837 511; x_wconf 87' lang='lat' dir='ltr'><strong>non</strong></span> <span class='ocrx_word' id='word_1_13' title='bbox 860 467 1168 526; x_wconf 83' lang='lat' dir='ltr'><strong>possumus,</strong></span> <span class='ocrx_word' id='word_1_14' title='bbox 1195 466 1484 524; x_wconf 89' lang='lat' dir='ltr'><strong>pergamus</strong></span> <span class='ocrx_word' id='word_1_15' title='bbox 1528 451 1596 507; x_wconf 91' lang='lat' dir='ltr'><strong>ad</strong></span> <span class='ocrx_word' id='word_1_16' title='bbox 1625 466 1747 507; x_wconf 86' lang='lat' dir='ltr'><strong>eum</strong></span> <span class='ocrx_word' id='word_1_17' title='bbox 1778 451 1869 521; x_wconf 88' lang='lat' dir='ltr'><strong>qui</strong></span> <span class='ocrx_word' id='word_1_18' title='bbox 1898 454 1949 515; x_wconf 86' lang='grc' dir='ltr'><strong>Α</strong></span> <span class='ocrx_word' id='word_1_19' title='bbox 1974 450 2161 505; x_wconf 88' lang='lat' dir='ltr'><strong>mium.</strong></span> <span class='ocrx_word' id='word_1_20' title='bbox 2215 450 2508 508; x_wconf 88' lang='lat' dir='ltr'><strong>Pretiosior</strong></span> <span class='ocrx_word' id='word_1_21' title='bbox 2562 462 2649 509; x_wconf 90' lang='lat' dir='ltr'><strong>est</strong></span> <span class='ocrx_word' id='word_1_22' title='bbox 2696 466 2825 526; x_wconf 89' lang='lat' dir='ltr'><strong>ergo</strong></span> <span class='ocrx_word' id='word_1_23' title='bbox 2868 450 3149 524; x_wconf 78' lang='lat' dir='ltr'><strong>disciplina</strong></span> <span class='ocrx_word' id='word_1_24' title='bbox 3190 447 3562 509; x_wconf 85' lang='lat' dir='ltr'><strong>ecclesiastica</strong></span> 
     </span>
    </p>
   </div>
   <div class='ocr_carea' id='block_1_6' title="bbox 282 542 1869 615">
    <p class='ocr_par' dir='ltr' id='par_1_6' title="bbox 282 542 1869 615">
     <span class='ocr_line' id='line_1_6' title="bbox 282 542 1869 615; baseline -0.007 -8"><span class='ocrx_word' id='word_1_25' title='bbox 282 562 475 607; x_wconf 90' lang='lat' dir='ltr'><strong>tenens</strong></span> <span class='ocrx_word' id='word_1_26' title='bbox 514 546 742 603; x_wconf 85' lang='lat' dir='ltr'><strong>calicem</strong></span> <span class='ocrx_word' id='word_1_27' title='bbox 787 545 1116 601; x_wconf 74' lang='lat' dir='ltr'><strong>sacramenti</strong></span> <span class='ocrx_word' id='word_1_28' title='bbox 1178 543 1457 615; x_wconf 87' lang='lat' dir='ltr'><strong>discipulis</strong></span> <span class='ocrx_word' id='word_1_29' title='bbox 1503 542 1869 613; x_wconf 76' lang='lat' dir='ltr'><strong>loquebatur:</strong></span> 
     </span>
    </p>
   </div>
   <div class='ocr_carea' id='block_1_7' title="bbox 289 635 1875 711">
    <p class='ocr_par' dir='ltr' id='par_1_7' title="bbox 289 635 1875 711">
     <span class='ocr_line' id='line_1_7' title="bbox 289 635 1875 711; baseline -0.003 -16"><span class='ocrx_word' id='word_1_30' title='bbox 289 663 308 695; x_wconf 88' lang='grc'><strong>‹</strong></span> <span class='ocrx_word' id='word_1_31' title='bbox 337 640 582 711; x_wconf 81' lang='lat' dir='ltr'><strong>Accipite</strong></span> <span class='ocrx_word' id='word_1_32' title='bbox 611 646 665 693; x_wconf 92' lang='lat' dir='ltr'><strong>et</strong></span> <span class='ocrx_word' id='word_1_33' title='bbox 686 637 877 703; x_wconf 88' lang='lat' dir='ltr'><strong>bibite,</strong></span> <span class='ocrx_word' id='word_1_34' title='bbox 905 637 995 692; x_wconf 88' lang='lat' dir='ltr'><strong>hic</strong></span> <span class='ocrx_word' id='word_1_35' title='bbox 1016 645 1100 693; x_wconf 91' lang='lat' dir='ltr'><strong>est</strong></span> <span class='ocrx_word' id='word_1_36' title='bbox 1126 636 1346 708; x_wconf 80' lang='lat' dir='ltr'><strong>sanguis</strong></span> <span class='ocrx_word' id='word_1_37' title='bbox 1364 650 1516 690; x_wconf 80' lang='lat' dir='ltr'><strong>meus</strong></span> <span class='ocrx_word' id='word_1_38' title='bbox 1537 635 1628 706; x_wconf 83' lang='lat' dir='ltr'><strong>qui</strong></span> <span class='ocrx_word' id='word_1_39' title='bbox 1655 650 1754 705; x_wconf 90' lang='lat' dir='ltr'><strong>pro</strong></span> <span class='ocrx_word' id='word_1_40' title='bbox 1782 651 1875 691; x_wconf 92' lang='lat' dir='ltr'><strong>vo-</strong></span> 
     </span>
    </p>
   </div>
   <div class='ocr_carea' id='block_1_8' title="bbox 282 727 1872 802">
    <p class='ocr_par' dir='ltr' id='par_1_8' title="bbox 282 727 1872 802">
     <span class='ocr_line' id='line_1_8' title="bbox 282 727 1872 802; baseline -0.003 -13"><span class='ocrx_word' id='word_1_41' title='bbox 282 734 366 789; x_wconf 91' lang='lat' dir='ltr'><strong>bis</strong></span> <span class='ocrx_word' id='word_1_42' title='bbox 408 731 715 788; x_wconf 79' lang='lat' dir='ltr'><strong>eﬁ‘undetur</strong></span> <span class='ocrx_word' id='word_1_43' title='bbox 763 731 815 785; x_wconf 89' lang='lat' dir='ltr'><strong>in</strong></span> <span class='ocrx_word' id='word_1_44' title='bbox 850 731 1225 787; x_wconf 85' lang='lat' dir='ltr'><strong>remissionem</strong></span> <span class='ocrx_word' id='word_1_45' title='bbox 1266 737 1611 802; x_wconf 74' lang='lat' dir='ltr'><strong>peccatorum</strong></span> <span class='ocrx_word' id='word_1_46' title='bbox 1659 727 1872 801; x_wconf 81' lang='lat' dir='ltr'><strong>(Matth.</strong></span> 
     </span>
    </p>
   </div>
   <div class='ocr_carea' id='block_1_9' title="bbox 283 825 1876 897">
    <p class='ocr_par' dir='ltr' id='par_1_9' title="bbox 283 825 1876 897">
     <span class='ocr_line' id='line_1_9' title="bbox 283 825 1876 897; baseline -0.001 -15"><span class='ocrx_word' id='word_1_47' title='bbox 283 825 457 897; x_wconf 77' lang='lat' dir='ltr'><strong>xxvi).</strong></span> <span class='ocrx_word' id='word_1_48' title='bbox 492 846 511 877; x_wconf 84' lang='grc'><strong>›</strong></span> <span class='ocrx_word' id='word_1_49' title='bbox 546 825 698 892; x_wconf 84' lang='lat' dir='ltr'><strong>Quod</strong></span> <span class='ocrx_word' id='word_1_50' title='bbox 729 826 914 880; x_wconf 87' lang='lat' dir='ltr'><strong>vinum</strong></span> <span class='ocrx_word' id='word_1_51' title='bbox 944 825 1181 891; x_wconf 85' lang='lat' dir='ltr'><strong>miscuit,</strong></span> <span class='ocrx_word' id='word_1_52' title='bbox 1206 833 1260 881; x_wconf 89' lang='lat' dir='ltr'><strong>et</strong></span> <span class='ocrx_word' id='word_1_53' title='bbox 1287 828 1552 897; x_wconf 84' lang='lat' dir='ltr'><strong>sapientia</strong></span> <span class='ocrx_word' id='word_1_54' title='bbox 1583 827 1637 882; x_wconf 91' lang='lat' dir='ltr'><strong>in</strong></span> <span class='ocrx_word' id='word_1_55' title='bbox 1668 834 1876 881; x_wconf 83' lang='lat' dir='ltr'><strong>cratere</strong></span> 
     </span>
    </p>
   </div>
   <div class='ocr_carea' id='block_1_10' title="bbox 284 916 1874 990">
    <p class='ocr_par' dir='ltr' id='par_1_10' title="bbox 284 916 1874 990">
     <span class='ocr_line' id='line_1_10' title="bbox 284 916 1874 990; baseline -0.001 -15"><span class='ocrx_word' id='word_1_56' title='bbox 284 934 384 975; x_wconf 87' lang='lat' dir='ltr'><strong>suo</strong></span> <span class='ocrx_word' id='word_1_57' title='bbox 429 934 619 975; x_wconf 90' lang='lat' dir='ltr'><strong>omnes</strong></span> <span class='ocrx_word' id='word_1_58' title='bbox 676 917 870 973; x_wconf 90' lang='lat' dir='ltr'><strong>stultos</strong></span> <span class='ocrx_word' id='word_1_59' title='bbox 916 916 1142 984; x_wconf 82' lang='lat' dir='ltr'><strong>saeculi,</strong></span> <span class='ocrx_word' id='word_1_60' title='bbox 1200 919 1496 990; x_wconf 80' lang='lat' dir='ltr'><strong>mundique</strong></span> <span class='ocrx_word' id='word_1_61' title='bbox 1555 918 1874 989; x_wconf 83' lang='lat' dir='ltr'><strong>sapientiam</strong></span> 
     </span>
    </p>
   </div>
   <div class='ocr_carea' id='block_1_11' title="bbox 282 1009 1877 1080">
    <p class='ocr_par' dir='ltr' id='par_1_11' title="bbox 282 1009 1877 1080">
     <span class='ocr_line' id='line_1_11' title="bbox 282 1009 1877 1080; baseline 0 -15"><span class='ocrx_word' id='word_1_62' title='bbox 282 1026 392 1067; x_wconf 89' lang='lat' dir='ltr'><strong>non</strong></span> <span class='ocrx_word' id='word_1_63' title='bbox 435 1010 698 1066; x_wconf 89' lang='lat' dir='ltr'><strong>habentes</strong></span> <span class='ocrx_word' id='word_1_64' title='bbox 742 1025 1046 1080; x_wconf 85' lang='lat' dir='ltr'><strong>provocans</strong></span> <span class='ocrx_word' id='word_1_65' title='bbox 1079 1009 1148 1065; x_wconf 89' lang='lat' dir='ltr'><strong>ad</strong></span> <span class='ocrx_word' id='word_1_66' title='bbox 1190 1009 1504 1079; x_wconf 86' lang='lat' dir='ltr'><strong>bibendum,</strong></span> <span class='ocrx_word' id='word_1_67' title='bbox 1546 1018 1601 1067; x_wconf 90' lang='lat' dir='ltr'><strong>et</strong></span> <span class='ocrx_word' id='word_1_68' title='bbox 1646 1026 1755 1066; x_wconf 91' lang='lat' dir='ltr'><strong>non</strong></span> <span class='ocrx_word' id='word_1_69' title='bbox 1784 1024 1877 1066; x_wconf 91' lang='lat' dir='ltr'><strong>so-</strong></span> 
     </span>
    </p>
   </div>
   <div class='ocr_carea' id='block_1_12' title="bbox 281 1106 1879 1179">
    <p class='ocr_par' dir='ltr' id='par_1_12' title="bbox 281 1106 1879 1179">
     <span class='ocr_line' id='line_1_12' title="bbox 281 1106 1879 1179; baseline -0.001 -16"><span class='ocrx_word' id='word_1_70' title='bbox 281 1108 398 1163; x_wconf 88' lang='lat' dir='ltr'><strong>lum</strong></span> <span class='ocrx_word' id='word_1_71' title='bbox 419 1107 608 1163; x_wconf 89' lang='lat' dir='ltr'><strong>vinum</strong></span> <span class='ocrx_word' id='word_1_72' title='bbox 637 1120 902 1172; x_wconf 89' lang='lat' dir='ltr'><strong>emamus,</strong></span> <span class='ocrx_word' id='word_1_73' title='bbox 926 1107 1022 1163; x_wconf 89' lang='lat' dir='ltr'><strong>sed</strong></span> <span class='ocrx_word' id='word_1_74' title='bbox 1065 1114 1121 1163; x_wconf 91' lang='lat' dir='ltr'><strong>et</strong></span> <span class='ocrx_word' id='word_1_75' title='bbox 1156 1106 1241 1162; x_wconf 90' lang='lat' dir='ltr'><strong>lac</strong></span> <span class='ocrx_word' id='word_1_76' title='bbox 1273 1126 1285 1161; x_wconf 93' lang='lat'><strong>:</strong></span> <span class='ocrx_word' id='word_1_77' title='bbox 1314 1108 1458 1177; x_wconf 90' lang='lat' dir='ltr'><strong>quod</strong></span> <span class='ocrx_word' id='word_1_78' title='bbox 1502 1107 1770 1179; x_wconf 88' lang='lat' dir='ltr'><strong>signiﬁcat</strong></span> <span class='ocrx_word' id='word_1_79' title='bbox 1802 1107 1879 1161; x_wconf 90' lang='lat' dir='ltr'><strong>in-</strong></span> 
     </span>
    </p>
   </div>
   <div class='ocr_carea' id='block_1_13' title="bbox 282 1196 1880 1269">
    <p class='ocr_par' dir='ltr' id='par_1_13' title="bbox 282 1196 1880 1269">
     <span class='ocr_line' id='line_1_13' title="bbox 282 1196 1880 1269; baseline -0.001 -16"><span class='ocrx_word' id='word_1_80' title='bbox 282 1197 593 1253; x_wconf 85' lang='lat' dir='ltr'><strong>nocentiam</strong></span> <span class='ocrx_word' id='word_1_81' title='bbox 638 1197 1003 1267; x_wconf 78' lang='lat' dir='ltr'><strong>parvulorum.</strong></span> <span class='ocrx_word' id='word_1_82' title='bbox 1057 1196 1133 1253; x_wconf 91' lang='lat' dir='ltr'><strong>De</strong></span> <span class='ocrx_word' id='word_1_83' title='bbox 1203 1214 1311 1269; x_wconf 93' lang='lat' dir='ltr'><strong>quo</strong></span> <span class='ocrx_word' id='word_1_84' title='bbox 1366 1198 1507 1254; x_wconf 90' lang='lat' dir='ltr'><strong>lacte</strong></span> <span class='ocrx_word' id='word_1_85' title='bbox 1558 1198 1772 1255; x_wconf 90' lang='lat' dir='ltr'><strong>dicebat</strong></span> <span class='ocrx_word' id='word_1_86' title='bbox 1824 1205 1880 1254; x_wconf 89' lang='lat' dir='ltr'><strong>et</strong></span> 
     </span>
    </p>
   </div>
   <div class='ocr_carea' id='block_1_14' title="bbox 282 1288 1879 1363">
    <p class='ocr_par' dir='ltr' id='par_1_14' title="bbox 282 1288 1879 1363">
     <span class='ocr_line' id='line_1_14' title="bbox 282 1288 1879 1363; baseline 0.001 -18"><span class='ocrx_word' id='word_1_87' title='bbox 282 1290 485 1347; x_wconf 88' lang='lat' dir='ltr'><strong>Paulus</strong></span> <span class='ocrx_word' id='word_1_88' title='bbox 515 1310 528 1346; x_wconf 90' lang='lat'><strong>:</strong></span> <span class='ocrx_word' id='word_1_89' title='bbox 564 1310 583 1343; x_wconf 73' lang='grc' dir='ltr'>ί</span> <span class='ocrx_word' id='word_1_90' title='bbox 612 1290 721 1346; x_wconf 87' lang='lat' dir='ltr'><strong>Lac</strong></span> <span class='ocrx_word' id='word_1_91' title='bbox 744 1291 896 1347; x_wconf 82' lang='lat' dir='ltr'><strong>vobis</strong></span> <span class='ocrx_word' id='word_1_92' title='bbox 918 1299 1104 1362; x_wconf 90' lang='lat' dir='ltr'><strong>potum</strong></span> <span class='ocrx_word' id='word_1_93' title='bbox 1134 1291 1279 1358; x_wconf 89' lang='lat' dir='ltr'><strong>dedi,</strong></span> <span class='ocrx_word' id='word_1_94' title='bbox 1314 1307 1427 1363; x_wconf 28' lang='lat' dir='ltr'><strong>non,</strong></span> <span class='ocrx_word' id='word_1_95' title='bbox 1447 1288 1678 1348; x_wconf 87' lang='lat' dir='ltr'><strong>solidum</strong></span> <span class='ocrx_word' id='word_1_96' title='bbox 1699 1292 1879 1346; x_wconf 90' lang='lat' dir='ltr'><strong>cibum</strong></span> 
     </span>
    </p>
   </div>
   <div class='ocr_carea' id='block_1_15' title="bbox 285 1381 1880 1456">
    <p class='ocr_par' dir='ltr' id='par_1_15' title="bbox 285 1381 1880 1456">
     <span class='ocr_line' id='line_1_15' title="bbox 285 1381 1880 1456; baseline 0 -19"><span class='ocrx_word' id='word_1_97' title='bbox 285 1381 336 1456; x_wconf 87' lang='grc'><strong>(1</strong></span> <span class='ocrx_word' id='word_1_98' title='bbox 383 1382 508 1438; x_wconf 86' lang='lat' dir='ltr'><strong>Cor.</strong></span> <span class='ocrx_word' id='word_1_99' title='bbox 537 1382 643 1454; x_wconf 79' lang='lat' dir='ltr'><strong>ut).</strong></span> <span class='ocrx_word' id='word_1_100' title='bbox 672 1404 691 1435; x_wconf 83' lang='grc'><strong><em>›</em></strong></span> <span class='ocrx_word' id='word_1_101' title='bbox 722 1384 791 1439; x_wconf 88' lang='lat' dir='ltr'><strong>Et</strong></span> <span class='ocrx_word' id='word_1_102' title='bbox 810 1383 1005 1438; x_wconf 82' lang='lat' dir='ltr'><strong>Petrus</strong></span> <span class='ocrx_word' id='word_1_103' title='bbox 1040 1402 1052 1436; x_wconf 89' lang='lat'><strong>:</strong></span> <span class='ocrx_word' id='word_1_104' title='bbox 1085 1404 1102 1434; x_wconf 74' lang='grc' dir='ltr'>ι</span> <span class='ocrx_word' id='word_1_105' title='bbox 1134 1382 1300 1451; x_wconf 83' lang='lat' dir='ltr'><strong>Quasi</strong></span> <span class='ocrx_word' id='word_1_106' title='bbox 1330 1384 1490 1439; x_wconf 90' lang='lat' dir='ltr'><strong>modo</strong></span> <span class='ocrx_word' id='word_1_107' title='bbox 1516 1384 1629 1438; x_wconf 86' lang='lat' dir='ltr'><strong>nati</strong></span> <span class='ocrx_word' id='word_1_108' title='bbox 1670 1383 1880 1454; x_wconf 80' lang='lat' dir='ltr'><strong>parvuli</strong></span> 
     </span>
    </p>
   </div>
   <div class='ocr_carea' id='block_1_16' title="bbox 284 1472 1882 1545">
    <p class='ocr_par' dir='ltr' id='par_1_16' title="bbox 284 1472 1882 1545">
     <span class='ocr_line' id='line_1_16' title="bbox 284 1472 1882 1545; baseline -0.002 -15"><span class='ocrx_word' id='word_1_109' title='bbox 284 1474 608 1531; x_wconf 85' lang='lat' dir='ltr'><strong>rationabile</strong></span> <span class='ocrx_word' id='word_1_110' title='bbox 631 1475 716 1530; x_wconf 92' lang='lat' dir='ltr'><strong>lac</strong></span> <span class='ocrx_word' id='word_1_111' title='bbox 739 1474 1041 1530; x_wconf 82' lang='lat' dir='ltr'><strong>desiderate</strong></span> <span class='ocrx_word' id='word_1_112' title='bbox 1065 1473 1116 1545; x_wconf 87' lang='grc' dir='ltr'><strong>(Ι</strong></span> <span class='ocrx_word' id='word_1_113' title='bbox 1144 1474 1288 1528; x_wconf 83' lang='lat' dir='ltr'><strong>Petr.</strong></span> <span class='ocrx_word' id='word_1_114' title='bbox 1324 1473 1407 1545; x_wconf 83' lang='grc' dir='ltr'><strong>ιι).</strong></span> <span class='ocrx_word' id='word_1_115' title='bbox 1433 1494 1452 1526; x_wconf 76' lang='grc' dir='ltr'><strong><em>ι</em></strong></span> <span class='ocrx_word' id='word_1_116' title='bbox 1485 1472 1640 1528; x_wconf 87' lang='lat' dir='ltr'><strong>Unde</strong></span> <span class='ocrx_word' id='word_1_117' title='bbox 1660 1481 1716 1528; x_wconf 90' lang='lat' dir='ltr'><strong>et</strong></span> <span class='ocrx_word' id='word_1_118' title='bbox 1733 1472 1882 1544; x_wconf 80' lang='lat' dir='ltr'><strong>Moy-</strong></span> 
     </span>
    </p>
   </div>
   <div class='ocr_carea' id='block_1_17' title="bbox 285 1564 1882 1635">
    <p class='ocr_par' dir='ltr' id='par_1_17' title="bbox 285 1564 1882 1635">
     <span class='ocr_line' id='line_1_17' title="bbox 285 1564 1882 1635; baseline -0.003 -13"><span class='ocrx_word' id='word_1_119' title='bbox 285 1582 397 1633; x_wconf 88' lang='lat' dir='ltr'><strong>ses,</strong></span> <span class='ocrx_word' id='word_1_120' title='bbox 414 1566 597 1622; x_wconf 90' lang='lat' dir='ltr'><strong>vinum</strong></span> <span class='ocrx_word' id='word_1_121' title='bbox 619 1574 676 1621; x_wconf 90' lang='lat' dir='ltr'><strong>et</strong></span> <span class='ocrx_word' id='word_1_122' title='bbox 694 1565 777 1621; x_wconf 90' lang='lat' dir='ltr'><strong>lac</strong></span> <span class='ocrx_word' id='word_1_123' title='bbox 803 1564 1072 1621; x_wconf 86' lang='lat' dir='ltr'><strong>iuChristi</strong></span> <span class='ocrx_word' id='word_1_124' title='bbox 1096 1564 1402 1635; x_wconf 84' lang='lat' dir='ltr'><strong>intelligens</strong></span> <span class='ocrx_word' id='word_1_125' title='bbox 1430 1564 1739 1634; x_wconf 85' lang='lat' dir='ltr'><strong>passionem</strong></span> <span class='ocrx_word' id='word_1_126' title='bbox 1766 1578 1882 1634; x_wconf 81' lang='lat' dir='ltr'><strong>my-</strong></span> 
     </span>
    </p>
   </div>
   <div class='ocr_carea' id='block_1_18' title="bbox 281 1656 1883 1729">
    <p class='ocr_par' dir='ltr' id='par_1_18' title="bbox 281 1656 1883 1729">
     <span class='ocr_line' id='line_1_18' title="bbox 281 1656 1883 1729; baseline -0.002 -14"><span class='ocrx_word' id='word_1_127' title='bbox 281 1660 424 1717; x_wconf 88' lang='lat' dir='ltr'><strong>stico</strong></span> <span class='ocrx_word' id='word_1_128' title='bbox 446 1674 698 1716; x_wconf 87' lang='lat' dir='ltr'><strong>sermone</strong></span> <span class='ocrx_word' id='word_1_129' title='bbox 719 1666 948 1714; x_wconf 83' lang='lat' dir='ltr'><strong>testatur</strong></span> <span class='ocrx_word' id='word_1_130' title='bbox 975 1676 1029 1712; x_wconf 72' lang='lat' dir='ltr'><strong>:c</strong></span> <span class='ocrx_word' id='word_1_131' title='bbox 1057 1658 1280 1729; x_wconf 82' lang='lat' dir='ltr'><strong>gratiosi</strong></span> <span class='ocrx_word' id='word_1_132' title='bbox 1301 1657 1441 1713; x_wconf 89' lang='lat' dir='ltr'><strong>oculi</strong></span> <span class='ocrx_word' id='word_1_133' title='bbox 1462 1656 1578 1727; x_wconf 90' lang='lat' dir='ltr'><strong>ejus</strong></span> <span class='ocrx_word' id='word_1_134' title='bbox 1601 1672 1632 1711; x_wconf 88' lang='lat' dir='ltr'><strong>a</strong></span> <span class='ocrx_word' id='word_1_135' title='bbox 1658 1657 1803 1722; x_wconf 89' lang='lat' dir='ltr'><strong>vino,</strong></span> <span class='ocrx_word' id='word_1_136' title='bbox 1827 1664 1883 1711; x_wconf 90' lang='lat' dir='ltr'><strong>et</strong></span> 
     </span>
    </p>
   </div>
   <div class='ocr_carea' id='block_1_19' title="bbox 282 1746 1881 1821">
    <p class='ocr_par' dir='ltr' id='par_1_19' title="bbox 282 1746 1881 1821">
     <span class='ocr_line' id='line_1_19' title="bbox 282 1746 1881 1821; baseline -0.002 -15"><span class='ocrx_word' id='word_1_137' title='bbox 282 1751 503 1807; x_wconf 88' lang='lat' dir='ltr'><strong>candidi</strong></span> <span class='ocrx_word' id='word_1_138' title='bbox 519 1750 710 1807; x_wconf 86' lang='lat' dir='ltr'><strong>dentes</strong></span> <span class='ocrx_word' id='word_1_139' title='bbox 729 1748 844 1819; x_wconf 73' lang='lat' dir='ltr'><strong>eius</strong></span> <span class='ocrx_word' id='word_1_140' title='bbox 859 1765 889 1804; x_wconf 89' lang='lat' dir='ltr'><strong>a</strong></span> <span class='ocrx_word' id='word_1_141' title='bbox 903 1749 1041 1806; x_wconf 90' lang='lat' dir='ltr'><strong>lacte</strong></span> <span class='ocrx_word' id='word_1_142' title='bbox 1055 1746 1208 1821; x_wconf 72' lang='lat' dir='ltr'><strong>(Gen.</strong></span> <span class='ocrx_word' id='word_1_143' title='bbox 1224 1747 1393 1821; x_wconf 78' lang='lat' dir='ltr'><strong>mx).</strong></span> <span class='ocrx_word' id='word_1_144' title='bbox 1406 1768 1425 1800; x_wconf 77' lang='grc' dir='ltr'><strong><em>ι</em></strong></span> <span class='ocrx_word' id='word_1_145' title='bbox 1442 1748 1586 1821; x_wconf 87' lang='lat' dir='ltr'><strong>Ergo</strong></span> <span class='ocrx_word' id='word_1_146' title='bbox 1603 1764 1706 1803; x_wconf 86' lang='lat' dir='ltr'><strong>non</strong></span> <span class='ocrx_word' id='word_1_147' title='bbox 1725 1746 1881 1816; x_wconf 78' lang='lat' dir='ltr'><strong>juxta</strong></span> 
     </span>
    </p>
   </div>
   <div class='ocr_carea' id='block_1_20' title="bbox 1976 546 3560 622">
    <p class='ocr_par' dir='ltr' id='par_1_20' title="bbox 1976 546 3560 622">
     <span class='ocr_line' id='line_1_20' title="bbox 1976 546 3560 622; baseline -0.002 -17"><span class='ocrx_word' id='word_1_148' title='bbox 1976 549 2145 605; x_wconf 91' lang='lat' dir='ltr'><strong>multo</strong></span> <span class='ocrx_word' id='word_1_149' title='bbox 2186 564 2412 605; x_wconf 89' lang='lat' dir='ltr'><strong>numero</strong></span> <span class='ocrx_word' id='word_1_150' title='bbox 2456 550 2664 622; x_wconf 79' lang='lat' dir='ltr'><strong>argenti</strong></span> <span class='ocrx_word' id='word_1_151' title='bbox 2698 558 2753 605; x_wconf 90' lang='lat' dir='ltr'><strong>et</strong></span> <span class='ocrx_word' id='word_1_152' title='bbox 2777 550 2995 620; x_wconf 88' lang='lat' dir='ltr'><strong>copiosa</strong></span> <span class='ocrx_word' id='word_1_153' title='bbox 3026 548 3367 618; x_wconf 82' lang='lat' dir='ltr'><strong>possessione</strong></span> <span class='ocrx_word' id='word_1_154' title='bbox 3412 546 3560 615; x_wconf 88' lang='lat' dir='ltr'><strong>auri,</strong></span> 
     </span>
    </p>
   </div>
   <div class='ocr_carea' id='block_1_21' title="bbox 1976 641 3564 713">
    <p class='ocr_par' dir='ltr' id='par_1_21' title="bbox 1976 641 3564 713">
     <span class='ocr_line' id='line_1_21' title="bbox 1976 641 3564 713; baseline 0 -18"><span class='ocrx_word' id='word_1_155' title='bbox 1976 642 2104 712; x_wconf 87' lang='lat' dir='ltr'><strong>quia</strong></span> <span class='ocrx_word' id='word_1_156' title='bbox 2156 642 2274 698; x_wconf 64' lang='lat' dir='ltr'><strong>haec</strong></span> <span class='ocrx_word' id='word_1_157' title='bbox 2326 650 2557 696; x_wconf 61' lang='lat' dir='ltr'><strong>aeternas</strong></span> <span class='ocrx_word' id='word_1_158' title='bbox 2605 652 2875 713; x_wconf 79' lang='lat' dir='ltr'><strong>praeparat</strong></span> <span class='ocrx_word' id='word_1_159' title='bbox 2924 641 3182 707; x_wconf 86' lang='lat' dir='ltr'><strong>delicias,</strong></span> <span class='ocrx_word' id='word_1_160' title='bbox 3226 642 3330 697; x_wconf 87' lang='lat' dir='ltr'><strong>ista</strong></span> <span class='ocrx_word' id='word_1_161' title='bbox 3382 648 3564 696; x_wconf 85' lang='lat' dir='ltr'><strong>autem</strong></span> 
     </span>
    </p>
   </div>
   <div class='ocr_carea' id='block_1_22' title="bbox 1976 734 3570 807">
    <p class='ocr_par' dir='ltr' id='par_1_22' title="bbox 1976 734 3570 807">
     <span class='ocr_line' id='line_1_22' title="bbox 1976 734 3570 807; baseline 0.001 -19"><span class='ocrx_word' id='word_1_162' title='bbox 1976 750 2165 807; x_wconf 86' lang='lat' dir='ltr'><strong>parvo,</strong></span> <span class='ocrx_word' id='word_1_163' title='bbox 2195 741 2248 788; x_wconf 89' lang='lat' dir='ltr'><strong>et</strong></span> <span class='ocrx_word' id='word_1_164' title='bbox 2271 750 2324 789; x_wconf 81' lang='grc' dir='ltr'><strong>ιη</strong></span> <span class='ocrx_word' id='word_1_165' title='bbox 2354 734 2505 789; x_wconf 88' lang='lat' dir='ltr'><strong>brevi</strong></span> <span class='ocrx_word' id='word_1_166' title='bbox 2536 735 2754 805; x_wconf 91' lang='lat' dir='ltr'><strong>penitus</strong></span> <span class='ocrx_word' id='word_1_167' title='bbox 2782 734 3044 789; x_wconf 90' lang='lat' dir='ltr'><strong>deﬁciunt</strong></span> <span class='ocrx_word' id='word_1_168' title='bbox 3090 742 3332 803; x_wconf 86' lang='lat' dir='ltr'><strong>tempore</strong></span> <span class='ocrx_word' id='word_1_169' title='bbox 3365 751 3377 787; x_wconf 89' lang='lat'><strong>:</strong></span> <span class='ocrx_word' id='word_1_170' title='bbox 3409 749 3570 789; x_wconf 85' lang='lat' dir='ltr'><strong>mun-</strong></span> 
     </span>
    </p>
   </div>
   <div class='ocr_carea' id='block_1_23' title="bbox 1977 824 3552 898">
    <p class='ocr_par' dir='ltr' id='par_1_23' title="bbox 1977 824 3552 898">
     <span class='ocr_line' id='line_1_23' title="bbox 1977 824 3552 898; baseline -0.005 -10"><span class='ocrx_word' id='word_1_171' title='bbox 1977 828 2260 888; x_wconf 85' lang='lat' dir='ltr'><strong>duseuim</strong></span> <span class='ocrx_word' id='word_1_172' title='bbox 2283 829 2479 885; x_wconf 88' lang='lat' dir='ltr'><strong>transit</strong></span> <span class='ocrx_word' id='word_1_173' title='bbox 2507 836 2563 884; x_wconf 91' lang='lat' dir='ltr'><strong>et</strong></span> <span class='ocrx_word' id='word_1_174' title='bbox 2585 828 3020 898; x_wconf 85' lang='lat' dir='ltr'><strong>concupiscentia</strong></span> <span class='ocrx_word' id='word_1_175' title='bbox 3042 825 3177 896; x_wconf 83' lang='lat' dir='ltr'><strong>ejus.</strong></span> <span class='ocrx_word' id='word_1_176' title='bbox 3223 824 3327 894; x_wconf 86' lang='lat' dir='ltr'><strong>Qui</strong></span> <span class='ocrx_word' id='word_1_177' title='bbox 3370 835 3552 882; x_wconf 88' lang='lat' dir='ltr'><strong>autem</strong></span> 
     </span>
    </p>
   </div>
   <div class='ocr_carea' id='block_1_24' title="bbox 1977 924 3187 983">
    <p class='ocr_par' dir='ltr' id='par_1_24' title="bbox 1977 924 3187 983">
     <span class='ocr_line' id='line_1_24' title="bbox 1977 924 3187 983; baseline -0.006 -1"><span class='ocrx_word' id='word_1_178' title='bbox 1977 925 2110 983; x_wconf 80' lang='lat' dir='ltr'><strong>facit</strong></span> <span class='ocrx_word' id='word_1_179' title='bbox 2132 925 2464 981; x_wconf 86' lang='lat' dir='ltr'><strong>voluntatem</strong></span> <span class='ocrx_word' id='word_1_180' title='bbox 2492 924 2587 979; x_wconf 88' lang='lat' dir='ltr'><strong>Dei</strong></span> <span class='ocrx_word' id='word_1_181' title='bbox 2619 931 2799 978; x_wconf 91' lang='lat' dir='ltr'><strong>manet</strong></span> <span class='ocrx_word' id='word_1_182' title='bbox 2821 924 2875 977; x_wconf 86' lang='lat' dir='ltr'><strong>in</strong></span> <span class='ocrx_word' id='word_1_183' title='bbox 2902 930 3187 977; x_wconf 75' lang='lat' dir='ltr'><strong>aeternum.</strong></span> 
     </span>
    </p>
   </div>
   <div class='ocr_carea' id='block_1_25' title="bbox 2053 1009 3562 1081">
    <p class='ocr_par' dir='ltr' id='par_1_25' title="bbox 2053 1009 3562 1081">
     <span class='ocr_line' id='line_1_25' title="bbox 2053 1009 3562 1081; baseline -0.002 -12"><span class='ocrx_word' id='word_1_184' title='bbox 2053 1036 2072 1069; x_wconf 85' lang='grc'><strong>‹</strong></span> <span class='ocrx_word' id='word_1_185' title='bbox 2116 1016 2355 1073; x_wconf 83' lang='lat' dir='ltr'><strong>Laetetur</strong></span> <span class='ocrx_word' id='word_1_186' title='bbox 2381 1016 2559 1071; x_wconf 88' lang='lat' dir='ltr'><strong>anima</strong></span> <span class='ocrx_word' id='word_1_187' title='bbox 2596 1023 2783 1070; x_wconf 88' lang='lat' dir='ltr'><strong>vestra</strong></span> <span class='ocrx_word' id='word_1_188' title='bbox 2830 1014 2884 1068; x_wconf 91' lang='lat' dir='ltr'><strong>in</strong></span> <span class='ocrx_word' id='word_1_189' title='bbox 2922 1011 3295 1069; x_wconf 77' lang='lat' dir='ltr'><strong>misericordia</strong></span> <span class='ocrx_word' id='word_1_190' title='bbox 3334 1009 3476 1081; x_wconf 79' lang='lat' dir='ltr'><strong>ejus,</strong></span> <span class='ocrx_word' id='word_1_191' title='bbox 3506 1020 3562 1067; x_wconf 91' lang='lat' dir='ltr'><strong>et</strong></span> 
     </span>
    </p>
   </div>
   <div class='ocr_carea' id='block_1_26' title="bbox 1985 1102 3574 1173">
    <p class='ocr_par' dir='ltr' id='par_1_26' title="bbox 1985 1102 3574 1173">
     <span class='ocr_line' id='line_1_26' title="bbox 1985 1102 3574 1173; baseline -0.002 -13"><span class='ocrx_word' id='word_1_192' title='bbox 1985 1126 2003 1160; x_wconf 74' lang='grc' dir='ltr'>ι</span> <span class='ocrx_word' id='word_1_193' title='bbox 2048 1122 2157 1162; x_wconf 89' lang='lat' dir='ltr'><strong>non</strong></span> <span class='ocrx_word' id='word_1_194' title='bbox 2184 1105 2585 1162; x_wconf 73' lang='lat' dir='ltr'><strong>conl’undemiui</strong></span> <span class='ocrx_word' id='word_1_195' title='bbox 2616 1106 2667 1159; x_wconf 91' lang='lat' dir='ltr'><strong>in</strong></span> <span class='ocrx_word' id='word_1_196' title='bbox 2699 1104 2856 1159; x_wconf 85' lang='lat' dir='ltr'><strong>laude</strong></span> <span class='ocrx_word' id='word_1_197' title='bbox 2893 1104 3083 1173; x_wconf 88' lang='lat' dir='ltr'><strong>ipsius.</strong></span> <span class='ocrx_word' id='word_1_198' title='bbox 3124 1123 3143 1156; x_wconf 69' lang='grc' dir='ltr'><strong><em>ι</em></strong></span> <span class='ocrx_word' id='word_1_199' title='bbox 3185 1102 3418 1158; x_wconf 76' lang='lat' dir='ltr'><strong>Pulchre</strong></span> <span class='ocrx_word' id='word_1_200' title='bbox 3444 1103 3574 1159; x_wconf 85' lang='lat' dir='ltr'><strong>hor-</strong></span> 
     </span>
    </p>
   </div>
   <div class='ocr_carea' id='block_1_27' title="bbox 1982 1195 3573 1265">
    <p class='ocr_par' dir='ltr' id='par_1_27' title="bbox 1982 1195 3573 1265">
     <span class='ocr_line' id='line_1_27' title="bbox 1982 1195 3573 1265; baseline -0.002 -12"><span class='ocrx_word' id='word_1_201' title='bbox 1982 1206 2130 1253; x_wconf 86' lang='lat' dir='ltr'><strong>tatur</strong></span> <span class='ocrx_word' id='word_1_202' title='bbox 2161 1198 2398 1253; x_wconf 87' lang='lat' dir='ltr'><strong>animam</strong></span> <span class='ocrx_word' id='word_1_203' title='bbox 2426 1197 2596 1252; x_wconf 75' lang='lat' dir='ltr'><strong>lzetari</strong></span> <span class='ocrx_word' id='word_1_204' title='bbox 2644 1198 2698 1251; x_wconf 90' lang='lat' dir='ltr'><strong>in</strong></span> <span class='ocrx_word' id='word_1_205' title='bbox 2733 1195 3106 1252; x_wconf 82' lang='lat' dir='ltr'><strong>misericordia</strong></span> <span class='ocrx_word' id='word_1_206' title='bbox 3132 1196 3249 1261; x_wconf 87' lang='lat' dir='ltr'><strong>Dei,</strong></span> <span class='ocrx_word' id='word_1_207' title='bbox 3295 1195 3423 1265; x_wconf 87' lang='lat' dir='ltr'><strong>quia</strong></span> <span class='ocrx_word' id='word_1_208' title='bbox 3455 1212 3573 1252; x_wconf 90' lang='lat' dir='ltr'><strong>ma-</strong></span> 
     </span>
    </p>
   </div>
   <div class='ocr_carea' id='block_1_28' title="bbox 1981 1288 3568 1364">
    <p class='ocr_par' dir='ltr' id='par_1_28' title="bbox 1981 1288 3568 1364">
     <span class='ocr_line' id='line_1_28' title="bbox 1981 1288 3568 1364; baseline -0.003 -17"><span class='ocrx_word' id='word_1_209' title='bbox 1981 1308 2086 1364; x_wconf 88' lang='lat' dir='ltr'><strong>gna</strong></span> <span class='ocrx_word' id='word_1_210' title='bbox 2114 1291 2372 1346; x_wconf 82' lang='lat' dir='ltr'><strong>alacritas</strong></span> <span class='ocrx_word' id='word_1_211' title='bbox 2399 1298 2484 1346; x_wconf 89' lang='lat' dir='ltr'><strong>est</strong></span> <span class='ocrx_word' id='word_1_212' title='bbox 2512 1290 2712 1355; x_wconf 88' lang='lat' dir='ltr'><strong>cordis,</strong></span> <span class='ocrx_word' id='word_1_213' title='bbox 2753 1289 2882 1344; x_wconf 91' lang='lat' dir='ltr'><strong>dum</strong></span> <span class='ocrx_word' id='word_1_214' title='bbox 2912 1288 3231 1345; x_wconf 84' lang='lat' dir='ltr'><strong>recordatur</strong></span> <span class='ocrx_word' id='word_1_215' title='bbox 3259 1289 3568 1344; x_wconf 86' lang='lat' dir='ltr'><strong>misericor-</strong></span> 
     </span>
    </p>
   </div>
   <div class='ocr_carea' id='block_1_29' title="bbox 1982 1379 3578 1453">
    <p class='ocr_par' dir='ltr' id='par_1_29' title="bbox 1982 1379 3578 1453">
     <span class='ocr_line' id='line_1_29' title="bbox 1982 1379 3578 1453; baseline -0.002 -15"><span class='ocrx_word' id='word_1_216' title='bbox 1982 1383 2126 1439; x_wconf 89' lang='lat' dir='ltr'><strong>diam</strong></span> <span class='ocrx_word' id='word_1_217' title='bbox 2155 1382 2375 1453; x_wconf 88' lang='lat' dir='ltr'><strong>superni</strong></span> <span class='ocrx_word' id='word_1_218' title='bbox 2397 1380 2617 1450; x_wconf 86' lang='lat' dir='ltr'><strong>judicis,</strong></span> <span class='ocrx_word' id='word_1_219' title='bbox 2660 1401 2678 1434; x_wconf 87' lang='grc'><em>‹</em></span> <span class='ocrx_word' id='word_1_220' title='bbox 2723 1380 3125 1451; x_wconf 87' lang='lat' dir='ltr'><strong>Beneplacitum</strong></span> <span class='ocrx_word' id='word_1_221' title='bbox 3153 1388 3236 1435; x_wconf 84' lang='lat' dir='ltr'><strong>est</strong></span> <span class='ocrx_word' id='word_1_222' title='bbox 3276 1379 3422 1433; x_wconf 88' lang='lat' dir='ltr'><strong>enim</strong></span> <span class='ocrx_word' id='word_1_223' title='bbox 3471 1379 3578 1435; x_wconf 88' lang='lat' dir='ltr'><strong>Do-</strong></span> 
     </span>
    </p>
   </div>
   <div class='ocr_carea' id='block_1_30' title="bbox 1982 1468 3577 1544">
    <p class='ocr_par' dir='ltr' id='par_1_30' title="bbox 1982 1468 3577 1544">
     <span class='ocr_line' id='line_1_30' title="bbox 1982 1468 3577 1544; baseline -0.001 -16"><span class='ocrx_word' id='word_1_224' title='bbox 1982 1474 2130 1530; x_wconf 87' lang='lat' dir='ltr'><strong>mino</strong></span> <span class='ocrx_word' id='word_1_225' title='bbox 2182 1489 2342 1544; x_wconf 82' lang='lat' dir='ltr'><strong>super</strong></span> <span class='ocrx_word' id='word_1_226' title='bbox 2369 1474 2621 1529; x_wconf 84' lang='lat' dir='ltr'><strong>timentes</strong></span> <span class='ocrx_word' id='word_1_227' title='bbox 2648 1490 2793 1538; x_wconf 89' lang='lat' dir='ltr'><strong>eum,</strong></span> <span class='ocrx_word' id='word_1_228' title='bbox 2842 1468 2978 1527; x_wconf 73' lang='lat' dir='ltr'><strong>et&#39;in</strong></span> <span class='ocrx_word' id='word_1_229' title='bbox 3004 1486 3098 1527; x_wconf 91' lang='lat' dir='ltr'><strong>eos</strong></span> <span class='ocrx_word' id='word_1_230' title='bbox 3133 1471 3227 1542; x_wconf 90' lang='lat' dir='ltr'><strong>qui</strong></span> <span class='ocrx_word' id='word_1_231' title='bbox 3271 1479 3492 1540; x_wconf 82' lang='lat' dir='ltr'><strong>sperant</strong></span> <span class='ocrx_word' id='word_1_232' title='bbox 3520 1471 3577 1526; x_wconf 89' lang='lat' dir='ltr'><strong>iu</strong></span> 
     </span>
    </p>
   </div>
   <div class='ocr_carea' id='block_1_31' title="bbox 1984 1563 3578 1638">
    <p class='ocr_par' dir='ltr' id='par_1_31' title="bbox 1984 1563 3578 1638">
     <span class='ocr_line' id='line_1_31' title="bbox 1984 1563 3578 1638; baseline -0.003 -17"><span class='ocrx_word' id='word_1_233' title='bbox 1984 1565 2353 1623; x_wconf 84' lang='lat' dir='ltr'><strong>misericordia</strong></span> <span class='ocrx_word' id='word_1_234' title='bbox 2406 1563 2524 1633; x_wconf 82' lang='lat' dir='ltr'><strong>ejus</strong></span> <span class='ocrx_word' id='word_1_235' title='bbox 2579 1564 2752 1638; x_wconf 79' lang='lat' dir='ltr'><strong>(Psal.</strong></span> <span class='ocrx_word' id='word_1_236' title='bbox 2812 1563 3012 1635; x_wconf 72' lang='lat' dir='ltr'><strong>cxcvt).</strong></span> <span class='ocrx_word' id='word_1_237' title='bbox 3050 1581 3069 1616; x_wconf 75' lang='grc' dir='ltr'><strong><em>ι</em></strong></span> <span class='ocrx_word' id='word_1_238' title='bbox 3132 1583 3150 1615; x_wconf 84' lang='grc' dir='ltr'>ι</span> <span class='ocrx_word' id='word_1_239' title='bbox 3192 1563 3261 1617; x_wconf 72' lang='lat' dir='ltr'><strong>Et</strong></span> <span class='ocrx_word' id='word_1_240' title='bbox 3296 1576 3403 1619; x_wconf 86' lang='lat' dir='ltr'><strong>non</strong></span> <span class='ocrx_word' id='word_1_241' title='bbox 3444 1577 3578 1619; x_wconf 89' lang='lat' dir='ltr'><strong>cou-</strong></span> 
     </span>
    </p>
   </div>
   <div class='ocr_carea' id='block_1_32' title="bbox 1980 1654 3583 1728">
    <p class='ocr_par' dir='ltr' id='par_1_32' title="bbox 1980 1654 3583 1728">
     <span class='ocr_line' id='line_1_32' title="bbox 1980 1654 3583 1728; baseline -0.006 -10"><span class='ocrx_word' id='word_1_242' title='bbox 1980 1660 2305 1727; x_wconf 69' lang='lat' dir='ltr'><strong>fundemiui,</strong></span> <span class='ocrx_word' id='word_1_243' title='bbox 2358 1660 2551 1728; x_wconf 87' lang='lat' dir='ltr'><strong>inquit,</strong></span> <span class='ocrx_word' id='word_1_244' title='bbox 2584 1659 2638 1713; x_wconf 85' lang='lat' dir='ltr'><strong>in</strong></span> <span class='ocrx_word' id='word_1_245' title='bbox 2688 1657 2845 1713; x_wconf 86' lang='lat' dir='ltr'><strong>laude</strong></span> <span class='ocrx_word' id='word_1_246' title='bbox 2895 1656 3085 1727; x_wconf 81' lang='lat' dir='ltr'><strong>ipsius.</strong></span> <span class='ocrx_word' id='word_1_247' title='bbox 3115 1674 3134 1708; x_wconf 81' lang='grc'>›</span> <span class='ocrx_word' id='word_1_248' title='bbox 3184 1654 3301 1712; x_wconf 81' lang='lat' dir='ltr'><strong>Non</strong></span> <span class='ocrx_word' id='word_1_249' title='bbox 3356 1655 3583 1713; x_wconf 80' lang='lat' dir='ltr'><strong>confun-</strong></span> 
     </span>
    </p>
   </div>
   <div class='ocr_carea' id='block_1_33' title="bbox 1982 1748 3583 1825">
    <p class='ocr_par' dir='ltr' id='par_1_33' title="bbox 1982 1748 3583 1825">
     <span class='ocr_line' id='line_1_33' title="bbox 1982 1748 3583 1825; baseline -0.006 -12"><span class='ocrx_word' id='word_1_250' title='bbox 1982 1757 2142 1813; x_wconf 89' lang='lat' dir='ltr'><strong>detur</strong></span> <span class='ocrx_word' id='word_1_251' title='bbox 2183 1756 2472 1825; x_wconf 85' lang='lat' dir='ltr'><strong>quisquam</strong></span> <span class='ocrx_word' id='word_1_252' title='bbox 2504 1755 2555 1808; x_wconf 89' lang='lat' dir='ltr'><strong>in</strong></span> <span class='ocrx_word' id='word_1_253' title='bbox 2578 1753 2735 1808; x_wconf 84' lang='lat' dir='ltr'><strong>laude</strong></span> <span class='ocrx_word' id='word_1_254' title='bbox 2760 1750 2998 1818; x_wconf 89' lang='lat' dir='ltr'><strong>Domini,</strong></span> <span class='ocrx_word' id='word_1_255' title='bbox 3031 1750 3128 1809; x_wconf 84' lang='lat' dir='ltr'><strong>sed</strong></span> <span class='ocrx_word' id='word_1_256' title='bbox 3153 1748 3243 1807; x_wconf 76' lang='lat' dir='ltr'><strong>ille</strong></span> <span class='ocrx_word' id='word_1_257' title='bbox 3263 1750 3355 1820; x_wconf 81' lang='lat' dir='ltr'><strong>qui</strong></span> <span class='ocrx_word' id='word_1_258' title='bbox 3400 1750 3583 1821; x_wconf 81' lang='lat' dir='ltr'><strong>ingra-</strong></span> 
     </span>
    </p>
   </div>
   <div class='ocr_carea' id='block_1_34' title="bbox 282 1838 3580 1921">
    <p class='ocr_par' dir='ltr' id='par_1_34' title="bbox 282 1838 3580 1921">
     <span class='ocr_line' id='line_1_34' title="bbox 282 1838 3580 1921; baseline -0.002 -22"><span class='ocrx_word' id='word_1_259' title='bbox 282 1844 670 1899; x_wconf 89' lang='lat' dir='ltr'><strong>abundantiam</strong></span> <span class='ocrx_word' id='word_1_260' title='bbox 716 1844 889 1914; x_wconf 92' lang='lat' dir='ltr'><strong>ipsam</strong></span> <span class='ocrx_word' id='word_1_261' title='bbox 912 1851 967 1897; x_wconf 89' lang='lat' dir='ltr'><strong>et</strong></span> <span class='ocrx_word' id='word_1_262' title='bbox 994 1843 1254 1898; x_wconf 88' lang='lat' dir='ltr'><strong>delicatos</strong></span> <span class='ocrx_word' id='word_1_263' title='bbox 1278 1842 1448 1909; x_wconf 88' lang='lat' dir='ltr'><strong>cibos,</strong></span> <span class='ocrx_word' id='word_1_264' title='bbox 1478 1850 1533 1896; x_wconf 91' lang='lat' dir='ltr'><strong>et</strong></span> <span class='ocrx_word' id='word_1_265' title='bbox 1562 1840 1955 1921; x_wconf 12' lang='lat' dir='ltr'><strong>crassitudi-iB</strong></span> <span class='ocrx_word' id='word_1_266' title='bbox 1986 1856 2071 1903; x_wconf 92' lang='lat' dir='ltr'><strong>tus</strong></span> <span class='ocrx_word' id='word_1_267' title='bbox 2124 1847 2285 1911; x_wconf 90' lang='lat' dir='ltr'><strong>dono,</strong></span> <span class='ocrx_word' id='word_1_268' title='bbox 2341 1845 2452 1899; x_wconf 88' lang='lat' dir='ltr'><strong>Deo</strong></span> <span class='ocrx_word' id='word_1_269' title='bbox 2499 1844 2720 1917; x_wconf 87' lang='lat' dir='ltr'><strong>negligit</strong></span> <span class='ocrx_word' id='word_1_270' title='bbox 2757 1840 2959 1897; x_wconf 84' lang='lat' dir='ltr'><strong>referre</strong></span> <span class='ocrx_word' id='word_1_271' title='bbox 3003 1840 3206 1912; x_wconf 88' lang='lat' dir='ltr'><strong>gratias</strong></span> <span class='ocrx_word' id='word_1_272' title='bbox 3260 1839 3382 1911; x_wconf 89' lang='lat' dir='ltr'><strong>ipsi.</strong></span> <span class='ocrx_word' id='word_1_273' title='bbox 3438 1838 3580 1894; x_wconf 89' lang='lat' dir='ltr'><strong>Dicit</strong></span> 
     </span>
    </p>
   </div>
   <div class='ocr_carea' id='block_1_35' title="bbox 282 1932 1875 2003">
    <p class='ocr_par' dir='ltr' id='par_1_35' title="bbox 282 1932 1875 2003">
     <span class='ocr_line' id='line_1_35' title="bbox 282 1932 1875 2003; baseline -0.003 -14"><span class='ocrx_word' id='word_1_274' title='bbox 282 1950 410 1989; x_wconf 88' lang='lat' dir='ltr'><strong>nem</strong></span> <span class='ocrx_word' id='word_1_275' title='bbox 432 1933 700 2003; x_wconf 89' lang='lat' dir='ltr'><strong>corporis,</strong></span> <span class='ocrx_word' id='word_1_276' title='bbox 729 1948 964 2003; x_wconf 89' lang='lat' dir='ltr'><strong>avesque</strong></span> <span class='ocrx_word' id='word_1_277' title='bbox 988 1932 1264 2003; x_wconf 90' lang='lat' dir='ltr'><strong>phasides,</strong></span> <span class='ocrx_word' id='word_1_278' title='bbox 1293 1940 1349 1986; x_wconf 94' lang='lat' dir='ltr'><strong>et</strong></span> <span class='ocrx_word' id='word_1_279' title='bbox 1374 1946 1591 1987; x_wconf 89' lang='lat' dir='ltr'><strong>crassas</strong></span> <span class='ocrx_word' id='word_1_280' title='bbox 1614 1940 1875 1995; x_wconf 89' lang='lat' dir='ltr'><strong>turtures,</strong></span> 
     </span>
    </p>
   </div>
   <div class='ocr_carea' id='block_1_36' title="bbox 280 2022 1879 2094">
    <p class='ocr_par' dir='ltr' id='par_1_36' title="bbox 280 2022 1879 2094">
     <span class='ocr_line' id='line_1_36' title="bbox 280 2022 1879 2094; baseline -0.001 -15"><span class='ocrx_word' id='word_1_281' title='bbox 280 2024 522 2080; x_wconf 89' lang='lat' dir='ltr'><strong>mulsum</strong></span> <span class='ocrx_word' id='word_1_282' title='bbox 567 2039 798 2089; x_wconf 90' lang='lat' dir='ltr'><strong>merum,</strong></span> <span class='ocrx_word' id='word_1_283' title='bbox 848 2039 1078 2078; x_wconf 82' lang='lat' dir='ltr'><strong>uxorum</strong></span> <span class='ocrx_word' id='word_1_284' title='bbox 1113 2023 1590 2094; x_wconf 85' lang='lat' dir='ltr'><strong>pulchritudinem,</strong></span> <span class='ocrx_word' id='word_1_285' title='bbox 1625 2022 1879 2077; x_wconf 78' lang='lat' dir='ltr'><strong>examina</strong></span> 
     </span>
    </p>
   </div>
   <div class='ocr_carea' id='block_1_37' title="bbox 279 2111 1881 2184">
    <p class='ocr_par' dir='ltr' id='par_1_37' title="bbox 279 2111 1881 2184">
     <span class='ocr_line' id='line_1_37' title="bbox 279 2111 1881 2184; baseline -0.004 -13"><span class='ocrx_word' id='word_1_286' title='bbox 279 2114 600 2182; x_wconf 78' lang='lat' dir='ltr'><strong>liberorum.</strong></span> <span class='ocrx_word' id='word_1_287' title='bbox 648 2113 907 2168; x_wconf 90' lang='lat' dir='ltr'><strong>Dominus</strong></span> <span class='ocrx_word' id='word_1_288' title='bbox 946 2114 1140 2167; x_wconf 82' lang='lat' dir='ltr'><strong>animae</strong></span> <span class='ocrx_word' id='word_1_289' title='bbox 1164 2112 1464 2184; x_wconf 90' lang='lat' dir='ltr'><strong>pollicetur,</strong></span> <span class='ocrx_word' id='word_1_290' title='bbox 1516 2112 1609 2167; x_wconf 86' lang='lat' dir='ltr'><strong>sed</strong></span> <span class='ocrx_word' id='word_1_291' title='bbox 1640 2111 1759 2167; x_wconf 90' lang='lat' dir='ltr'><strong>illas</strong></span> <span class='ocrx_word' id='word_1_292' title='bbox 1789 2113 1881 2167; x_wconf 87' lang='lat' dir='ltr'><strong>de-</strong></span> 
     </span>
    </p>
   </div>
   <div class='ocr_carea' id='block_1_38' title="bbox 279 2201 1882 2275">
    <p class='ocr_par' dir='ltr' id='par_1_38' title="bbox 279 2201 1882 2275">
     <span class='ocr_line' id='line_1_38' title="bbox 279 2201 1882 2275; baseline -0.001 -16"><span class='ocrx_word' id='word_1_293' title='bbox 279 2205 440 2261; x_wconf 90' lang='lat' dir='ltr'><strong>licias</strong></span> <span class='ocrx_word' id='word_1_294' title='bbox 465 2204 536 2260; x_wconf 86' lang='lat' dir='ltr'><strong>ad</strong></span> <span class='ocrx_word' id='word_1_295' title='bbox 566 2220 705 2275; x_wconf 91' lang='lat' dir='ltr'><strong>quos</strong></span> <span class='ocrx_word' id='word_1_296' title='bbox 732 2219 830 2259; x_wconf 90' lang='lat' dir='ltr'><strong>nos</strong></span> <span class='ocrx_word' id='word_1_297' title='bbox 859 2205 1086 2275; x_wconf 88' lang='lat' dir='ltr'><strong>mystice</strong></span> <span class='ocrx_word' id='word_1_298' title='bbox 1116 2211 1396 2275; x_wconf 73' lang='lat' dir='ltr'><strong>provocat,</strong></span> <span class='ocrx_word' id='word_1_299' title='bbox 1427 2203 1653 2258; x_wconf 89' lang='lat' dir='ltr'><strong>dicens:</strong></span> <span class='ocrx_word' id='word_1_300' title='bbox 1707 2219 1725 2254; x_wconf 70' lang='grc' dir='ltr'>ι</span> <span class='ocrx_word' id='word_1_301' title='bbox 1777 2201 1882 2257; x_wconf 83' lang='lat' dir='ltr'><strong>De-</strong></span> 
     </span>
    </p>
   </div>
   <div class='ocr_carea' id='block_1_39' title="bbox 278 2294 1879 2362">
    <p class='ocr_par' dir='ltr' id='par_1_39' title="bbox 278 2294 1879 2362">
     <span class='ocr_line' id='line_1_39' title="bbox 278 2294 1879 2362; baseline -0.002 -11"><span class='ocrx_word' id='word_1_302' title='bbox 278 2296 487 2352; x_wconf 87' lang='lat' dir='ltr'><strong>lectare</strong></span> <span class='ocrx_word' id='word_1_303' title='bbox 558 2296 671 2352; x_wconf 90' lang='lat' dir='ltr'><strong>sive</strong></span> <span class='ocrx_word' id='word_1_304' title='bbox 720 2296 931 2352; x_wconf 87' lang='lat' dir='ltr'><strong>deliciis</strong></span> <span class='ocrx_word' id='word_1_305' title='bbox 979 2295 1157 2351; x_wconf 79' lang='lat' dir='ltr'><strong>fruere</strong></span> <span class='ocrx_word' id='word_1_306' title='bbox 1201 2296 1255 2349; x_wconf 92' lang='lat' dir='ltr'><strong>in</strong></span> <span class='ocrx_word' id='word_1_307' title='bbox 1298 2295 1548 2362; x_wconf 88' lang='lat' dir='ltr'><strong>Domino,</strong></span> <span class='ocrx_word' id='word_1_308' title='bbox 1627 2302 1684 2350; x_wconf 90' lang='lat' dir='ltr'><strong>et</strong></span> <span class='ocrx_word' id='word_1_309' title='bbox 1730 2294 1879 2349; x_wconf 89' lang='lat' dir='ltr'><strong>dabit</strong></span> 
     </span>
    </p>
   </div>
   <div class='ocr_carea' id='block_1_40' title="bbox 280 2386 1873 2461">
    <p class='ocr_par' dir='ltr' id='par_1_40' title="bbox 280 2386 1873 2461">
     <span class='ocr_line' id='line_1_40' title="bbox 280 2386 1873 2461; baseline -0.004 -15"><span class='ocrx_word' id='word_1_310' title='bbox 280 2390 383 2446; x_wconf 88' lang='lat' dir='ltr'><strong>tibi</strong></span> <span class='ocrx_word' id='word_1_311' title='bbox 430 2391 720 2461; x_wconf 85' lang='lat' dir='ltr'><strong>petitiones</strong></span> <span class='ocrx_word' id='word_1_312' title='bbox 758 2390 936 2446; x_wconf 90' lang='lat' dir='ltr'><strong>cordis</strong></span> <span class='ocrx_word' id='word_1_313' title='bbox 965 2390 1039 2444; x_wconf 88' lang='lat' dir='ltr'><strong>tui</strong></span> <span class='ocrx_word' id='word_1_314' title='bbox 1104 2386 1276 2459; x_wconf 78' lang='lat' dir='ltr'><strong>(Psal.</strong></span> <span class='ocrx_word' id='word_1_315' title='bbox 1311 2388 1518 2457; x_wconf 75' lang='lat' dir='ltr'><strong>xxxvr).</strong></span> <span class='ocrx_word' id='word_1_316' title='bbox 1552 2407 1570 2440; x_wconf 74' lang='grc' dir='ltr'><strong>ι</strong></span> <span class='ocrx_word' id='word_1_317' title='bbox 1608 2388 1675 2441; x_wconf 84' lang='lat' dir='ltr'><strong>Et</strong></span> <span class='ocrx_word' id='word_1_318' title='bbox 1703 2387 1829 2442; x_wconf 88' lang='lat' dir='ltr'><strong>alibi</strong></span> <span class='ocrx_word' id='word_1_319' title='bbox 1862 2406 1873 2440; x_wconf 94' lang='lat'><strong>:</strong></span> 
     </span>
    </p>
   </div>
   <div class='ocr_carea' id='block_1_41' title="bbox 282 2479 1881 2538">
    <p class='ocr_par' dir='ltr' id='par_1_41' title="bbox 282 2479 1881 2538">
     <span class='ocr_line' id='line_1_41' title="bbox 282 2479 1881 2538; baseline -0.003 0"><span class='ocrx_word' id='word_1_320' title='bbox 282 2482 467 2538; x_wconf 88' lang='lat' dir='ltr'><strong>Credo</strong></span> <span class='ocrx_word' id='word_1_321' title='bbox 541 2483 728 2537; x_wconf 84' lang='lat' dir='ltr'><strong>videre</strong></span> <span class='ocrx_word' id='word_1_322' title='bbox 799 2482 937 2536; x_wconf 89' lang='lat' dir='ltr'><strong>bona</strong></span> <span class='ocrx_word' id='word_1_323' title='bbox 1002 2481 1217 2537; x_wconf 91' lang='lat' dir='ltr'><strong>Domini</strong></span> <span class='ocrx_word' id='word_1_324' title='bbox 1281 2480 1335 2535; x_wconf 91' lang='lat' dir='ltr'><strong>in</strong></span> <span class='ocrx_word' id='word_1_325' title='bbox 1385 2490 1531 2536; x_wconf 91' lang='lat' dir='ltr'><strong>terra</strong></span> <span class='ocrx_word' id='word_1_326' title='bbox 1584 2479 1881 2534; x_wconf 84' lang='lat' dir='ltr'><strong>viventium</strong></span> 
     </span>
    </p>
   </div>
   <div class='ocr_carea' id='block_1_42' title="bbox 284 2574 1880 2649">
    <p class='ocr_par' dir='ltr' id='par_1_42' title="bbox 284 2574 1880 2649">
     <span class='ocr_line' id='line_1_42' title="bbox 284 2574 1880 2649; baseline -0.001 -21"><span class='ocrx_word' id='word_1_327' title='bbox 284 2574 466 2648; x_wconf 76' lang='lat' dir='ltr'><strong>(Psat.</strong></span> <span class='ocrx_word' id='word_1_328' title='bbox 533 2576 649 2649; x_wconf 89' lang='lat' dir='ltr'><strong>cn).</strong></span> <span class='ocrx_word' id='word_1_329' title='bbox 683 2596 699 2628; x_wconf 75' lang='grc' dir='ltr'><strong><em>ι</em></strong></span> <span class='ocrx_word' id='word_1_330' title='bbox 730 2574 798 2630; x_wconf 88' lang='lat' dir='ltr'><strong>Et</strong></span> <span class='ocrx_word' id='word_1_331' title='bbox 834 2575 889 2630; x_wconf 92' lang='lat' dir='ltr'><strong>in</strong></span> <span class='ocrx_word' id='word_1_332' title='bbox 916 2575 1022 2631; x_wconf 90' lang='lat' dir='ltr'><strong>alio</strong></span> <span class='ocrx_word' id='word_1_333' title='bbox 1070 2574 1277 2647; x_wconf 91' lang='lat' dir='ltr'><strong>psalmo</strong></span> <span class='ocrx_word' id='word_1_334' title='bbox 1306 2591 1320 2629; x_wconf 88' lang='lat'><strong>:</strong></span> <span class='ocrx_word' id='word_1_335' title='bbox 1355 2595 1374 2626; x_wconf 84' lang='grc'><strong>‹</strong></span> <span class='ocrx_word' id='word_1_336' title='bbox 1415 2574 1671 2640; x_wconf 88' lang='lat' dir='ltr'><strong>Benedic,</strong></span> <span class='ocrx_word' id='word_1_337' title='bbox 1703 2574 1880 2628; x_wconf 90' lang='lat' dir='ltr'><strong>anima</strong></span> 
     </span>
    </p>
   </div>
   <div class='ocr_carea' id='block_1_43' title="bbox 284 2666 1879 2737">
    <p class='ocr_par' dir='ltr' id='par_1_43' title="bbox 284 2666 1879 2737">
     <span class='ocr_line' id='line_1_43' title="bbox 284 2666 1879 2737; baseline -0.004 -13"><span class='ocrx_word' id='word_1_338' title='bbox 284 2684 435 2737; x_wconf 87' lang='lat' dir='ltr'><strong>mea,</strong></span> <span class='ocrx_word' id='word_1_339' title='bbox 504 2667 755 2734; x_wconf 84' lang='lat' dir='ltr'><strong>Domino,</strong></span> <span class='ocrx_word' id='word_1_340' title='bbox 824 2676 879 2723; x_wconf 91' lang='lat' dir='ltr'><strong>et</strong></span> <span class='ocrx_word' id='word_1_341' title='bbox 925 2668 1109 2723; x_wconf 90' lang='lat' dir='ltr'><strong>omnia</strong></span> <span class='ocrx_word' id='word_1_342' title='bbox 1173 2666 1433 2722; x_wconf 89' lang='lat' dir='ltr'><strong>interiora</strong></span> <span class='ocrx_word' id='word_1_343' title='bbox 1474 2680 1590 2720; x_wconf 89' lang='lat' dir='ltr'><strong>mea</strong></span> <span class='ocrx_word' id='word_1_344' title='bbox 1673 2666 1879 2721; x_wconf 89' lang='lat' dir='ltr'><strong>nomini</strong></span> 
     </span>
    </p>
   </div>
   <div class='ocr_carea' id='block_1_44' title="bbox 287 2757 1880 2833">
    <p class='ocr_par' dir='ltr' id='par_1_44' title="bbox 287 2757 1880 2833">
     <span class='ocr_line' id='line_1_44' title="bbox 287 2757 1880 2833; baseline -0.003 -16"><span class='ocrx_word' id='word_1_345' title='bbox 287 2769 480 2817; x_wconf 87' lang='lat' dir='ltr'><strong>sancto</strong></span> <span class='ocrx_word' id='word_1_346' title='bbox 532 2758 647 2828; x_wconf 83' lang='lat' dir='ltr'><strong>ejus</strong></span> <span class='ocrx_word' id='word_1_347' title='bbox 686 2760 782 2831; x_wconf 80' lang='lat' dir='ltr'><strong>(Ps</strong></span> <span class='ocrx_word' id='word_1_348' title='bbox 801 2759 875 2814; x_wconf 81' lang='lat' dir='ltr'><strong>al.</strong></span> <span class='ocrx_word' id='word_1_349' title='bbox 925 2759 1100 2833; x_wconf 74' lang='lat' dir='ltr'><strong>xxvi).</strong></span> <span class='ocrx_word' id='word_1_350' title='bbox 1139 2779 1156 2810; x_wconf 77' lang='grc' dir='ltr'><strong><em>ι</em></strong></span> <span class='ocrx_word' id='word_1_351' title='bbox 1239 2759 1343 2828; x_wconf 88' lang='lat' dir='ltr'><strong>Qui</strong></span> <span class='ocrx_word' id='word_1_352' title='bbox 1396 2757 1579 2828; x_wconf 87' lang='lat' dir='ltr'><strong>implet</strong></span> <span class='ocrx_word' id='word_1_353' title='bbox 1621 2758 1673 2812; x_wconf 92' lang='lat' dir='ltr'><strong>in</strong></span> <span class='ocrx_word' id='word_1_354' title='bbox 1723 2758 1880 2813; x_wconf 88' lang='lat' dir='ltr'><strong>bonis</strong></span> 
     </span>
    </p>
   </div>
   <div class='ocr_carea' id='block_1_45' title="bbox 285 2848 1880 2921">
    <p class='ocr_par' dir='ltr' id='par_1_45' title="bbox 285 2848 1880 2921">
     <span class='ocr_line' id='line_1_45' title="bbox 285 2848 1880 2921; baseline -0.004 -14"><span class='ocrx_word' id='word_1_355' title='bbox 285 2852 616 2907; x_wconf 84' lang='lat' dir='ltr'><strong>desiderium</strong></span> <span class='ocrx_word' id='word_1_356' title='bbox 640 2862 815 2907; x_wconf 88' lang='lat' dir='ltr'><strong>tuum.</strong></span> <span class='ocrx_word' id='word_1_357' title='bbox 849 2849 1091 2921; x_wconf 87' lang='lat' dir='ltr'><strong>Denique</strong></span> <span class='ocrx_word' id='word_1_358' title='bbox 1139 2848 1337 2905; x_wconf 80' lang='lat' dir='ltr'><strong>infert:</strong></span> <span class='ocrx_word' id='word_1_359' title='bbox 1395 2868 1413 2899; x_wconf 84' lang='grc'><strong><em>‹</em></strong></span> <span class='ocrx_word' id='word_1_360' title='bbox 1451 2848 1649 2903; x_wconf 86' lang='lat' dir='ltr'><strong>Audite</strong></span> <span class='ocrx_word' id='word_1_361' title='bbox 1690 2861 1799 2912; x_wconf 90' lang='lat' dir='ltr'><strong>me,</strong></span> <span class='ocrx_word' id='word_1_362' title='bbox 1826 2854 1880 2900; x_wconf 89' lang='lat' dir='ltr'><strong>et</strong></span> 
     </span>
    </p>
   </div>
   <div class='ocr_carea' id='block_1_46' title="bbox 285 2940 1881 3013">
    <p class='ocr_par' dir='ltr' id='par_1_46' title="bbox 285 2940 1881 3013">
     <span class='ocr_line' id='line_1_46' title="bbox 285 2940 1881 3013; baseline -0.002 -15"><span class='ocrx_word' id='word_1_363' title='bbox 285 2944 436 3000; x_wconf 84' lang='lat' dir='ltr'><strong>vivet</strong></span> <span class='ocrx_word' id='word_1_364' title='bbox 488 2944 668 2999; x_wconf 89' lang='lat' dir='ltr'><strong>anima</strong></span> <span class='ocrx_word' id='word_1_365' title='bbox 710 2952 913 3000; x_wconf 85' lang='lat' dir='ltr'><strong>vestra.</strong></span> <span class='ocrx_word' id='word_1_366' title='bbox 957 2964 976 2997; x_wconf 83' lang='grc'><strong>›</strong></span> <span class='ocrx_word' id='word_1_367' title='bbox 1045 2943 1300 3000; x_wconf 88' lang='lat' dir='ltr'><strong>Omnium</strong></span> <span class='ocrx_word' id='word_1_368' title='bbox 1351 2943 1616 2998; x_wconf 87' lang='lat' dir='ltr'><strong>bonorum</strong></span> <span class='ocrx_word' id='word_1_369' title='bbox 1655 2940 1881 3013; x_wconf 90' lang='lat' dir='ltr'><strong>promis-</strong></span> 
     </span>
    </p>
   </div>
   <div class='ocr_carea' id='block_1_47' title="bbox 286 3036 1019 3108">
    <p class='ocr_par' dir='ltr' id='par_1_47' title="bbox 286 3036 1019 3108">
     <span class='ocr_line' id='line_1_47' title="bbox 286 3036 1019 3108; baseline -0.001 -17"><span class='ocrx_word' id='word_1_370' title='bbox 286 3036 375 3091; x_wconf 87' lang='lat' dir='ltr'><strong>sio</strong></span> <span class='ocrx_word' id='word_1_371' title='bbox 404 3036 514 3090; x_wconf 91' lang='lat' dir='ltr'><strong>vita</strong></span> <span class='ocrx_word' id='word_1_372' title='bbox 540 3045 625 3092; x_wconf 90' lang='lat' dir='ltr'><strong>est</strong></span> <span class='ocrx_word' id='word_1_373' title='bbox 666 3037 1019 3108; x_wconf 87' lang='lat' dir='ltr'><strong>sempiterna.</strong></span> 
     </span>
    </p>
   </div>
   <div class='ocr_carea' id='block_1_48' title="bbox 370 3127 1879 3201">
    <p class='ocr_par' dir='ltr' id='par_1_48' title="bbox 370 3127 1879 3201">
     <span class='ocr_line' id='line_1_48' title="bbox 370 3127 1879 3201; baseline 0.001 -20"><span class='ocrx_word' id='word_1_374' title='bbox 370 3149 390 3181; x_wconf 73' lang='grc' dir='ltr'>ς</span> <span class='ocrx_word' id='word_1_375' title='bbox 439 3128 627 3186; x_wconf 79' lang='lat' dir='ltr'><strong>Videte</strong></span> <span class='ocrx_word' id='word_1_376' title='bbox 662 3130 834 3186; x_wconf 90' lang='lat' dir='ltr'><strong>oculis</strong></span> <span class='ocrx_word' id='word_1_377' title='bbox 854 3130 1077 3196; x_wconf 85' lang='lat' dir='ltr'><strong>vestris,</strong></span> <span class='ocrx_word' id='word_1_378' title='bbox 1106 3132 1362 3201; x_wconf 89' lang='lat' dir='ltr'><strong>quoniam</strong></span> <span class='ocrx_word' id='word_1_379' title='bbox 1421 3129 1691 3185; x_wconf 90' lang='lat' dir='ltr'><strong>modicum</strong></span> <span class='ocrx_word' id='word_1_380' title='bbox 1732 3127 1879 3183; x_wconf 86' lang='lat' dir='ltr'><strong>labo-</strong></span> 
     </span>
    </p>
   </div>
   <div class='ocr_carea' id='block_1_49' title="bbox 1985 1929 3582 2003">
    <p class='ocr_par' dir='ltr' id='par_1_49' title="bbox 1985 1929 3582 2003">
     <span class='ocr_line' id='line_1_49' title="bbox 1985 1929 3582 2003; baseline -0.007 -8"><span class='ocrx_word' id='word_1_381' title='bbox 1985 1938 2128 1995; x_wconf 87' lang='lat' dir='ltr'><strong>enim</strong></span> <span class='ocrx_word' id='word_1_382' title='bbox 2151 1937 2435 1993; x_wconf 84' lang='lat' dir='ltr'><strong>Psalmista</strong></span> <span class='ocrx_word' id='word_1_383' title='bbox 2470 1955 2481 1988; x_wconf 89' lang='lat'>:</span> <span class='ocrx_word' id='word_1_384' title='bbox 2513 1956 2529 1987; x_wconf 76' lang='grc' dir='ltr'>ι</span> <span class='ocrx_word' id='word_1_385' title='bbox 2567 1934 2811 1990; x_wconf 89' lang='lat' dir='ltr'><strong>Universi</strong></span> <span class='ocrx_word' id='word_1_386' title='bbox 2840 1932 2929 2003; x_wconf 90' lang='lat' dir='ltr'><strong>qui</strong></span> <span class='ocrx_word' id='word_1_387' title='bbox 2959 1941 3009 1986; x_wconf 87' lang='lat' dir='ltr'><strong>te</strong></span> <span class='ocrx_word' id='word_1_388' title='bbox 3030 1939 3364 2000; x_wconf 78' lang='lat' dir='ltr'><strong>exspectant,</strong></span> <span class='ocrx_word' id='word_1_389' title='bbox 3394 1929 3582 1985; x_wconf 91' lang='lat' dir='ltr'><strong>Domi-</strong></span> 
     </span>
    </p>
   </div>
   <div class='ocr_carea' id='block_1_50' title="bbox 1984 2021 3584 2097">
    <p class='ocr_par' dir='ltr' id='par_1_50' title="bbox 1984 2021 3584 2097">
     <span class='ocr_line' id='line_1_50' title="bbox 1984 2021 3584 2097; baseline -0.006 -13"><span class='ocrx_word' id='word_1_390' title='bbox 1984 2045 2073 2094; x_wconf 89' lang='lat' dir='ltr'><strong>ne,</strong></span> <span class='ocrx_word' id='word_1_391' title='bbox 2114 2043 2222 2084; x_wconf 86' lang='lat' dir='ltr'><strong>non</strong></span> <span class='ocrx_word' id='word_1_392' title='bbox 2268 2027 2662 2083; x_wconf 83' lang='lat' dir='ltr'><strong>confundentur</strong></span> <span class='ocrx_word' id='word_1_393' title='bbox 2706 2024 2877 2097; x_wconf 82' lang='lat' dir='ltr'><strong>(Psal.</strong></span> <span class='ocrx_word' id='word_1_394' title='bbox 2910 2023 3081 2094; x_wconf 69' lang='lat' dir='ltr'><strong>xxxv).</strong></span> <span class='ocrx_word' id='word_1_395' title='bbox 3119 2042 3137 2074; x_wconf 74' lang='grc' dir='ltr'><strong><em>ι</em></strong></span> <span class='ocrx_word' id='word_1_396' title='bbox 3172 2021 3584 2077; x_wconf 76' lang='lat' dir='ltr'><strong>Confundentur</strong></span> 
     </span>
    </p>
   </div>
   <div class='ocr_carea' id='block_1_51' title="bbox 1985 2112 3580 2193">
    <p class='ocr_par' dir='ltr' id='par_1_51' title="bbox 1985 2112 3580 2193">
     <span class='ocr_line' id='line_1_51' title="bbox 1985 2112 3580 2193; baseline -0.006 -16"><span class='ocrx_word' id='word_1_397' title='bbox 1985 2122 2155 2193; x_wconf 88' lang='lat' dir='ltr'><strong>iniqui</strong></span> <span class='ocrx_word' id='word_1_398' title='bbox 2197 2120 2457 2176; x_wconf 86' lang='lat' dir='ltr'><strong>facientes</strong></span> <span class='ocrx_word' id='word_1_399' title='bbox 2495 2134 2647 2173; x_wconf 82' lang='lat' dir='ltr'><strong>vana.</strong></span> <span class='ocrx_word' id='word_1_400' title='bbox 2708 2117 2862 2185; x_wconf 91' lang='lat' dir='ltr'><strong>Quali</strong></span> <span class='ocrx_word' id='word_1_401' title='bbox 2886 2125 3066 2171; x_wconf 88' lang='lat' dir='ltr'><strong>autem</strong></span> <span class='ocrx_word' id='word_1_402' title='bbox 3095 2114 3336 2170; x_wconf 90' lang='lat' dir='ltr'><strong>clausula</strong></span> <span class='ocrx_word' id='word_1_403' title='bbox 3381 2112 3580 2168; x_wconf 81' lang='lat' dir='ltr'><strong>artifex</strong></span> 
     </span>
    </p>
   </div>
   <div class='ocr_carea' id='block_1_52' title="bbox 1984 2196 3578 2284">
    <p class='ocr_par' dir='ltr' id='par_1_52' title="bbox 1984 2196 3578 2284">
     <span class='ocr_line' id='line_1_52' title="bbox 1984 2196 3578 2284; baseline -0.006 -14"><span class='ocrx_word' id='word_1_404' title='bbox 1984 2216 2086 2273; x_wconf 89' lang='lat' dir='ltr'><strong>iste</strong></span> <span class='ocrx_word' id='word_1_405' title='bbox 2113 2196 2167 2270; x_wconf 83' lang='lat' dir='ltr'><strong>in</strong></span> <span class='ocrx_word' id='word_1_406' title='bbox 2197 2214 2302 2269; x_wconf 88' lang='lat' dir='ltr'><strong>ﬁne</strong></span> <span class='ocrx_word' id='word_1_407' title='bbox 2332 2229 2468 2284; x_wconf 86' lang='lat' dir='ltr'><strong>opus</strong></span> <span class='ocrx_word' id='word_1_408' title='bbox 2496 2228 2651 2267; x_wconf 89' lang='lat' dir='ltr'><strong>suum</strong></span> <span class='ocrx_word' id='word_1_409' title='bbox 2683 2209 2989 2274; x_wconf 88' lang='lat' dir='ltr'><strong>concludat,</strong></span> <span class='ocrx_word' id='word_1_410' title='bbox 3022 2208 3322 2262; x_wconf 89' lang='lat' dir='ltr'><strong>audiamus.</strong></span> <span class='ocrx_word' id='word_1_411' title='bbox 3375 2224 3393 2258; x_wconf 71' lang='grc' dir='ltr'>ί</span> <span class='ocrx_word' id='word_1_412' title='bbox 3433 2204 3578 2274; x_wconf 91' lang='lat' dir='ltr'><strong>Ope-</strong></span> 
     </span>
    </p>
   </div>
   <div class='ocr_carea' id='block_1_53' title="bbox 1983 2296 3582 2376">
    <p class='ocr_par' dir='ltr' id='par_1_53' title="bbox 1983 2296 3582 2376">
     <span class='ocr_line' id='line_1_53' title="bbox 1983 2296 3582 2376; baseline -0.006 -14"><span class='ocrx_word' id='word_1_413' title='bbox 1983 2306 2179 2362; x_wconf 89' lang='lat' dir='ltr'><strong>ramini</strong></span> <span class='ocrx_word' id='word_1_414' title='bbox 2209 2320 2344 2376; x_wconf 90' lang='lat' dir='ltr'><strong>opus</strong></span> <span class='ocrx_word' id='word_1_415' title='bbox 2390 2312 2631 2359; x_wconf 86' lang='lat' dir='ltr'><strong>vestrum</strong></span> <span class='ocrx_word' id='word_1_416' title='bbox 2682 2309 2809 2356; x_wconf 91' lang='lat' dir='ltr'><strong>ante</strong></span> <span class='ocrx_word' id='word_1_417' title='bbox 2839 2309 3075 2371; x_wconf 89' lang='lat' dir='ltr'><strong>tempus,</strong></span> <span class='ocrx_word' id='word_1_418' title='bbox 3132 2308 3188 2353; x_wconf 91' lang='lat' dir='ltr'><strong>et</strong></span> <span class='ocrx_word' id='word_1_419' title='bbox 3223 2299 3372 2354; x_wconf 91' lang='lat' dir='ltr'><strong>dabit</strong></span> <span class='ocrx_word' id='word_1_420' title='bbox 3430 2296 3582 2353; x_wconf 87' lang='lat' dir='ltr'><strong>vobis</strong></span> 
     </span>
    </p>
   </div>
   <div class='ocr_carea' id='block_1_54' title="bbox 1984 2388 3580 2462">
    <p class='ocr_par' dir='ltr' id='par_1_54' title="bbox 1984 2388 3580 2462">
     <span class='ocr_line' id='line_1_54' title="bbox 1984 2388 3580 2462; baseline -0.007 -8"><span class='ocrx_word' id='word_1_421' title='bbox 1984 2398 2292 2453; x_wconf 90' lang='lat' dir='ltr'><strong>mercedem</strong></span> <span class='ocrx_word' id='word_1_422' title='bbox 2353 2404 2585 2450; x_wconf 77' lang='lat' dir='ltr'><strong>vestram</strong></span> <span class='ocrx_word' id='word_1_423' title='bbox 2640 2394 2693 2447; x_wconf 89' lang='lat' dir='ltr'><strong>in</strong></span> <span class='ocrx_word' id='word_1_424' title='bbox 2735 2401 2977 2462; x_wconf 90' lang='lat' dir='ltr'><strong>tempore</strong></span> <span class='ocrx_word' id='word_1_425' title='bbox 3013 2405 3131 2445; x_wconf 93' lang='lat' dir='ltr'><strong>suo.</strong></span> <span class='ocrx_word' id='word_1_426' title='bbox 3192 2409 3210 2441; x_wconf 78' lang='grc' dir='ltr'><strong><em>ι</em></strong></span> <span class='ocrx_word' id='word_1_427' title='bbox 3270 2388 3406 2444; x_wconf 85' lang='lat' dir='ltr'><strong>Huic</strong></span> <span class='ocrx_word' id='word_1_428' title='bbox 3457 2405 3580 2444; x_wconf 90' lang='lat' dir='ltr'><strong>seu-</strong></span> 
     </span>
    </p>
   </div>
   <div class='ocr_carea' id='block_1_55' title="bbox 1984 2479 3586 2555">
    <p class='ocr_par' dir='ltr' id='par_1_55' title="bbox 1984 2479 3586 2555">
     <span class='ocr_line' id='line_1_55' title="bbox 1984 2479 3586 2555; baseline -0.007 -10"><span class='ocrx_word' id='word_1_429' title='bbox 1984 2489 2168 2545; x_wconf 71' lang='lat' dir='ltr'><strong>tentize</strong></span> <span class='ocrx_word' id='word_1_430' title='bbox 2199 2503 2371 2544; x_wconf 88' lang='lat' dir='ltr'><strong>canon</strong></span> <span class='ocrx_word' id='word_1_431' title='bbox 2411 2486 2575 2541; x_wconf 85' lang='lat' dir='ltr'><strong>totius</strong></span> <span class='ocrx_word' id='word_1_432' title='bbox 2602 2484 2794 2538; x_wconf 72' lang='lat' dir='ltr'><strong>divina:</strong></span> <span class='ocrx_word' id='word_1_433' title='bbox 2825 2483 2960 2555; x_wconf 83' lang='lat' dir='ltr'><strong>legis</strong></span> <span class='ocrx_word' id='word_1_434' title='bbox 3014 2479 3330 2547; x_wconf 87' lang='lat' dir='ltr'><strong>concordat,</strong></span> <span class='ocrx_word' id='word_1_435' title='bbox 3396 2487 3451 2535; x_wconf 90' lang='lat' dir='ltr'><strong>et</strong></span> <span class='ocrx_word' id='word_1_436' title='bbox 3482 2480 3586 2534; x_wconf 92' lang='lat' dir='ltr'><strong>hoc</strong></span> 
     </span>
    </p>
   </div>
   <div class='ocr_carea' id='block_1_56' title="bbox 1984 2569 3587 2647">
    <p class='ocr_par' dir='ltr' id='par_1_56' title="bbox 1984 2569 3587 2647">
     <span class='ocr_line' id='line_1_56' title="bbox 1984 2569 3587 2647; baseline -0.006 -12"><span class='ocrx_word' id='word_1_437' title='bbox 1984 2589 2222 2647; x_wconf 87' lang='lat' dir='ltr'><strong>resonat,</strong></span> <span class='ocrx_word' id='word_1_438' title='bbox 2264 2581 2368 2634; x_wconf 90' lang='lat' dir='ltr'><strong>hoc</strong></span> <span class='ocrx_word' id='word_1_439' title='bbox 2398 2578 2556 2632; x_wconf 90' lang='lat' dir='ltr'><strong>docet</strong></span> <span class='ocrx_word' id='word_1_440' title='bbox 2581 2577 2789 2646; x_wconf 84' lang='lat' dir='ltr'><strong>hocque</strong></span> <span class='ocrx_word' id='word_1_441' title='bbox 2813 2575 3081 2635; x_wconf 88' lang='lat' dir='ltr'><strong>hortatur,</strong></span> <span class='ocrx_word' id='word_1_442' title='bbox 3129 2579 3189 2626; x_wconf 91' lang='lat' dir='ltr'><strong>ut</strong></span> <span class='ocrx_word' id='word_1_443' title='bbox 3216 2569 3342 2625; x_wconf 86' lang='lat' dir='ltr'><strong>dum</strong></span> <span class='ocrx_word' id='word_1_444' title='bbox 3376 2577 3587 2641; x_wconf 88' lang='lat' dir='ltr'><strong>tempus</strong></span> 
     </span>
    </p>
   </div>
   <div class='ocr_carea' id='block_1_57' title="bbox 1981 2664 3583 2742">
    <p class='ocr_par' dir='ltr' id='par_1_57' title="bbox 1981 2664 3583 2742">
     <span class='ocr_line' id='line_1_57' title="bbox 1981 2664 3583 2742; baseline -0.008 -13"><span class='ocrx_word' id='word_1_445' title='bbox 1981 2674 2263 2737; x_wconf 85' lang='lat' dir='ltr'><strong>habemus,</strong></span> <span class='ocrx_word' id='word_1_446' title='bbox 2330 2685 2545 2742; x_wconf 89' lang='lat' dir='ltr'><strong>semper</strong></span> <span class='ocrx_word' id='word_1_447' title='bbox 2581 2669 2722 2722; x_wconf 87' lang='lat' dir='ltr'><strong>bono</strong></span> <span class='ocrx_word' id='word_1_448' title='bbox 2750 2666 2899 2736; x_wconf 89' lang='lat' dir='ltr'><strong>operi</strong></span> <span class='ocrx_word' id='word_1_449' title='bbox 2927 2664 3261 2726; x_wconf 89' lang='lat' dir='ltr'><strong>insistamus,</strong></span> <span class='ocrx_word' id='word_1_450' title='bbox 3308 2668 3583 2732; x_wconf 88' lang='lat' dir='ltr'><strong>quatenus</strong></span> 
     </span>
    </p>
   </div>
   <div class='ocr_carea' id='block_1_58' title="bbox 1984 2755 3587 2838">
    <p class='ocr_par' dir='ltr' id='par_1_58' title="bbox 1984 2755 3587 2838">
     <span class='ocr_line' id='line_1_58' title="bbox 1984 2755 3587 2838; baseline -0.009 -15"><span class='ocrx_word' id='word_1_451' title='bbox 1984 2769 2037 2823; x_wconf 91' lang='lat' dir='ltr'><strong>in</strong></span> <span class='ocrx_word' id='word_1_452' title='bbox 2071 2775 2318 2838; x_wconf 88' lang='lat' dir='ltr'><strong>tempore</strong></span> <span class='ocrx_word' id='word_1_453' title='bbox 2347 2772 2669 2836; x_wconf 89' lang='lat' dir='ltr'><strong>opportuno,</strong></span> <span class='ocrx_word' id='word_1_454' title='bbox 2696 2760 2998 2830; x_wconf 88' lang='lat' dir='ltr'><strong>justissimo</strong></span> <span class='ocrx_word' id='word_1_455' title='bbox 3014 2756 3198 2826; x_wconf 84' lang='lat' dir='ltr'><strong>judice</strong></span> <span class='ocrx_word' id='word_1_456' title='bbox 3229 2755 3587 2819; x_wconf 86' lang='lat' dir='ltr'><strong>retribuente,</strong></span> 
     </span>
    </p>
   </div>
   <div class='ocr_carea' id='block_1_59' title="bbox 1980 2845 3577 2924">
    <p class='ocr_par' dir='ltr' id='par_1_59' title="bbox 1980 2845 3577 2924">
     <span class='ocr_line' id='line_1_59' title="bbox 1980 2845 3577 2924; baseline -0.009 -9"><span class='ocrx_word' id='word_1_457' title='bbox 1980 2868 2238 2915; x_wconf 58' lang='lat' dir='ltr'><strong>atternam</strong></span> <span class='ocrx_word' id='word_1_458' title='bbox 2284 2856 2591 2911; x_wconf 80' lang='lat' dir='ltr'><strong>mercedem</strong></span> <span class='ocrx_word' id='word_1_459' title='bbox 2636 2868 2738 2924; x_wconf 89' lang='lat' dir='ltr'><strong>pro</strong></span> <span class='ocrx_word' id='word_1_460' title='bbox 2786 2853 2887 2906; x_wconf 87' lang='lat' dir='ltr'><strong>hoc</strong></span> <span class='ocrx_word' id='word_1_461' title='bbox 2936 2849 3289 2920; x_wconf 90' lang='lat' dir='ltr'><strong>accipiamus.</strong></span> <span class='ocrx_word' id='word_1_462' title='bbox 3368 2845 3577 2903; x_wconf 82' lang='lat' dir='ltr'><strong>Taliter</strong></span> 
     </span>
    </p>
   </div>
   <div class='ocr_carea' id='block_1_60' title="bbox 1982 2934 3583 3008">
    <p class='ocr_par' dir='ltr' id='par_1_60' title="bbox 1982 2934 3583 3008">
     <span class='ocr_line' id='line_1_60' title="bbox 1982 2934 3583 3008; baseline -0.011 0"><span class='ocrx_word' id='word_1_463' title='bbox 1982 2950 2342 3008; x_wconf 86' lang='lat' dir='ltr'><strong>Ecclesiastes</strong></span> <span class='ocrx_word' id='word_1_464' title='bbox 2391 2948 2587 3002; x_wconf 77' lang='lat' dir='ltr'><strong>librum</strong></span> <span class='ocrx_word' id='word_1_465' title='bbox 2619 2959 2773 2998; x_wconf 91' lang='lat' dir='ltr'><strong>suum</strong></span> <span class='ocrx_word' id='word_1_466' title='bbox 2821 2941 3112 3005; x_wconf 90' lang='lat' dir='ltr'><strong>concludit,</strong></span> <span class='ocrx_word' id='word_1_467' title='bbox 3147 2937 3332 2994; x_wconf 89' lang='lat' dir='ltr'><strong>dicens</strong></span> <span class='ocrx_word' id='word_1_468' title='bbox 3366 2954 3378 2990; x_wconf 90' lang='lat'><strong>:</strong></span> <span class='ocrx_word' id='word_1_469' title='bbox 3432 2956 3450 2987; x_wconf 73' lang='grc' dir='ltr'>ι</span> <span class='ocrx_word' id='word_1_470' title='bbox 3490 2934 3583 2990; x_wconf 88' lang='lat' dir='ltr'><strong>Fi-</strong></span> 
     </span>
    </p>
   </div>
   <div class='ocr_carea' id='block_1_61' title="bbox 1987 3029 3586 3112">
    <p class='ocr_par' dir='ltr' id='par_1_61' title="bbox 1987 3029 3586 3112">
     <span class='ocr_line' id='line_1_61' title="bbox 1987 3029 3586 3112; baseline -0.009 -14"><span class='ocrx_word' id='word_1_471' title='bbox 1987 3059 2113 3099; x_wconf 87' lang='lat' dir='ltr'><strong>nem</strong></span> <span class='ocrx_word' id='word_1_472' title='bbox 2177 3040 2454 3112; x_wconf 87' lang='lat' dir='ltr'><strong>loquendi,</strong></span> <span class='ocrx_word' id='word_1_473' title='bbox 2542 3051 2732 3093; x_wconf 87' lang='lat' dir='ltr'><strong>omnes</strong></span> <span class='ocrx_word' id='word_1_474' title='bbox 2776 3035 2983 3107; x_wconf 89' lang='lat' dir='ltr'><strong>pariter</strong></span> <span class='ocrx_word' id='word_1_475' title='bbox 3034 3032 3337 3087; x_wconf 88' lang='lat' dir='ltr'><strong>audiamus.</strong></span> <span class='ocrx_word' id='word_1_476' title='bbox 3414 3029 3586 3084; x_wconf 87' lang='lat' dir='ltr'><strong>Deum</strong></span> 
     </span>
    </p>
   </div>
   <div class='ocr_carea' id='block_1_62' title="bbox 1984 3123 3585 3199">
    <p class='ocr_par' dir='ltr' id='par_1_62' title="bbox 1984 3123 3585 3199">
     <span class='ocr_line' id='line_1_62' title="bbox 1984 3123 3585 3199; baseline -0.007 -11"><span class='ocrx_word' id='word_1_477' title='bbox 1984 3134 2135 3199; x_wconf 88' lang='lat' dir='ltr'><strong>time,</strong></span> <span class='ocrx_word' id='word_1_478' title='bbox 2219 3141 2275 3188; x_wconf 91' lang='lat' dir='ltr'><strong>et</strong></span> <span class='ocrx_word' id='word_1_479' title='bbox 2321 3131 2502 3187; x_wconf 90' lang='lat' dir='ltr'><strong>omnia</strong></span> <span class='ocrx_word' id='word_1_480' title='bbox 2555 3129 2813 3184; x_wconf 88' lang='lat' dir='ltr'><strong>mandata</strong></span> <span class='ocrx_word' id='word_1_481' title='bbox 2857 3126 2974 3197; x_wconf 84' lang='lat' dir='ltr'><strong>ejus</strong></span> <span class='ocrx_word' id='word_1_482' title='bbox 3020 3126 3299 3182; x_wconf 88' lang='lat' dir='ltr'><strong>observa:</strong></span> <span class='ocrx_word' id='word_1_483' title='bbox 3340 3123 3445 3178; x_wconf 89' lang='lat' dir='ltr'><strong>hoc</strong></span> <span class='ocrx_word' id='word_1_484' title='bbox 3502 3129 3585 3178; x_wconf 89' lang='lat' dir='ltr'><strong>est</strong></span> 
     </span>
    </p>
   </div>
   <div class='ocr_carea' id='block_1_63' title="bbox 297 3202 3583 3291">
    <p class='ocr_par' dir='ltr' id='par_1_63' title="bbox 297 3202 3583 3291">
     <span class='ocr_line' id='line_1_63' title="bbox 297 3202 3583 3291; baseline 0 -20"><span class='ocrx_word' id='word_1_485' title='bbox 297 3238 317 3271; x_wconf 70' lang='grc' dir='ltr'><strong>ε</strong></span> <span class='ocrx_word' id='word_1_486' title='bbox 366 3221 503 3286; x_wconf 89' lang='lat' dir='ltr'><strong>ravi,</strong></span> <span class='ocrx_word' id='word_1_487' title='bbox 553 3229 609 3276; x_wconf 88' lang='lat' dir='ltr'><strong>et</strong></span> <span class='ocrx_word' id='word_1_488' title='bbox 646 3220 982 3277; x_wconf 86' lang='lat' dir='ltr'><strong>invenimihi</strong></span> <span class='ocrx_word' id='word_1_489' title='bbox 1031 3220 1255 3277; x_wconf 88' lang='lat' dir='ltr'><strong>multam</strong></span> <span class='ocrx_word' id='word_1_490' title='bbox 1280 3223 1545 3291; x_wconf 90' lang='lat' dir='ltr'><strong>requiem.</strong></span> <span class='ocrx_word' id='word_1_491' title='bbox 1603 3219 1878 3276; x_wconf 85' lang='lat' dir='ltr'><strong>Assumite</strong></span> <span class='ocrx_word' id='word_1_492' title='bbox 1907 3202 1951 3266; x_wconf 66' lang='grc' dir='ltr'><strong>(ἶ</strong></span> <span class='ocrx_word' id='word_1_493' title='bbox 1982 3228 2127 3282; x_wconf 90' lang='lat' dir='ltr'><strong>enim</strong></span> <span class='ocrx_word' id='word_1_494' title='bbox 2182 3224 2356 3283; x_wconf 90' lang='lat' dir='ltr'><strong>omnis</strong></span> <span class='ocrx_word' id='word_1_495' title='bbox 2394 3226 2573 3288; x_wconf 84' lang='lat' dir='ltr'><strong>homo,</strong></span> <span class='ocrx_word' id='word_1_496' title='bbox 2628 3233 2683 3278; x_wconf 93' lang='lat' dir='ltr'><strong>et</strong></span> <span class='ocrx_word' id='word_1_497' title='bbox 2709 3230 2905 3278; x_wconf 90' lang='lat' dir='ltr'><strong>cuncta</strong></span> <span class='ocrx_word' id='word_1_498' title='bbox 2955 3237 3075 3291; x_wconf 74' lang='lat' dir='ltr'><strong>qua:</strong></span> <span class='ocrx_word' id='word_1_499' title='bbox 3125 3220 3280 3284; x_wconf 87' lang='lat' dir='ltr'><strong>ﬁunt,</strong></span> <span class='ocrx_word' id='word_1_500' title='bbox 3352 3217 3583 3273; x_wconf 89' lang='lat' dir='ltr'><strong>adducet</strong></span> 
     </span>
    </p>
   </div>
   <div class='ocr_carea' id='block_1_64' title="bbox 300 3312 1881 3385">
    <p class='ocr_par' dir='ltr' id='par_1_64' title="bbox 300 3312 1881 3385">
     <span class='ocr_line' id='line_1_64' title="bbox 300 3312 1881 3385; baseline 0.002 -22"><span class='ocrx_word' id='word_1_501' title='bbox 300 3330 318 3362; x_wconf 69' lang='grc' dir='ltr'><strong>ε</strong></span> <span class='ocrx_word' id='word_1_502' title='bbox 364 3312 702 3382; x_wconf 88' lang='lat' dir='ltr'><strong>disciplinam</strong></span> <span class='ocrx_word' id='word_1_503' title='bbox 734 3314 787 3368; x_wconf 90' lang='lat' dir='ltr'><strong>in</strong></span> <span class='ocrx_word' id='word_1_504' title='bbox 807 3315 978 3369; x_wconf 91' lang='lat' dir='ltr'><strong>multo</strong></span> <span class='ocrx_word' id='word_1_505' title='bbox 1007 3329 1232 3369; x_wconf 90' lang='lat' dir='ltr'><strong>numero</strong></span> <span class='ocrx_word' id='word_1_506' title='bbox 1264 3313 1491 3385; x_wconf 87' lang='lat' dir='ltr'><strong>argenti,</strong></span> <span class='ocrx_word' id='word_1_507' title='bbox 1526 3320 1579 3367; x_wconf 92' lang='lat' dir='ltr'><strong>et</strong></span> <span class='ocrx_word' id='word_1_508' title='bbox 1602 3314 1881 3383; x_wconf 89' lang='lat' dir='ltr'><strong>copiosum</strong></span> 
     </span>
    </p>
   </div>
   <div class='ocr_carea' id='block_1_65' title="bbox 300 3404 1882 3475">
    <p class='ocr_par' dir='ltr' id='par_1_65' title="bbox 300 3404 1882 3475">
     <span class='ocr_line' id='line_1_65' title="bbox 300 3404 1882 3475; baseline 0.004 -23"><span class='ocrx_word' id='word_1_509' title='bbox 300 3420 320 3452; x_wconf 72' lang='grc' dir='ltr'>ι</span> <span class='ocrx_word' id='word_1_510' title='bbox 367 3417 557 3456; x_wconf 86' lang='lat' dir='ltr'><strong>aurum</strong></span> <span class='ocrx_word' id='word_1_511' title='bbox 611 3404 881 3473; x_wconf 86' lang='lat' dir='ltr'><strong>possidete</strong></span> <span class='ocrx_word' id='word_1_512' title='bbox 928 3405 983 3459; x_wconf 90' lang='lat' dir='ltr'><strong>in</strong></span> <span class='ocrx_word' id='word_1_513' title='bbox 1010 3420 1093 3461; x_wconf 89' lang='lat' dir='ltr'><strong>ea.</strong></span> <span class='ocrx_word' id='word_1_514' title='bbox 1133 3424 1152 3457; x_wconf 73' lang='grc' dir='ltr'><strong><em>ι</em></strong></span> <span class='ocrx_word' id='word_1_515' title='bbox 1205 3405 1417 3461; x_wconf 89' lang='lat' dir='ltr'><strong>Bonum</strong></span> <span class='ocrx_word' id='word_1_516' title='bbox 1457 3405 1693 3461; x_wconf 89' lang='lat' dir='ltr'><strong>studium</strong></span> <span class='ocrx_word' id='word_1_517' title='bbox 1739 3405 1882 3475; x_wconf 86' lang='lat' dir='ltr'><strong>quod</strong></span> 
     </span>
    </p>
   </div>
   <div class='ocr_carea' id='block_1_66' title="bbox 296 3492 1880 3567">
    <p class='ocr_par' dir='ltr' id='par_1_66' title="bbox 296 3492 1880 3567">
     <span class='ocr_line' id='line_1_66' title="bbox 296 3492 1880 3567; baseline 0.003 -21"><span class='ocrx_word' id='word_1_518' title='bbox 296 3492 647 3549; x_wconf 86' lang='lat' dir='ltr'><strong>mediocriter</strong></span> <span class='ocrx_word' id='word_1_519' title='bbox 688 3495 993 3566; x_wconf 88' lang='lat' dir='ltr'><strong>impensum</strong></span> <span class='ocrx_word' id='word_1_520' title='bbox 1023 3504 1283 3552; x_wconf 68' lang='lat' dir='ltr'><strong>azternum</strong></span> <span class='ocrx_word' id='word_1_521' title='bbox 1313 3498 1713 3567; x_wconf 89' lang='lat' dir='ltr'><strong>promerebitur</strong></span> <span class='ocrx_word' id='word_1_522' title='bbox 1742 3510 1880 3567; x_wconf 83' lang='lat' dir='ltr'><strong>prae-</strong></span> 
     </span>
    </p>
   </div>
   <div class='ocr_carea' id='block_1_67' title="bbox 1985 3309 3585 3389">
    <p class='ocr_par' dir='ltr' id='par_1_67' title="bbox 1985 3309 3585 3389">
     <span class='ocr_line' id='line_1_67' title="bbox 1985 3309 3585 3389; baseline -0.006 -15"><span class='ocrx_word' id='word_1_523' title='bbox 1985 3319 2132 3375; x_wconf 92' lang='lat' dir='ltr'><strong>Deus</strong></span> <span class='ocrx_word' id='word_1_524' title='bbox 2191 3317 2247 3372; x_wconf 92' lang='lat' dir='ltr'><strong>in</strong></span> <span class='ocrx_word' id='word_1_525' title='bbox 2297 3316 2561 3389; x_wconf 86' lang='lat' dir='ltr'><strong>judicium</strong></span> <span class='ocrx_word' id='word_1_526' title='bbox 2600 3330 2699 3386; x_wconf 93' lang='lat' dir='ltr'><strong>pro</strong></span> <span class='ocrx_word' id='word_1_527' title='bbox 2736 3314 2883 3369; x_wconf 84' lang='lat' dir='ltr'><strong>omni</strong></span> <span class='ocrx_word' id='word_1_528' title='bbox 2940 3311 3277 3378; x_wconf 87' lang='lat' dir='ltr'><strong>abscondito,</strong></span> <span class='ocrx_word' id='word_1_529' title='bbox 3331 3309 3445 3366; x_wconf 86' lang='lat' dir='ltr'><strong>sive</strong></span> <span class='ocrx_word' id='word_1_530' title='bbox 3486 3309 3585 3365; x_wconf 79' lang='lat' dir='ltr'><strong>bo-</strong></span> 
     </span>
    </p>
   </div>
   <div class='ocr_carea' id='block_1_68' title="bbox 1986 3403 3162 3479">
    <p class='ocr_par' dir='ltr' id='par_1_68' title="bbox 1986 3403 3162 3479">
     <span class='ocr_line' id='line_1_68' title="bbox 1986 3403 3162 3479; baseline -0.007 -15"><span class='ocrx_word' id='word_1_531' title='bbox 1986 3424 2115 3465; x_wconf 89' lang='lat' dir='ltr'><strong>num</strong></span> <span class='ocrx_word' id='word_1_532' title='bbox 2153 3409 2265 3464; x_wconf 91' lang='lat' dir='ltr'><strong>sive</strong></span> <span class='ocrx_word' id='word_1_533' title='bbox 2312 3407 2512 3463; x_wconf 87' lang='lat' dir='ltr'><strong>malum</strong></span> <span class='ocrx_word' id='word_1_534' title='bbox 2559 3406 2631 3462; x_wconf 88' lang='lat' dir='ltr'><strong>sit</strong></span> <span class='ocrx_word' id='word_1_535' title='bbox 2670 3404 2895 3479; x_wconf 86' lang='lat' dir='ltr'><strong>(Eccles.</strong></span> <span class='ocrx_word' id='word_1_536' title='bbox 2946 3403 3091 3477; x_wconf 85' lang='lat' dir='ltr'><strong>ult.).</strong></span> <span class='ocrx_word' id='word_1_537' title='bbox 3143 3422 3162 3455; x_wconf 76' lang='grc' dir='ltr'><strong><em>ι</em></strong></span> 
     </span>
    </p>
   </div>
   <div class='ocr_carea' id='block_1_69' title="bbox 304 3642 3581 3691">
    <p class='ocr_par' dir='ltr' id='par_1_69' title="bbox 304 3642 3581 3691">
     <span class='ocr_line' id='line_1_69' title="bbox 304 3642 3581 3691; baseline -0.003 1"><span class='ocrx_word' id='word_1_538' title='bbox 304 3642 3581 3691; x_wconf 57' lang='lat' dir='ltr'><em>W</em></span> 
     </span>
    </p>
   </div>
   <div class='ocr_carea' id='block_1_70' title="bbox 892 3815 1881 3931">
    <p class='ocr_par' dir='ltr' id='par_1_70' title="bbox 892 3817 1881 3931">
     <span class='ocr_line' id='line_1_70' title="bbox 892 3817 1881 3931; baseline 0.002 -4"><span class='ocrx_word' id='word_1_539' title='bbox 892 3817 1464 3931; x_wconf 74' lang='lat' dir='ltr'><strong>BEATI</strong></span> <span class='ocrx_word' id='word_1_540' title='bbox 1541 3817 1881 3930; x_wconf 71' lang='lat' dir='ltr'><strong>BA!</strong></span> 
     </span>
    </p>
   </div>
   <div class='ocr_carea' id='block_1_71' title="bbox 1985 3815 2984 3931">
    <p class='ocr_par' dir='ltr' id='par_1_71' title="bbox 1985 3815 2984 3931">
     <span class='ocr_line' id='line_1_71' title="bbox 1985 3815 2984 3931; baseline -0.003 0"><span class='ocrx_word' id='word_1_541' title='bbox 1985 3816 2283 3931; x_wconf 69' lang='lat' dir='ltr'><strong>lNI</strong></span> <span class='ocrx_word' id='word_1_542' title='bbox 2356 3815 2984 3931; x_wconf 69' lang='lat' dir='ltr'><strong>MAI)!“</strong></span> 
     </span>
    </p>
   </div>
   <div class='ocr_carea' id='block_1_72' title="bbox 1023 4024 2857 4087">
    <p class='ocr_par' dir='ltr' id='par_1_72' title="bbox 1023 4024 2857 4087">
     <span class='ocr_line' id='line_1_72' title="bbox 1023 4024 2857 4087; baseline -0.003 -1"><span class='ocrx_word' id='word_1_543' title='bbox 1023 4027 1410 4087; x_wconf 82' lang='lat' dir='ltr'><strong>FULDENSIS</strong></span> <span class='ocrx_word' id='word_1_544' title='bbox 1448 4028 1741 4086; x_wconf 80' lang='lat' dir='ltr'><strong>ABBATIS</strong></span> <span class='ocrx_word' id='word_1_545' title='bbox 1781 4027 1870 4083; x_wconf 83' lang='lat' dir='ltr'><strong>ET</strong></span> <span class='ocrx_word' id='word_1_546' title='bbox 1909 4027 2296 4085; x_wconf 85' lang='lat' dir='ltr'><strong>MOGUNTINI</strong></span> <span class='ocrx_word' id='word_1_547' title='bbox 2334 4024 2857 4085; x_wconf 77' lang='lat' dir='ltr'><strong>ARCHIEPISCOPI</strong></span> 
     </span>
    </p>
   </div>
   <div class='ocr_carea' id='block_1_73' title="bbox 382 4207 3513 4332">
    <p class='ocr_par' dir='ltr' id='par_1_73' title="bbox 382 4207 3513 4332">
     <span class='ocr_line' id='line_1_73' title="bbox 382 4207 3513 4332; baseline -0.004 0"><span class='ocrx_word' id='word_1_548' title='bbox 382 4213 1424 4332; x_wconf 84' lang='lat' dir='ltr'><strong>COMMENTARIA</strong></span> <span class='ocrx_word' id='word_1_549' title='bbox 1510 4217 1656 4330; x_wconf 91' lang='lat' dir='ltr'><strong>IN</strong></span> <span class='ocrx_word' id='word_1_550' title='bbox 1744 4212 2249 4328; x_wconf 81' lang='lat' dir='ltr'><strong>LIBROS</strong></span> <span class='ocrx_word' id='word_1_551' title='bbox 2336 4207 3513 4327; x_wconf 65' lang='lat' dir='ltr'><strong>MACHABZEORUM.</strong></span> 
     </span>
    </p>
   </div>
   <div class='ocr_carea' id='block_1_74' title="bbox 1556 4431 2346 4518">
    <p class='ocr_par' dir='ltr' id='par_1_74' title="bbox 1556 4431 2346 4518">
     <span class='ocr_line' id='line_1_74' title="bbox 1556 4431 2346 4518; baseline -0.006 -19"><span class='ocrx_word' id='word_1_552' title='bbox 1556 4434 1817 4518; x_wconf 50' lang='lat' dir='ltr'><strong>«suum</strong></span> <span class='ocrx_word' id='word_1_553' title='bbox 1862 4434 2145 4497; x_wconf 81' lang='lat' dir='ltr'><strong>ANNUM</strong></span> <span class='ocrx_word' id='word_1_554' title='bbox 2178 4431 2346 4515; x_wconf 73' lang='lat' dir='ltr'><strong>ato.)</strong></span> 
     </span>
    </p>
   </div>
   <div class='ocr_carea' id='block_1_75' title="bbox 1639 4638 2236 4775">
    <p class='ocr_par' dir='ltr' id='par_1_75' title="bbox 1639 4638 2236 4775">
     <span class='ocr_line' id='line_1_75' title="bbox 1639 4638 2236 4775; baseline 0.005 -15"><span class='ocrx_word' id='word_1_555' title='bbox 1639 4638 2236 4775; x_wconf 67' lang='lat' dir='ltr'><strong>PROLOGUS.</strong></span> 
     </span>
    </p>
   </div>
   <div class='ocr_carea' id='block_1_76' title="bbox 1343 4838 2545 4900">
    <p class='ocr_par' dir='ltr' id='par_1_76' title="bbox 1343 4838 2545 4900">
     <span class='ocr_line' id='line_1_76' title="bbox 1343 4838 2545 4900; baseline -0.005 0"><span class='ocrx_word' id='word_1_556' title='bbox 1343 4843 1433 4900; x_wconf 85' lang='lat' dir='ltr'><strong>AD</strong></span> <span class='ocrx_word' id='word_1_557' title='bbox 1468 4838 1877 4900; x_wconf 80' lang='lat' dir='ltr'><strong>LUDOVICUM</strong></span> <span class='ocrx_word' id='word_1_558' title='bbox 1918 4840 2159 4896; x_wconf 80' lang='lat' dir='ltr'><strong>REGEM</strong></span> <span class='ocrx_word' id='word_1_559' title='bbox 2198 4838 2545 4896; x_wconf 72' lang='lat' dir='ltr'><strong>FRANCLE.</strong></span> 
     </span>
    </p>
   </div>
   <div class='ocr_carea' id='block_1_77' title="bbox 376 5056 3589 5136">
    <p class='ocr_par' dir='ltr' id='par_1_77' title="bbox 376 5056 3589 5136">
     <span class='ocr_line' id='line_1_77' title="bbox 376 5056 3589 5136; baseline -0.008 -4"><span class='ocrx_word' id='word_1_560' title='bbox 376 5074 606 5136; x_wconf 79' lang='lat' dir='ltr'><strong>Domino</strong></span> <span class='ocrx_word' id='word_1_561' title='bbox 651 5066 1129 5132; x_wconf 78' lang='lat' dir='ltr'><strong>excellentissimo,</strong></span> <span class='ocrx_word' id='word_1_562' title='bbox 1185 5073 1241 5121; x_wconf 88' lang='lat' dir='ltr'><strong>et</strong></span> <span class='ocrx_word' id='word_1_563' title='bbox 1291 5064 1346 5119; x_wconf 91' lang='lat' dir='ltr'><strong>in</strong></span> <span class='ocrx_word' id='word_1_564' title='bbox 1378 5063 1528 5119; x_wconf 89' lang='lat' dir='ltr'><strong>cultu</strong></span> <span class='ocrx_word' id='word_1_565' title='bbox 1568 5061 1893 5131; x_wconf 68' lang='lat' dir='ltr'><strong>Christianae</strong></span> <span class='ocrx_word' id='word_1_566' title='bbox 1917 5063 1971 5125; x_wconf 91' lang='lat' dir='ltr'><strong>D</strong></span> <span class='ocrx_word' id='word_1_567' title='bbox 1997 5061 2216 5133; x_wconf 87' lang='lat' dir='ltr'><strong>grandis</strong></span> <span class='ocrx_word' id='word_1_568' title='bbox 2266 5057 2584 5133; x_wconf 59' lang='lat' dir='ltr'><strong>quaestionis</strong></span> <span class='ocrx_word' id='word_1_569' title='bbox 2636 5056 2770 5113; x_wconf 87' lang='lat' dir='ltr'><strong>mihi</strong></span> <span class='ocrx_word' id='word_1_570' title='bbox 2830 5058 3075 5130; x_wconf 84' lang='lat' dir='ltr'><strong>angustia</strong></span> <span class='ocrx_word' id='word_1_571' title='bbox 3124 5058 3182 5113; x_wconf 82' lang='lat' dir='ltr'><strong>in</strong></span> <span class='ocrx_word' id='word_1_572' title='bbox 3230 5059 3413 5117; x_wconf 72' lang='lat' dir='ltr'><strong>anims</strong></span> <span class='ocrx_word' id='word_1_573' title='bbox 3467 5076 3589 5119; x_wconf 63' lang='lat' dir='ltr'><strong>ver.</strong></span> 
     </span>
    </p>
   </div>
   <div class='ocr_carea' id='block_1_78' title="bbox 302 5155 1888 5244">
    <p class='ocr_par' dir='ltr' id='par_1_78' title="bbox 302 5155 1888 5244">
     <span class='ocr_line' id='line_1_78' title="bbox 302 5155 1888 5244; baseline -0.014 -11"><span class='ocrx_word' id='word_1_574' title='bbox 302 5170 581 5244; x_wconf 86' lang='lat' dir='ltr'><strong>religionis</strong></span> <span class='ocrx_word' id='word_1_575' title='bbox 630 5161 1055 5226; x_wconf 83' lang='lat' dir='ltr'><strong>strenuissimo,~</strong></span> <span class='ocrx_word' id='word_1_576' title='bbox 1092 5159 1369 5215; x_wconf 79' lang='lat' dir='ltr'><strong>Lunovmo</strong></span> <span class='ocrx_word' id='word_1_577' title='bbox 1419 5158 1555 5229; x_wconf 83' lang='lat' dir='ltr'><strong>regi,</strong></span> <span class='ocrx_word' id='word_1_578' title='bbox 1617 5155 1888 5222; x_wconf 70' lang='lat' dir='ltr'><strong>Rnwus,</strong></span> 
     </span>
    </p>
   </div>
   <div class='ocr_carea' id='block_1_79' title="bbox 303 5249 1892 5331">
    <p class='ocr_par' dir='ltr' id='par_1_79' title="bbox 303 5249 1892 5331">
     <span class='ocr_line' id='line_1_79' title="bbox 303 5249 1892 5331; baseline -0.013 -10"><span class='ocrx_word' id='word_1_579' title='bbox 303 5264 601 5321; x_wconf 84' lang='lat' dir='ltr'><strong>vilissimus</strong></span> <span class='ocrx_word' id='word_1_580' title='bbox 620 5268 900 5314; x_wconf 87' lang='lat' dir='ltr'><strong>servorum</strong></span> <span class='ocrx_word' id='word_1_581' title='bbox 921 5251 1039 5316; x_wconf 89' lang='lat' dir='ltr'><strong>Dei,</strong></span> <span class='ocrx_word' id='word_1_582' title='bbox 1063 5250 1118 5305; x_wconf 92' lang='lat' dir='ltr'><strong>in</strong></span> <span class='ocrx_word' id='word_1_583' title='bbox 1139 5250 1368 5307; x_wconf 90' lang='lat' dir='ltr'><strong>Domino</strong></span> <span class='ocrx_word' id='word_1_584' title='bbox 1395 5249 1740 5307; x_wconf 81' lang='lat' dir='ltr'><strong>dominorum</strong></span> <span class='ocrx_word' id='word_1_585' title='bbox 1769 5265 1892 5331; x_wconf 79' lang='lat' dir='ltr'><strong>per—</strong></span> 
     </span>
    </p>
   </div>
   <div class='ocr_carea' id='block_1_80' title="bbox 296 5346 960 5431">
    <p class='ocr_par' dir='ltr' id='par_1_80' title="bbox 296 5346 960 5431">
     <span class='ocr_line' id='line_1_80' title="bbox 296 5346 960 5431; baseline -0.018 -20"><span class='ocrx_word' id='word_1_586' title='bbox 296 5365 523 5431; x_wconf 82' lang='lat' dir='ltr'><strong>petuam</strong></span> <span class='ocrx_word' id='word_1_587' title='bbox 556 5357 705 5422; x_wconf 82' lang='lat' dir='ltr'><strong>Optat</strong></span> <span class='ocrx_word' id='word_1_588' title='bbox 731 5346 960 5402; x_wconf 88' lang='lat' dir='ltr'><strong>salutem</strong></span> 
     </span>
    </p>
   </div>
   <div class='ocr_carea' id='block_1_81' title="bbox 377 5433 1894 5509">
    <p class='ocr_par' dir='ltr' id='par_1_81' title="bbox 377 5433 1894 5509">
     <span class='ocr_line' id='line_1_81' title="bbox 377 5433 1894 5509; baseline -0.011 -6"><span class='ocrx_word' id='word_1_589' title='bbox 377 5446 513 5504; x_wconf 87' lang='lat' dir='ltr'><strong>Cum</strong></span> <span class='ocrx_word' id='word_1_590' title='bbox 560 5443 662 5498; x_wconf 88' lang='lat' dir='ltr'><strong>sim</strong></span> <span class='ocrx_word' id='word_1_591' title='bbox 712 5445 994 5509; x_wconf 88' lang='lat' dir='ltr'><strong>promptus</strong></span> <span class='ocrx_word' id='word_1_592' title='bbox 1046 5435 1228 5490; x_wconf 90' lang='lat' dir='ltr'><strong>animo</strong></span> <span class='ocrx_word' id='word_1_593' title='bbox 1272 5434 1341 5489; x_wconf 87' lang='lat' dir='ltr'><strong>ad</strong></span> <span class='ocrx_word' id='word_1_594' title='bbox 1398 5433 1694 5505; x_wconf 87' lang='lat' dir='ltr'><strong>parendum</strong></span> <span class='ocrx_word' id='word_1_595' title='bbox 1730 5441 1894 5504; x_wconf 82' lang='lat' dir='ltr'><strong>atque</strong></span> 
     </span>
    </p>
   </div>
   <div class='ocr_carea' id='block_1_82' title="bbox 308 5527 1894 5598">
    <p class='ocr_par' dir='ltr' id='par_1_82' title="bbox 308 5527 1894 5598">
     <span class='ocr_line' id='line_1_82' title="bbox 308 5527 1894 5598; baseline -0.01 0"><span class='ocrx_word' id='word_1_596' title='bbox 308 5536 653 5598; x_wconf 81' lang='lat' dir='ltr'><strong>serviendum</strong></span> <span class='ocrx_word' id='word_1_597' title='bbox 689 5538 887 5587; x_wconf 63' lang='lat' dir='ltr'><strong>vestra:</strong></span> <span class='ocrx_word' id='word_1_598' title='bbox 922 5528 1212 5594; x_wconf 80' lang='lat' dir='ltr'><strong>voluntati,</strong></span> <span class='ocrx_word' id='word_1_599' title='bbox 1266 5527 1508 5597; x_wconf 90' lang='lat' dir='ltr'><strong>quotidie</strong></span> <span class='ocrx_word' id='word_1_600' title='bbox 1554 5527 1735 5598; x_wconf 83' lang='lat' dir='ltr'><strong>cogito</strong></span> <span class='ocrx_word' id='word_1_601' title='bbox 1765 5528 1894 5597; x_wconf 87' lang='lat' dir='ltr'><strong>quid</strong></span> 
     </span>
    </p>
   </div>
   <div class='ocr_carea' id='block_1_83' title="bbox 311 5618 1895 5689">
    <p class='ocr_par' dir='ltr' id='par_1_83' title="bbox 311 5618 1895 5689">
     <span class='ocr_line' id='line_1_83' title="bbox 311 5618 1895 5689; baseline -0.008 -6"><span class='ocrx_word' id='word_1_602' title='bbox 311 5622 736 5688; x_wconf 59' lang='lat' dir='ltr'><strong>honoriﬁcentia;</strong></span> <span class='ocrx_word' id='word_1_603' title='bbox 791 5628 989 5676; x_wconf 77' lang='lat' dir='ltr'><strong>vestrae</strong></span> <span class='ocrx_word' id='word_1_604' title='bbox 1041 5627 1254 5689; x_wconf 88' lang='lat' dir='ltr'><strong>gratum</strong></span> <span class='ocrx_word' id='word_1_605' title='bbox 1302 5618 1611 5684; x_wconf 82' lang='lat' dir='ltr'><strong>exhibeam,</strong></span> <span class='ocrx_word' id='word_1_606' title='bbox 1670 5626 1731 5673; x_wconf 88' lang='lat' dir='ltr'><strong>ut</strong></span> <span class='ocrx_word' id='word_1_607' title='bbox 1789 5619 1895 5674; x_wconf 82' lang='lat' dir='ltr'><strong>mei</strong></span> 
     </span>
    </p>
   </div>
   <div class='ocr_carea' id='block_1_84' title="bbox 312 5709 1895 5784">
    <p class='ocr_par' dir='ltr' id='par_1_84' title="bbox 312 5709 1895 5784">
     <span class='ocr_line' id='line_1_84' title="bbox 312 5709 1895 5784; baseline -0.009 -6"><span class='ocrx_word' id='word_1_608' title='bbox 312 5717 573 5778; x_wconf 85' lang='lat' dir='ltr'><strong>memoria</strong></span> <span class='ocrx_word' id='word_1_609' title='bbox 601 5714 786 5773; x_wconf 88' lang='lat' dir='ltr'><strong>sedulo</strong></span> <span class='ocrx_word' id='word_1_610' title='bbox 811 5713 951 5784; x_wconf 85' lang='lat' dir='ltr'><strong>apud</strong></span> <span class='ocrx_word' id='word_1_611' title='bbox 972 5726 1069 5765; x_wconf 90' lang='lat' dir='ltr'><strong>vos</strong></span> <span class='ocrx_word' id='word_1_612' title='bbox 1098 5718 1335 5775; x_wconf 87' lang='lat' dir='ltr'><strong>maneat,</strong></span> <span class='ocrx_word' id='word_1_613' title='bbox 1370 5718 1428 5764; x_wconf 86' lang='lat' dir='ltr'><strong>et</strong></span> <span class='ocrx_word' id='word_1_614' title='bbox 1455 5709 1671 5765; x_wconf 85' lang='lat' dir='ltr'><strong>devotio</strong></span> <span class='ocrx_word' id='word_1_615' title='bbox 1699 5709 1895 5767; x_wconf 81' lang='lat' dir='ltr'><strong>mentis</strong></span> 
     </span>
    </p>
   </div>
   <div class='ocr_carea' id='block_1_85' title="bbox 295 5802 1895 5880">
    <p class='ocr_par' dir='ltr' id='par_1_85' title="bbox 295 5802 1895 5880">
     <span class='ocr_line' id='line_1_85' title="bbox 295 5802 1895 5880; baseline -0.008 -10"><span class='ocrx_word' id='word_1_616' title='bbox 295 5825 452 5874; x_wconf 67' lang='grc' dir='ltr'><strong>ιωθω</strong></span> <span class='ocrx_word' id='word_1_617' title='bbox 492 5824 623 5880; x_wconf 79' lang='lat' dir='ltr'><strong>erga</strong></span> <span class='ocrx_word' id='word_1_618' title='bbox 692 5806 1009 5878; x_wconf 85' lang='lat' dir='ltr'><strong>obsequium</strong></span> <span class='ocrx_word' id='word_1_619' title='bbox 1067 5811 1312 5859; x_wconf 88' lang='lat' dir='ltr'><strong>vestrum</strong></span> <span class='ocrx_word' id='word_1_620' title='bbox 1372 5811 1628 5874; x_wconf 89' lang='lat' dir='ltr'><strong>appareat</strong></span> <span class='ocrx_word' id='word_1_621' title='bbox 1687 5821 1699 5857; x_wconf 90' lang='lat'><strong>:</strong></span> <span class='ocrx_word' id='word_1_622' title='bbox 1752 5802 1895 5869; x_wconf 88' lang='lat' dir='ltr'><strong>unde</strong></span> 
     </span>
    </p>
   </div>
   <div class='ocr_carea' id='block_1_86' title="bbox 1996 5151 3588 5225">
    <p class='ocr_par' dir='ltr' id='par_1_86' title="bbox 1996 5151 3588 5225">
     <span class='ocr_line' id='line_1_86' title="bbox 1996 5151 3588 5225; baseline 0 -12"><span class='ocrx_word' id='word_1_623' title='bbox 1996 5161 2177 5221; x_wconf 87' lang='lat' dir='ltr'><strong>satur,</strong></span> <span class='ocrx_word' id='word_1_624' title='bbox 2206 5153 2469 5225; x_wconf 82' lang='lat' dir='ltr'><strong>cogitanti</strong></span> <span class='ocrx_word' id='word_1_625' title='bbox 2502 5151 2633 5223; x_wconf 91' lang='lat' dir='ltr'><strong>quid</strong></span> <span class='ocrx_word' id='word_1_626' title='bbox 2658 5151 2999 5222; x_wconf 83' lang='lat' dir='ltr'><strong>potissimum</strong></span> <span class='ocrx_word' id='word_1_627' title='bbox 3046 5152 3367 5209; x_wconf 60' lang='lat' dir='ltr'><strong>reverentia</strong></span> <span class='ocrx_word' id='word_1_628' title='bbox 3393 5164 3588 5213; x_wconf 65' lang='lat' dir='ltr'><strong>vestrm</strong></span> 
     </span>
    </p>
   </div>
   <div class='ocr_carea' id='block_1_87' title="bbox 1995 5241 3590 5317">
    <p class='ocr_par' dir='ltr' id='par_1_87' title="bbox 1995 5241 3590 5317">
     <span class='ocr_line' id='line_1_87' title="bbox 1995 5241 3590 5317; baseline -0.003 -9"><span class='ocrx_word' id='word_1_629' title='bbox 1995 5249 2246 5314; x_wconf 65' lang='lat' dir='ltr'><strong>offeram,</strong></span> <span class='ocrx_word' id='word_1_630' title='bbox 2278 5245 2495 5317; x_wconf 84' lang='lat' dir='ltr'><strong>quando</strong></span> <span class='ocrx_word' id='word_1_631' title='bbox 2528 5243 2618 5298; x_wconf 85' lang='lat' dir='ltr'><strong>alii</strong></span> <span class='ocrx_word' id='word_1_632' title='bbox 2642 5241 2797 5311; x_wconf 82' lang='lat' dir='ltr'><strong>juxta</strong></span> <span class='ocrx_word' id='word_1_633' title='bbox 2820 5242 2874 5299; x_wconf 89' lang='lat' dir='ltr'><strong>id</strong></span> <span class='ocrx_word' id='word_1_634' title='bbox 2908 5243 3051 5312; x_wconf 90' lang='lat' dir='ltr'><strong>quod</strong></span> <span class='ocrx_word' id='word_1_635' title='bbox 3087 5243 3192 5299; x_wconf 89' lang='lat' dir='ltr'><strong>sibi</strong></span> <span class='ocrx_word' id='word_1_636' title='bbox 3222 5245 3505 5313; x_wconf 66' lang='lat' dir='ltr'><strong>condecet,</strong></span> <span class='ocrx_word' id='word_1_637' title='bbox 3533 5255 3590 5305; x_wconf 91' lang='lat' dir='ltr'><strong>et</strong></span> 
     </span>
    </p>
   </div>
   <div class='ocr_carea' id='block_1_88' title="bbox 1996 5333 3586 5414">
    <p class='ocr_par' dir='ltr' id='par_1_88' title="bbox 1996 5333 3586 5414">
     <span class='ocr_line' id='line_1_88' title="bbox 1996 5333 3586 5414; baseline -0.012 -14"><span class='ocrx_word' id='word_1_638' title='bbox 1996 5340 2274 5414; x_wconf 81' lang='lat' dir='ltr'><strong>opulentia</strong></span> <span class='ocrx_word' id='word_1_639' title='bbox 2300 5352 2481 5394; x_wconf 88' lang='lat' dir='ltr'><strong>rerum</strong></span> <span class='ocrx_word' id='word_1_640' title='bbox 2504 5337 2646 5391; x_wconf 85' lang='lat' dir='ltr'><strong>vires</strong></span> <span class='ocrx_word' id='word_1_641' title='bbox 2674 5333 2778 5390; x_wconf 90' lang='lat' dir='ltr'><strong>illis</strong></span> <span class='ocrx_word' id='word_1_642' title='bbox 2805 5333 3095 5399; x_wconf 85' lang='lat' dir='ltr'><strong>ministrat,</strong></span> <span class='ocrx_word' id='word_1_643' title='bbox 3119 5334 3435 5406; x_wconf 77' lang='lat' dir='ltr'><strong>multiplicia</strong></span> <span class='ocrx_word' id='word_1_644' title='bbox 3464 5355 3586 5396; x_wconf 70' lang='lat' dir='ltr'><strong>mu-</strong></span> 
     </span>
    </p>
   </div>
   <div class='ocr_carea' id='block_1_89' title="bbox 1997 5424 3583 5496">
    <p class='ocr_par' dir='ltr' id='par_1_89' title="bbox 1997 5424 3583 5496">
     <span class='ocr_line' id='line_1_89' title="bbox 1997 5424 3583 5496; baseline -0.003 -5"><span class='ocrx_word' id='word_1_645' title='bbox 1997 5449 2131 5490; x_wconf 86' lang='lat' dir='ltr'><strong>nera</strong></span> <span class='ocrx_word' id='word_1_646' title='bbox 2160 5430 2314 5486; x_wconf 83' lang='lat' dir='ltr'><strong>vobis</strong></span> <span class='ocrx_word' id='word_1_647' title='bbox 2340 5426 2608 5484; x_wconf 81' lang='lat' dir='ltr'><strong>deferunt.</strong></span> <span class='ocrx_word' id='word_1_648' title='bbox 2652 5425 2765 5495; x_wconf 90' lang='lat' dir='ltr'><strong>Ego</strong></span> <span class='ocrx_word' id='word_1_649' title='bbox 2794 5432 2976 5480; x_wconf 80' lang='lat' dir='ltr'><strong>autem</strong></span> <span class='ocrx_word' id='word_1_650' title='bbox 3008 5424 3083 5480; x_wconf 91' lang='lat' dir='ltr'><strong>ita</strong></span> <span class='ocrx_word' id='word_1_651' title='bbox 3111 5440 3212 5496; x_wconf 88' lang='lat' dir='ltr'><strong>per</strong></span> <span class='ocrx_word' id='word_1_652' title='bbox 3230 5443 3320 5484; x_wconf 86' lang='lat' dir='ltr'><strong>me</strong></span> <span class='ocrx_word' id='word_1_653' title='bbox 3346 5430 3449 5486; x_wconf 84' lang='lat' dir='ltr'><strong>hoc</strong></span> <span class='ocrx_word' id='word_1_654' title='bbox 3475 5448 3583 5487; x_wconf 89' lang='lat' dir='ltr'><strong>non</strong></span> 
     </span>
    </p>
   </div>
   <div class='ocr_carea' id='block_1_90' title="bbox 1997 5516 3588 5589">
    <p class='ocr_par' dir='ltr' id='par_1_90' title="bbox 1997 5516 3588 5589">
     <span class='ocr_line' id='line_1_90' title="bbox 1997 5516 3588 5589; baseline -0.003 -10"><span class='ocrx_word' id='word_1_655' title='bbox 1997 5524 2209 5579; x_wconf 71' lang='lat' dir='ltr'><strong>edicere</strong></span> <span class='ocrx_word' id='word_1_656' title='bbox 2235 5534 2396 5589; x_wconf 89' lang='lat' dir='ltr'><strong>posse</strong></span> <span class='ocrx_word' id='word_1_657' title='bbox 2448 5516 2643 5583; x_wconf 89' lang='lat' dir='ltr'><strong>sentio,</strong></span> <span class='ocrx_word' id='word_1_658' title='bbox 2698 5516 2791 5571; x_wconf 90' lang='lat' dir='ltr'><strong>sed</strong></span> <span class='ocrx_word' id='word_1_659' title='bbox 2843 5523 3024 5571; x_wconf 79' lang='lat' dir='ltr'><strong>tamen</strong></span> <span class='ocrx_word' id='word_1_660' title='bbox 3055 5531 3254 5572; x_wconf 80' lang='lat' dir='ltr'><strong>vacuus</strong></span> <span class='ocrx_word' id='word_1_661' title='bbox 3284 5533 3315 5572; x_wconf 90' lang='lat' dir='ltr'><strong>a</strong></span> <span class='ocrx_word' id='word_1_662' title='bbox 3363 5535 3588 5578; x_wconf 82' lang='lat' dir='ltr'><strong>munere</strong></span> 
     </span>
    </p>
   </div>
   <div class='ocr_carea' id='block_1_91' title="bbox 1998 5610 3586 5686">
    <p class='ocr_par' dir='ltr' id='par_1_91' title="bbox 1998 5610 3586 5686">
     <span class='ocr_line' id='line_1_91' title="bbox 1998 5610 3586 5686; baseline 0 -16"><span class='ocrx_word' id='word_1_663' title='bbox 1998 5617 2213 5686; x_wconf 88' lang='lat' dir='ltr'><strong>penitus</strong></span> <span class='ocrx_word' id='word_1_664' title='bbox 2265 5629 2373 5669; x_wconf 91' lang='lat' dir='ltr'><strong>non</strong></span> <span class='ocrx_word' id='word_1_665' title='bbox 2409 5627 2544 5675; x_wconf 90' lang='lat' dir='ltr'><strong>ero,</strong></span> <span class='ocrx_word' id='word_1_666' title='bbox 2593 5610 2722 5681; x_wconf 89' lang='lat' dir='ltr'><strong>quia</strong></span> <span class='ocrx_word' id='word_1_667' title='bbox 2772 5610 2926 5681; x_wconf 81' lang='lat' dir='ltr'><strong>juxta</strong></span> <span class='ocrx_word' id='word_1_668' title='bbox 2972 5620 3345 5682; x_wconf 80' lang='lat' dir='ltr'><strong>paupertatem</strong></span> <span class='ocrx_word' id='word_1_669' title='bbox 3387 5612 3586 5671; x_wconf 86' lang='lat' dir='ltr'><strong>virium</strong></span> 
     </span>
    </p>
   </div>
   <div class='ocr_carea' id='block_1_92' title="bbox 2000 5702 3588 5777">
    <p class='ocr_par' dir='ltr' id='par_1_92' title="bbox 2000 5702 3588 5777">
     <span class='ocr_line' id='line_1_92' title="bbox 2000 5702 3588 5777; baseline -0.003 -12"><span class='ocrx_word' id='word_1_670' title='bbox 2000 5724 2243 5764; x_wconf 86' lang='lat' dir='ltr'><strong>mearum</strong></span> <span class='ocrx_word' id='word_1_671' title='bbox 2281 5712 2337 5761; x_wconf 90' lang='lat' dir='ltr'><strong>et</strong></span> <span class='ocrx_word' id='word_1_672' title='bbox 2382 5702 2600 5777; x_wconf 87' lang='lat' dir='ltr'><strong>ingenui</strong></span> <span class='ocrx_word' id='word_1_673' title='bbox 2632 5703 2947 5759; x_wconf 88' lang='lat' dir='ltr'><strong>tenuitatem</strong></span> <span class='ocrx_word' id='word_1_674' title='bbox 2997 5716 3061 5758; x_wconf 88' lang='lat' dir='ltr'><strong>ea</strong></span> <span class='ocrx_word' id='word_1_675' title='bbox 3096 5716 3219 5772; x_wconf 60' lang='lat' dir='ltr'><strong>quae</strong></span> <span class='ocrx_word' id='word_1_676' title='bbox 3256 5702 3311 5757; x_wconf 86' lang='lat' dir='ltr'><strong>in</strong></span> <span class='ocrx_word' id='word_1_677' title='bbox 3358 5704 3588 5761; x_wconf 80' lang='lat' dir='ltr'><strong>medita-</strong></span> 
     </span>
    </p>
   </div>
   <div class='ocr_carea' id='block_1_93' title="bbox 2000 5790 3585 5867">
    <p class='ocr_par' dir='ltr' id='par_1_93' title="bbox 2000 5790 3585 5867">
     <span class='ocr_line' id='line_1_93' title="bbox 2000 5790 3585 5867; baseline -0.001 -13"><span class='ocrx_word' id='word_1_678' title='bbox 2000 5798 2149 5854; x_wconf 76' lang='lat' dir='ltr'><strong>tione</strong></span> <span class='ocrx_word' id='word_1_679' title='bbox 2175 5805 2487 5853; x_wconf 87' lang='lat' dir='ltr'><strong>sanctarum</strong></span> <span class='ocrx_word' id='word_1_680' title='bbox 2516 5792 2924 5867; x_wconf 87' lang='lat' dir='ltr'><strong>Scripturarum</strong></span> <span class='ocrx_word' id='word_1_681' title='bbox 2948 5792 3243 5859; x_wconf 87' lang='lat' dir='ltr'><strong>elaboravi,</strong></span> <span class='ocrx_word' id='word_1_682' title='bbox 3274 5790 3468 5849; x_wconf 79' lang='lat' dir='ltr'><strong>oﬁ‘erre</strong></span> <span class='ocrx_word' id='word_1_683' title='bbox 3485 5793 3585 5853; x_wconf 83' lang='lat' dir='ltr'><strong>de-</strong></span> 
     </span>
    </p>
   </div>
  </div>
