4028 6546
537 373 706 464 11127

1234 375 1293 430 B.
1336 370 1590 430 nsum
1629 373 1848 430 MAURI
1888 371 2206 429 A‘RCHIEP.
2249 349 2886 430 manummanum
2921 366 3102 426 rans
3137 367 3182 423 ι.

3646 373 3752 432 1ίῆ

567 466 750 546 cerno.
781 486 910 554 Quae
937 489 1065 552 licet
1117 503 1224 543 non
1277 490 1383 543 sint
1411 490 1672 560 condigna
1709 489 2013 558 prudentiae
2044 503 2136 542 ve-
2167 491 2215 552 Α
2244 487 2386 542 dicto
2405 501 2567 557 opere
2597 485 2881 556 reperiatis
2905 485 3061 539 vobis
3086 490 3304 555 gratum
3326 488 3381 538 et
3400 482 3497 538 rite
3522 485 3752 556 prolatum,

567 590 713 646 stne,
757 589 935 640 tamen
961 580 1122 636 credo
1151 597 1256 635 non
1283 590 1408 635 sunt
1433 583 1630 650 ubique
1653 582 1974 651 spernenda.
1999 581 2147 635 Pras-

544 675 730 729 ‘terito
767 675 1034 744 siquidem
1065 689 1205 728 anno
1239 675 1514 730 transmisi
1544 675 1699 730 vobis
1745 683 2036 729 tractatum
2089 673 2145 728 in

533 758 839 821 iDanielem
893 767 1231 838 prophetam,
1284 783 1444 836 quem
1498 783 1605 822 non
1659 767 1830 822 solum
1869 781 1934 822 ex
1987 765 2145 822 dictis

564 858 849 927 majorum,
891 860 1022 929 quin
1047 865 1102 914 et
1131 876 1197 915 ex
1230 868 1428 916 nostra:
1471 861 1755 932 parvitatis
1801 873 1960 914 sensu
2000 857 2147 914 fece—

563 965 700 1003 ram.
732 947 887 1006 Nunc
912 965 1042 1025 vero
1075 951 1200 1021 quia
1232 959 1442 1021 tempus
1470 960 1556 1007 est
1596 951 1722 1006 illud
1765 966 1870 1020 quo
1897 950 2142 1006 Romana

562 1031 804 1095 Ecclesia
846 1040 1127 1096 constituit
1166 1041 1333 1096 libros
1363 1040 1788 1098 Machabreorum
1814 1040 1918 1112 legi
1947 1041 2002 1094 in
2041 1040 2143 1096 Ec-

546 1124 751 1199 ‘clesia,
812 1134 1123 1191 eorumdem
1188 1135 1447 1191 librorum
1506 1135 1923 1205 expositionem,
1976 1151 2140 1206 quam

545 1215 686 1282 {ante
717 1243 888 1292 annos
927 1227 1152 1300 aliquot,
1193 1230 1504 1299 rogantibus
1539 1229 1751 1295 amicis,
1778 1244 1939 1285 sensu
1965 1229 2139 1284 histo-

559 1309 673 1372 rico
732 1319 893 1374 simul
944 1328 998 1374 et
1055 1305 1354 1392 allegorica
1400 1321 1747 1385 dictaveram,
1796 1320 2140 1377 Excellentite

562 1409 768 1466 Vestrae
811 1411 1026 1477 defero;
1081 1422 1140 1468 ut
1184 1413 1229 1468 si
1279 1412 1564 1482 aliquando
1601 1427 1821 1467 sensum
1849 1412 2136 1483 mysticum

560 1497 834 1558 meis'vos
882 1503 1196 1574 dignoscere
1244 1501 1492 1568 delectet,
1522 1503 1767 1558 habeatis
1796 1503 1851 1556 in
1887 1510 2137 1572 promptu

559 1608 666 1663 quo
707 1593 856 1648 illum
908 1594 1220 1664 explicitum
1269 1592 1512 1648 invenire
1550 1592 1776 1648 valeatis
1823 1610 1836 1646 :
1870 1607 1978 1648 non
2017 1594 2136 1649 dico

558 1684 711 1740 valde
738 1684 937 1741 diserte
977 1692 1031 1740 et
1080 1687 1324 1740 oratione
1353 1685 1647 1752 rhetorica,
1687 1685 1780 1740 sed
1810 1684 1987 1741 lucido
2023 1699 2138 1740 ser-

553 1775 716 1832 mone
743 1783 800 1830 et
825 1775 1091 1833 catholica
1122 1776 1248 1832 ﬁde.
1286 1777 1388 1833 Vos
1429 1791 1645 1848 quoque
1671 1777 1717 1833 si
1747 1777 1878 1847 quid
1907 1778 1962 1832 in
1999 1792 2138 1848 pm

2245 579 2362 649 ejus
2391 581 2578 651 gratia:
2617 580 2719 634 hoc
2759 579 3026 648 deputelis
3067 594 3097 631 a
3126 592 3237 648 quo
3279 585 3366 632 est
3403 592 3552 633 omne
3573 580 3752 650 bonum;

2245 673 2291 728 si
2325 673 2452 742 quid
2495 681 2674 726 autem
2727 673 2906 728 minus
2939 678 3086 726 recte
3119 670 3209 725 vel
3259 669 3756 745 inconvenienterpo-

2244 763 2408 818 situm
2432 763 2586 818 vobis
2629 761 2826 817 ibidem
2873 762 3140 827 videatur,
3174 762 3462 832 imperitia:
3489 779 3606 820 mea:
3631 775 3758 840 magis

2232 854 2515 925 ,deputetis
2540 869 2702 924 quam
2731 854 2968 922 malitiae,
2991 856 3084 925 qui
3111 856 3360 927 quandiu
3389 857 3444 912 in
3468 858 3563 914 hoc
3584 875 3756 933 corpus-

2243 945 2363 1002 culo
2407 947 2611 1013 vixero,
2670 947 2725 1001 in
2761 946 2960 1002 Christi
3001 946 3248 1015 servitio,
3291 956 3452 1018 prout
3495 952 3760 1019 possibilitas

2240 1038 2419 1104 fuerit,
2459 1038 2707 1094 laborare
2735 1039 3018 1094 contendo.
3071 1038 3250 1109 Ipsius
3286 1038 3434 1094 enim
3479 1047 3559 1095 est
3601 1042 3762 1099 miseri-

2241 1132 2461 1198 cordiae,
2485 1139 2545 1185 ut
2571 1132 2664 1203 qui
2691 1131 2821 1186 mihi
2845 1130 2899 1185 in
2937 1131 3119 1186 animo
3144 1131 3258 1186 hoc
3282 1130 3454 1195 dedit,
3478 1145 3609 1186 nunc
3631 1132 3761 1202 ipsum

2239 1239 2328 1279 me
2356 1225 2498 1278 bono
2521 1238 2683 1293 opere
2725 1221 2887 1276 faciat
2911 1221 3309 1285 consummari,
3335 1221 3402 1276 de
3431 1234 3532 1290 quo
3551 1219 3761 1292 Propheta

2241 1317 2355 1369 ait:
2386 1313 2558 1385 Prope
2581 1323 2656 1369 est
2682 1313 2936 1369 Dominus
2980 1314 3225 1368 omnibus
3273 1314 3617 1369 invocantibus
3654 1333 3696 1369 se
3727 1321 3763 1372 in

2239 1407 2474 1471 veritate,
2517 1414 2704 1461 etnon
2744 1405 3068 1474 derelinquit
3115 1419 3313 1460 omnes
3367 1405 3456 1475 qui
3503 1415 3689 1475 sperant
3725 1409 3762 1463 in

2240 1513 2318 1554 se.
2343 1497 2607 1552 Divinitas
2637 1497 2849 1551 Domini
2901 1497 3074 1551 nostri
3101 1494 3238 1551 Jesu
3263 1495 3469 1551 Christi
3495 1495 3580 1550 diu
3600 1511 3680 1552 vos
3701 1498 3764 1553 hic

2239 1588 2538 1644 incolumes
2564 1597 2618 1643 et
2647 1577 2788 1658 legis'
2823 1587 2919 1643 Dei
2945 1587 3236 1642 veritatem
3266 1595 3514 1642 amantes
3537 1587 3598 1643 ad
3620 1587 3763 1643 multo-

2238 1697 2358 1737 rum
2385 1681 2612 1737 salutem
2634 1678 2922 1746 custodiat,
2950 1688 3146 1750 etpost
3170 1678 3340 1749 hujus
3368 1679 3492 1734 vitae
3518 1695 3699 1735 cursum
3717 1682 3764 1736 ad

2237 1787 2422 1830 veram
2445 1780 2502 1828 et
2523 1770 3192 1828 aeternam-beatitudinem
3222 1771 3514 1842 pervenire
3541 1773 3757 1828 concedat

564 1912 3754 1946 ΜΨ*

1803 2038 2224 2102 PROLOGUS
2267 2041 2554 2104 ALTER.

621 2272 1110 2339 Rcverendissimo,
1141 2282 1197 2331 et
1225 2274 1374 2331 omni
1412 2274 1696 2332 charitatis
1726 2274 1902 2330 ollicio
1933 2276 2135 2347 dignis-
2158 2285 2209 2345 B
2236 2277 2382 2334 solus
2418 2277 2828 2347 impetraveras,
2878 2277 2944 2334 ad
2974 2278 3343 2350 plurimorum
3371 2277 3638 2334 utilitatem
3676 2294 3766 2349 per-

550 2367 710 2433 simo,
741 2365 1019 2433 Gsuouno,
1047 2367 1188 2422 sacri
1213 2367 1398 2437 palatii
1422 2366 1827 2432 archidiacono,
1858 2366 2130 2434 Rssauus,

549 2457 673 2512 vilis
705 2471 984 2526 servorum
1010 2455 1104 2511 Dei
1135 2471 1344 2520 servus,
1375 2457 1429 2510 in
1467 2455 1705 2520 Christo,
1735 2455 1985 2511 salutem.

573 2595 582 2618 λ
620 2547 836 2604 Memini
867 2559 954 2601 me
983 2546 1037 2600 in
1061 2546 1265 2616 palatio
1292 2547 1632 2618 Vangionum
1659 2547 1897 2602 civitatis
1927 2547 2130 2602 consti-

552 2647 727 2716 tutum
751 2646 928 2694 tecum
953 2639 1152 2694 habere
1173 2653 1478 2694 sermonem
1501 2639 1568 2693 de
1596 2640 1890 2694 eminentia
1921 2647 2133 2694 sancta-

548 2747 670 2787 rum
729 2730 1150 2802 Scripturarum,
1211 2740 1267 2788 et
1325 2733 1390 2788 de
1451 2732 1767 2789 difﬁcultate
1827 2733 2132 2788 divinarum

549 2827 920 2892 historiarum,
944 2827 998 2881 iu
1028 2826 1223 2896 quibus
1256 2839 1364 2880 non
1392 2824 1563 2880 solum
1587 2841 1684 2896 per
1712 2824 1985 2895 aliquanta
2013 2824 2132 2879 loca

548 2926 768 2990 propter
819 2917 1137 2976 varietatem
1193 2933 1372 2973 rerum
1415 2927 1472 2973 et
1525 2917 1687 2971 situm
1727 2917 2131 2986 provinciarum

546 3011 808 3071 obscurus
837 3018 920 3065 est
949 3025 1163 3076 sensus,
1194 3009 1324 3079 quin
1370 3017 1427 3064 et
1472 3023 1569 3078 per
1597 3015 1783 3077 tropos
1830 3007 2131 3078 ﬁgurarum

546 3101 794 3157 occultus
843 3110 927 3158 est
986 3102 1320 3167 intellectus;
1375 3108 1430 3155 et
1464 3100 1592 3169 quia
1641 3101 1834 3157 eodem
1889 3107 2133 3169 tempore

547 3192 968 3250 commentarios
995 3191 1050 3246 in
1080 3191 1247 3247 libros
1273 3191 1482 3263 Regum
1514 3204 1686 3260 nuper
1715 3204 1744 3242 a
1776 3188 1932 3244 nobis
1957 3189 2132 3246 editos

547 3285 840 3342 venerabili
885 3286 1094 3354 abbati,
1121 3284 1372 3341 Hilduino
1423 3285 1772 3349 tradideram,
1811 3291 1868 3338 tu
1914 3283 2133 3354 quidem

547 3379 871 3451 parvitatem
919 3394 1096 3434 meam
1147 3379 1465 3434 exhortatus
1494 3392 1553 3432 es
1579 3385 1847 3446 quatenus
1877 3375 1930 3429 in
1964 3374 2133 3429 libros

547 3470 989 3544 Παραλειπομένων
1040 3478 1199 3538 atque
1241 3468 1672 3524 Machabaaorum
1708 3466 2134 3523 commentarios

546 3559 695 3630 iuxta
722 3560 949 3630 vestigia
999 3557 1264 3627 majorum
1309 3559 1429 3628 pari
1463 3559 1642 3614 studio
1669 3559 1978 3614 conderem.
2006 3557 2133 3612 Feci

2234 2371 2421 2426 venire
2452 2369 2639 2426 facias.
2674 2371 2752 2427 De
2796 2378 2995 2426 caetero
3045 2387 3264 2442 quoque
3311 2371 3435 2428 volo
3484 2372 3761 2428 sanctitatem

2237 2468 2384 2515 tuam
2428 2461 2568 2516 scire
2599 2462 2743 2531 quod
2769 2461 2944 2532 ipsum
2987 2477 3122 2532 opus
3154 2463 3281 2519 ideo
3308 2463 3507 2534 partim
3534 2464 3594 2518 de
3631 2464 3764 2518 divina

2234 2549 2481 2619 historia,
2506 2553 2702 2622 partim
2733 2552 2798 2606 de
2826 2550 3046 2622 Josephi
3099 2551 3416 2608 Judmorum
3443 2552 3662 2608 historici
3684 2563 3762 2607 tra-

2234 2643 2456 2710 ditione,
2489 2645 2687 2714 partim
2717 2658 2846 2698 vero
2891 2644 2956 2698 de
3002 2643 3233 2698 aliarum
3265 2643 3509 2714 gentium
3549 2643 3762 2699 historicis

2234 2737 2508 2802 contexui,
2538 2746 2597 2792 ut
2628 2737 2753 2806 quia
2782 2752 2891 2791 non
2915 2743 3128 2791 tantum
3168 2737 3353 2808 gentis
3379 2735 3569 2792 Iudaeae
3586 2750 3640 2791 ac
3659 2735 3761 2806 prin-

2235 2827 2415 2896 cipum
2438 2825 2575 2895 ejus,
2609 2828 2704 2881 sed
2727 2834 2782 2880 et
2820 2825 3048 2881 aliarum
3069 2827 3314 2898 gentium
3354 2826 3655 2882 similiterin
3678 2826 3762 2897 ipso

2234 2921 2373 2977 libro
2412 2922 2617 2976 mentio
2655 2920 2735 2986 ﬁt,
2781 2937 2848 2975 ex
2899 2921 3188 2977 multorum
3231 2921 3497 2976 librorum
3538 2919 3759 2976 collatione

2235 3015 2438 3069 veritas
2476 3028 2641 3069 sacra:
2685 3014 2923 3069 historia:
2950 3022 3153 3086 pateat,
3189 3023 3248 3069 et
3273 3028 3464 3070 sensus
3500 3013 3761 3068 narrationis

2234 3105 2350 3176 ejus
2373 3107 2560 3163 lectori
2591 3105 2820 3162 lucidior
2860 3107 2971 3162 ﬁat.
3004 3106 3084 3161 Tu
3124 3122 3278 3173 vero,
3313 3108 3359 3162 si
3385 3105 3510 3176 quid
3537 3106 3585 3160 in
3605 3119 3758 3159 memo-

2209 3205 2355 3261 rato
2374 3213 2534 3269 opere
2566 3197 2660 3251 tibi
2685 3205 2900 3267 gratum
2929 3205 3092 3266 atque
3122 3196 3255 3251 utile
3284 3194 3568 3260 inveneris,
3590 3193 3760 3263 largitor

2234 3275 2474 3344 omnium
2524 3288 2790 3342 bonorum
2824 3286 2956 3341 mihi
2986 3285 3188 3358 gratias
3221 3285 3454 3350 referat;
3480 3286 3521 3339 si
3549 3283 3657 3353 quid
3689 3296 3760 3335 au-

2235 3389 2345 3436 tem
2397 3378 2822 3450 reprehensibile
2870 3379 2923 3432 in
2972 3394 3038 3433 eo
3078 3392 3199 3433 esse
3223 3375 3583 3448 prospexeris,
3608 3381 3758 3427 nostra

2236 3473 2536 3529 infirmitati
2569 3481 2624 3526 et
2667 3471 2954 3542 imperitia:
2993 3469 3220 3541 deputes
3251 3479 3308 3525 et
3335 3469 3474 3541 apud
3506 3466 3758 3524 clementem

2228 3564 2465 3634 judicem
2488 3565 2701 3620 veniam
2731 3563 3010 3634 impetrari
3038 3564 3195 3619 nobis
3221 3578 3324 3633 per
3348 3576 3526 3618 sacras
3545 3559 3759 3615 orationes

548 3655 813 3726 quantum
843 3648 1010 3719 potui,
1036 3656 1092 3703 et
1124 3648 1323 3717 prioris
1354 3646 1478 3704 libri
1511 3650 1924 3718 expositionem,
1952 3647 2131 3702 Ludo-

2237 3658 2482 3723 festines,
2518 3657 2704 3726 sicque
2727 3657 2932 3727 optimo
2960 3656 3204 3726 largitori
3234 3655 3457 3727 dignum
3483 3653 3702 3707 honorem
3721 3653 3758 3699 et

547 3740 669 3810 vico
700 3739 816 3810 regi
842 3738 1066 3806 editam,
1084 3739 1237 3805 dedi;
1267 3740 1540 3810 sequentis
1564 3755 1694 3796 vero
1721 3750 1828 3796 tua;
1857 3739 2131 3796 sanctitati

549 3831 869 3890 tradendum
897 3831 1193 3896 reservavi,
1220 3837 1281 3884 ut
1308 3831 1498 3900 petitio
1527 3839 1618 3886 tua
1646 3847 1754 3888 non
1781 3839 1925 3887 esset
1967 3846 2127 3896 vana,

549 3939 724 3994 neque
767 3922 999 3979 haberes
1055 3937 1141 3976 me
1188 3923 1580 3994 suggillandum
1609 3926 1753 3994 quod
1796 3925 1892 3980 tibi
1920 3925 2132 3995 roganti

551 4013 1019 4082 nolleutconferre
1041 4012 1180 4081 quod
1203 4013 1324 4068 aliis
1345 4015 1514 4082 gratis
1532 4016 1872 4070 contulerim.
1897 4016 2132 4072 Proinde

552 4109 678 4181 quia
695 4109 808 4178 jam
837 4106 1142 4163 confectum
1170 4119 1305 4174 opus
1332 4107 1518 4172 habes,
1546 4115 1702 4162 utere
1727 4123 1792 4162 eo
1814 4109 1958 4164 sicut
1979 4110 2134 4165 decet

552 4216 766 4258 servum
789 4195 989 4258 Christi
1009 4209 1133 4250 cum
1152 4196 1529 4251 communione
1552 4197 1876 4264 multorum;
1907 4207 1962 4254 et
1987 4199 2132 4270 quod

553 4333 1373 4366 Mm.—

2240 3749 2417 3821 fragili
2471 3747 2652 3819 opiﬁci
2702 3757 3065 3819 opportunum
3106 3746 3358 3803 conferes
3388 3743 3635 3800 solatium.
3663 3737 3756 3792 Fra-

2240 3841 2552 3896 ternitatem
2581 3847 2728 3894 tuam
2760 3840 2940 3895 divina
2969 3838 3224 3908 majestas
3255 3837 3526 3910 prosperis
3561 3828 3758 3888 successi-

2239 3935 2341 3990 bus
2364 3933 2656 4003 pollentem
2687 3939 2741 3986 et
2768 3939 2983 3986 aeternae
3011 3931 3366 3986 beatitudinis
3399 3927 3576 4000 gaudia
3602 3935 3753 3995 prome

2241 4031 2450 4079 tentem
2482 4022 2626 4078 omni
2661 4028 2904 4092 tempore
2951 4020 3124 4076 nostri
3170 4032 3471 4076 memorem
3500 4021 3755 4072 conservare

2241 4115 2511 4183 dignetur.

1850 4323 3746 4365 unum

1680 4480 1790 4558 IN
1847 4475 2239 4555 LIBRUM
2297 4472 2732 4553 PRIMUM.

1068 4739 1295 4798 CAPUT
1327 4739 1619 4796 PRIMUM.

557 4809 654 4913 De:
676 4854 978 4912 Alexandro
1004 4851 1116 4923 ﬁlio
1144 4850 1396 4975 Philippi,
1443 4852 1507 4906 de
1541 4852 1798 4905 Antiocho
1827 4850 2004 4905 radice
2023 4867 2145 4921 pec-

627 4929 750 4975 mti-
775 4927 839 4975 de
863 4925 1070 4975 ciuitate
1093 4922 1280 4975 Jeroso
1306 4939 1423 4975 uma
1455 4932 1672 4975 exusta:
1705 4921 1854 4975 multi
1881 4938 1945 4975 ea:
1969 4919 2140 4974 Israel

2274 4734 2371 4774 ens
2391 4738 2403 4772 :
2425 4717 2496 4785 Et
2511 4719 2710 4789 factum
2732 4727 2807 4772 est
2826 4725 3098 4790 postquam
3117 4715 3368 4788 percussit
3383 4707 3659 4769 Alexander,
3671 4709 3746 4790 etcf

2241 4811 2311 4866 Et
2344 4788 2578 4882 namque
2619 4825 2799 4867 sermo
2825 4788 3220 4879 coniunctionis
3245 4818 3347 4876 est,
3378 4815 3432 4864 et
3454 4803 3629 4860 scimus
3646 4788 3748 4864 quod

625 4891 654 4912 μ
722 4891 738 4909 .
807 4891 977 4910 mm...
1024 4891 1116 4908 ...υ
1144 4891 1167 4904 .
1359 4891 1374 4906 .
1443 4891 1506 4906 ..υ
1541 4891 1796 4905 ..,...υν..ν
1829 4891 2001 4905 ,πων
2058 4891 2112 4905 νυ

625 4891 839 4994 catilina
863 4891 1070 4980 ciaitdte
1093 4891 1423 4993 Ιενοδοῖξιςηά
1455 4932 1672 4994 exusta;
1705 4921 1949 4994 multis;
1969 4891 2137 4994 Istrael

2245 4920 2351 4960 non
2376 4904 2722 4975 conjungitur
2745 4920 2923 4959 sermo
2947 4905 3282 4973 subsequens
3309 4901 3409 4958 nisi
3423 4891 3629 4955 sermoni
3650 4897 3748 4958 ΡΨ

625 4989 998 5054 consenserunt
1042 4995 1209 5051 edicto
1261 4989 1396 5063 regis
1444 4991 1792 5060 sacriﬁcando
1819 4991 1977 5045 idolis
2007 5007 2025 5045 :
2056 4989 2141 5046 lea:

627 5080 812 5123 exusta
837 5076 932 5132 est,
957 5064 1110 5119 multi
1137 5080 1201 5119 ea:
1228 5063 1400 5118 Israel
1439 5063 1792 5116 trucidantur.

630 5160 700 5237 Et
731 5181 927 5252 factum
981 5189 1075 5244 est,
1107 5187 1382 5249 postquam
1410 5176 1706 5231 Alexander
1751 5173 1984 5246 Philippi
2017 5173 2142 5230 Ma-

561 5273 703 5341 cedo,
737 5273 827 5345 qui
873 5272 1074 5342 primus
1120 5271 1349 5341 regnavit
1402 5269 1458 5322 in
1510 5266 1740 5333 Graecia,
1795 5284 2030 5339 egressus
2078 5267 2142 5322 de

561 5378 701 5423 terra
744 5363 966 5432 Cethim,
1033 5365 1285 5435 percussit
1335 5361 1561 5417 Darium
1608 5378 1775 5432 regem
1832 5359 2141 5429 Persarum,

564 5458 826 5516 constituit
855 5457 1039 5530 ρτίειὶα
1088 5456 1274 5512 multa.
1303 5455 1520 5511 Initium
1547 5455 1670 5511 libri
1712 5454 2143 5510 Machabaeorum

565 5550 738 5606 simile
783 5559 866 5606 est
907 5549 1170 5620 principio
1216 5549 1341 5603 libri
1369 5548 1667 5604 Ezechielis
1711 5549 2010 5618 prophetat,
2054 5547 2145 5604 ubi

566 5643 828 5714 scriptum
876 5651 961 5698 est
992 5657 1007 5697 :
1037 5642 1105 5696 Et
1138 5642 1335 5712 factum
1365 5653 1440 5696 est
1484 5645 1540 5696 in
1585 5643 1853 5712 trigesimo
1896 5657 2059 5706 anno,
2089 5641 2147 5694 in

565 5743 751 5805 quarto
786 5750 982 5798 mense,
1009 5740 1114 5787 etc.
1149 5731 1304 5787 Unde
1327 5733 1563 5801 primum
1603 5733 1760 5787 nobis
1785 5731 2013 5801 quaestio
2038 5731 2150 5787 ori-

568 5834 658 5882 tur
678 5826 844 5883 curis
866 5825 958 5899 qui
985 5826 1160 5882 adhuc
1183 5823 1317 5880 nihil
1339 5824 1568 5894 dixerat,
1598 5827 1674 5882 ita
1699 5840 1926 5884 exorsus
1945 5835 2049 5892 est,
2068 5822 2155 5881 di-‘

2247 4999 2492 5064 cedenti;
2520 5000 2610 5069 qui
2641 5014 2771 5070 ergo
2800 4996 2937 5052 nihil
2961 4997 3194 5061 dixerat,
3217 5011 3314 5052 cur
3338 4993 3461 5051 dicit
3489 5007 3501 5044 :
3525 4986 3583 5042 Et
3600 4982 3746 5070 factum

2248 5100 2344 5157 est,
2375 5106 2498 5145 cum
2527 5107 2634 5145 non
2666 5069 2738 5145 sit
2759 5103 2940 5145 sermo
2965 5089 3052 5144 cui
3089 5089 3191 5143 hoc
3210 5087 3353 5157 quod
3383 5079 3554 5150 incipit
3579 5069 3745 5138 sobi‘m'

2250 5181 2450 5252 gatur?
2479 5181 2596 5248 Qua
2622 5182 2676 5235 in
2706 5195 2764 5235 re
2801 5180 3122 5234 intuendum
3151 5187 3235 5236 est
3261 5178 3382 5248 quia
3410 5173 3537 5229 sicut
3561 5177 3642 5221 nos
3661 5168 3746 5211 cor-

2249 5251 2477 5344 poralia,
2505 5273 2584 5327 sic
2611 5273 2888 5342 prapheta:
2912 5279 2969 5326 et
2997 5272 3288 5342 scriptores
3325 5268 3596 5325 divinorum
3622 5251 3743 5306 libro'

2253 5383 2373 5424 rum
2419 5383 2577 5422 sensu
2616 5366 2916 5436 spiritualia
2946 5367 3234 5436 aspiciunt,
3276 5366 3454 5434 eisque
3479 5365 3526 5414 et
3550 5353 3625 5409 illa
3657 5345 3744 5400 sum

2248 5459 2535 5531 praesentia
2564 5473 2686 5528 qua:
2708 5466 2905 5512 nostrae
2931 5457 3246 5527 ignorantiae
3274 5451 3500 5511 absentia
3523 5443 3737 5535 videntur

2247 5526 2390 5606 unde
2426 5550 2486 5604 ﬁt
2511 5526 2652 5604 utin
2678 5558 2862 5604 mente
2888 5526 3275 5619 prophetarum
3298 5548 3370 5601 ita
3398 5539 3639 5610 conjuncta
3661 5526 3737 5622 Silil

2251 5641 2613 5696 exterioribus
2655 5640 2938 5706 interiora,
2971 5649 3238 5709 quatenus
3285 5633 3433 5693 simul
3478 5631 3664 5692 utraque
3684 5627 3736 5709 τις

2250 5734 2435 5797 deant,
2490 5731 2755 5802 simulque
2803 5733 2857 5786 in
2887 5732 2968 5788 eis
2989 5697 3100 5786 .ﬁat
3146 5740 3202 5786 et
3235 5733 3374 5786 intus
3413 5722 3601 5780 verbum
3635 5697 3736 5777 (ῐυοδ

2252 5827 2494 5892 audiunt,
2552 5834 2606 5880 et
2655 5825 2788 5881 foris
2839 5827 2984 5897 quod
3031 5825 3235 5883 dicunt.
3278 5825 3425 5882 Patet
3454 5815 3590 5888 igitur
3614 5803 3731 5859 causa
