4028 6494
249 400 387 457 “29

968 384 1319 450 COMMENT.
1360 386 1425 440 IN
1463 383 1710 438 LIBROS
1753 379 2318 438 .‘yi.~\(2IIAB.EORUM.
2360 411 2430 422 —-
2466 379 2532 437 IN
2569 378 2696 437 LIB.
2737 379 2776 434 I.

3366 378 3504 436 H50

249 527 346 565 cur
391 508 480 578 qui
536 504 665 558 nihil
697 504 910 556 dixerat
961 499 1234 555 inchoavit
1276 498 1460 552 dicens
1491 515 1502 548 :
1534 495 1596 548 Et
1627 495 1823 564 factum
1857 499 1903 558 Α
1932 504 2164 564 gentem,
2203 495 2256 550 in
2304 496 2627 550 deditionem
2656 497 2894 564 accepit;
2923 495 3303 552 Callisthenem
3335 495 3514 569 philo-

248 611 358 663 est;
387 595 578 651 deinde
603 592 906 662 subjungit:
929 590 1215 658 Postquam
1244 589 1496 658 percussit
1526 587 1828 641 Alexander

249 694 482 764 Philippi
526 690 766 755 Macedo,
817 689 907 762 qui
953 689 1152 759 primus
1207 687 1436 758 regnavit
1485 687 1539 738 in
1600 681 1826 748 σταδαῖα,

249 802 484 859 egressus
507 784 570 838 de
595 793 734 838 terra
769 779 993 846 Cethim,
1025 779 1246 833 Darium
1279 777 1562 831 Persarum
1590 792 1756 846 regem
1781 784 1830 827 et

249 879 549 936 Medorum.
567 873 1151 946 ItaqueAlexandrum,
1175 870 1405 938 Philippi
1427 877 1479 923 et
1499 869 1832 940 Olympiadis

249 970 441 1038 ﬁlium,
473 970 693 1025 Darium
715 983 898 1039 regem
931 967 1219 1021 Persarum
1253 974 1415 1033 atque
1437 962 1710 1017 Medorum
1734 978 1830 1016 oc-

247 1061 447 1118 cidisse
494 1055 1102 1115 omnibusmanifestum
1141 1061 1246 1109 est.
1281 1052 1436 1120 Quod
1463 1060 1516 1107 et
1560 1051 1745 1106 Daniel
1774 1051 1826 1104 in

245 1151 457 1206 visione
484 1165 603 1215 sua,
627 1163 734 1220 qua
761 1147 972 1202 hircum
1001 1159 1292 1215 caprarum
1315 1144 1542 1198 arietem
1569 1141 1835 1196 ventilan-

248 1248 358 1296 tem
387 1239 644 1295 cornibus
661 1237 986 1293 contrivisse
1007 1233 1284 1297 describit,
1312 1234 1592 1288 evidenter
1616 1247 1837 1303 expres-

248 1335 340 1390 sit.
371 1331 479 1388 Sed
521 1332 780 1403 quaeritur
824 1329 1095 1400 quomodo
1123 1328 1336 1383 dicatur
1361 1326 1669 1382 Alexander
1721 1325 1824 1395 pri-

251 1444 376 1485 tuus
402 1441 658 1498 regnasse
681 1425 736 1480 in
765 1423 996 1487 Graecia,
1027 1437 1150 1476 cum
1177 1421 1332 1475 multi
1359 1421 1556 1475 ibidem
1581 1421 1634 1475 in
1661 1420 1838 1475 diver-

249 1521 326 1577 sis
354 1519 487 1574 locis
509 1526 638 1572 ante
662 1531 919 1588 regnasse
948 1516 1322 1584 reperiantur;
1354 1513 1524 1568 multo
1545 1514 1689 1568 enim
1711 1521 1838 1568 ante

248 1612 486 1686 Argivis,
506 1611 949 1676 Atheniensibus,
981 1609 1425 1673 Lacedaemoniis,
1463 1607 1758 1663 Corinthiis
1787 1616 1842 1662 et

248 1705 416 1777 Lydis
437 1718 590 1774 reges
619 1703 970 1774 praefuerunt.
1004 1701 1112 1756 Nec
1141 1716 1268 1754 vero
1301 1700 1354 1754 in
1391 1698 1700 1753 Macedonia
1731 1697 1842 1766 pri-

249 1813 373 1853 mus
411 1812 507 1852 rex
556 1795 860 1851 Alexander
909 1808 1027 1848 esse
1073 1791 1365 1855 invenitur,
1405 1789 1499 1844 sed
1549 1788 1840 1842 vicesimus

1933 589 2182 656 sophum,
2223 587 2430 656 sibique
2480 587 2620 656 apud
2667 586 3011 641 Aristotelem
3060 587 3512 660 condiscipulum,

1934 695 2057 732 cum
2087 679 2335 748 plurimis
2359 678 2478 732 aliis
2507 677 2859 749 principibus,
2891 679 3034 749 quod
3086 695 3232 745 eum,
3271 681 3518 753 deposito

1935 770 2198 824 salutandi
2229 783 2398 834 more,
2448 777 2504 823 ut
2533 770 2805 823 dominum
2838 785 2944 824 non
2996 770 3270 837 adoraret,
3291 773 3512 828 occidit.

1934 862 2063 917 Post
2093 863 2424 917 breclndiam
2461 861 2614 932 petit,
2651 869 2709 915 ut
2740 861 2954 916 Oceano
2983 861 3277 934 ultimoque
3298 861 3520 921 Oriente

1936 955 2116 1010 finiret
2145 955 2448 1024 imperium,
2482 953 2667 1010 Nisam
2693 956 2880 1009 urbem
2913 955 3063 1018 adiit,
3090 955 3335 1011 Dzedalos
3363 972 3516 1010 mon-

1937 1056 2036 1110 tes,
2067 1062 2338 1117 regnaque
2393 1045 2700 1117 Cleophidis
2745 1045 2897 1118 [Ms.,
2947 1046 3260 1120 Deopbylis]
3318 1048 3519 1120 reginae

1937 1138 2294 1210 expugnavit;
2322 1153 2588 1207 quaecum
2629 1153 2688 1192 se
2729 1138 2982 1201 dedisset,
3028 1139 3320 1193 concubitu
3372 1139 3521 1210 regio

1940 1243 2162 1299 regnum
2191 1228 2436 1284 redemit.
2464 1222 2755 1300 Peragrata
2781 1229 3195 1300 perdomitaque
3215 1229 3521 1285 Alexander

1938 1320 2106 1386 India,
2131 1336 2256 1398 cum
2285 1320 2352 1374 ad
2375 1335 2563 1375 saxum
2593 1322 2742 1375 mira:
2765 1321 3075 1391 asperitatis
3103 1329 3158 1375 et
3190 1321 3522 1386 altitudinis,

1942 1412 1997 1466 in
2017 1410 2160 1482 quod
2189 1411 2340 1466 multi
2393 1411 2571 1482 populi
2619 1410 2994 1484 confugerant,
3029 1412 3388 1483 pervenisset,
3425 1429 3520 1467 co-

1942 1503 2124 1574 gnovit
2175 1502 2459 1558 Ilerculem
2505 1504 2572 1558 ab
2624 1503 3022 1576 impugnatione
3075 1503 3520 1578 [expugnatione]

1942 1595 2181 1666 ejusdem
2230 1597 2344 1651 saxi
2399 1605 2709 1652 terr-.emotu
2762 1597 3118 1668 prohibitum.
3162 1596 3528 1654 [Emulatione

1943 1700 2240 1759 permotus,
2271 1700 2330 1745 ut
2372 1689 2618 1746 Herculis
2660 1698 2776 1744 acta
2829 1698 3133 1760 superaret,
3162 1705 3286 1744 cum
3316 1706 3529 1746 summo

1945 1781 2128 1837 labore
2173 1799 2238 1838 ac
2293 1783 2531 1854 periculo
2570 1798 2702 1838 saxo
2753 1783 2976 1852 potitus,
3022 1796 3212 1837 omnes
3264 1781 3366 1836 loci
3414 1781 3530 1850 ejus

250 1900 478 1963 quartus
507 1907 522 1944 :
553 1889 762 1961 primus
809 1903 902 1942 rex
955 1886 1100 1939 enim
1165 1882 1517 1937 Macedonum
1564 1879 1844 1935 Caraunus
1874 1872 1918 1932 Β
1946 1883 2132 1942 gentes
2163 1875 2216 1928 in
2246 1875 2572 1929 deditionem
2603 1875 2832 1944 accepit.
2867 1872 3002 1928 Cum
3045 1872 3208 1938 Poro,
3233 1871 3530 1928 fortissimo

250 1990 394 2046 erat,
425 1994 490 2035 eo
514 1987 754 2048 tempore
776 1992 882 2048 quo
927 1975 1273 2030 Hebrarorum
1307 1971 1442 2026 Juda
1465 1972 1712 2036 Azarias,
1747 1971 1839 2040 qui

249 2082 308 2128 et
353 2072 532 2136 Ozias,
581 2086 677 2124 rex
716 2067 814 2122 fuit
867 2065 988 2138 (ΙΙΙ
1045 2064 1173 2135 Reg.
1231 2067 1356 2133 xu),
1397 2071 1452 2116 et
1493 2063 1841 2117 Hebraeorum

248 2162 419 2219 Israel
444 2176 538 2215 rex
565 2158 852 2214 Jeroboam
889 2155 974 2228 (11
1006 2155 1138 2209 Par.
1169 2154 1340 2224 xxvr).
1376 2151 1690 2206 Latinorum
1719 2166 1846 2220 quo-

251 2267 360 2322 que
387 2249 586 2303 Procas
631 2247 865 2318 Sylvius,
899 2254 955 2300 et
989 2242 1520 2298 Lacedaemoniorum
1565 2241 1844 2297 Calcame-

250 2357 374 2404 nes,
416 2338 930 2406 Corinthiorumque
962 2334 1292 2398 Alexander,
1330 2341 1384 2387 et
1424 2331 1843 2388 Atheniensium

251 2432 572 2503 Thespites;
604 2429 700 2485 sed
719 2429 840 2484 ideo
861 2427 1070 2497 primus
1092 2440 1348 2497 regnasse
1376 2425 1575 2480 dicitur
1601 2425 1657 2480 in
1688 2424 1842 2480 Grae-

251 2524 341 2580 cia
368 2522 692 2585 Alexander,
720 2520 847 2590 quia
871 2517 1083 2573 caeteris
1109 2517 1324 2588 regibus
1351 2523 1510 2571 antea
1541 2517 1595 2571 in
1621 2517 1846 2586 singulis

249 2616 503 2688 partibus
545 2614 914 2686 regnantibus,
959 2613 1163 2682 primus
1202 2610 1318 2680 ipse
1369 2619 1424 2665 et
1469 2609 1616 2666 solus
1642 2611 1695 2664 in
1736 2620 1844 2666 tota

250 2706 469 2764 Graecia
525 2705 790 2777 regnavit.
837 2702 974 2758 Nam
1012 2703 1287 2757 subversis
1311 2701 1532 2767 Thebis,
1574 2703 1629 2756 in
1653 2701 1850 2757 Persas

254 2814 414 2855 arma
461 2797 763 2867 corripiens
792 2793 936 2866 apud
973 2792 1219 2864 Gangem
1256 2792 1477 2848 ﬂuvium
1514 2793 1650 2847 inito
1675 2803 1850 2848 certa-

249 2890 407 2946 mine
434 2887 581 2942 Darii
609 2885 774 2941 duces
801 2884 1092 2955 superavit,
1122 2893 1177 2938 et
1223 2883 1293 2937 ad
1326 2892 1629 2938 extremum
1674 2885 1849 2953 ipsum

249 2979 534 3052 percussit
559 2976 805 3040 arietem,
833 2982 888 3028 et
914 2973 1022 3028 duo
1050 2971 1166 3040 ejus
1188 2987 1390 3026 cornua
1427 2972 1714 3044 confregit,
1749 2972 1854 3028 Me-

253 3071 362 3126 dos
393 3083 456 3124 ac
497 3067 712 3131 Persas,
763 3064 1017 3133 misitque
1069 3078 1193 3117 eum
1224 3063 1325 3118 sub
1377 3062 1603 3134 pedibus
1646 3065 1758 3120 suis
1800 3073 1856 3140 et

257 3163 518 3230 utrinque
548 3174 715 3214 cornu
749 3173 848 3212 suo
881 3155 1188 3226 subjugavit
1218 3155 1463 3224 imperio.
1489 3155 1642 3220 Quod
1671 3164 1853 3210 autem

1949 1963 2201 2018 Indorum
2229 1981 2372 2037 rege,
2408 1966 2848 2020 cruentissimum
2875 1963 3072 2020 bellum
3097 1966 3283 2036 gessit.
3315 1965 3529 2028 Postea,

1946 2075 2068 2114 cum
2095 2059 2397 2114 Orientales
2441 2059 2668 2130 populos
2733 2059 3069 2132 singularum
3123 2060 3531 2131 provinciarum

1947 2166 2054 2204 non
2091 2151 2208 2206 sine
2247 2158 2471 2206 cruenta
2502 2151 2726 2206 victoria
2754 2151 3008 2221 cepisset,
3038 2152 3353 2207 conscensis
3381 2152 3532 2206 navi-

1946 2244 2068 2308 bus,
2100 2260 2222 2299 cum
2251 2244 2452 2301 Oceani
2481 2245 2661 2299 littora
2689 2253 3022 2315 peragraret,
3045 2245 3114 2300 ad
3137 2245 3326 2300 urbem
3347 2259 3537 2314 quam-

1948 2335 2070 2388 dam
2107 2335 2192 2390 cui
2237 2335 2495 2408 Ambiger
2521 2335 2791 2408 [Ambira]
2845 2351 2942 2391 rex
2984 2344 3238 2407 praterat,
3266 2335 3534 2406 pervenit.

1950 2422 2057 2478 Sed
2098 2425 2151 2478 in
2180 2425 2578 2496 expugnatione
2599 2425 2839 2480 civitatis
2866 2441 3116 2497 magnam
3145 2434 3356 2497 partem
3383 2440 3540 2482 exer-

1949 2516 2090 2570 citus
2122 2517 2332 2586 sagittis
2355 2516 2614 2582 hostium,
2642 2531 2851 2572 veneno
2881 2517 3048 2582 illitis,
3083 2517 3301 2582 amisit;
3334 2532 3398 2572 ac
3416 2521 3544 2588 post

1949 2607 2116 2662 herba
2145 2623 2265 2677 quae
2303 2623 2402 2678 per
2425 2623 2675 2664 somnum
2709 2608 3026 2681 [somnium]
3050 2609 3154 2665 sibi
3183 2617 3400 2665 ostensa
3432 2615 3538 2676 est,

1951 2700 2006 2755 in
2033 2710 2219 2772 potum
2248 2702 2447 2757 sauciis
2463 2702 2608 2768 data,
2625 2719 2750 2758 cum
2773 2702 2996 2773 reliquis
3018 2703 3418 2767 subveniretur,
3443 2719 3520 2757 ur-

1951 2795 2074 2849 bem
2120 2795 2446 2866 expugnavit
2490 2803 2546 2851 et
2591 2796 2754 2867 cepit.
2789 2795 3082 2866 Postquam
3117 2796 3321 2851 circum
3363 2803 3538 2850 actam

1955 2882 2109 2956 [Post
2139 2887 2292 2956 quasi
2317 2887 2644 2941 circumacta
2670 2885 2835 2958 meta]
2868 2887 2935 2942 ad
2962 2886 3237 2942 Oceanum
3267 2895 3321 2942 et
3347 2885 3537 2940 Indum

1955 2975 2153 3033 llunien
2205 2978 2498 3048 ingressus,
2549 2978 2901 3051 Babyloniam
2951 2980 3205 3035 celeriter
3235 2979 3412 3042 rediit,
3451 2979 3542 3034 ubi

1957 3088 2080 3128 eum
2111 3089 2233 3129 cum
2255 3074 2639 3128 exterritarum
2662 3074 2829 3130 totius
2858 3075 3008 3129 orbis
3033 3073 3434 3144 provinciarum
3462 3072 3542 3128 Ie-

1959 3163 2068 3234 gati
2090 3171 2490 3233 exspectarent,
2521 3166 2622 3219 hoc
2644 3173 2730 3220 est
2753 3159 3260 3236 Carthaginiensium
3291 3173 3346 3220 et
3379 3163 3545 3219 totius

260 3252 463 3306 dicitur
492 3264 726 3319 egressus
752 3247 816 3303 de
840 3245 1037 3301 Cethim
1059 3285 1074 3310 ,
1105 3245 1170 3299 de
1194 3245 1308 3315 ipsa
1332 3243 1540 3300 Graecia
1564 3247 1848 3316 significat.
1881 3246 1926 3308 C
1956 3253 2155 3309 Africa:
2182 3255 2483 3321 civitatum,
2507 3257 2601 3310 sed
2629 3265 2684 3311 et
2704 3255 3092 3326 Hispanorum,
3121 3255 3421 3322 Gallorum,
3451 3254 3512 3310 Si
3535 3285 3541 3290 -

265 3343 478 3398 Setbim
507 3341 652 3395 enim
676 3338 779 3392 fuit
808 3341 874 3392 de
897 3336 1130 3408 posteris
1160 3334 1294 3401 Noe,
1331 3337 1434 3392 hoc
1459 3346 1563 3402 est,
1593 3338 1732 3391 filius
1761 3337 1856 3392 Ja-

263 3454 391 3499 van,
420 3436 514 3490 lilii
535 3434 751 3505 Japhet,
781 3433 874 3487 ﬁlii
907 3431 1040 3496 Noe,
1070 3439 1126 3486 et
1146 3430 1468 3486 Sitammam
1502 3429 1654 3504 [Ms.,
1687 3431 1860 3486 Cithi-

267 3527 419 3600 man]
453 3526 683 3582 insulam
719 3525 927 3590 habuit,
961 3539 1082 3594 qua:
1117 3539 1265 3578 nunc
1303 3523 1504 3578 dicitur
1532 3523 1768 3594 Cyprus,
1800 3531 1861 3578 ut

265 3621 534 3690 Josephus
559 3620 718 3675 testis
747 3627 849 3683 est,
881 3626 935 3672 et
962 3619 1030 3671 ab
1060 3632 1124 3671 ea
1163 3630 1353 3670 omnes
1387 3615 1579 3668 insula:
1610 3623 1664 3668 et
1693 3615 1860 3667 mari-

268 3714 401 3768 tima
434 3712 550 3766 loca
601 3708 799 3764 Cet/tim
852 3693 1118 3762 Hebraice
1165 3705 1537 3760 nominantur.
1588 3703 1859 3776 Legamus

267 3803 532 3860 Varronis
559 3801 625 3856 de
651 3798 1078 3868 Antiquitatibus
1111 3796 1282 3852 libros
1335 3805 1391 3851 et
1435 3795 1658 3850 Sisinnii
1701 3795 1863 3865 Capi-

267 3895 414 3952 tonis
446 3903 500 3950 et
519 3893 768 3950 Graecum
796 3891 1056 3962 Flegonta
1097 3899 1435 3959 ceterosque
1461 3888 1861 3944 eruditissimos

267 3989 438 4053 viros,
476 3994 531 4042 et
549 3986 852 4040 videbimus
877 3999 1066 4038 omnes
1095 3997 1234 4052 pene
1257 3981 1463 4037 insulas
1489 3989 1544 4035 et
1576 3982 1744 4035 totius
1767 3996 1861 4036 or-

269 4080 358 4135 bis
389 4078 571 4132 littora
605 4084 661 4130 et
715 4083 890 4130 terras
923 4074 1057 4129 mari
1094 4073 1304 4128 vicinas
1345 4090 1376 4126 a
1423 4071 1630 4128 Graecis
1660 4073 1863 4128 accolis

269 4182 584 4244 occupatas,
617 4172 710 4243 qui
759 4173 828 4227 ab
855 4171 1064 4225 Amano
1091 4169 1245 4242 [Ms.,
1275 4168 1542 4242 Damano]
1590 4179 1646 4224 et
1684 4169 1864 4224 Tauro

269 4266 548 4323 montibus
593 4264 774 4319 omnia
818 4263 1090 4317 maritima
1135 4262 1249 4317 loca
1280 4277 1449 4332 usque
1490 4263 1558 4316 ad
1585 4259 1863 4317 Oceanum

270 4355 564 4429 possedere
591 4353 980 4409 Britannicum.

347 4447 650 4513 Constituit,
687 4447 884 4516 inquit,
936 4444 1120 4517 prwlia
1150 4443 1342 4509 multa,
1365 4451 1415 4498 et
1443 4445 1677 4498 omnium
1731 4443 1866 4498 obti-

273 4541 392 4594 nuit
414 4538 747 4603 munitiones,
767 4547 813 4590 et
828 4535 1082 4606 interfecit
1099 4551 1239 4605 reges
1266 4544 1437 4598 terrm,
1457 4546 1502 4588 et
1524 4536 1717 4606 accepit
1744 4550 1864 4604 spo-

1961 3343 2096 3398 ciliae
2135 3345 2524 3416 Sardiniaeque,
2569 3346 2812 3417 plurimae
2843 3356 3102 3418 praeterea
3147 3356 3332 3419 partes
3353 3347 3543 3404 Italiat.

1961 3433 2166 3488 Tantus
2195 3435 2355 3490 timor
2380 3435 2434 3490 in
2470 3452 2682 3492 summo
2711 3435 2932 3492 Oriente
2958 3438 3238 3493 constituti
3266 3437 3419 3493 ducis
3443 3454 3542 3508 po-

1960 3526 2115 3596 pulos
2138 3527 2308 3582 ultimi
2332 3528 2638 3584 Occidentis
2660 3529 2954 3594 invaserat,
2985 3538 3046 3584 ut
3069 3530 3192 3585 inde
3206 3531 3547 3602 peregrinam

1961 3634 2214 3675 cerneres
2264 3629 2375 3676 toto
2403 3620 2603 3678 mundo
2647 3621 2996 3692 legationem,
3025 3636 3133 3692 quo
3162 3621 3252 3676 vix
3294 3621 3550 3677 crederes

1959 3711 2273 3780 pervenisse
2323 3726 2630 3778 rumorem;
2663 3711 2806 3766 unde
2850 3711 2988 3768 bene
3012 3711 3272 3782 scriptum
3319 3718 3403 3768 est
3437 3729 3450 3764 :
3481 3711 3548 3765 Et

1961 3799 2104 3855 siluit
2125 3810 2264 3854 terra
2283 3801 2339 3856 in
2367 3811 2642 3872 conspectu
2669 3803 2804 3874 ejus,
2833 3803 2962 3874 quia
2991 3802 3172 3859 nullus
3202 3803 3251 3858 ei
3276 3803 3542 3860 rebellare

1964 3891 2212 3947 audebat.

2033 3980 2103 4035 Et
2131 3984 2456 4053 congregavit
2481 3985 2722 4040 virtutem
2746 3994 2794 4040 et
2816 3987 3102 4040 exercitum
3149 3986 3336 4056 fortem
3364 4003 3543 4041 nimis.

1962 4067 2198 4126 Devictis
2241 4072 2442 4142 ubique
2489 4074 2737 4145 gentibus
2759 4075 2998 4144 undique
3029 4076 3309 4132 thesauros
3341 4083 3397 4130 et
3419 4091 3551 4146 opes

1963 4179 2151 4218 earum
2180 4165 2484 4220 Alexander
2505 4167 2743 4232 abstulit,
2782 4169 2925 4223 unde
2954 4185 3020 4223 eo
3050 4179 3264 4225 mortuo
3287 4171 3550 4228 satellites

1965 4261 2125 4324 atque
2156 4255 2352 4310 milites
2375 4257 2492 4327 ejus
2521 4266 2743 4328 propter
2763 4273 2925 4328 opum
2951 4261 3374 4330 magnitudinem
3412 4278 3550 4332 quas

1965 4353 2316 4414 congregatas
2337 4347 2593 4411 habebat,
2620 4362 2685 4401 ac
2713 4345 2782 4401 ob
2809 4351 3104 4417 potentiam
3133 4351 3306 4421 regni,
3329 4353 3396 4406 ab
3415 4352 3551 4407 invi-

1964 4449 2080 4490 cem
2103 4436 2512 4503 dissentiebant,
2527 4438 2666 4493 sicut
2683 4437 2970 4509 Pompeius
2984 4440 3192 4512 Trogus
3211 4441 3436 4512 ejusque
3450 4443 3548 4498 ab-

1963 4527 2237 4582 breviator
2253 4526 2496 4585 Justinus
2519 4529 2572 4584 in
2595 4529 2746 4585 libris
2761 4530 3120 4587 Historiarum
3134 4549 3355 4589 suarum
3367 4544 3550 4590 osten-

275 4631 353 4685 lia
374 4628 723 4684 multitudinis
771 4627 1022 4699 gentium,
1063 4639 1112 4681 et
1158 4625 1302 4681 siluit
1335 4635 1476 4680 terra
1507 4626 1563 4680 in
1587 4637 1864 4693 conspectu
1889 4606 1944 4667 Ῑ)
1969 4617 2134 4684 dunt,
2166 4620 2465 4675 scribentes
2499 4622 2662 4691 quod,
2696 4622 2949 4678 defuncto
2986 4623 3316 4690 Alexandro,
3341 4626 3396 4681 in
3430 4629 3550 4682 the-

275 4721 413 4792 ejus.
438 4718 578 4789 Ergo
597 4718 902 4774 Alexander
925 4716 1170 4786 Magnus,
1188 4717 1329 4772 sicut
1352 4717 1574 4771 tradunt
1598 4717 1866 4783 historici,

276 4819 405 4882 post
459 4808 601 4863 Darii
639 4817 866 4862 mortem
923 4807 1250 4877 Hyrcaniam
1313 4806 1656 4876 Macidosque
1712 4805 1865 4879 [Λίδη

281 4901 562 4973 Hyrcanos
591 4916 654 4956 ac
689 4899 1118 4972 Gyrodomanos]
1154 4900 1396 4970 subegit;
1439 4907 1563 4971 post
1592 4901 1707 4954 haec
1736 4898 1869 4954 Par-

283 4995 500 5047 thorum
524 5006 759 5061 pugnam
790 5007 1075 5061 aggressus
1117 5000 1222 5056 est,
1269 5006 1404 5061 quos
1443 4991 1532 5046 diu
1575 4992 1871 5047 renitentes

281 5083 483 5138 delevit
514 5084 902 5152 propemodum
939 5091 1227 5153 antequam
1275 5083 1426 5138 vicit.
1475 5082 1600 5136 Inde
1630 5083 1872 5138 Thraces

283 5170 576 5246 {Drangas}
609 5171 917 5242 Evergetes,
959 5172 1242 5244 Parymas,
1274 5173 1722 5238 Parxammenos,
1769 5174 1872 5244 Ily-

285 5263 503 5333 daspios
532 5274 867 5332 caaterosque
914 5263 1139 5334 populos
1184 5264 1276 5334 qui
1313 5263 1368 5317 in
1408 5261 1637 5320 Caucasi
1687 5263 1869 5318 radice

283 5353 638 5410 morabantur
698 5354 931 5426 subegit,
989 5355 1121 5410 urbe
1177 5356 1248 5410 ibi
1302 5353 1632 5410 Alexandria
1703 5369 1868 5424 super

287 5461 504 5501 amnem
527 5444 754 5500 Tanaim
807 5449 1118 5502 constituta.
1163 5448 1268 5503 Sed
1317 5448 1540 5502 humani
1589 5449 1866 5520 sanguinis

289 5539 741 5605 inexsaturabilis,
768 5541 881 5595 sive
929 5542 1182 5606 hostium,
1217 5541 1330 5595 sive
1372 5543 1538 5596 etiam
1568 5545 1863 5607 sociorum,

289 5636 560 5682 recentem
605 5639 786 5684 tamen
845 5645 1056 5699 semper
1099 5630 1313 5684 sitiebat
1362 5647 1630 5687 cruorem.
1684 5631 1867 5700 Itaque

287 5717 552 5784 pertinaci
587 5719 787 5788 impetu
814 5719 868 5773 in
918 5720 1056 5775 bella
1084 5737 1411 5791 procurrens
1449 5721 1776 5778 Cherasinos
1811 5731 1867 5777 et

293 5807 492 5864 Dracas
541 5809 692 5882 [Ms.,
743 5811 1101 5868 Choroasinos
1153 5824 1208 5870 et
1254 5815 1497 5888 Aciatos]
1551 5817 1866 5873 indomitam

686 5903 958 5966 PATROL.
1003 5907 1162 5968 CIX.

1973 4711 2150 4766 sauris
2175 4710 2290 4780 ejus
2334 4713 2724 4785 quinquaginta
2755 4715 2922 4770 millia
2955 4717 3157 4772 talenta
3201 4719 3317 4773 auri
3343 4728 3553 4790 reperta

1973 4808 2116 4866 sunt,
2165 4811 2219 4857 et
2246 4803 2299 4858 in
2345 4820 2524 4859 annuo
2570 4805 2848 4878 vectigalis
2879 4807 3080 4863 tributo
3117 4809 3320 4864 tricena
3361 4810 3550 4866 millia.

1972 4890 2215 4962 Denique
2266 4893 2590 4959 Alexander,
2645 4896 2786 4950 inter
2831 4897 3070 4966 pericula
3116 4898 3422 4969 praeliorum
3463 4901 3555 4956 Dei

1974 4990 2107 5036 nutu
2136 4992 2402 5047 servatus,
2435 4983 2502 5038 ad
2531 4994 2830 5040 extremum
2859 5001 2983 5041 cum
3027 4987 3084 5041 in
3123 4987 3396 5060 Babylone
3421 4990 3556 5046 urbe

1974 5085 2298 5140 moraretur,
2323 5092 2420 5146 per
2449 5077 2673 5140 insidias
2704 5077 2980 5132 Medorum
3023 5077 3340 5136 interfectus
3370 5089 3474 5145 est,
3502 5089 3558 5136 et

1975 5167 2210 5222 maxime
2248 5167 2480 5223 factione
2507 5169 2806 5237 Antipatris
2832 5170 2984 5226 ducis
3008 5168 3142 5239 ejus,
3172 5171 3263 5242 qui
3293 5188 3392 5243 per
3422 5171 3554 5228 Cas-

1973 5261 2228 5316 sandrum
2276 5262 2443 5317 filium
2496 5279 2650 5318 suum
2683 5279 2806 5318 eum
2853 5280 3065 5322 veneno
3105 5267 3386 5334 exstinxit,
3416 5270 3556 5325 sicut

1971 5340 2260 5422 praedictus
2278 5354 2562 5424 Pompeius
2583 5354 2792 5426 Trogus
2814 5366 3021 5424 narrat,
3053 5359 3238 5415 dicens
3263 5363 3406 5432 quod
3430 5378 3554 5418 cum

1975 5445 2298 5516 Babylonem
2330 5448 2614 5502 revertenti
2659 5447 2954 5523 [reversus]
3005 5452 3186 5506 multis
3215 5451 3404 5509 diebus
3443 5455 3556 5510 otio

1975 5539 2137 5602 datis,
2178 5539 2542 5592 intermissum
2569 5539 2696 5594 olim
2731 5542 3038 5597 convivium
3084 5543 3311 5600 solerter
3337 5544 3557 5618 [solem-

1976 5631 2139 5702 niler]
2190 5631 2496 5686 Alexander
2531 5632 2863 5700 institueret,
2913 5643 3162 5708 totusque
3212 5638 3266 5692 in
3314 5637 3552 5692 lanitium

1974 5721 2174 5777 effusus
2201 5738 2322 5776 cum
2353 5723 2456 5777 diei
2483 5733 2693 5780 noctem
2725 5727 3036 5798 pervigilem
3073 5727 3365 5797 junxisset,
3407 5742 3557 5783 reccv-

1977 5813 2186 5870 dentem
2201 5811 2315 5882 jam
2342 5829 2372 5868 a
2395 5815 2641 5872 convivio
2665 5819 2906 5876 medicus
2919 5819 3231 5886 Thessalus,
3255 5820 3553 5880 instaurata

3080 5914 3154 5973 36
