4028 6468
574 416 735 477 ΗΞΓ

1209 415 1272 472 Β.
1310 412 1566 472 RABANI
1604 411 1824 472 MAURI
1860 411 2180 470 ARCHIEP.
2221 410 2530 469 MOGUNT.
2571 409 2857 469 OPERUM
2894 409 3075 467 PARS
3111 408 3155 465 Ι.

3630 414 3733 473 I152

570 530 981 599 conmssatione,
1039 534 1096 585 et
1142 527 1320 600 ipsum
1369 544 1433 584 ac
1467 526 1676 585 sodales
1725 524 1842 595 ejus
1885 525 2151 593 invitavit,
2183 535 2230 594 Α
2257 526 2423 599 Igitur
2454 524 2757 581 Alexander
2799 540 2898 595 per
2944 524 3224 580 duodecim
3287 539 3447 581 annos
3487 534 3738 589 trementem

569 629 661 686 ubi
686 631 906 695 accepto
928 621 1120 693 poculo
1148 620 1323 675 media
1349 621 1569 692 potione
1597 628 1821 690 repente
1856 616 2000 673 velut
2040 617 2146 672 telo

574 720 814 782 confixus
839 715 1116 788 ingemuit,
1149 714 1426 785 elatusque
1453 730 1483 768 a
1514 714 1760 769 convivio
1812 711 2148 768 semianimis

570 810 643 868 ita
677 808 949 865 cruciatus
1001 811 1103 869 est,
1139 812 1199 858 ut
1243 802 1444 858 ferrum
1490 804 1543 857 in
1596 802 1831 858 remedia
1876 810 2148 874 posceret,

568 909 883 969 tactumque
910 896 1189 951 hominum
1218 895 1364 948 velut
1389 895 1611 949 vulnera
1636 893 2011 950 indolesceret.
2044 892 2151 948 Re-

570 1007 697 1048 vera
730 996 912 1045 autem
948 986 1157 1042 insidiae
1180 985 1396 1040 fuerunt
1434 1004 1446 1038 :
1477 1001 1601 1039 nam
1629 992 1961 1040 memoratus
1990 980 2146 1038 Anti-

566 1090 742 1153 pater,
779 1094 903 1136 cum
941 1077 1288 1133 cbarissimos
1337 1077 1541 1133 amicos
1567 1092 1693 1131 suos
1724 1075 2037 1131 interfectos
2072 1074 2150 1130 vi-

569 1171 723 1228 deret
764 1171 832 1227 ab
860 1168 1185 1234 Alexandro,
1220 1183 1384 1237 seque
1415 1166 1625 1240 magnis
1662 1169 1823 1223 rebus
1852 1168 1906 1223 in
1936 1166 2146 1224 Grmcia

570 1264 736 1334 gestis
762 1278 869 1318 non
900 1270 1008 1316 tam
1032 1269 1241 1332 gratum
1266 1261 1405 1330 apud
1428 1276 1607 1330 regem
1636 1276 1798 1331 quam
1825 1260 2149 1316 invidiosum

570 1368 711 1419 esse,
737 1367 767 1406 a
793 1361 969 1407 matre
989 1365 1200 1422 quoque
1219 1348 1335 1419 ejus
1356 1350 1672 1423 Olympiade
1692 1351 1860 1406 variis
1887 1365 1944 1405 se
1966 1350 2149 1404 crimi-

571 1443 879 1499 nationibus
909 1450 1185 1508 vexatum,
1213 1444 1278 1496 arl
1313 1443 1680 1513 occupandum
1710 1458 1890 1514 regem
1920 1442 2149 1498 Cassan-

2249 618 2349 677 sub
2374 634 2431 674 se
2455 619 2641 673 orbem
2671 616 2953 688 oppressit.
2982 616 3255 686 Principes
3275 632 3399 672 vero
3422 618 3527 689 ejus
3548 631 3742 690 quatuor-

2206 713 2210 716 ’
2248 711 2420 766 decim
2447 711 2602 765 annis
2630 711 2891 765 dominati
2920 718 3067 778 sunt,
3091 718 3147 766 et
3167 710 3307 766 velut
3329 711 3544 782 opimam
3563 717 3743 784 praedam

2249 818 2280 857 a
2315 818 2509 872 magno
2534 803 2689 857 leone
2712 810 3037 873 prostratam
3071 802 3211 857 avidi
3254 802 3563 874 discerpsere
3595 806 3744 875 catuli;

2249 910 2413 966 seque
2442 894 2587 965 ipsos
2607 894 2838 949 invicem
2886 894 2939 948 in
2965 893 3136 947 rixam
3166 893 3414 949 incitatos
3443 895 3612 965 praedae
3627 913 3748 952 aemu-

2248 986 2445 1042 latione
2497 985 2787 1057 fregerunt.
2834 984 3020 1055 Itaque
3048 984 3336 1041 Ptolomaeo
3364 987 3523 1056 prima
3545 984 3749 1059 Egyptus

2248 1088 2303 1135 et
2328 1077 2526 1134 Africa
2570 1079 2890 1148 Arabiagque
2916 1093 3043 1148 pars
3082 1086 3225 1132 sorte
3250 1078 3506 1149 provenit.
3535 1078 3750 1136 Conﬁnem

2249 1172 2375 1228 huic
2423 1180 2478 1226 et
2516 1171 2849 1241 provinciam
2882 1168 3094 1241 Syriam
3131 1170 3435 1225 Laomedon
3467 1169 3751 1242 Mitylenaeas,

2250 1262 2492 1318 Ciliciam
2514 1261 2757 1317 Philotas
2782 1277 2903 1316 eum
2934 1261 3044 1316 tilio
3070 1268 3125 1315 et
3145 1261 3355 1333 Illyrios
3383 1262 3624 1331 accipiunt
3644 1262 3752 1336 [Cili-

2252 1356 2392 1411 ciam
2434 1356 2694 1420 Philotas,
2738 1355 2891 1410 Philo
2919 1354 3125 1425 Illyrios
3154 1354 3462 1427 accipiunt].
3493 1354 3648 1410 Media
3668 1371 3749 1411 tua-

2246 1447 2354 1519 jori
2377 1447 2695 1518 Acropatus,
2726 1447 2921 1501 minori
2944 1445 3133 1501 Alceta
3161 1444 3331 1501 frater
3347 1445 3595 1501 Perdiccae
3613 1445 3753 1519 [miuo-

571 1535 725 1588 drum
776 1533 942 1587 lilium
984 1533 1111 1588 dato
1138 1548 1345 1587 veneno
1374 1533 1652 1599 subornat,
1676 1533 1772 1603 qui
1814 1548 1934 1587 eum
1966 1531 2152 1588 fratri-
2253 1539 2301 1595 ri
2341 1555 2497 1595 socer
2543 1536 2838 1612 Perdiccae]
2873 1536 3221 1610 praeponitur.
3265 1538 3487 1593 Susiana
3510 1554 3622 1610 gens
3644 1537 3753 1605 Sino,

572 1625 672 1677 bus
702 1622 945 1694 Philippo
977 1632 1032 1677 et
1070 1616 1198 1676 Iolla
1227 1622 1536 1678 ministrare
1564 1624 1676 1694 regi
1722 1623 1951 1678 solebat.
1986 1620 2150 1690 Cujus
2254 1628 2487 1701 Phrygia
2546 1627 2719 1699 major
2767 1624 3035 1700 Antigono
3085 1623 3317 1699 Philippi
3352 1626 3456 1682 filio
3492 1629 3752 1701 assignatur;

572 1714 759 1769 veneni
808 1722 954 1769 tanta
984 1713 1065 1769 vis
1087 1713 1207 1779 fuit,
1235 1722 1422 1769 utnon
1451 1728 1580 1780 aere,
1610 1730 1718 1769 non
1752 1713 1916 1779 ferro,
1940 1728 2049 1769 non
2072 1721 2152 1769 te—
2254 1722 2474 1795 Lyciam
2502 1730 2557 1777 et
2592 1720 2958 1794 Pamphyliam
3010 1720 3314 1789 Nearchus,
3343 1722 3543 1778 Cariam
3580 1721 3754 1778 Cassan-

571 1805 655 1876 gla
686 1803 870 1877 [testa]
892 1804 1283 1868 contineretur,
1314 1821 1413 1860 nec
1434 1804 1592 1863 aliter
1613 1804 1741 1860 ferri
1762 1806 1866 1861 nisi
1889 1806 1942 1859 in
1973 1822 2148 1876 ungu-
2255 1814 2373 1880 der,
2416 1811 2641 1886 Lydiam
2679 1811 2970 1868 Menander
3002 1814 3326 1868 sortiuntur.
3360 1814 3650 1869 Leonautius
3683 1814 3756 1869 mi-

572 1895 621 1949 la
665 1897 787 1966 equi
839 1896 1094 1967 potuerit,
1145 1898 1461 1967 prmmonilo
1510 1895 1620 1951 ﬁlio
1671 1912 1739 1951 ne
1787 1894 1945 1951 ³ῐίουί
1986 1912 2149 1967 quam
2178 1892 2226 1953 Β
2254 1920 2442 1961 norem
2463 1900 2750 1975 Phrygiam
2771 1904 2997 1974 accepit.
3024 1904 3259 1961 Thracia
3284 1912 3341 1960 et
3362 1907 3588 1978 regiones
3606 1905 3759 1960 Pontici

573 1985 832 2042 Thessalo
854 1996 909 2042 et
934 1985 1195 2042 fratribus
1220 1988 1481 2042 crederet.
1507 1985 1618 2041 Hac
1643 1986 1810 2059 igitur
1827 2002 1993 2042 causa
2012 1985 2155 2057 apud
2220 2008 2221 2011 η
2258 1997 2426 2052 maris
2451 1992 2796 2070 Lysimacho,
2817 1996 3153 2067 Cappadgcia
3187 2014 3313 2053 cum
3338 1996 3661 2069 papulasonia
3683 1996 3759 2053 Ευ.

574 2075 893 2133 Thessalum
940 2087 1189 2150 Paratum
1240 2079 1633 2149 repetitumque
1685 2076 1987 2133 οοηνίνῖυηι
2037 2088 2151 2144 θείς
2256 2089 2402 2146 meni
2430 2086 2855 2154 datur;summa
2877 2096 3178 2144 castrorum
3204 2089 3432 2145 Seleuco
3448 2089 3664 2146 Antiochi
3684 2089 3760 2143 lilio

571 2166 848 2240 Philippus
893 2179 949 2225 et
970 2168 1147 2236 Iollas,
1169 2178 1503 2242 praegustare
1545 2185 1607 2225 ac
1637 2178 1942 2242 temperare
1969 2177 2154 2240 potum

2257 2182 2461 2248 cessit;
2500 2182 2851 2251 stipatoribus
2884 2182 3025 2253 regis
3063 2182 3491 2254 satellitibusque
3527 2180 3761 2237 Cassander

572 2262 715 2334 νοεῖς
768 2262 932 2327 εσῗίίῗν
981 2262 1036 2317 in
1068 2277 1207 2334 aqua
1255 2260 1451 2334 frigida
1498 2276 1767 2317 Venenum
1828 2262 2155 2326 habuerunt»
2260 2274 2401 2331 ﬁlius
2445 2274 2715 2346 Antipatri
2744 2274 3056 2345 praeﬁcitur.
3084 2273 3462 2351 InBactriana
3487 2272 3697 2329 ulteriore
3726 2280 3764 2325 et

2257 2367 2420 2424 Indiae
2463 2365 2771 2437 regionibus
2802 2364 3045 2436 praefecti
3089 2364 3324 2436 priores,
3356 2364 3447 2436 qui
3470 2363 3560 2419 sub
3583 2362 3764 2418 Alexan-

2225 2483 2229 2487 ’
2259 2460 2358 2516 dro
2381 2474 2501 2539 esse
2528 2465 2831 2529 cmperunt,
2850 2464 3286 2527 permanserunt.
3315 2454 3495 2520 Seres,
3526 2454 3645 2508 inter
3668 2452 3762 2505 duos

573 2368 679 2426 qua
721 2359 1044 2426 prmgustata
1073 2368 1197 2409 eam
1227 2354 1434 2424 potioni
1462 2353 1907 2424 supermiserunt.
1954 2350 2158 2420 Quarta

573 2445 663 2503 die
699 2444 1004 2500 Alexander
1029 2444 1389 2501 indubitatam
1421 2454 1652 2500 mortem
1695 2445 1957 2510 sentiens,
1986 2460 2156 2515 agno-

575 2552 729 2595 scere
777 2551 837 2593 se
870 2537 1043 2592 fatum
1088 2537 1279 2593 domus
1325 2536 1590 2607 majorum
1632 2550 1850 2592 suorum
1879 2536 1956 2592 ait
1988 2554 2000 2590 :
2030 2553 2159 2591 nam

574 2629 862 2702 plerosque
887 2628 1249 2684 Aeacidarum
1273 2629 1416 2684 intra
1440 2626 1774 2685 tricesimum
1814 2644 2016 2683 annmn
2060 2630 2156 2684 de-

575 2719 812 2776 functos.
841 2717 1255 2774 Tumultuantes
1277 2716 1469 2775 deinde
1492 2718 1690 2775 milites
1720 2727 1776 2773 et
1804 2718 2016 2774 insidiis
2036 2732 2160 2789 per-

575 2812 657 2868 ire
694 2827 877 2884 regem
925 2810 1260 2881 suspicantes
1308 2810 1422 2881 ipse
1460 2809 1685 2877 sedavit,
1712 2822 1911 2881 eosque
1947 2822 2159 2876 omnes,

574 2919 696 2962 cum
727 2900 971 2977 prolatus
1015 2904 1069 2958 in
1112 2904 1472 2959 editissimum
1500 2903 1679 2959 locum
1723 2902 1874 2958 urbis
1898 2909 2063 2966 esset,
2092 2902 2160 2958 ad

574 3005 918 3068 conspectum
949 3009 1103 3051 suum
1132 2993 1367 3061 admisit,
1395 2995 1855 3065 osculandamquc
1879 2993 2160 3049 dexteram

576 3104 731 3145 suam
796 3087 1361 3163 flentibus-porrexit.
1428 3087 1673 3158 Cumque
1730 3086 2162 3158 lacrymarentur

576 3195 785 3247 omnes,
816 3180 929 3250 ipse
970 3194 1076 3235 non
1121 3179 1239 3234 sine
1268 3178 1523 3250 lacrymis
1549 3187 1782 3243 tantum,
1825 3191 2013 3231 verum
2044 3175 2161 3229 sine

2259 2565 2447 2606 amnes
2486 2548 2831 2620 Hydaspbem
2877 2555 2932 2603 et
2986 2547 3176 2603 Indum
3242 2548 3552 2604 constitutos
3591 2542 3762 2599 Taxilles

2237 2643 2469 2699 habuit.
2498 2641 2555 2696 In
2583 2640 2822 2698 colonias
2851 2640 2905 2695 in
2932 2640 3097 2696 lndiis
3125 2640 3376 2696 conditas
3394 2640 3586 2711 Phyton
3603 2638 3763 2710 Ageno-

2260 2735 2336 2790 ris
2365 2733 2501 2790 filius
2530 2730 2783 2789 mittitur.
2822 2732 3220 2802 Parapamenos
3271 2731 3405 2786 fines
3432 2728 3631 2785 Caucasi
3657 2740 3764 2780 Illon-

2260 2827 2332 2882 tis
2359 2824 2652 2896 Apiarches
2707 2824 2934 2894 accepit.
2985 2823 3240 2879 Aracussi
3269 2810 3587 2892 Cedrosique
3606 2816 3766 2873 Fibuuti

2262 2916 2548 2992 [Sibyrtio]
2571 2917 2952 2974 decernuntur.
2970 2914 3244 2971 Dranceos
3257 2924 3314 2971 et
3336 2915 3537 2971 [laneas
3550 2912 3765 2973 Stantem,

2259 3011 2576 3067 Bactrianos
2617 3010 2843 3064 Anriota
2873 3007 3183 3082 [Amyntas]
3204 3010 3451 3075 sortitur,
3479 3006 3768 3063 Seebodiauos

2261 3110 2367 3157 etc.
2404 3099 2730 3174 [Sogdianos
2755 3096 3086 3171 Scythaeus,]
3112 3096 3347 3154 Nicanor
3366 3097 3599 3163 Parthos,
3619 3093 3767 3165 Philip-

2260 3208 2363 3264 pus
2386 3192 2684 3263 Ilyreanos,
2725 3186 3074 3245 Fratafernes
3108 3189 3423 3256 Armenios,
3469 3187 3769 3260 Neoptolemus

577 3270 687 3325 ullo
720 3270 977 3325 tristioris
1025 3270 1222 3325 mentis
1270 3277 1587 3340 argumento
1636 3267 1759 3333 fuit,
1810 3275 1870 3323 ut
1896 3264 2156 3337 quosdam
2187 3250 2480 3352 0139,33;
2531 3250 2819 3338 Ρεηέεειθε
2864 3281 3223 3353 Babylonios,
3279 3250 3512 3338 Arms
3550 3250 3769 3350 ῥάκεα,

580 3363 948 3433 impatientius
970 3361 1214 3418 dolentes
1244 3360 1557 3417 consolatus
1596 3361 1689 3427 sit,
1714 3359 1910 3430 quibus
1938 3358 2164 3414 manda-

580 3462 635 3509 ta
668 3454 735 3509 ad
776 3462 1029 3525 parentes
1063 3468 1251 3510 eorum
1281 3453 1447 3519 dedit,
1474 3453 1609 3508 adeo
1630 3452 1770 3508 sicut
1791 3453 1845 3507 in
1888 3453 2059 3515 hoste,
2087 3450 2163 3505 ita

579 3553 637 3599 et
681 3544 737 3598 in
771 3550 947 3598 morte
998 3543 1233 3598 invictus
1276 3541 1328 3597 ei
1372 3542 1585 3597 animus
1613 3540 1730 3597 fuit.
1763 3541 1898 3598 Cum
1932 3539 2165 3597 deﬁcere

579 3646 705 3689 eum
745 3633 905 3688 amici
932 3633 1196 3698 viderent,
1243 3641 1493 3704 quaem
1537 3648 1697 3703 quem
1725 3631 1937 3703 imperii
1961 3630 2167 3688 faciant

579 3722 849 3780 heredem
867 3740 883 3790 ;
900 3724 1203 3795 respondit,
1227 3723 1625 3797 Dignissimum.
1652 3724 1823 3780 Tanta
1855 3724 1930 3782 illi
1958 3727 2165 3799 magni-

584 3815 713 3871 tudo
737 3815 905 3871 animi
947 3811 1071 3882 fuit,
1114 3824 1177 3870 ut
1204 3828 1329 3871 cum
1371 3812 1654 3873 Herculem
1681 3816 1874 3884 tilium,
1904 3833 2029 3874 cum
2058 3816 2165 3873 fra-

581 3916 723 3965 trem
760 3908 1039 3975 Arideum,
1071 3924 1194 3964 cum
1240 3909 1519 3965 Roxanem
1546 3924 1770 3965 uxorem
1795 3917 2165 3982 praegnantem

581 4000 931 4069 relinqueret,
985 3997 1183 4055 oblitus
1252 3997 1709 4055 necessitudinum
1735 4040 1751 4066 ,
1800 4000 2169 4072 dignissimum

582 4090 909 4161 nuncuparit
931 4090 1198 4146 haeredem
1229 4109 1243 4145 :
1273 4104 1498 4162 prorsus
1523 4093 1677 4161 quasi
1703 4091 1853 4148 nefas
1876 4102 2021 4150 esset
2050 4093 2168 4150 viro

585 4179 711 4237 forti
740 4180 902 4237 alium
933 4194 1094 4251 quam
1118 4180 1295 4235 virum
1327 4178 1521 4237 fortem
1555 4182 1868 4250 succedere,
1908 4186 2000 4239 a‘ut
2026 4184 2167 4238 tanti

585 4272 737 4344 regni
769 4286 897 4343 opes
944 4272 1064 4329 aliis
1106 4286 1267 4344 quam
1313 4272 1558 4343 probatis
1606 4272 1858 4345 relinqui.
1898 4273 2014 4330 Hac
2034 4288 2168 4331 voce

584 4364 752 4421 veluti
793 4363 1045 4419 bellicum
1092 4364 1238 4419 inter
1266 4365 1472 4420 amicos
1506 4366 1768 4420 tonuisset
1805 4360 2165 4438 [cecinisset],

585 4464 681 4512 aut
708 4455 909 4511 malum
938 4455 1219 4511 discordiae
1248 4455 1506 4522 misisset,
1544 4454 1617 4510 ita
1648 4469 1842 4510 omnes
1870 4455 1927 4509 in
1948 4455 2169 4510 aemula-

586 4548 787 4605 tionem
830 4553 1161 4616 consurgunt
1187 4554 1243 4600 et
1269 4546 1620 4601 ambitionem
1661 4544 1807 4618 vulgi
1842 4547 2007 4603 tacito
2053 4562 2168 4603 ser-

586 4654 749 4695 mone
773 4646 829 4692 et
876 4635 1117 4692 favorem
1141 4635 1373 4692 militum
1416 4646 1685 4708 quaerunt.
1714 4636 1879 4695 Sexta
1908 4639 1996 4695 die
2026 4656 2166 4711 prae-

587 4730 736 4813 clusa
770 4744 904 4786 voce
928 4736 1235 4802 exemptum
1260 4731 1425 4802 digito
1465 4732 1723 4788 annulum
1757 4733 2030 4790 Perdiccae
2058 4744 2168 4790 tra-

588 4814 741 4886 didit,
784 4834 903 4889 qure
944 4834 1035 4875 res
1083 4818 1396 4891 gliscentem
1443 4821 1742 4878 amicorum
1777 4824 2169 4880 dissensionem

588 4911 813 4969 sedavit.
862 4912 998 4968 Nam
1026 4914 1128 4969 etsi
1175 4928 1283 4971 non
1309 4928 1444 4971 voce
1492 4926 1833 4987 nuncupatus
1856 4926 1943 4972 est
1970 4917 2168 4985 haeres,

578 5000 788 5074 judicio
806 5011 985 5059 tamen
1001 5003 1208 5059 electus
1227 5018 1347 5060 esse
1360 5004 1660 5060 videbatur.
1683 5006 2168 5062 DeccssitAlexan-

587 5094 691 5157 der
708 5112 894 5154 mense
912 5102 1041 5165 nuo,
1064 5112 1233 5154 annos
1259 5106 1370 5154 tres
1391 5108 1446 5155 et
1470 5097 1689 5169 trigiiﬂa
1717 5108 1895 5155 natus.
1924 5099 2051 5156 Haec
2074 5117 2171 5154 au-

585 5195 701 5249 tan
725 5190 850 5261 quia
882 5190 936 5244 in
960 5188 1187 5245 historia
1223 5186 1659 5245 Machabteorum
1699 5191 1849 5261 regni
1880 5191 2173 5246 Alexandri

589 5284 796 5353 nudatio
824 5284 964 5340 facta
992 5292 1093 5352 est,
1120 5282 1243 5340 ideo
1269 5298 1336 5339 ex
1360 5282 1514 5340 libris
1542 5285 1819 5356 gentilium
1848 5284 2171 5357 interposui,

589 5384 653 5435 ut
684 5377 857 5434 lector
879 5384 1196 5450 agnosceret
1226 5392 1330 5432 non
1362 5375 1565 5433 frustra
1589 5377 1845 5433 virtutem
1878 5378 2173 5434 Alexandri

589 5470 858 5537 enarrari,
909 5470 1005 5525 sed
1054 5469 1504 5540 magnanimitate
1549 5478 1712 5541 atque
1742 5472 1954 5527 actione
1994 5471 2169 5542 ipsum

591 5572 714 5618 esse
755 5558 1078 5631 principium
1122 5558 1516 5635 [praecipuum].
1563 5560 1715 5628 Quod
1757 5570 1938 5617 autem
1977 5563 2172 5619 dicitur

591 5649 1153 5707 Alexanderdivisisse
1173 5667 1395 5724 regnum
1412 5666 1588 5721 suum,
1606 5666 1728 5707 cum
1755 5652 1927 5708 adhuc
1949 5654 2171 5719 viveret,

592 5741 777 5810 pueris
797 5740 1027 5812 suis,qui
1047 5754 1229 5796 secum
1260 5752 1419 5797 erant
1444 5743 1496 5797 in
1523 5742 1808 5813 juventute
1833 5744 2041 5813 nutriti,
2065 5761 2173 5801 non

597 5839 708 5886 tam
739 5833 853 5902 ipse
881 5833 986 5889 hoc
1010 5831 1215 5901 divisit,
1244 5848 1407 5905 quam
1431 5833 1535 5891 illis
1563 5834 1905 5891 dividendum
1934 5837 2171 5908 reliquit.

2262 3372 2608 3431 Archesilaus
2657 3372 3099 3443 Mesopotamiam
3135 3372 3379 3444 aggressi
3425 3369 3627 3445 [adepti]
3663 3376 3768 3424 sunt.

2238 3448 2239 3451 η
2266 3465 2375 3522 Sed
2407 3473 2583 3521 tamen
2625 3463 2770 3519 inter
2795 3471 2989 3519 caetera
3025 3463 3140 3517 haec
3166 3476 3334 3535 regna
3368 3470 3580 3535 quatuor
3617 3466 3771 3513 tantum

2263 3559 2593 3624 eminebant,
2624 3557 2727 3612 hoc
2749 3562 2835 3611 est
2863 3553 3100 3627 Egypti,
3123 3552 3269 3623 quod
3294 3554 3504 3608 tenebat
3522 3550 3773 3606 Ptolomaeus

2265 3649 2399 3721 Lagi
2426 3648 2599 3715 (ilius;
2625 3647 2997 3712 Macedonum,
3025 3647 3171 3718 quod
3200 3646 3496 3718 Pln'lippus,
3521 3643 3603 3715 qui
3620 3649 3666 3696 et
3684 3638 3769 3694 Ari-

2264 3738 2421 3805 deus,
2443 3738 2610 3793 frater
2628 3737 2947 3804 Alexandri,
2967 3737 3211 3810 possedit
3230 3754 3246 3805 ;
3282 3736 3451 3809 Syria:
3468 3742 3521 3789 et
3532 3728 3771 3803 Babylonis,

2266 3829 2409 3901 quod
2451 3826 2747 3884 Seleuchus
2772 3826 3008 3883 Nicanor
3030 3826 3135 3882 sibi
3160 3826 3482 3892 vindicavit;
3507 3823 3642 3885 Δάων
3671 3815 3771 3889 quod

2266 3920 2440 3976 tenuit
2479 3917 2799 3987 Antigonus,
2844 3918 2983 3973 sicut
3010 3917 3065 3972 in
3088 3917 3302 3973 visione
3332 3915 3555 3974 Danielis
3575 3923 3770 3984 prmum-

2269 4019 2497 4067 stratum
2521 4018 2624 4076 est,
2654 4011 2797 4081 quod
2824 4008 2997 4065 fracto
3022 4025 3132 4067 uno
3163 4025 3337 4067 cornu
3362 4010 3553 4079 majore
3575 4008 3620 4063 in
3647 4003 3771 4073 capite

2269 4103 2406 4158 hirci
2429 4102 2574 4157 illius
2606 4101 2849 4172 insignis,
2877 4110 2997 4155 orta
3027 4109 3152 4155 sunt
3173 4116 3275 4173 pro
3300 4116 3366 4157 eo
3391 4109 3602 4172 quatuor
3624 4106 3769 4151 cornua

2270 4193 2479 4249 minora
2512 4207 2612 4264 pro
2635 4207 2700 4247 eo
2724 4193 2965 4247 immota.
3002 4190 3158 4247 Unde
3185 4193 3464 4263 sequitur:

2340 4282 2411 4338 Et
2440 4284 2776 4338 obtinuerunt
2817 4285 2966 4354 pueri
2993 4299 3209 4354 regnum
3249 4283 3585 4356 unusquisque
3618 4277 3662 4330 in
3692 4273 3769 4327 loco

2270 4391 2387 4430 suo.
2420 4374 2724 4430 Decedente
2773 4374 2936 4445 igitur
2961 4373 3272 4430 Alexandro
3302 4374 3487 4448 Magno
3524 4379 3664 4425 totum
3687 4376 3770 4418 oor-

2270 4483 2371 4537 pus
2394 4466 2545 4539 regni
2569 4464 2941 4533 Macedonum,
2978 4466 3121 4536 quod
3151 4466 3267 4537 ipse
3298 4478 3404 4521 non
3430 4464 3537 4521 sine
3554 4454 3704 4535 grandi
3719 4451 3771 4505 la-

2271 4559 2406 4615 bore
2443 4558 2864 4623 coadunaverat,
2892 4558 3047 4629 pueri
3088 4556 3206 4626 ejus
3248 4573 3345 4630 per
3371 4544 3772 4629 tyranuidemdiri-

2272 4658 2506 4723 puerunt
2532 4658 2588 4706 et
2630 4649 2813 4705 multis
2842 4658 3004 4720 atque
3030 4651 3287 4721 gravibus
3332 4648 3524 4721 praeliis
3547 4639 3768 4701 dilaniare-

2272 4741 2419 4807 r'unt,
2442 4740 2582 4795 sicut
2597 4741 2651 4795 in
2681 4739 2924 4797 historiis
2944 4741 3182 4812 gentium
3204 4740 3557 4812 copiosissime
3579 4731 3770 4801 scriptum

2273 4831 2564 4888 invenitur.
2596 4831 2701 4887 Sed
2725 4847 2789 4887 ex
2825 4834 2892 4888 iis
2918 4833 3166 4903 plurimis
3204 4833 3420 4890 omissis
3455 4828 3655 4898 scriptor
3671 4832 3769 4892 pra-

2274 4923 2444 4980 sentis
2479 4924 2722 4980 historiae
2752 4926 2820 4980 ad
2847 4924 3175 4980 Antiochum
3216 4925 3537 4997 Epiphanem
3570 4910 3768 4990 ρθηθιιίιν

2236 5086 2246 5095 Ο
2276 5016 2367 5086 qui
2396 5016 2626 5088 plurima
2653 5017 2706 5071 in
2730 5015 2942 5072 Judaeos
2969 5018 3238 5073 commisit
3266 5017 3427 5083 mala,
3447 5023 3497 5070 et
3522 5011 3769 5095 locutusett-

2277 5118 2422 5163 ctum
2452 5108 2639 5180 polluit
2690 5124 2755 5163 ac
2801 5107 2970 5179 legem
3030 5108 3364 5180 profanavit;
3409 5108 3472 5162 de
3501 5117 3596 5175 quo
3635 5090 3767 5165 θωπί·

2276 5206 2367 5253 tur
2396 5218 2407 5252 :
2438 5196 2651 5254 Primus
2703 5198 2885 5269 itaque
2929 5208 3051 5270 post
3090 5199 3454 5255 Alexandrum
3479 5194 3688 5264 Magnum
3711 5192 3768 5270 φ’

2273 5288 2458 5359 guavit
2505 5288 2674 5359 Syria:
2706 5268 2982 5354 Seleucus,
3014 5295 3366 5360 cognomento
3403 5285 3626 5343 Nicanor,
3658 5268 3768 5328 mni!

2273 5380 2493 5451 triginta
2526 5380 2765 5447 duobus;
2800 5379 3087 5445 secundus,
3105 5379 3418 5442 Antiochus,
3440 5374 3527 5447 qui
3544 5366 3766 5429 vocaliatur

2281 5468 2496 5534 So'tber,
2525 5468 2682 5524 annis
2720 5464 2906 5523 decem
2935 5476 2990 5522 et
3022 5483 3244 5535 novem;
3301 5468 3495 5531 tertius,
3514 5454 3764 5518 Antith

2281 5561 2373 5632 qui
2409 5561 2706 5617 vocabatur
2745 5560 2944 5628 Theos,
2998 5565 3246 5635 regnavit
3302 5563 3453 5619 anuis
3493 5549 3763 5631 quindecm?

2280 5652 2536 5722 Quartus,
2585 5652 2863 5721 Seleucus,
2889 5655 2980 5725 qui
3022 5658 3423 5725 cognominatus
3456 5659 3532 5708 est
3563 5638 3763 5703 Gallttl'ius

2283 5744 2624 5820 [Callinicus]
2674 5745 2814 5802 filius
2849 5747 3119 5815 Antiochi,
3154 5750 3308 5805 anuis
3348 5744 3548 5819 viginti;
3583 5735 3759 5808 (ιυὶιιωδι

2229 5910 2235 5913 ¹
2283 5839 2542 5897 Seleucus
2562 5838 2862 5907 Ceraunus,
2883 5841 3023 5898 Illius
3051 5841 3262 5900 Seleuci
3291 5839 3490 5900 Gallerii
3516 5820 3757 5908 [GalliniCih
