4028 6470
265 418 405 479 “'53

982 414 1339 476 COMMENT.
1380 417 1448 475 lN
1487 418 1735 479 LIBROS
1779 417 2353 479 MACHABEORUM.
2390 448 2462 461 —
2496 417 2567 474 lN
2599 416 2728 474 LIB.
2761 414 2803 473 ῐ.

3389 414 3531 473 ηδε

262 538 422 595 annis
479 536 684 604 tribus;
742 544 948 602 sextus,
1002 536 1302 593 Antiochus
1363 536 1613 608 Magnus,
1686 553 1847 609 quem
1874 542 2269 606 Aresponsum
2292 535 2360 589 ad
2382 533 2681 589 amicorum
2704 527 3322 597 concilium'detulisset,
3342 531 3532 586 orbem

263 630 547 703 Scriptura
590 630 682 686 hic
724 629 975 686 Antiochi
1006 629 1243 687 illustris
1279 629 1408 688 dicit
1440 644 1560 686 esse
1608 638 1840 701 patrem,
1888 684 1899 698 ,

261 724 355 799 qui
385 722 556 779 frater
578 731 697 779 erat
727 721 934 778 Seleuci
962 721 1195 778 Cerauni
1226 730 1282 778 ct
1308 722 1452 778 ﬁlius
1481 721 1694 778 Seleuci
1726 722 1848 779 Gal-

262 814 437 883 linici,
462 816 709 891 regnavit
735 817 892 873 annis
917 816 1133 889 triginta
1166 832 1297 883 sex;
1344 818 1625 890 septimus,
1657 815 1845 872 Seleu-

262 920 380 972 cus,
404 905 495 978 qui
530 917 585 963 et
612 906 925 979 Philopator
951 911 1361 983 cognominatus
1402 919 1505 978 est,
1533 912 1689 967 annis
1718 901 1849 969 duo-

264 996 470 1065 decim;
521 1007 645 1070 post
696 1015 856 1071 quem
900 1001 1198 1058 Antiochus
1252 1002 1580 1074 Epiphanes,
1650 1003 1742 1076 qui
1793 1012 1850 1059 et

262 1088 551 1159 pra’clarus
577 1090 691 1145 sive
713 1090 899 1145 nobilis
921 1090 1139 1160 dicitur,
1161 1091 1331 1149 frater
1361 1093 1570 1150 Seleuci
1595 1094 1847 1166 Philopa-

264 1178 401 1234 toris
425 1187 480 1234 et
506 1178 646 1236 ﬁlius
664 1180 917 1237 Antiochi
943 1182 1117 1255 Magni
1141 1225 1155 1250 ,
1180 1186 1338 1245 annis
1361 1184 1634 1251 undecim,
1660 1185 1726 1241 de
1741 1200 1848 1257 quo

261 1268 425 1325 modo
459 1267 740 1342 Scriptura
789 1282 994 1339 narrat,
1043 1273 1187 1345 quod
1233 1292 1297 1330 ex
1336 1276 1410 1331 eis
1458 1274 1655 1331 exierat
1694 1276 1850 1330 radix

261 1359 525 1430 peccatrix
554 1360 839 1415 Antiochus
866 1360 1110 1428 illustris,
1139 1364 1283 1434 ﬁlius
1306 1365 1548 1419 Antiochi
1576 1367 1732 1438 regis,
1757 1366 1849 1439 qui

262 1446 437 1517 fuerat
486 1448 670 1506 Roma:
695 1452 859 1507 obses.
889 1452 988 1521 Qui
1020 1455 1215 1512 merito
1245 1457 1397 1511 radix
1448 1459 1721 1528 peccatrix
1770 1456 1853 1513 di-

261 1540 426 1608 citur,
452 1558 574 1599 cum
606 1544 772 1614 stirps
819 1546 1024 1603 inutilis
1050 1548 1117 1602 ad
1161 1558 1382 1619 peccata
1417 1549 1672 1619 proclivis
1699 1560 1755 1605 et
1784 1549 1852 1605 ad

262 1631 595 1703 impietatem
648 1644 767 1691 erat
807 1638 1264 1711 promptissimus,
1298 1642 1398 1696 sub
1436 1657 1544 1712 quo
1576 1641 1712 1715 legis
1754 1642 1848 1699 Dei

260 1726 567 1796 persecutio
595 1737 651 1785 et
682 1717 1110 1795 Machabzeorum
1149 1734 1287 1791 bella
1333 1745 1641 1793 narrantur.
1683 1737 1848 1793 Colli-

262 1816 409 1888 gitur
448 1819 597 1911 enim
628 1835 789 1911 omne
820 1833 1030 1897 tempus
1072 1827 1224 1900 regni
1250 1827 1563 1893 Grzecorum
1613 1846 1644 1884 a
1674 1832 1853 1911 primo

1950 628 2147 684 dicitur
2166 625 2359 682 fecisse
2385 624 2599 680 Marcus
2620 624 2674 679 in
2705 622 2886 679 arenis
2909 620 3102 679 baculo
3120 635 3283 692 quem
3316 620 3537 677 tenebat

1948 733 2134 782 manu,
2187 725 2242 772 et
2272 715 2766 785 circumscripsisse
2799 727 2981 786 regem
3037 721 3202 786 atque
3253 713 3461 770 dixisse
3518 728 3533 767 :

1951 808 2186 866 Senatus
2209 818 2263 864 et
2290 807 2519 883 p0pulus
2548 805 2825 862 Romanus
2873 805 3198 879 pracipiunt
3240 811 3304 861 ut
3344 804 3400 860 in
3430 803 3537 860 isto

1948 902 2069 958 loco
2102 901 2425 973 respondeas
2476 899 2606 971 quid
2651 898 2863 955 consilii
2909 914 3087 972 geras.
3135 898 3343 967 Quibus
3378 898 3539 956 dictis

1951 992 2041 1048 ille
2068 994 2407 1069 perterritus,
2435 992 2547 1047 ait:
2579 990 2637 1048 Si
2675 992 2778 1048 hoc
2804 991 2979 1063 placet
3020 992 3231 1048 senatui
3257 1000 3312 1048 et
3340 991 3537 1064 populo

1950 1083 2216 1149 Romano,
2267 1083 2624 1141 recedendum
2671 1090 2756 1137 est
2802 1081 2956 1149 hinc;
3006 1091 3169 1157 atque
3231 1082 3306 1138 ita
3349 1082 3538 1139 statim

1950 1174 2120 1228 movit
2147 1173 2469 1228 exercitum.
2502 1170 2573 1228 lis
2600 1180 2973 1231 consentanea
2999 1170 3265 1244 Iosephus
3290 1173 3537 1231 conscri-

1949 1264 2080 1335 psit,
2104 1262 2247 1333 quod
2283 1277 2533 1318 reversus
2560 1271 2780 1339 propter
2800 1262 3169 1319 Romanorum
3192 1265 3441 1321 timorem
3470 1266 3541 1323 ab

1952 1352 2183 1428 Egypto
2206 1368 2296 1409 rex
2322 1353 2620 1409 Antiochus
2650 1352 3075 1426 Hierosolymam
3099 1355 3313 1411 duxerit
3331 1357 3543 1413 exerci-

1951 1456 2101 1516 tum;
2130 1464 2238 1523 quo
2264 1448 2584 1525 perveniens
2612 1462 2756 1503 anno
2792 1448 3088 1507 centesimo
3125 1448 3542 1520 quadragesimo

1954 1544 2114 1599 tertio
2141 1550 2264 1613 post
2294 1556 2516 1614 regnum
2570 1540 2732 1619 primi
2781 1539 3013 1607 Seleuci,
3057 1541 3545 1611 centesimaequin-

1953 1635 2266 1713 quagesima
2302 1633 2462 1690 tertia
2500 1633 2823 1705 Olympiade,
2857 1631 2945 1688 die
2982 1631 3239 1687 vicesimo
3266 1638 3322 1688 et
3347 1640 3544 1702 quarto

1953 1726 2159 1783 mensis
2183 1724 2396 1791 Casleu,
2424 1740 2585 1801 quem
2609 1723 2929 1779 Macedones
2956 1721 3213 1793 Apelleon
3239 1721 3543 1789 nominant,

1953 1818 2161 1889 ceperit
2188 1831 2311 1874 eam
2336 1817 2455 1872 sine
2480 1813 2786 1871 resistentia
2814 1811 3138 1884 cuiuspiam,
3177 1810 3546 1882 aperientibus

262 1920 407 1962 anno
442 1906 653 1966 Seleuci
683 1910 966 1970 Nicanoris
991 1932 1163 1987 usque
1208 1920 1276 1975 ad
1305 1920 1519 1981 initium
1550 1903 1701 1997 regni
1743 1923 1854 1987 An-

1963 1910 2007 1968 ei
2036 1919 2222 1981 portas
2266 1908 2333 1964 iis
2363 1907 2456 1979 qui
2507 1905 2768 1962 voluntati
2822 1903 2940 1975 ejus
2990 1903 3425 1969 consentiebant,
3458 1903 3546 1956 in-

262 2000 433 2057 tiochi
455 2002 750 2074 Epiphanis
781 2007 909 2071 anni
945 2016 1163 2075 centum
1194 2012 1413 2086 triginta
1442 2022 1670 2089 septem.

334 2134 408 2199 Its
449 2135 637 2201 δίωκε
672 2137 781 2194 illis
811 2141 1055 2197 exierunt
1093 2160 1159 2199 ea:
1199 2144 1373 2201 Israel
1420 2147 1527 2219 ﬁlii
1565 2149 1752 2223 iniqui,
1804 2161 1853 2206 et

261 2234 543 2279 suaserunt
587 2227 790 2296 multis,
837 2231 1070 2287 dicentes
1121 2248 1141 2287 ξ
1196 2234 1394 2293 Eamus
1424 2248 1473 2294 et
1516 2240 1853 2313 disponamus

264 2323 633 2379 testamentum
655 2337 772 2375 ctua
802 2324 1057 2393 gentibus.
1084 2325 1273 2385 Graeca
1302 2344 1366 2384 ac
1392 2329 1637 2387 Romana
1668 2341 1857 2388 narrat

262 2403 492 2462 historia
545 2410 691 2479 quod
735 2411 1040 2477 Antiochus
1094 2417 1403 2488 Epiphanes
1438 2430 1629 2477 contra
1676 2422 1856 2479 Ptolo-

263 2510 465 2553 maeum
488 2497 853 2571 Pbiiopatrem
886 2504 1357 2583 [Philometorem]
1381 2511 1679 2584 Cleopatrae
1700 2529 1854 2571 som-

264 2589 345 2647 ris
370 2606 481 2647 suae
517 2591 710 2659 ﬁlium,
737 2595 892 2664 citius
920 2598 1033 2667 ipse
1061 2601 1361 2657 avunculus
1387 2611 1527 2669 erat,
1558 2605 1708 2661 doles
1731 2621 1858 2661 con-

267 2684 550 2751 struxerit,
580 2694 637 2742 et
657 2702 779 2741 eum
807 2703 973 2759 regno
994 2688 1215 2763 Egypti
1237 2692 1494 2762 privarit;
1520 2704 1573 2748 et
1589 2710 1712 2750 cum
1736 2705 1857 2765 post

264 2780 497 2830 mortem
523 2773 822 2846 Cleopatrae
838 2778 1099 2836 Alanicus
1124 2783 1427 2850 eunuchus,
1449 2786 1706 2840 nutritius
1730 2785 1860 2840 Phi-

264 2862 566 2931 lometoris,
591 2875 647 2925 et
682 2866 894 2924 Leucus
920 2868 1218 2942 Egyptum
1246 2882 1500 2944 regerent
1528 2882 1584 2929 et
1612 2882 1858 2945 peterent

266 2954 501 3029 Syriam,
532 2972 697 3026 quam
714 2958 1018 3015 Antiochus
1047 2960 1239 3018 fraude
1256 2974 1636 3034 occupaverat,
1674 2976 1857 3021 ortum

263 3055 351 3103 est
406 3048 549 3103 inter
590 3050 919 3105 avunculum
963 3061 1020 3106 et
1061 3068 1289 3123 puerum
1341 3053 1693 3111 Ptolommun
1721 3072 1860 3126 pre-

268 3136 424 3194 lium.
456 3138 700 3211 Cumque
746 3142 887 3197 inter
926 3144 1199 3199 Pelusium
1238 3153 1297 3201 et
1341 3155 1579 3202 montem
1609 3147 1859 3204 Cassium

740 3234 873 3289 victi
926 3244 1052 3293 sunt
1105 3235 1270 3293 duces
1324 3236 1602 3336 Ptolomaai
1650 3226 1859 3309 :pos'ro
1885 3273 1933 3336 ο

265 3322 591 3391 Antiochea,
643 3338 874 3394 parcens
920 3340 1086 3396 puero
1122 3335 1179 3381 et
1246 3327 1521 3384 amicitias
1570 3329 1855 3397 simulans,

268 3415 512 3472 ascendit
566 3415 851 3486 Memphis,
879 3427 936 3474 et
965 3417 1039 3475 ibi
1067 3432 1134 3475 ex
1183 3433 1338 3476 more
1383 3420 1605 3492 Egypti
1635 3437 1860 3494 regnum

272 3504 549 3575 accipiens
584 3506 848 3576 puerique
879 3509 1042 3567 rebus
1090 3508 1377 3579 providere
1420 3525 1481 3568 se
1507 3511 1692 3570 dicens
1738 3528 1863 3573 cum

270 3594 489 3657 modico
550 3595 748 3667 populo
825 3605 997 3661 totam
1060 3597 1357 3671 Emptum
1423 3600 1746 3673 satinsatin
1808 3610 1864 3669 et

269 3686 609 3747 abundantes
636 3696 797 3759 atque
826 3690 1130 3752 uberrimas
1164 3693 1444 3764 ingressus
1469 3703 1557 3751 est
1593 3694 1859 3763 civitates,
1917 3716 1931 3725 -

272 3775 509 3847 fecitque
532 3780 677 3848 quod
704 3797 811 3839 non
843 3780 1090 3843 fecerunt
1108 3791 1295 3854 patres
1323 3785 1442 3856 eius
1464 3794 1520 3841 et
1550 3795 1736 3857 patres
1762 3803 1860 3857 pa—

270 3878 415 3927 trum
439 3871 602 3939 illius,
637 3875 780 3932 sicut
805 3876 859 3934 in
889 3878 1112 3936 Dauiele
1134 3880 1201 3935 de
1226 3893 1292 3935 eo
1317 3881 1577 3951 scriptum
1605 3891 1709 3941 est.
1736 3883 1865 3943 Nulv

274 3960 360 4023 lus
396 3966 541 4023 enim
585 3966 640 4025 in
674 3983 840 4039 regno
870 3968 1041 4041 Syriae
1088 3972 1162 4027 ita
1194 3974 1431 4031 vastavit
1454 3972 1773 4045 Egyptum,
1810 3983 1865 4035 et

271 4070 463 4115 omnes
494 4058 709 4115 divitias
731 4075 921 4117 eorum
943 4062 1241 4133 dissipavit,
1270 4075 1327 4120 et
1348 4073 1458 4121 tam
1487 4066 1710 4124 callidus
1730 4066 1863 4133 fuit,

271 4157 338 4207 ut
379 4150 675 4219 prudentes
729 4154 1088 4224 cogitationes
1125 4171 1314 4213 eorum
1368 4159 1459 4228 qui
1508 4160 1673 4216 duces
1708 4161 1863 4230 pueri

274 4252 436 4309 erant
455 4256 550 4298 sua
579 4242 768 4300 fraude
794 4244 1152 4302 subverteret.

355 4373 421 4430 Et
447 4378 698 4432 convertit
735 4378 1026 4432 Antiochus
1073 4389 1347 4450 postquam
1396 4382 1650 4451 percussit
1698 4381 1869 4453 Egy-

275 4475 420 4540 ptum
464 4467 520 4521 in
552 4470 829 4523 centesimo
876 4479 923 4523 et
972 4471 1375 4541 quadragesimo
1421 4472 1571 4525 tertio
1627 4488 1788 4538 anno,
1820 4483 1869 4527 et

279 4559 516 4613 ascendit
547 4559 962 4632 Hierosolymam
994 4564 1048 4617 in
1092 4562 1427 4618 multitudine
1472 4567 1637 4636 gravi.
1667 4565 1869 4622 Conse-

1957 2014 2284 2074 gressusque
2310 1999 2585 2057 civitatem
2614 1997 3111 2070 Hierosolymorum
3152 1996 3351 2052 multos
3377 1996 3547 2051 inter-

1957 2092 2091 2148 emit
2135 2090 2238 2147 sibi
2276 2089 2551 2147 contraria
2598 2091 2890 2163 sapientes,
2923 2103 3025 2144 nec
3063 2103 3171 2143 non
3224 2095 3279 2143 et
3326 2102 3421 2143 eos
3453 2084 3549 2156 qui

1956 2187 2172 2259 portam
2192 2181 2497 2252 aperientes
2517 2180 2793 2235 civitatem
2818 2179 2915 2234 Dei
2946 2177 3300 2243 tradiderunt,
3326 2184 3552 2248 propter

1961 2270 2148 2343 templi
2190 2271 2411 2329 divitias
2447 2268 2802 2337 interfecerit,
2841 2268 3153 2340 multasque
3192 2267 3447 2324 auferens
3480 2267 3551 2324 ab

1958 2379 2025 2421 eo
2065 2366 2326 2436 pecunias
2364 2366 2433 2420 ad
2473 2364 2819 2420 Antiochiam
2861 2377 3112 2418 reversus
3136 2362 3228 2417 sit.
3255 2359 3553 2431 Postquam

1960 2465 2141 2511 autem
2167 2455 2418 2529 spoliavit
2444 2455 2724 2527 templum,
2752 2455 2829 2510 ita
2857 2462 2918 2509 ut
2943 2469 3075 2510 vasa
3098 2452 3196 2509 Dei
3219 2460 3276 2509 et
3299 2451 3552 2509 lucernas

1962 2539 2158 2608 auréas
2182 2561 2505 2625 asportaret,
2533 2559 2589 2607 et
2616 2566 2769 2605 aram
2800 2565 3045 2614 auream,
3092 2557 3148 2604 et
3175 2562 3446 2615 mensam,
3495 2554 3554 2603 et

1962 2643 2281 2710 sacrarium,
2309 2658 2485 2716 neque
2509 2642 2575 2700 de
2596 2641 2732 2698 velis
2755 2640 3099 2708 abstinuerit,
3131 2655 3252 2712 qua:
3282 2654 3351 2695 ex
3390 2640 3555 2711 bysso

1962 2744 2018 2792 et
2045 2751 2208 2792 cocco
2234 2745 2412 2803 erant,
2449 2745 2504 2791 et
2537 2735 2868 2791 exhauriens
2895 2748 3088 2788 aurum
3135 2740 3191 2788 et
3242 2731 3552 2796 thesauros,

1962 2825 2099 2881 nihil
2145 2825 2363 2896 penitus
2410 2825 2793 2905 derelinquens
2842 2823 2909 2879 ad
2973 2822 3273 2876 maximum
3338 2818 3553 2877 Judaeos

1962 2917 2167 2974 luctum
2213 2924 2435 2990 propter
2472 2918 2587 2974 haec
2620 2930 2791 2987 usque
2824 2914 3155 2987 perduxerit.
3203 2911 3449 2984 Namque
3499 2921 3556 2968 et

1962 3010 2310 3089 quotidianas
2358 3009 2754 3067 immolationes
2778 3024 2915 3079 quas
2943 3008 3054 3063 Deo
3088 3008 3382 3063 secundum
3411 3006 3557 3077 leges

1963 3097 2269 3158 oﬁ‘erebant
2321 3100 2598 3158 celebrare
2645 3098 2949 3173 prohibuit;
3005 3097 3306 3170 deperdens
3373 3105 3556 3152 autem

1965 3203 2136 3263 totam
2168 3194 2469 3261 civitatem,
2510 3193 2772 3264 quosdam
2813 3191 3102 3255 interfecit,
3136 3190 3272 3246 alios
3314 3191 3557 3262 captivos

1961 3300 2085 3343 cum
2114 3285 2240 3341 ﬁliis
2258 3294 2316 3341 et
2337 3285 2599 3341 uxoribus
2636 3284 2877 3348 deduxit,
2906 3283 2979 3338 ita
3028 3291 3085 3337 ut
3128 3296 3387 3339 numerus
3417 3282 3557 3337 mul-

1962 3377 2209 3435 titudinis
2230 3375 2573 3449 captivorum
2596 3388 2768 3446 usque
2793 3375 2862 3430 ad
2888 3375 3073 3431 decem
3116 3373 3285 3430 millia
3315 3374 3555 3431 existere

1960 3468 2255 3524 videretur.
2812 3508 2819 3513 .

2036 3558 2259 3631 Mystice
2278 3563 2459 3613 autem
2471 3554 2770 3611 Antiochus
2786 3554 2895 3621 hic,
2915 3554 3008 3626 qui
3030 3553 3253 3610 intravit
3274 3553 3329 3609 in
3350 3563 3555 3610 terram

1965 3657 2208 3706 sanctam
2235 3664 2359 3704 cum
2397 3647 2670 3718 superbia,
2719 3655 2778 3703 et
2830 3647 3135 3703 devastavit
3174 3645 3457 3718 templum,
3502 3652 3560 3700 et

1965 3741 2142 3798 locum
2174 3748 2422 3796 sanctum
2464 3739 2653 3811 polluit
2701 3729 3085 3808 superstitione
3127 3736 3334 3811 gentili,
3371 3748 3558 3811 typum

1965 3841 2116 3890 tenet
2154 3820 2498 3899 Antichristi,
2527 3832 2621 3904 qui
2648 3838 2834 3889 contra
2865 3829 3166 3887 Ecclesiam
3207 3827 3411 3887 Christi
3440 3830 3557 3885 bel-

1966 3922 2080 3980 lum
2125 3923 2416 3987 crudeliter
2461 3922 2621 3994 gerit,
2669 3932 2727 3977 et
2768 3922 2978 3978 animas
3025 3922 3385 3989 credentium,
3439 3937 3561 3993 quas

1965 4028 2096 4070 vere
2108 4013 2365 4085 templum
2388 4013 2483 4069 Dei
2507 4021 2651 4080 sunt,
2666 4027 2854 4068 errore
2875 4029 2975 4069 suo
2996 4013 3238 4084 polluere
3259 4013 3555 4081 contendit;

1969 4108 2035 4164 de
2078 4124 2186 4179 quo
2218 4110 2273 4165 in
2326 4108 2564 4164 Danielis
2614 4109 2894 4180 prophetia
2928 4107 3079 4181 (Cap.
3128 4109 3204 4183 xi)
3237 4110 3339 4166 sub
3388 4109 3558 4181 ﬁgura

1969 4196 2126 4253 istius
2150 4197 2400 4252 Antiochi
2437 4199 2510 4252 ita
2556 4200 2816 4268 scriptum
2840 4209 2925 4253 est
2968 4216 2980 4253 :
3036 4197 3142 4254 Cor
3168 4199 3282 4271 ejus
3310 4200 3559 4256 adversus

1971 4298 2332 4343 testamentum
2354 4297 2615 4353 sanctum,
2641 4298 2687 4342 et
2714 4289 2955 4357 faciet,et
2984 4299 3270 4344 revertetur
3287 4292 3344 4345 in
3365 4300 3559 4345 terram

1970 4395 2143 4433 suam.
2179 4379 2391 4435 Statuto
2432 4389 2660 4450 tempore
2709 4389 3008 4445 revertetur,
3062 4388 3110 4434 et
3145 4382 3310 4435 veniet
3346 4386 3414 4435 ad
3457 4399 3557 4436 au-

1972 4481 2161 4537 strum,
2185 4482 2232 4526 et
2261 4472 2622 4543 indignabitur
2641 4483 2821 4527 contra
2856 4484 3222 4529 testamentum
3246 4478 3559 4543 sanctuarii,

1975 4573 2023 4617 et
2071 4564 2248 4633 faciet,
2314 4573 2736 4636 reverteturque,
2792 4574 2841 4619 et
2890 4566 3137 4637 cogitabit
3184 4567 3432 4623 adversus
3474 4584 3560 4623 eos

280 4657 509 4720 quenter
554 4665 685 4724 ergo
734 4652 801 4708 de
848 4652 1037 4707 eodem
1097 4667 1223 4725 rege
1269 4654 1322 4708 in
1376 4655 1650 4725 praedictis
1694 4656 1865 4711 histo-
1895 4648 2060 4724 uni
2098 4653 2484 4725 dereliquerunt
2511 4663 2874 4710 testamentum
2901 4657 3210 4711 sanctuarii.
3235 4657 3305 4711 Et
3347 4658 3562 4712 brachia

278 4740 379 4795 riis
429 4750 682 4796 narratur
729 4745 872 4813 quod
916 4752 1201 4815 postquam
1260 4760 1512 4802 reversus
1563 4755 1647 4803 est
1690 4748 1875 4819 expul-

279 4845 376 4886 sus
405 4832 473 4885 ab
514 4831 804 4903 Egyptiis,
836 4835 1049 4890 venisse
1088 4850 1212 4889 eum
1258 4836 1311 4890 in
1349 4836 1610 4903 Judaaam,
1643 4838 1745 4892 hoc
1788 4848 1875 4894 est

282 4920 545 4977 adversus
596 4932 979 4977 testamentum
1029 4933 1296 4987 sanctum,
1350 4933 1404 4980 et
1438 4927 1698 4995 spoliasse
1730 4936 1863 4981 tem-

278 5012 430 5086 plum
472 5023 528 5069 et
577 5031 768 5070 aurum
815 5016 1003 5071 tulisse
1053 5017 1540 5087 quamplurimum,
1589 5021 1871 5090 positoque

281 5102 340 5160 in
376 5118 503 5159 arce
549 5105 802 5175 praesidio
845 5105 1217 5173 Macedonum,
1262 5123 1536 5164 reversum
1582 5110 1637 5163 in
1666 5119 1867 5166 terram

279 5210 437 5255 Euam
485 5204 540 5252 et
577 5208 698 5267 post
740 5199 1017 5254 biennium
1047 5216 1263 5255 rursum
1292 5211 1479 5256 contra
1517 5201 1869 5257 Ptolommum

280 5292 586 5348 exercitum
609 5308 969 5367 congregasse
994 5296 1062 5349 ad
1085 5302 1349 5350 austrum.
1368 5294 1612 5366 Cumque
1632 5296 1739 5351 duo
1763 5294 1871 5350 fra-

280 5392 399 5443 tres
421 5383 721 5454 Ptolomaei,
739 5384 1038 5460 Cleopatrae
1060 5387 1176 5454 ﬁlii,
1194 5403 1422 5459 quorum
1443 5388 1740 5444 avunculus
1753 5397 1874 5445 erat

284 5479 608 5547 Antiochus,
631 5481 1008 5538 obsiderentur
1039 5480 1399 5546 Alexandria},
1428 5481 1634 5552 legatos
1660 5481 1897 5555 venisse.

287 5568 583 5636 Romanos,
613 5586 842 5642 quorum
872 5587 1012 5627 unus
1035 5571 1251 5626 Marcus
1273 5571 1497 5627 Publius
1521 5570 1721 5637 Letias,
1749 5586 1873 5627 cura

288 5675 416 5718 eum
463 5672 693 5720 stantem
724 5665 1019 5720 invenisset
1064 5664 1117 5719 in
1168 5663 1373 5731 littore,
1424 5674 1477 5720 et
1523 5674 1876 5720 senatuscon-

290 5751 493 5811 nultum
520 5754 755 5811 dedisset
778 5771 885 5831 quo
908 5755 1198 5828 jubebatur
1235 5755 1301 5810 ab
1332 5754 1521 5810 amicis
1551 5755 1732 5831 populi
1768 5754 1876 5810 Ro-

291 5844 443 5903 mani
468 5845 723 5903 recedere
748 5855 802 5903 et
834 5834 929 5904 suo
964 5846 1190 5919 imperio
1216 5854 1501 5902 contentus
1526 5862 1664 5914 esse,
1698 5854 1750 5902 et
1785 5844 1876 5903 ille

1975 4760 2040 4798 ea:
2068 4761 2126 4797 eo
2150 4746 2381 4809 stabunt,
2414 4756 2461 4800 et
2484 4745 2717 4817 polluent
2750 4750 3111 4802 sanctuarium
3136 4749 3485 4818 fortitudinis,
3513 4759 3563 4804 et

1976 4833 2212 4902 auferent
2228 4836 2357 4905 juge
2380 4836 2724 4905 sacri/icium,
2744 4847 2793 4891 et
2819 4836 3017 4891 dabunt
3045 4837 3485 4893 abominationem
3507 4838 3563 4893 in

1975 4925 2368 4981 desolationem.
2425 4925 2491 4979 Et
2541 4926 2688 4998 impii
2724 4927 2780 4980 in
2828 4937 3192 4983 testamentum
3241 4928 3564 4984 simulabant

1976 5014 2363 5086 fraudulenter,
2417 5018 2640 5087 populus
2685 5026 2860 5072 autem
2912 5021 3081 5075 sciens
3148 5020 3315 5076 Deum
3385 5037 3561 5087 suum,

1977 5107 2225 5162 obtinebit
2249 5118 2295 5162 et
2346 5108 2523 5177 faciet,
2563 5119 2665 5165 etc.
2698 5109 2839 5164 Nulli
2890 5111 3111 5167 dubium
3139 5122 3225 5168 est
3275 5112 3406 5183 quin
3449 5114 3566 5168 hate
3646 5113 3654 5131 '

1977 5214 2098 5270 quae
2117 5201 2217 5255 sub
2239 5198 2505 5255 Antiocho
2524 5200 2801 5273 Epiphane
2821 5202 2875 5256 in
2898 5202 3130 5274 imagine
3149 5211 3564 5274 praecesserunt,

1978 5292 2082 5349 hoc
2105 5302 2190 5349 est
2213 5302 2274 5348 ut
2302 5309 2397 5349 rex
2428 5294 2880 5351 sceleratissimus
2913 5305 3232 5366 persecutus
3277 5296 3350 5352 sit
3389 5311 3567 5370 popu-

1978 5382 2089 5438 lum
2156 5382 2298 5450 Dei,
2361 5384 2622 5439 szevitiam
2682 5385 2991 5458 przeﬁguret
3043 5386 3414 5457 Antichristi,
3470 5386 3567 5461 qui

1978 5477 2345 5535 Christianum
2382 5479 2638 5551 populum
2666 5493 3041 5555 persequetur,
3083 5484 3173 5555 qui
3201 5482 3569 5557 indignaer

1978 5577 2169 5626 contra
2202 5578 2582 5626 testamentum
2612 5571 2730 5638 Dei,
2783 5581 2837 5628 et
2860 5574 3122 5646 cogitabit
3157 5574 3419 5631 adversus
3446 5570 3566 5627 illos

1980 5676 2119 5732 quos
2139 5662 2256 5717 vult
2285 5662 2379 5717 Dei
2410 5662 2580 5735 legem
2606 5664 2937 5736 relinquere,
2968 5665 3277 5738 polluetque
3312 5671 3566 5719 sanctua-

1980 5755 2125 5811 rium
2138 5754 2252 5821 Dei,
2272 5755 2520 5812 homines
2538 5756 2791 5814 videlicet
2813 5758 2878 5814 ad
2916 5740 3209 5830 imaginem
3232 5756 3327 5811 Dei
3350 5762 3566 5810 creatos

1912 5913 1917 5917 ρ
1942 5920 1943 5923 η
1992 5846 2219 5904 diversis
2240 5847 2387 5905 vitiis
2411 5850 2835 5920 corrumpendo;
2862 5845 3209 5917 auferetjuge
3235 5843 3565 5902 sacriﬁcium
