4028 6466
564 343 728 424 'uss

577 483 792 557 quando
817 483 1053 539 hostiam
1076 483 1257 538 laudis
1278 481 1496 539 Christo
1546 483 1640 539 Dei
1685 482 1826 539 Filio
1853 483 2049 539 oﬂ'erre
2102 485 2155 538 in

573 576 816 633 Ecclesia
849 574 1187 646 prohibebit;
1229 574 1688 632 abominationem
1727 577 2072 633 dcsolationis
2103 577 2157 631 in

573 667 694 723 loco
743 659 932 722 sancto
984 673 1219 728 statuet,
1301 658 1514 735 quando
1573 667 1811 721 divinum
1865 668 2067 722 cultum
2127 683 2158 722 a

573 744 898 819 Christianis
957 757 1060 813 sibi
1128 760 1470 828 extorquebit
1526 757 1793 825 exhiberi,
1850 759 1923 813 ita
1993 767 2051 813 ut
2101 758 2156 813 in

573 848 775 919 templo
825 847 921 903 Dei
975 848 1189 914 sedens,
1244 848 1494 902 ostendat
1544 862 1602 903 se
1636 855 1891 918 tanquam
1941 848 2055 919 ipse
2089 847 2162 903 sit

573 944 738 1010 Deus,
763 942 907 997 unde
939 941 1089 998 multi
1120 949 1426 997 nostrorum
1474 949 1665 1012 putant
1707 940 1776 995 ob
1832 941 2053 995 s'evitize
2104 948 2160 995 et

573 1035 924 1107 turpitudinis
942 1034 1363 1105 magnitudinem
1378 1033 1736 1089 Domitianum
1760 1034 1872 1089 sive
1893 1032 2158 1090 Neronem

571 1124 970 1182 Antichristum
994 1124 1109 1178 fore
1139 1142 1152 1177 :
1186 1123 1282 1179 sed
1309 1123 1435 1179 licet
1466 1123 1567 1195 ipsi
1586 1122 1905 1179 Antichristi
1935 1122 2159 1189 fuerint,

579 1217 841 1275 duantum
870 1215 937 1271 ad
966 1213 1084 1284 ejus
1104 1230 1300 1286 corpus
1326 1215 1581 1285 pertinet,
1626 1223 1681 1270 et
1709 1214 1951 1271 membra
1989 1215 2158 1291 ipsius

570 1316 720 1373 sunt,
759 1316 942 1362 tamen
990 1305 1105 1377 ipse
1146 1306 1387 1361 omnium
1436 1306 1489 1360 in
1536 1321 1766 1376 quorum
1816 1315 1978 1377 caput
1999 1303 2157 1374 juxta

572 1400 736 1455 linem
766 1396 951 1453 mundi
990 1406 1249 1452 venturus
1274 1404 1375 1461 est,
1423 1396 1660 1467 quando,
1709 1396 1865 1467 juxta
1898 1394 2158 1450 Veritatis

565 1491 921 1556 sententiam,
956 1488 1053 1544 erit
1084 1488 1351 1543 tribulatio
1385 1488 1527 1555 talis,
1565 1487 1735 1561 qualis
1784 1506 1886 1543 non
1936 1489 2037 1565 fuit
2090 1486 2155 1541 ab

569 1584 719 1639 initio
747 1582 930 1638 mundi
960 1597 1121 1652 usque
1160 1579 1335 1646 modo,
1364 1597 1457 1635 nec
1477 1581 1565 1651 ﬁet
1592 1590 1770 1651 postea
1793 1578 2007 1652 (Matth.
2030 1578 2153 1648 xu).

570 1675 795 1746 Verum,
824 1677 978 1751 juxta
1007 1675 1232 1733 Joannis
1259 1690 1469 1741 vocem,
1509 1672 1817 1728 Antichristi
1842 1672 1956 1743 jam
2005 1668 2158 1725 multi

565 1778 691 1826 sunt
720 1768 903 1842 (Joan.
931 1767 1015 1842 ιι),
1045 1784 1144 1840 per
1173 1783 1292 1840 qum
1319 1767 1563 1822 membra
1599 1756 1696 1822 sua
1727 1765 1864 1820 idem
1892 1764 2158 1837 malignus

567 1861 744 1921 hostis
792 1860 905 1933 jam
960 1858 1275 1931 mysterium
1336 1844 1595 1927 operatur
1653 1846 2005 1925 iniquitatis,
2060 1842 2156 1925 per

567 1954 859 2011 haereticos
906 1952 1178 2018 videlicet,
1208 1949 1586 2007 schismaticos
1615 1956 1777 2018 atque
1802 1934 2061 2020 paganos,
2106 1954 2156 2001 et

564 2045 765 2099 seducit
789 2041 1000 2109 multos,
1029 2051 1151 2096 tunc
1177 2042 1352 2105 etiam,
1378 2041 1424 2094 si
1446 2038 1566 2110 ﬁeri
1585 2048 1771 2110 potest,
1797 2038 1905 2108 ipse
1925 2035 2153 2091 scanda-

540 2124 693 2191 lizat
718 2134 927 2201 electos,
958 2133 1085 2205 quia
1118 2132 1358 2187 solvetur
1404 2128 1636 2186 Satanas
1664 2129 1731 2185 de
1765 2126 1985 2184 carcere
2032 2143 2153 2195 suo,

565 2236 622 2285 ιι
666 2235 840 2283 totum
886 2224 1127 2281 furorem
1176 2238 1356 2288 suum,
1405 2229 1666 2291 quantum
1715 2218 2065 2290 permittitur,
2100 2217 2155 2271 in

566 2317 919 2377 Christicolas
962 2315 1247 2388 perfundet
1279 2310 1583 2387 [ell‘undet].
1618 2310 1782 2367 Tollit
1803 2327 1933 2382 ergo
1960 2308 2154 2388 Antio-

564 2411 701 2469 chus
719 2412 787 2468 de
815 2384 1151 2466 Hierusalem
1174 2384 1344 2463 altare
1377 2384 1625 2471 aureum,
1657 2404 1872 2475 quando
1921 2416 2015 2481 eos
2039 2384 2154 2472 'qui

566 2492 918 2583 perfectiores
949 2512 1069 2557 esse
1088 2499 1435 2563 videbantur,
1459 2505 1513 2553 et
1537 2512 1634 2567 pro
1657 2494 1841 2568 populi
1874 2504 2021 2549 statu
2047 2508 2155 2547 non

565 2594 916 2651 mediocriter
963 2592 1247 2647 Dominum
1278 2606 1524 2655 exorare,
1558 2604 1719 2643 suasu
1756 2586 1990 2658 maligno
2011 2583 2157 2640 evel-

566 2686 629 2741 lit
664 2686 727 2743 de
782 2684 1044 2741 Ecclesia.
1102 2682 1264 2738 Tollit
1307 2692 1361 2737 et
1413 2681 1793 2737 candelabrum
1843 2679 2063 2733 luminis
2100 2686 2157 2733 et

563 2779 818 2836 universa
864 2792 994 2832 vasa
1040 2774 1177 2845 ejus,
1206 2774 1422 2845 quando
1475 2789 1569 2829 eos
1615 2773 1704 2844 qui
1758 2768 2156 2842 Praadicationis

563 2870 740 2929 ollicio
770 2858 1150 2945 fungebantur,
1184 2874 1239 2922 et
1268 2864 1434 2921 veluti
1465 2864 1759 2919 luminaria
1790 2878 1887 2934 per
1912 2862 2155 2917 diversas

564 2963 772 3035 species
809 2946 1119 3035 dogmatum
1142 2960 1205 3025 in
1239 2958 1437 3031 populo
1482 2956 1577 3012 Dei
1617 2954 1800 3010 lucere
1829 2955 2152 3020 debuerunt,

564 3057 679 3112 sive
708 3071 806 3129 per
832 3064 1056 3119 metum,
1090 3052 1203 3108 sive
1247 3066 1347 3123 per
1397 3048 1748 3121 cupiditatem
1796 3054 2068 3101 terrenam
2088 3045 2156 3101 de

564 3147 756 3227 ordine
785 3162 883 3204 suo
906 3142 1281 3221 praecipitavit.
1327 3141 1489 3197 Tollit
1530 3155 1657 3212 ergo
1688 3155 1931 3195 mensam
1961 3152 2156 3210 propo-

564 3239 778 3297 sitionis
823 3254 888 3295 ac
935 3253 1063 3293 vasa
1089 3236 1203 3307 ejus
1232 3232 1450 3311 quando
1477 3230 1791 3306 Sc'ripturas
1818 3244 2002 3290 satias
2029 3244 2154 3288 cum

566 3332 749 3403 iniqua
807 3322 1256 3411 interpretatimie
1321 3327 1653 3385 confundere
1709 3340 1807 3399 per
1867 3323 2153 3381 haereticos

542 3425 785 3499 satagit,
815 3408 883 3481 et
908 3440 1003 3481 eos
1040 3422 1133 3495 qui
1176 3423 1232 3478 in
1275 3421 1623 3478 meditatione
1668 3418 1803 3488 legis
1832 3416 1951 3484 Dei,
2007 3414 2153 3471 velut

566 3534 693 3572 vasa
721 3533 921 3585 mensae
956 3514 1050 3570 Dei
1102 3530 1166 3571 ac
1194 3528 1361 3586 panes
1388 3510 1774 3583 pmpositionis
1808 3504 2153 3564 commanere

566 3592 1140 3674 videbantur,'astutia
1176 3606 1427 3678 nequitiae
1458 3619 1570 3659 sua:
1609 3588 2153 3673 corrumpereatque

566 3700 622 3759 in
652 3714 895 3756 errorem
923 3698 1181 3755 seducere
1208 3697 1501 3754 contendit.

640 3789 829 3855 Velum
852 3804 1066 3862 quoque
1091 3798 1146 3844 et
1164 3804 1419 3854 coronas,
1441 3799 1494 3843 et
1525 3797 1901 3844 ornamentum
1926 3799 2153 3839 aureum

567 3874 710 3957 quod
759 3885 816 3940 in
854 3882 993 3939 facie
1049 3881 1233 3953 templi
1284 3889 1421 3948 erat,
1477 3880 1616 3936 idem
1677 3878 1930 3948 antiquus
1981 3875 2153 3932 hostis

568 3972 726 4041 tollit,
778 3983 834 4029 et
882 3972 1203 4031 comminuit
1247 3972 1450 4037 omnia,
1504 3970 1720 4043 quando
1749 3970 1984 4023 litteram
2020 3966 2153 4040 legis

568 4067 688 4132 Dei,
720 4068 771 4121 in
822 4081 930 4135 qua
978 4062 1242 4134 sapientia
1287 4063 1469 4118 divina
1518 4079 1582 4118 ac
1632 4063 1887 4134 mysteria
1912 4060 2152 4116 coelestia

567 4158 757 4225 latent,
798 4166 855 4213 et
878 4156 968 4212 ubi
1007 4172 1206 4212 corona
1233 4164 1506 4227 perpetuae
1547 4155 1814 4210 mercedis
1833 4160 1889 4208 et
1914 4153 2050 4209 bene
2077 4152 2154 4206 la-

566 4250 906 4315 borantibus,
936 4258 990 4305 et
1036 4258 1303 4320 prtecepta
1341 4246 1436 4302 Dei
1487 4245 1845 4309 servantibus,
1886 4245 1941 4299 in
1987 4258 2153 4313 regno

567 4345 774 4403 ctelesti
796 4360 860 4398 ac
884 4341 1131 4399 claritate
1156 4347 1409 4413 perpetua
1432 4338 1773 4410 percipienda
1795 4336 2152 4409 promittitur,

568 4435 822 4496 contritis
848 4432 1132 4491 sententiis
1175 4448 1240 4487 ac
1283 4444 1445 4486 sensu
1496 4429 1792 4501 depravato
1831 4428 1884 4482 in
1914 4427 2154 4482 alienum

567 4533 899 4593 intellectum
939 4528 1227 4592 convertit,
1268 4526 1479 4581 animas
1536 4524 1639 4580 sibi
1699 4522 2013 4579 obedientes
2052 4523 2161 4587 hoc

566 4625 731 4681 modo
750 4621 968 4692 decipit.
997 4618 1133 4674 Nam
1155 4633 1346 4672 aurum
1371 4625 1763 4685 argentumque
1790 4622 1846 4671 et
1868 4614 2154 4670 thesauros

569 4717 814 4774 occultos
840 4713 976 4769 nihil
1004 4711 1148 4767 aliud
1199 4708 1439 4781 intelligo
1466 4723 1628 4780 quam
1657 4707 1857 4778 eloquii
1900 4716 2154 4763 venusta-

573 4818 680 4864 tem
719 4822 785 4862 ac
813 4820 1067 4861 sensuum
1097 4801 1390 4874 puritatem
1436 4815 1559 4856 cum
1588 4799 1842 4855 thesauro
1891 4797 2152 4852 virtutum

570 4917 690 4972 quae
718 4897 948 4956 occultis
970 4895 1225 4952 cordibus
1248 4893 1388 4965 apud
1412 4891 1594 4947 ﬁdeles
1629 4890 1992 4957 collocantur;
2037 4892 2154 4949 haec

572 4992 752 5051 omnia
795 4988 1040 5046 diabolus
1090 4985 1157 5041 de
1207 5000 1374 5058 regno
1409 4983 1612 5038 Christi
1652 4982 1869 5037 auferre
1910 4982 2153 5048 molitur,

571 5100 694 5140 cum
729 5094 1073 5155 possessores
1106 5092 1318 5140 eorum,
1348 5075 1431 5128 his
1472 5068 1632 5129 bonis
1659 5072 1937 5143 spoliatos,
1966 5072 2019 5126 in
2054 5071 2153 5126 ba-

574 5177 819 5231 rathrum
871 5188 982 5228 sum
1029 5167 1349 5242 perditionis
1395 5181 1578 5221 secum
1634 5165 1853 5220 trahere
1905 5170 2152 5219 conatur.

577 5267 711 5320 lliuc
732 5264 972 5335 quotidie
992 5261 1261 5334 planctus,
1283 5258 1513 5330 gemitus
1535 5258 1588 5310 in
1611 5255 1871 5320 Ecclesia,
1895 5255 2153 5321 nascitur,

575 5374 696 5413 cum
725 5358 789 5412 de
830 5371 957 5412 casu
986 5353 1353 5424 proximorum
1392 5363 1492 5418 per
1521 5347 1950 5417 compaSsionem
1982 5355 2160 5401 curtus

577 5448 813 5504 tidelium
863 5462 968 5501 non
998 5443 1343 5499 mediocriter
1367 5440 1743 5496 contristatur.
1798 5436 1947 5494 Unde
1979 5436 2155 5507 sequi-

578 5553 708 5597 tur:
749 5542 816 5595 Et
864 5539 983 5610 fecit
1028 5537 1219 5592 cwdem
1258 5552 1503 5605 magnam
1531 5534 1822 5599 hominum,
1865 5545 1910 5611 et
1954 5532 2160 5588 locutus

577 5636 728 5690 estin
746 5631 989 5704 superbia
1030 5645 1242 5699 magna,
1276 5638 1323 5681 et
1357 5625 1527 5696 factus
1555 5635 1628 5680 est
1667 5624 1907 5696 planctus
1937 5640 2158 5695 magnus

579 5726 635 5780 in
663 5721 852 5779 Israel.
882 5719 1071 5779 Omnis
1116 5716 1373 5790 dignitas,
1420 5726 1581 5786 atque
1606 5716 1785 5772 omnis
1812 5724 1964 5780 aetas,
1994 5723 2159 5785 atque

580 5814 759 5874 multis
803 5827 967 5872 sexus
1012 5809 1159 5866 dolet
1207 5806 1565 5864 tumultuante
1611 5814 1979 5878 persecutore,
2028 5806 2156 5877 quia

1236 367 1298 424 Β.
1336 346 1591 425 ninam
1624 354 1847 427 MAURI
1881 337 2155 428 mm

2242 348 2553 431 modum.
2584 332 2878 431 omnem
2913 342 3094 432 rans
3130 374 3172 432 ι.

3661 385 3762 445 libb

2172 468 2235 548 Ἃ
2264 468 2407 538 nulla
2454 500 2682 555 persona
2735 487 2991 541 immunis
3020 494 3106 542 est
3135 468 3165 541 a
3197 468 3571 558 persecutione,
3610 498 3763 564 gemit-

2240 586 2367 646 que
2424 577 2815 646 QUisquc'tam
2874 592 2973 648 pro
3040 579 3440 648 tranquillitatis
3506 581 3765 644 detrimento

2261 682 2420 734 quam
2467 667 2629 721 etiam
2668 664 2735 722 de
2769 667 2872 722 lide
2920 662 3221 724 cadentium
3278 671 3484 738 damno,
3514 674 3638 743 quia,
3665 680 3768 737 sicut

2260 753 2459 814 Paulus
2506 754 2582 813 ait
2634 757 2684 830 (1
2710 756 2832 813 Cor.
2872 757 2973 832 xu)
3022 774 3039 813 :
3097 759 3339 815 Sollicita
3380 772 3494 816 sunt
3535 765 3583 817 in
3618 764 3769 824 Christi

2260 864 2475 919 corpore
2525 865 2618 920 pro
2674 846 2890 904 invicem
2935 851 3189 913 membra,
3229 858 3284 904 et
3327 849 3375 905 si
3418 852 3604 922 patitur
3645 872 3769 913 unum

2261 941 2582 1007 membrum,
2616 941 3017 1011 compatiuntur
3062 943 3243 997 omnia
3282 945 3547 1010 membra;
3589 948 3703 1003 unde
3734 960 3774 1006 et

2262 1031 2403 1087 idem
2426 1031 2715 1105 Apostolus
2741 1032 2986 1089 scribens
3021 1041 3210 1089 contra
3234 1049 3329 1090 eos
3359 1035 3450 1106 qui
3485 1052 3654 1093 vanam
3692 1041 3774 1111 glo-

2260 1123 2395 1177 riam
2430 1124 2703 1189 amabant,
2727 1125 3060 1181 enumeratis
3094 1124 3371 1182 laboribus
3413 1127 3520 1183 suis
3545 1146 3660 1200 quos
3692 1133 3775 1202 ipse

2259 1218 2612 1287 corporaliter
2646 1217 2960 1284 sull‘ereba‘t,
3011 1216 3310 1287 subjunxit,
3344 1220 3523 1276 dicens
3570 1220 3642 1293 (ll
3681 1224 3773 1280 Cor.

2258 1306 2378 1380 x1):
2414 1306 2614 1363 Praeter
2657 1307 2751 1363 illa
2793 1325 2911 1380 qua:
2943 1309 3256 1363 intrinsecus
3300 1308 3645 1385 [extrinsecus]
3670 1327 3775 1383 sunt,

2258 1399 2511 1453 instantia
2552 1415 2666 1453 mea
2688 1400 3018 1471 quotidiana,
3060 1399 3365 1456 sollicitudo
3390 1402 3605 1457 omnium
3630 1403 3774 1461 Eccle-

2258 1490 2477 1545 siarum.
2513 1490 2643 1557 Quis
2670 1491 2995 1560 inlinuntur,
3030 1500 3083 1546 et
3106 1508 3199 1563 ego
3225 1509 3331 1546 non
3384 1495 3649 1562 inﬁrmor?
3682 1496 3779 1563 Quis

2258 1582 2673 1651 scandalizatur,
2704 1594 2754 1638 et
2787 1600 2881 1655 ego
2917 1600 3021 1638 non
3060 1585 3237 1638 uror?
3277 1583 3339 1639 Si
3376 1585 3585 1656 gloriari
3606 1598 3777 1657 oportet,

2256 1691 2374 1746 quae
2400 1672 2723 1744 inﬁrmitatis
2758 1689 2887 1727 mea:
2917 1681 3036 1727 sunt
3055 1673 3361 1745 gloriabor,
3375 1673 3443 1729 Et
3486 1674 3601 1727 alibi
3629 1693 3641 1728 :
3668 1673 3777 1729 Gau-

2189 1818 2197 1845 __
2261 1766 2377 1820 dcte
2423 1763 2597 1819 autem
2654 1779 2772 1819 cum
2827 1764 3195 1835 gaudentibus,
3245 1781 3365 1818 cum
3407 1765 3630 1834 ﬂentibus
3676 1767 3779 1836 ﬂete,

2184 1858 2231 1933 Β
2258 1856 2487 1926 idipsum
2533 1855 2749 1910 invicem
2787 1853 3094 1919 sentientes;
3142 1870 3247 1909 non
3294 1854 3403 1909 alta
3436 1855 3682 1925 sapientes,
3714 1858 3779 1911 sed

2253 1944 2538 2000 humilibus
2565 1945 2964 2000 consentientes.

2325 2037 2396 2092 Et
2441 2047 2554 2109 post
2606 2036 2740 2091 duos
2774 2053 2939 2091 annos
2982 2035 3189 2092 dierum
3236 2038 3383 2093 misit
3426 2054 3516 2092 rex
3556 2040 3779 2108 principem

2238 2124 2571 2183 tributorum
2589 2128 2644 2183 in
2662 2128 2899 2183 civitates
2932 2126 3111 2183 Judte.
3143 2127 3398 2185 Diximus
3423 2128 3651 2199 superius
3671 2128 3776 2198 quod

2236 2219 2553 2276 Antiochus
2586 2228 2799 2275 teneret
2830 2226 3013 2291 typum
3031 2218 3393 2288 Antichristi;
3430 2222 3560 2276 idem
3585 2220 3779 2276 similiter

2254 2310 2643 2384 persecutionis
2671 2307 3033 2382 [perditionis]
3065 2308 3209 2365 tilias
3232 2311 3349 2366 hoc'
3364 2311 3418 2365 in
3445 2310 3557 2366 loco
3579 2310 3780 2380 princeps

2234 2404 2580 2460 tributorum
2650 2403 2822 2474 accipi
2879 2412 3077 2473 potest,
3149 2418 3316 2475 quem
3368 2404 3608 2475 princeps
3660 2402 3780 2472 hujus

2255 2495 2443 2551 mundi
2468 2503 2522 2551 et
2548 2503 2728 2551 rector
2757 2496 3103 2550 tenebrarum
3132 2495 3333 2550 harum
3375 2495 3605 2551 diabolus
3626 2494 3682 2548 ad
3706 2496 3779 2549 hoc

2255 2586 2469 2655 incitat,
2501 2596 2562 2643 ut
2599 2588 2655 2643 in
2682 2588 2996 2645 civitatibus
3026 2588 3198 2656 Judze,
3235 2590 3343 2645 hoc
3368 2601 3455 2645 est
3489 2590 3540 2644 in
3580 2587 3779 2644 Ecclesiis

2255 2676 2485 2745 Christi,
2514 2679 2776 2735 tributum
2824 2690 3170 2751 peccatorum
3220 2681 3329 2738 sibi
3370 2680 3571 2737 solvere
3612 2681 3775 2750 exigat;

2255 2776 2438 2826 tamen
2458 2786 2583 2827 cum
2609 2771 2713 2828 hoc
2740 2787 2849 2827 non
2875 2772 3071 2843 ubique
3114 2773 3229 2827 vim
3270 2772 3480 2845 agendo
3505 2769 3777 2843 persecutio-

2255 2870 2385 2921 num
2406 2865 2737 2938 expostulat,
2765 2867 2859 2922 sed
2884 2866 3172 2938 aliquando
3218 2866 3526 2931 tormentis,
3551 2862 3780 2934 aliquando

2254 2954 2657 3024 blandimentis,
2697 2956 2986 3027 aliquando
3047 2958 3210 3013 minis
3256 2965 3314 3012 et
3374 2964 3552 3027 aperta
3600 2952 3777 3015 seritis,

2256 3044 2548 3117 aliquando
2567 3045 2758 3101 fraude
2777 3054 2833 3101 et
2854 3045 2996 3102 dolo.
3025 3045 3177 3103 Unde
3192 3046 3459 3115 scriptum
3470 3052 3550 3101 est
3572 3061 3586 3093 :
3603 3042 3778 3097 Locum

2164 3188 2195 3213 ,ι
2255 3150 2333 3196 est
2356 3139 2427 3194 ad
2455 3155 2542 3194 eos
2571 3139 2725 3194 verba
2750 3139 2974 3209 paci/ica
3003 3140 3058 3193 in
3086 3138 3229 3194 dolo.
3263 3139 3374 3195 Sed
3410 3138 3501 3209 qui
3523 3132 3775 3195 crediderit.

2182 3228 2228 3301 (ἶ
2259 3232 2481 3292 sibimet
2503 3232 2935 3305 persecutionem
2958 3241 3261 3303 praeparat;
3292 3232 3405 3304 agit
3427 3230 3561 3287 enim
3580 3225 3779 3284 hocidslt

2256 3326 2427 3386 hostis
2449 3323 2864 3385 nefantlissimns
2885 3320 3044 3379 suasu
3068 3322 3305 3393 maligno
3329 3321 3497 3392 signis
3520 3327 3659 3391 atque
3681 3329 3776 3387 pro-

2255 3420 2415 3492 digiis
2446 3420 2820 3486 mendacibus,
2851 3427 2909 3474 ut
2945 3435 3067 3474 eum
3105 3414 3359 3474 homines
3386 3413 3537 3473 deum
3561 3423 3664 3469 esse
3698 3420 3781 3460 m-

2236 3500 2402 3578 ldant,
2430 3516 2486 3567 et
2512 3512 2753 3567 divinum
2778 3510 2982 3567 cultum
3005 3508 3084 3565 illi
3104 3510 3421 3564 exhibeant.
3451 3506 3547 3576 Qui
3573 3518 3684 3574 ergo
3704 3499 3777 3555 sibi

2234 3609 2502 3675 credunt,
2561 3609 2661 3664 hos
2712 3607 2766 3662 in
2824 3607 3007 3661 anima
3062 3605 3426 3677 spiritualiter
3473 3599 3674 3663 occidit;
3711 3593 3777 3665 qui

2256 3712 2437 3758 autem
2456 3701 2723 3779 resistunt
2742 3697 3014 3768 corporali
3049 3697 3299 3752 cruciatu
3330 3710 3425 3751 eos
3456 3690 3641 3762 allligit.
3668 3684 3779 3743 Unde

2253 3791 2455 3859 evenit,
2481 3790 2625 3862 quod
2664 3804 2790 3846 cum
2839 3803 3034 3859 magno
3063 3784 3248 3844 dolare
3300 3785 3496 3841 mentis
3548 3778 3772 3852 legendum

2254 3893 2359 3951 est,
2391 3891 2451 3937 ut
2485 3882 2677 3953 perdat
2706 3872 2961 3953 populum
2988 3878 3216 3933 multum
3242 3891 3316 3933 ex
3342 3873 3531 3938 Israel,
3562 3885 3665 3925 cum
3689 3867 3775 3938 plu-

2256 3977 2423 4032 rimos
2446 3977 2512 4031 de
2541 3974 2847 4031 Christiana
2874 3973 3132 4046 religione
3160 3974 3215 4028 in
3239 3972 3564 4044 apostasiam
3601 3978 3776 4024 contero

2257 4068 2321 4121 tit
2358 4083 2372 4118 :
2417 4066 2613 4137 accipit
2641 4064 2811 4136 spolia
2839 4062 3097 4130 civitatis,
3139 4078 3265 4118 cum
3308 4068 3613 4119 ornamenta
3649 4052 3777 4112 eccle-

2255 4159 2349 4215 sia:
2377 4157 2546 4225 tollit;
2595 4155 2876 4213 succendit
2928 4169 3052 4211 eam
3100 4155 3247 4227 igne,
3300 4171 3426 4212 cum
3468 4149 3775 4227 persecutione

2256 4252 2528 4316 devastat;
2553 4249 2788 4306 destruit
2808 4248 2999 4304 domos
3021 4247 3135 4317 ejus
3176 4257 3232 4303 et
3277 4264 3465 4305 muros
3489 4250 3540 4302 in
3577 4241 3773 4302 circuitu.

2255 4359 2379 4400 cum
2400 4342 2582 4415 plebes
2603 4342 2936 4397 credentium
2960 4341 3186 4412 dissipat
3212 4356 3276 4396 ac
3301 4341 3597 4397 defensores
3615 4346 3773 4394 eorum.

2255 4438 2361 4493 hoc
2384 4445 2467 4492 est
2487 4430 2753 4500 doctores,
2778 4442 2991 4499 enecat,
3027 4432 3382 4504 captivasque
3403 4433 3543 4488 ducit
3561 4428 3772 4490 mulieres,

2257 4541 2315 4589 et
2343 4542 2516 4597 natos,
2566 4540 2621 4587 et
2664 4546 2883 4601 pecora,
2929 4531 3074 4601 quod
3114 4530 3190 4585 illi
3220 4532 3313 4601 qui
3367 4528 3627 4586 mollitiem
3651 4517 3772 4578 animi

2178 4596 2234 4660 Ῑ)
2258 4626 2478 4691 habent,
2504 4596 2563 4680 et
2591 4596 2743 4696 pueri
2782 4596 2909 4678 sunt
2945 4596 3198 4679 sensibus
3226 4596 3290 4678 ac
3309 4623 3602 4679 carnalibus
3618 4612 3774 4673 deside-

2259 4716 2356 4772 riis
2384 4716 2703 4783 servientes,
2754 4728 2904 4770 more
2944 4714 3228 4770 brutorum
3276 4713 3577 4771 animalium
3615 4708 3770 4767 vivunt»

2259 4806 2557 4876 captivitati
2585 4821 2651 4862 ac
2684 4804 2878 4877 laqueo
2904 4804 3114 4875 antiqui
3168 4805 3342 4860 hostis
3368 4804 3585 4860 maxime
3616 4800 3770 4870 patuit.

2261 4900 2551 4956 devastatis
2586 4886 3080 4963 ecclesiis'Christi,
3108 4907 3165 4952 et
3190 4898 3449 4970 dispersis
3472 4901 3666 4968 propter
3684 4902 3774 4960 pet-

2261 4990 2592 5047 secutionem
2623 4989 2885 5044 ministris
2907 4989 3096 5059 ipsius,
3143 4989 3317 5043 hostis
3347 4989 3597 5058 malignus
3622 4983 3665 5038 in
3687 4980 3771 5034 loco

2234 5068 2451 5137 deorum
2490 5092 2662 5137 artem
2711 5079 3003 5150 impietatis
3031 5079 3260 5151 erigere,
3284 5088 3338 5135 et
3365 5079 3672 5148 blasphemus
3691 5067 3770 5126 cnl-

2262 5185 2410 5233 tores
2437 5176 2761 5232 substituere
2789 5175 3027 5241 molitur,
3056 5185 3348 5246 quatenus,
3386 5175 3429 5229 si
3466 5165 3685 5243 possibile
3703 5162 3767 5220 sit.

2260 5281 2359 5341 per
2384 5281 2581 5338 pravos
2603 5266 2850 5321 homines
2869 5281 3065 5322 nomen
3091 5265 3474 5326 Christianum,
3497 5259 3624 5331 quod
3640 5252 3767 5341 soluit}

2264 5337 2322 5411 in
2379 5337 2512 5411 orbe
2568 5354 2871 5427 praevaluit,
2922 5355 3163 5410 funditus
3211 5354 3468 5416 deleatur,
3526 5358 3576 5404 et
3620 5337 3767 5401 diaboli

2264 5443 2516 5501 voluntas
2564 5444 2618 5499 in
2668 5443 2963 5516 pollutione
3037 5444 3298 5501 idolorum
3346 5453 3401 5498 et
3446 5433 3769 5509 multiplicium

2262 5544 2608 5607 peccatorum
2638 5534 2939 5605 expleatur.
2966 5532 3121 5590 Unde
3148 5534 3424 5604 sequitur:

2338 5625 2407 5680 Et
2450 5625 2746 5695 e/fuderunt
2784 5624 3093 5695 sanguinem
3116 5612 3766 5693 innocentempercimill'

2263 5715 2696 5784 sanctiﬁcationis
2733 5754 2749 5781 ,
2804 5722 2853 5769 et
2923 5717 3397 5769 cantaminum
3467 5696 3747 5773 sttan

2267 5823 2408 5875 nem,
2439 5812 2543 5863 etc.
2591 5805 2937 5864 Habitatores
2982 5803 3314 5863 Hierusalem
3358 5802 3556 5875 fugiunt
3579 5787 3760 5861 mundo-

2180 4550 2188 4567 1
