4028 6456
311 332 452 395 1137

1021 332 1372 393 COMMENT.
1416 330 1482 388 IN
1523 329 1770 389 LIBROS
1807 325 2381 398 MACHABEORUM.
2421 356 2492 370 ι·-
2528 325 2602 383 IN
2632 325 2760 382 LIB.
2801 325 2842 380 l.

3432 325 3571 383 1158

309 452 686 528 persecutione
740 453 1018 518 fervente,
1061 451 1152 507 alii
1207 449 1564 522 corporaliter
1592 449 1804 521 fugiunt
1827 455 1888 502 ut
1907 451 1966 514 Α
1990 460 2177 512 suasu,
2208 445 2303 500 sed
2353 445 2519 499 etiam
2541 442 2875 497 diversarum
2911 452 3193 510 ptenarum
3226 439 3344 494 ﬁeri
3371 448 3572 511 cogunt

307 531 418 601 non
481 545 944 611 scandalizentur;
995 544 1084 599 alii
1114 552 1297 600 mente
1341 542 1571 614 fugiunt,
1639 551 1695 598 et
1721 556 1886 613 grave

307 637 621 694 scandalum
663 637 716 691 in
753 638 1032 692 animabus
1063 637 1174 692 suis
1211 636 1504 706 patiuntur,
1533 635 1623 689 alii
1655 635 1710 689 in
1742 649 1886 715 con-

305 727 542 788 fessione
570 731 770 786 Christi
819 747 989 802 usque
1026 731 1092 784 ad
1139 736 1366 785 mortem
1411 736 1780 798 perseverant,
1832 733 1889 782 et

304 819 462 877 liberi
495 837 523 874 a
560 831 968 892 persccutorum
997 821 1246 875 manibus
1275 820 1328 874 in
1359 820 1524 874 caelos
1543 817 1806 887 effugiunt
1827 825 1887 872 ut
1945 869 1949 873 .

306 921 754 977 remunerentur;
789 911 953 981 ﬁtque
1002 919 1145 966 terra
1170 919 1356 966 sancta
1379 910 1642 966 habitatio
1672 918 1888 965 extero-

279 996 449 1069 rum,
474 1004 688 1074 quando
740 1006 997 1060 membris
1021 1003 1219 1060 Christi
1248 1020 1342 1076 per
1387 1005 1707 1076 martyrium
1733 1019 1887 1060 coro-

304 1098 516 1162 nandis,
543 1099 597 1152 in
628 1105 743 1155 toto
778 1098 978 1153 mundo
1001 1097 1392 1165 multiplicatur
1420 1112 1679 1152 numerus
1703 1110 1887 1166 persc-

302 1200 550 1246 cutorum
602 1207 616 1243 :
675 1189 791 1244 dies
834 1189 956 1244 festi
987 1190 1104 1260 ejus
1131 1197 1521 1244 convertuntur
1570 1189 1621 1242 in
1659 1188 1884 1253 luctum,

302 1287 517 1356 quando
544 1284 679 1341 ritus
697 1285 1084 1340 celeberrimus
1108 1285 1390 1356 religionis
1427 1284 1752 1340 Christiana:
1776 1298 1883 1338 non
1971 1339 1976 1344 ,

300 1378 634 1446 permittitur
659 1379 862 1432 habere
886 1378 967 1434 sui
995 1376 1220 1448 fulgoris
1254 1385 1538 1441 ornatum;
1587 1386 1632 1430 et
1669 1375 1885 1430 sabbata

299 1470 414 1536 ejus
436 1472 489 1524 in
525 1472 880 1542 opprobrium,
927 1480 982 1526 et
1016 1486 1138 1542 spes
1163 1487 1325 1541 quam
1371 1471 1572 1526 habent
1611 1469 1664 1523 in
1703 1467 1884 1524 futura

301 1563 604 1617 animarum
623 1563 808 1632 requie
821 1562 1086 1625 aboletur,
1101 1562 1190 1618 vel
1207 1562 1276 1618 ab
1301 1563 1455 1616 hoste
1476 1560 1748 1615 deluditur
1761 1558 1888 1612 ﬁde-

299 1653 452 1708 lium.
471 1653 766 1708 Secundum
781 1653 1002 1724 gloriam
1025 1654 1137 1722 ejus
1155 1652 1497 1723 multiplicata
1512 1663 1583 1706 est
1599 1651 1886 1722 ignominia

298 1743 434 1811 ejus.
486 1744 746 1798 Fredatur
769 1745 912 1798 enim
963 1744 1132 1814 gloria
1179 1744 1432 1800 Ecclesia:
1462 1743 1696 1798 ﬁdelium
1731 1743 1884 1812 igno-

1987 545 2275 592 tormento.
2313 533 2463 590 Unde
2484 535 2729 604 sequitur
2755 551 2768 586 :

2057 629 2126 683 Et
2147 629 2440 700 quicunque
2462 644 2563 682 non
2589 627 2828 697 fecissent
2855 626 3141 681 secundum
3161 626 3374 681 verbum
3407 628 3569 698 regis,

1988 729 2329 782 morerentur,
2360 719 2645 773 secundum
2687 719 2863 773 omnia
2886 717 3039 772 verba
3069 719 3200 773 haec.
3233 719 3573 776 incandescit

1987 809 2280 882 crudelitas
2302 807 2517 880 quando
2556 807 2726 864 fervet
2772 808 3048 879 impietas;
3078 808 3230 864 szevit
3259 808 3574 867 immanitas

1986 901 2202 971 quando
2232 908 2423 956 mstuat
2452 900 2738 970 cupiditas.
2764 899 2921 955 Omni
2949 916 3120 972 regno
3144 900 3444 957 Antiochus
3473 916 3572 972 per

1987 992 2284 1062 scripturas
2347 991 2532 1046 indicit
2589 999 2880 1057 tormenta,
2935 1000 2992 1046 et
3042 999 3273 1048 mortem
3325 993 3574 1064 ingerere

1986 1084 2284 1140 cultoribus
2316 1095 2474 1138 terra:
2505 1082 2597 1138 Dei
2645 1100 2657 1136 :
2703 1083 2781 1137 sic
2805 1091 2860 1137 et
2887 1077 3251 1139 Antichristus
3291 1099 3392 1154 per
3413 1083 3578 1140 ruini-

1987 1186 2130 1233 stros
2173 1191 2298 1231 suos
2354 1174 2767 1230 scelestissimos
2810 1173 2960 1228 varia
3007 1173 3246 1244 exquirit
3289 1189 3574 1245 poenarum

1987 1283 2207 1338 genera,
2276 1277 2544 1336 quatenus
2599 1263 2952 1320 Christicolas
3006 1281 3036 1320 a
3096 1275 3242 1321 statu
3297 1266 3576 1338 religionis

1987 1357 2343 1413 sanctissima:
2363 1357 2580 1421 evellat,
2612 1365 2859 1411 conterat
2883 1365 3048 1427 atque
3069 1351 3370 1428 disperdat.

2058 1449 2156 1502 Die
2175 1450 2356 1518 quinta
2381 1449 2582 1501 decima
2611 1448 2802 1501 mensis
2825 1444 3039 1514 Casleu,
3069 1449 3251 1517 quinto
3271 1458 3319 1502 et
3343 1449 3577 1521 quadra-

1986 1542 2202 1614 gesimo,
2248 1550 2296 1596 et
2339 1541 2618 1594 centesimo
2647 1556 2806 1604 anno,
2836 1539 3115 1608 wdiﬁcavit
3147 1558 3237 1595 rea:
3289 1541 3576 1596 Antiochus

1987 1633 2396 1687 abominandum
2446 1631 2782 1686 desolationis
2837 1630 3058 1686 idolum.
3117 1631 3316 1688 Mensis
3381 1631 3577 1689 Casleu

1989 1725 2131 1779 idem
2184 1733 2268 1779 est
2322 1725 2461 1794 apud
2508 1723 2727 1780 Graecos
2778 1725 2868 1794 qui
2919 1723 3059 1794 apud
3109 1723 3333 1778 Latinos
3379 1724 3579 1778 dicitur

297 1831 954 1904 minia,quandolinimico
966 1811 1282 1888 dominante
1294 1833 1462 1904 gloria
1480 1811 1781 1888 C(elestium
1801 1815 2302 1904 εει-,βθβοθιηδεκ
2331 1811 2388 1868 1η
2419 1812 2580 1882 huius
2604 1815 2808 1870 ηιθιιδίδ
2831 1815 2917 1871 die
2939 1815 3173 1880 decima,
3211 1831 3354 1870 ³ηηο
3395 1823 3581 1872 ceme-

295 1931 700 1977 cramentorum
713 1933 767 1978 et
787 1923 1041 1978 honestas
1061 1924 1363 1977 divinorum
1379 1922 1674 1978 oﬁiciorum
1699 1923 1876 1993 impiis
1893 1909 1900 1924 ’

296 2011 795 2083 blasphemantibus
844 2013 1138 2070 maximum
1205 2014 1436 2068 sustinet
1513 2014 1884 2086 opprobrium.

373 2103 441 2157 Et
465 2105 669 2174 scripsit
715 2122 805 2159 rex
836 2105 1120 2160 Antiochus
1147 2105 1288 2158 omni
1319 2122 1474 2175 regno
1514 2122 1609 2160 suo
1650 2116 1706 2159 ut
1757 2113 1888 2159 esset

299 2195 470 2249 omnis
489 2195 713 2266 populus
742 2213 900 2261 unus,
929 2207 976 2250 et
1007 2195 1321 2267 relinqueret
1345 2195 1699 2268 unusquisque
1726 2195 1888 2266 legem

282 2307 471 2345 .suam.
532 2289 804 2359 Scriptum
851 2299 904 2344 et
950 2290 1189 2360 Epistola
1243 2290 1537 2360 spiritualis
1602 2289 1886 2354 Antiochi,

275 2383 601 2454 ,pbilosnphi
634 2393 759 2438 sunt
794 2383 1073 2453 gentilium
1105 2383 1344 2439 lueretici
1369 2391 1530 2452 atque
1557 2381 1889 2437 schismatici

296 2473 752 2540 Christianorum,
812 2475 904 2544 qui
942 2474 1230 2528 veritatem
1285 2473 1420 2544 legis
1468 2472 1669 2528 Christi
1727 2480 1889 2540 atque

296 2572 561 2621 statutum
602 2564 881 2619 catholicm
909 2563 1030 2618 ﬁdei
1066 2563 1382 2618 subvertere
1424 2563 1664 2632 cupiunt,
1692 2561 1891 2632 quibus

298 2655 453 2710 dolor
487 2663 569 2710 est
605 2655 782 2710 cultus
820 2655 1033 2709 divinus
1061 2663 1117 2709 et
1157 2653 1346 2724 religio
1369 2653 1687 2722 Christiana
1731 2669 1744 2705 :
1794 2651 1889 2706 sed

299 2760 408 2814 quo
456 2745 627 2814 magis
668 2760 764 2814 per
811 2760 1050 2800 errorem
1083 2745 1302 2798 student
1341 2743 1440 2797 sibi
1493 2742 1737 2798 homines
1794 2742 1890 2794 ad-

298 2852 492 2902 unare,
516 2853 582 2890 eo
607 2838 780 2906 magis
808 2836 1011 2890 faciunt
1039 2835 1155 2890 illos
1192 2837 1260 2888 ab
1289 2835 1520 2888 invicem
1551 2833 1883 2896 discordare,

299 2928 425 2998 quia
477 2943 576 2981 nec
612 2927 712 2996 ipsi
775 2927 918 2980 inter
983 2941 1040 2980 se
1106 2926 1340 2979 invicem
1387 2925 1738 2988 concordant,
1792 2923 1886 2977 sed

298 3018 467 3073 variis
495 3019 657 3073 sectis
687 3018 1067 3072 dissentientes
1099 3017 1426 3086 discrepant,
1467 3025 1522 3071 et
1550 3016 1671 3069 ideo
1709 3017 1887 3072 minus

299 3125 358 3166 se
387 3111 748 3179 obsequentes
773 3117 829 3164 et
872 3109 924 3162 in
972 3108 1178 3162 unitate
1227 3107 1540 3163 consociare
1571 3105 1880 3176 praevalent.

1991 1901 2130 1966 simo
2151 1911 2568 1981 quadragesimo
2611 1911 2800 1980 quinto
2835 1912 2983 1982 regni
3006 1911 3342 1978 Graecorum,
3373 1913 3515 1983 quod
3546 1929 3579 1968 a

1988 2003 2166 2072 primo
2196 2017 2335 2056 anno
2363 2001 2572 2056 Seleuci
2598 2013 2917 2073 computare
2960 2004 3244 2075 incipiunt,
3277 2005 3580 2061 Antiochus

1992 2095 2298 2165 Epiphanes
2323 2096 2740 2151 abominandum
2764 2097 2962 2152 idolum
2987 2098 3338 2153 desolationis
3360 2099 3412 2152 in
3442 2106 3580 2153 tem-

1992 2187 2079 2256 plo
2104 2187 2292 2242 statuit
2336 2187 2449 2249 Dei,
2484 2188 2586 2241 hoc
2618 2195 2701 2242 est
2730 2187 3080 2241 simulacrum
3126 2186 3275 2243 Jovis
3322 2186 3578 2258 Olympii,

1992 2278 2326 2348 principatus
2377 2286 2556 2331 autem
2613 2275 2694 2330 sui
2735 2292 2877 2331 anno
2928 2286 3142 2343 octavo,
3194 2293 3299 2346 quo
3330 2277 3580 2334 videlicet

1993 2357 2136 2422 anno
2185 2368 2238 2422 in
2291 2367 2539 2422 Samaria
2574 2383 2736 2437 super
2781 2369 3040 2423 verticem
3091 2370 3290 2431 montis
3339 2369 3580 2424 Garizim

1991 2459 2138 2515 Jovis
2157 2458 2432 2530 Peregrini
2479 2459 2593 2513 sive
2631 2458 2923 2529 Hospitalis
2959 2458 3239 2513 delubrum
3270 2459 3581 2526 aediﬁcavit,

1993 2551 2124 2621 ipsis
2149 2549 2528 2614 Samaritanis,
2555 2557 2616 2603 ut
2639 2549 2778 2604 idem
2805 2547 3008 2602 faceret
3025 2565 3123 2619 per
3147 2547 3433 2618 epistolam
3456 2565 3582 2620 pre-

1992 2642 2260 2707 cantibus,
2305 2642 2444 2696 sicut
2471 2640 2738 2711 Josephus
2780 2641 2932 2696 testis
2969 2650 3052 2696 est
3082 2659 3095 2694 :
3130 2641 3224 2696 sed
3267 2641 3498 2713 legimus
3526 2641 3582 2697 in

1992 2735 2281 2807 Evangelio
2332 2735 2626 2790 secundum
2683 2734 2992 2788 Matthaeum
3032 2734 3369 2790 Salvatorem
3419 2735 3584 2790 disci-

1990 2827 2131 2897 pulis
2163 2826 2618 2896 interrogantibus
2647 2825 2713 2879 de
2744 2825 2898 2894 signo
2920 2826 3187 2880 adventus
3212 2826 3318 2890 sui,
3371 2833 3424 2880 et
3453 2841 3579 2882 oon-

1990 2917 2347 2971 summatione
2396 2914 2603 2981 sa:culi,
2651 2916 2792 2969 inter
2841 2914 2944 2970 alia
2993 2916 3340 2986 respondisse
3379 2931 3394 2970 :
3445 2915 3578 2972 Cum

1989 3029 2111 3082 ergo
2142 3011 2375 3064 videritis
2410 3008 2749 3064 desolationis
2795 3009 3256 3076 abominationem,
3295 3026 3410 3081 qua:
3436 3011 3579 3064 dicta

1988 3112 2064 3157 est
2092 3120 2124 3156 a
2177 3101 2398 3156 Daniele
2441 3102 2708 3172 prapheta,
2757 3110 2979 3154 stantem
3009 3100 3063 3154 in
3094 3099 3207 3155 loco
3245 3111 3449 3169 sancto,
3489 3103 3580 3173 qui

299 3205 445 3260 inter
471 3203 730 3275 superbos
760 3203 927 3267 enim,
977 3201 1256 3271 Scriptura
1287 3209 1443 3262 teste,
1471 3215 1686 3270 semper
1707 3199 1885 3270 iurgia
1914 3184 1960 3262 β
1991 3191 2114 3264 legit
2136 3191 2390 3262 intelligat
2422 3190 2637 3264 (Matth.
2689 3192 2859 3266 xxiv).
2889 3191 3116 3260 Quando
3164 3193 3230 3246 ad
3274 3191 3578 3264 intelligen-

303 3301 449 3358 sunt,
477 3303 554 3359 et,
583 3291 736 3362 juxta
767 3291 1025 3347 Veritatis
1069 3290 1417 3358 sententiam,
1467 3286 1632 3344 Omne
1672 3306 1885 3358 regnum

302 3385 358 3438 in
389 3401 442 3438 se
461 3385 634 3455 ipsum
663 3383 888 3438 divisum
913 3381 1255 3447 desolabitur,
1289 3389 1338 3434 et
1367 3379 1551 3433 domus
1597 3395 1753 3449 super
1794 3378 1888 3432 do-

302 3493 448 3530 mum
479 3476 647 3538 cadet.
711 3474 965 3529 Mandant
1005 3473 1127 3528 libri
1157 3481 1211 3528 et
1251 3470 1494 3542 epistola:
1539 3469 1790 3525 Antiochi
1832 3470 1886 3524 in

304 3569 641 3624 Hierusalem
694 3576 749 3622 et
796 3568 848 3621 in
887 3566 1199 3622 civitatibus
1241 3562 1392 3619 Judze
1435 3573 1496 3618 ut
1533 3571 1890 3631 sequerentur

300 3663 448 3737 leges
493 3665 758 3737 gentium,
815 3679 982 3733 quare
1035 3670 1089 3717 et
1138 3660 1399 3716 deﬁniant
1447 3657 1785 3723 holocausta,
1835 3664 1890 3712 et

301 3758 570 3814 sacriﬁcia
609 3765 667 3812 et
694 3756 1025 3827 placationes
1060 3752 1240 3809 facere
1282 3752 1335 3806 in
1363 3749 1563 3820 templo
1587 3749 1682 3804 Dei
1712 3766 1724 3802 :
1759 3743 1885 3819 quia

305 3849 541 3904 maxima
593 3864 723 3904 cura
772 3848 1173 3918 maximumque
1221 3846 1456 3901 studium
1491 3853 1576 3899 est
1618 3843 1889 3899 haereticis

305 3948 466 4010 atque
489 3940 713 4010 paganis
742 3947 802 3993 ut
843 3939 895 3992 in
929 3939 1157 3993 ecclesia
1181 3936 1385 3994 Christi
1413 3935 1613 3991 cultum
1645 3936 1886 3991 divinum

304 4049 398 4089 seu
421 4032 750 4087 confundant
784 4046 877 4084 seu
901 4031 1117 4100 penitus
1132 4030 1500 4100 exstinguant,
1517 4044 1584 4084 ne
1604 4028 1889 4083 sinceritas

304 4133 466 4180 rectae
494 4123 640 4189 ﬁdei,
673 4138 792 4193 quae
826 4138 922 4190 per
962 4121 1305 4175 dilectionem
1352 4129 1628 4190 operatur,
1687 4119 1739 4173 in
1793 4133 1887 4173 ara

302 4217 482 4272 cordis
512 4215 780 4270 credentis
808 4222 1019 4284 gratum
1065 4213 1436 4268 holocaustum
1466 4212 1577 4265 Deo
1603 4209 1881 4274 offeratur,

303 4320 403 4360 nec
433 4305 696 4360 sacriﬁcia
735 4304 960 4375 mystica
992 4305 1236 4373 corporis
1263 4313 1319 4357 et
1353 4302 1632 4372 sanguinis
1675 4301 1886 4356 Domini

303 4412 425 4451 cum
453 4412 604 4451 sacra
634 4395 870 4450 ﬁdelium
905 4397 1150 4450 oratione
1177 4403 1337 4465 atque
1371 4395 1673 4463 placatione
1715 4393 1886 4448 bono-

303 4503 423 4542 rum
447 4498 663 4542 actuum
692 4487 744 4540 in
777 4502 907 4542 vero
933 4486 1132 4556 templo
1162 4485 1259 4540 Dei
1288 4487 1528 4542 onmium
1554 4485 1785 4540 creatori
1833 4491 1887 4537 et

1993 3284 2120 3340 tiam
2171 3299 2552 3356 provocamur,
2603 3285 2891 3356 mysticum
2942 3293 3207 3340 numstrat
3248 3299 3368 3340 esse
3435 3284 3579 3356 quod

1989 3380 2190 3434 dictum
2229 3386 2332 3433 est.
2378 3375 2649 3447 Scriptum
2701 3387 2786 3433 est
2840 3387 3018 3432 autem
3086 3377 3138 3432 in
3196 3376 3419 3433 Daniele
3476 3378 3580 3432 hoc

1989 3472 2152 3527 modo
2184 3489 2196 3524 :
2227 3470 2293 3525 Et
2320 3471 2374 3526 in
2400 3470 2569 3525 medio
2594 3471 2932 3525 hebdomadis
2960 3471 3229 3541 auferetur
3253 3471 3575 3540 sacriﬁcium

1988 3579 2160 3618 meum
2191 3571 2237 3617 et
2266 3561 2540 3629 libamina,
2565 3572 2611 3617 et
2647 3563 2744 3617 erit
2773 3563 2828 3617 in
2870 3562 3060 3634 templo
3093 3561 3435 3617 desolationis
3480 3564 3579 3618 ab-

1989 3654 2239 3707 ominatio
2279 3663 2326 3706 et
2364 3670 2527 3724 usque
2564 3653 2635 3706 nd
2679 3655 3178 3708 consummationem
3231 3655 3478 3728 temporis
3529 3664 3580 3710 et

1985 3744 2145 3814 ﬁnem
2177 3745 2518 3816 perseverabit
2545 3743 2819 3799 desolatio.
3283 3737 3288 3742 ’
3464 3806 3468 3810 ι

2060 3836 2135 3892 De
2183 3837 2287 3892 hoc
2325 3836 2612 3907 Apostolus
2657 3837 2898 3909 loquitur
2941 3837 3027 3911 (Il
3058 3837 3236 3894 Thess.
3288 3839 3374 3913 ιι),
3433 3841 3577 3911 quod

1989 3929 2151 3983 homo
2205 3928 2504 3998 iniquitatis
2545 3930 2890 3985 adversarius
2924 3931 3215 3986 elevandus
3265 3932 3337 3986 sit
3384 3941 3577 3988 contra

1986 4035 2147 4074 omne
2169 4021 2310 4089 quod
2325 4021 2522 4075 dicitur
2535 4019 2676 4076 Deus
2691 4030 2746 4075 et
2759 4021 2973 4088 colitur,
2993 4022 3066 4076 ita
3081 4031 3138 4076 ut
3153 4025 3347 4079 audeat
3363 4033 3508 4078 stare
3523 4025 3577 4079 in

1989 4110 2187 4180 templo
2237 4111 2347 4175 Dei,
2403 4123 2456 4168 et
2489 4113 2774 4169 ostendere
2823 4114 2965 4185 quod
3019 4115 3133 4186 ipse
3175 4116 3436 4174 Dominus
3483 4119 3574 4174 sit.

1988 4202 2151 4273 Cujus
2175 4206 2433 4259 adventus
2468 4207 2760 4261 secundum
2807 4209 3173 4276 operationem
3227 4209 3440 4265 Satanae
3488 4213 3580 4266 dc-

1989 4307 2162 4354 struet
2181 4313 2294 4364 eos,
2319 4307 2372 4354 et
2394 4299 2460 4352 ad
2487 4299 2828 4353 solitudinem
2863 4301 3069 4370 rediget
3099 4303 3188 4371 qui
3232 4318 3354 4356 eum
3385 4317 3574 4362 susce-

1988 4400 2202 4462 perunt.
2230 4390 2414 4446 Potest
2441 4398 2620 4445 autem
2649 4391 2969 4461 simpliciter
2998 4401 3091 4446 aut
3139 4393 3206 4447 de
3232 4393 3573 4449 Antichristo

1990 4486 2180 4554 accipi,
2210 4492 2302 4539 aut
2325 4486 2391 4540 de
2426 4485 2654 4556 imagine
2679 4483 2908 4540 Caesaris
2949 4501 3111 4556 quam
3157 4486 3362 4543 Pilatus
3396 4490 3578 4559 posuit

304 4579 570 4633 bonorum
615 4579 858 4632 omnium
889 4547 1133 4650 largitori
1160 4579 1318 4650 digne
1341 4578 1730 4643 exhibeantur;
1760 4591 1890 4647 pro-.
1993 4579 2046 4632 in
2075 4578 2292 4650 templo,
2324 4587 2414 4633 aut
2457 4547 2783 4635 devAdriani
2813 4547 3053 4650 equestri
3098 4589 3297 4649 statua,
3353 4547 3472 4654 quae
3523 4585 3578 4641 in

306 4668 596 4722 hiheantur
620 4669 880 4723 celebrari
927 4670 1232 4734 sabbatum,
1277 4671 1402 4740 quia
1443 4677 1640 4740 negant
1683 4669 1739 4724 in
1775 4684 1890 4724 cm-

304 4759 426 4814 lcsti
455 4775 621 4830 regno
644 4770 952 4816 sanctarum
1000 4763 1240 4832 requiem
1266 4762 1506 4816 futurum
1537 4776 1656 4816 esse
1683 4761 1890 4816 anima-

305 4871 446 4909 rum.
471 4854 667 4910 Jubent
702 4856 957 4910 aediﬁcari
986 4871 1134 4921 aras,
1163 4863 1218 4910 et
1241 4855 1456 4925 templa,
1485 4863 1539 4909 et
1566 4854 1728 4920 idola,
1759 4855 1888 4924 quia

305 4958 514 5001 mentes
543 4945 778 5000 ﬁdelium
809 4945 1166 5016 malignorum
1199 4946 1484 5015 spirituum
1515 4945 1737 5015 cupiunt
1778 4942 1890 4998 elli-

305 5055 432 5095 cere
455 5055 612 5103 vasa;
659 5038 923 5093 immolari
955 5054 1146 5092 carnes
1189 5037 1376 5092 suillas
1411 5045 1465 5090 et
1506 5053 1700 5107 pecora
1739 5051 1887 5091 com-

305 5131 513 5195 nmnia,
544 5132 644 5185 hoc
668 5138 752 5184 est
777 5130 1109 5183 immundam
1139 5128 1337 5182 ducere
1374 5128 1562 5193 vitam,
1609 5135 1666 5182 et
1703 5128 1891 5184 bruto-

304 5241 426 5281 rum
443 5224 752 5278 animalium
778 5239 925 5278 more
947 5223 1001 5276 in
1028 5223 1238 5277 luxuria
1261 5229 1424 5291 atque
1438 5221 1890 5292 concupiscentiis

306 5318 490 5376 carnis
515 5319 854 5383 conversari;
902 5317 1206 5387 relinquere
1237 5315 1376 5371 ﬁlios
1425 5332 1554 5372 suos
1597 5315 1889 5371 incircum-

306 5413 468 5477 cisus,
497 5409 600 5465 hoc
629 5417 711 5464 est
738 5408 883 5463 nulla
909 5409 1174 5472 custodia,
1204 5407 1347 5461 nulla
1373 5407 1730 5473 continentia,
1762 5406 1884 5462 nul-

306 5503 465 5572 laque
492 5500 818 5556 discretione
844 5499 1212 5569 cogitationes,
1237 5513 1514 5554 sermones
1539 5508 1702 5570 atque
1722 5513 1885 5568 opera

311 5607 632 5664 temperare,
666 5594 737 5648 ita
768 5601 826 5647 ut
876 5592 1265 5647 obliviscantur
1311 5592 1482 5663 legem
1529 5593 1786 5657 divinam,
1833 5601 1890 5648 et

311 5687 592 5740 innuutent
613 5685 1030 5756 iustiﬁcationes
1053 5686 1147 5741 Dei
1177 5686 1230 5740 in
1255 5685 1593 5740 diversorum
1615 5686 1883 5741 scelerum

309 5775 574 5832 iacturam
621 5795 636 5831 :
689 5787 742 5832 et
801 5778 918 5834 haec
956 5778 1137 5834 omnia
1189 5793 1299 5834 non
1350 5775 1524 5833 solum
1571 5794 1885 5835 sermonum

1993 4672 2110 4742 ipso
2156 4673 2357 4730 Sancto
2406 4683 2715 4730 sanctorum
2767 4671 2886 4731 loco
2916 4693 3088 4748 usque
3141 4679 3194 4734 in
3255 4690 3576 4750 praesentem

1993 4764 2133 4819 diem
2162 4765 2330 4819 stetit.
2362 4765 2706 4820 Abominatio
2727 4782 2942 4837 quoque
2967 4771 3262 4824 secundum
3287 4773 3573 4828 veritatem

1994 4853 2396 4925 Scripturarum
2425 4856 2624 4911 idolum
2653 4869 3013 4928 nuncupatur,
3040 4869 3095 4914 et
3126 4861 3331 4918 idcirco
3361 4865 3579 4920 additur

1991 4944 2265 5012 desolatio,
2313 4948 2454 5016 quod
2505 4947 2559 5001 in
2607 4948 2843 5003 desolato
2903 4949 3100 5020 templo
3148 4959 3310 5022 atque
3362 4953 3578 5012 deserto

1993 5039 2193 5093 idolum
2232 5039 2466 5110 positum
2489 5039 2587 5104 sit;
2617 5048 2818 5095 statuto
2838 5051 3017 5096 autem
3059 5042 3201 5097 idolo
3232 5043 3333 5098 zeli
3363 5044 3414 5099 in
3447 5056 3578 5102 tem-

1990 5131 2078 5203 plo
2117 5131 2209 5186 Dei
2241 5146 2339 5201 per
2366 5131 2645 5187 universas
2667 5133 2938 5198 civitates,
2989 5132 3113 5187 inde
3163 5133 3396 5189 ministri
3433 5137 3578 5206 regis

1992 5223 2306 5292 nequissimi
2336 5223 2608 5278 :ediﬁcant
2636 5240 2760 5279 aras
2789 5225 2842 5279 in
2869 5226 3120 5292 circuitu,
3145 5235 3200 5282 et
3230 5229 3576 5299 an'ejanuas

1990 5316 2273 5370 domorum
2327 5324 2383 5370 et
2430 5316 2484 5370 in
2528 5315 2720 5386 plateis
2763 5317 3055 5373 incendunt
3079 5319 3238 5374 thura
3273 5330 3329 5376 et
3365 5321 3578 5378 sacriﬁ-

1987 5419 2150 5476 cant;
2178 5409 2301 5478 quia
2347 5417 2603 5480 regnante
2645 5409 2697 5462 in
2747 5409 2906 5464 domo
2937 5409 3215 5466 immundo
3241 5411 3574 5471 Antichristo

1989 5500 2368 5571 astipulatores
2421 5509 2476 5555 et
2533 5499 2773 5554 {autores
2809 5501 2924 5570 ejus
2957 5542 2971 5563 ,
3025 5511 3080 5557 et
3129 5517 3318 5559 omnes
3379 5504 3569 5574 iniqui,

1990 5593 2190 5662 rejecto
2218 5607 2347 5645 vero
2381 5591 2471 5645 Dei
2514 5591 2674 5645 unius
2722 5591 2892 5654 cultu,
2932 5601 2988 5648 et
3035 5603 3215 5663 spreta
3246 5594 3338 5649 Dei
3389 5593 3569 5660 domo,

1988 5703 2108 5756 quae
2141 5694 2222 5740 est
2247 5692 2434 5740 sancta
2460 5683 2722 5747 Ecclesia,
2754 5682 2976 5737 confusa
3021 5693 3200 5737 mente
3251 5683 3572 5754 turbatoque

1987 5778 2178 5834 ordine
2216 5778 2270 5832 in
2295 5775 2525 5834 diversis
2564 5775 2697 5832 locis
2726 5775 2998 5832 variorum
3019 5789 3266 5830 errorum
3306 5781 3361 5829 et
3384 5773 3570 5833 niulti.
