4028 6502
241 367 246 372 ν
349 343 474 396 IMI

1050 344 1401 407 COMMENT.
1442 347 1509 403 IN
1548 347 1794 411 LIBROS
1834 346 2407 411 MACIIABASORUM.
2448 378 2513 387 —
2552 348 2619 402 IN
2658 346 2785 401 LIB.
2827 347 2868 400 I.

3458 341 3598 391 “4'2

339 459 459 513 liter
500 458 768 529 signiﬁcat
807 456 871 514 de
908 460 1027 514 vico
1063 459 1262 541 Modin,
1299 461 1389 532 qui
1424 461 1709 517 adversum
1752 462 1916 515 duces
1942 465 1994 522 Α
2018 460 2281 515 descendit
2312 460 2417 530 ipse
2447 468 2592 514 estet
2619 456 2707 530 qui
2731 457 2963 512 ascendit
2988 469 3143 525 super
3170 468 3345 507 omnes
3367 449 3519 506 calas
3542 457 3601 505 ut

336 547 586 603 Antiochi
629 546 927 613 rebellavit,
969 557 1021 604 et
1061 552 1265 606 cultum
1298 553 1412 608 veri
1450 552 1538 607 l‘ei
1581 567 1795 611 servare
1827 567 1918 619 co—

336 645 493 692 natus
533 646 636 693 est.
673 635 905 695 Parvum
941 649 1121 697 autem
1160 641 1416 701 auxilium
1438 642 1561 697 inde
1594 651 1769 709 vocat,
1792 643 1917 713 quia

335 745 442 783 non
483 729 640 802 longo
672 738 911 804 tempore
946 740 1069 802 post
1098 731 1404 789 inchoatam
1439 732 1805 791 defensionem
1836 734 1919 789 vi—

334 824 430 891 xit,
474 824 569 880 sed
606 840 714 880 uno
751 825 966 885 evoluto
996 841 1137 880 anno
1175 826 1460 888 defunctus
1494 835 1597 892 est,
1637 837 1693 882 et
1728 836 1917 898 postea

330 914 500 972 ludas
538 915 684 987 ﬁlius
734 914 880 987 ejus,
924 917 1015 987 qui
1054 917 1349 973 vocabatur
1398 916 1767 983 Machameus,
1818 935 1919 997 pu-

330 1024 505 1079 gnans
544 1008 760 1075 cecidit,
794 1016 849 1064 et
886 1009 1067 1065 caeteri
1102 1007 1299 1066 fratres
1335 1008 1453 1089 ejus
1484 1001 1916 1073 adversariorum

328 1096 520 1156 fraude
558 1100 764 1170 decepti
806 1109 950 1169 sunt.

402 1190 626 1263 Mystice
665 1201 843 1250 autem
894 1192 1216 1251 Mathathias
1256 1192 1543 1253 Dominum
1590 1192 1917 1253 salvatorem

2018 551 2251 623 impleret
2273 552 2483 616 omnia;
2505 559 2553 607 et
2577 551 2686 621 ipse
2709 549 2851 604 dedit
2878 546 3131 619 quosdam
3152 545 3366 617 quidem
3392 548 3602 614 epodo-

2018 642 2116 709 los,
2142 643 2395 716 quosdam
2417 653 2590 698 autem
2611 642 2910 713 prophetas,
2935 637 3070 694 alios
3094 653 3214 693 vero
3234 634 3601 707 euangelista,

2017 735 2149 790 alios
2175 746 2347 790 autem
2376 745 2610 806 pastores
2635 742 2681 789 et
2707 732 2962 798 doctores,
2999 730 3069 785 ad
3105 728 3602 789 consummationem

2016 836 2316 881 sanctorum
2339 827 2396 880 in
2426 842 2553 901 opus
2578 823 2855 878 ministerii
2879 822 2949 877 ad
2987 822 3388 893 ratiﬁcation”:
3421 836 3604 887 corpo-

2016 920 2089 983 ris
2115 917 2306 973 Christi
2335 916 2547 991 (Ephes.
2576 916 2673 988 tv‘).
2990 982 2995 989 ‘

2087 1012 2228 1068 Ecce
2264 1012 2357 1067 hic
2392 1011 2629 1084 quinque
2667 1010 2873 1078 species
2902 1009 3226 1064 denotamur
3256 1005 3311 1060 in
3348 1003 3453 1060 illis
3485 1016 3606 1074 per-

2016 1104 2164 1160 sonis
2190 1118 2325 1173 quas
2360 1100 2536 1158 divina
2577 1100 2787 1157 voeatio
2820 1101 2893 1155 ad
2935 1098 3304 1171 magisterium
3333 1095 3605 1151 ordinavit

2008 1192 2291 1249 Ecclesiae.
2338 1191 2445 1248 Sed
2475 1192 2881 1249 consideremus
2909 1189 3179 1260 quomodo
3207 1188 3307 1260 ipsi
3347 1187 3442 1242 ﬁlii
3487 1185 3603 1241 Ma-

329 1281 630 1355 signiﬁcat,
673 1284 765 1359 qui
800 1285 1054 1359 princeps
1096 1294 1180 1341 est
1217 1285 1398 1359 populi
1438 1285 1533 1341 Dei
1573 1293 1628 1342 et
1665 1286 1918 1353 defensor
1992 1289 2240 1369 Ethathize
2261 1303 2383 1343 eum
2413 1285 2945 1357 interpretationibus
2969 1283 3249 1340 nominum
3274 1296 3494 1337 suorum
3519 1278 3605 1335 his

328 1374 623 1431 electorum
674 1391 929 1443 suarum;
982 1376 1133 1448 cujus
1182 1377 1279 1432 ﬁlii
1332 1386 1571 1449 pugnant
1616 1393 1714 1448 pro
1757 1378 1916 1433 domo

262 1501 269 1507 -
326 1465 527 1535 Israel,
566 1465 860 1523 defendunt
902 1470 1268 1531 smtctuarium
1318 1469 1411 1524 Dei
1462 1486 1526 1525 ac
1564 1469 1735 1539 legem
1778 1470 1915 1525 divi-

326 1574 473 1616 nam.
512 1561 904 1633 Interpretatur
946 1572 1128 1618 autem
1170 1562 1493 1618 Mathathias
1534 1567 1729 1617 donum
1781 1562 1913 1629 Dei,

325 1650 478 1722 cujus
514 1654 751 1713 nominis
799 1670 1060 1711 arcanum
1112 1654 1280 1729 ipsius
1322 1654 1711 1713 incarnationis
1760 1652 1917 1714 nobis

323 1742 577 1814 patefecit
618 1755 1036 1803 sacramentum.
1081 1746 1234 1803 Unde
1272 1754 1327 1802 et
1368 1748 1482 1823 ipse
1519 1747 1595 1801 ait
1643 1748 1697 1802 in
1738 1745 1916 1801 Evan-

2017 1380 2295 1452 specicbus
2316 1380 2525 1450 possint
2556 1379 2748 1449 aptari.

2084 1470 2301 1526 Primus
2328 1485 2457 1542 ergo
2497 1469 2731 1525 ﬁliorum
2777 1468 2920 1524 illius
2960 1475 3301 1539 nuncupatur
3342 1465 3601 1532 Joannes,

2015 1560 2107 1632 qui
2136 1560 2620 1633 cognominabatur
2650 1559 2871 1615 Gaddis.
2909 1558 3142 1614 Joannes
3166 1572 3380 1628 quoque
3408 1555 3605 1625 dicitur

2015 1655 2188 1731 gratia
2214 1654 2350 1725 ejus,
2380 1653 2583 1709 Gaddis
2615 1660 2795 1709 autem
2832 1652 3034 1715 htedus,
3076 1651 3190 1707 sive
3221 1650 3435 1705 tentalio
3463 1664 3601 1702 mea.

2009 1745 2161 1801 Bene
2190 1761 2317 1816 ergo
2340 1746 2462 1801 haec
2492 1745 2711 1801 nomina
2742 1743 2915 1799 ordini
2943 1742 3339 1814 apostolorum,
3372 1740 3475 1794 nisi
3502 1736 3604 1819 fal-

323 1834 464 1906 gelio
488 1854 500 1889 :
527 1834 616 1890 Sic
637 1837 774 1891 enim
801 1837 938 1892 Deus
962 1838 1140 1897 dilexit
1163 1839 1437 1906 mundum,
1462 1849 1517 1893 ut
1537 1837 1736 1894 Filium
1757 1856 1912 1895 suum
1938 1822 1987 1882 Β
2010 1838 2118 1904 ior,
2150 1839 2495 1903 conveniunt,
2528 1837 2618 1908 qui
2648 1852 2745 1907 per
2770 1835 2981 1890 Domini
3012 1834 3239 1907 gratiam
3265 1832 3476 1887 culmen
3503 1832 3605 1887 lto-

324 1929 648 1999 unigenitum
688 1929 869 1998 daret,
913 1942 968 1987 ut
1011 1931 1178 1986 omnis
1218 1933 1307 2002 qui
1350 1932 1511 1986 credit
1552 1933 1609 1986 in
1647 1948 1766 1986 eum
1810 1948 1915 1987 non
2016 1932 2166 1987 noris
2197 1930 2355 2000 hujus
2379 1930 2536 1986 electi
2567 1937 2720 1995 sunt,
2754 1931 2848 1985 sed
2878 1936 3056 1983 tamen
3089 1943 3119 1981 a
3152 1925 3527 1997 peccatoribus
3550 1931 3608 1978 et

318 2027 527 2088 pereat,
554 2019 645 2073 sed
675 2020 860 2075 habeat
886 2021 1044 2075 vitam
1067 2031 1315 2076 wternam
1347 2020 1528 2091 (Joan.
1556 2021 1663 2094 nt).

2013 2021 2453 2094 persecutoribus
2475 2022 2672 2076 multas
2692 2022 2934 2091 perpessi
2958 2026 3084 2073 sunt
3103 2016 3429 2073 tentationes
3442 2022 3607 2085 atque

393 2108 497 2179 Qui
527 2110 673 2167 enim
708 2112 865 2168 datus
899 2128 930 2168 a
960 2112 1070 2168 Deo
1103 2122 1208 2179 est,
1246 2112 1548 2184 perfectum
1584 2113 1683 2170 Dei
1713 2114 1913 2170 donum
2012 2112 2277 2184 injurias;
2308 2112 2452 2183 quod
2493 2112 2633 2167 idem
2680 2111 2928 2166 Salvator
2970 2109 3265 2180 praedicere
3290 2106 3371 2160 eis
3395 2103 3608 2159 videtur

318 2206 425 2254 est.
473 2197 579 2255 Sed
620 2202 736 2256 haec
777 2203 843 2257 de
884 2203 1471 2276 incarnatione-ipsius
1515 2212 1729 2261 tantum
1771 2207 1915 2261 dicta

322 2296 465 2343 sunt.
501 2289 769 2346 Caeterum
808 2293 873 2347 de
905 2293 1186 2350 divinitate
1222 2294 1410 2364 ipsius,
1447 2311 1551 2367 qua
1583 2296 1804 2367 :equalis
1833 2304 1917 2351 est

320 2377 471 2435 Patri
509 2389 562 2437 et
604 2381 830 2457 Spiritui
872 2392 1085 2452 sancto,
1126 2385 1287 2441 simul
1331 2402 1455 2441 cum
1501 2386 1660 2443 Patre
1698 2396 1752 2442 et
1786 2386 1914 2465 Spi-

323 2470 430 2527 ritu
455 2480 642 2529 saneto
673 2473 847 2544 ipsam
881 2475 1339 2551 dispensationem
1371 2476 1552 2533 facere
1581 2479 1728 2533 credi
1757 2493 1918 2548 opor-

322 2570 417 2619 tet.
463 2565 615 2623 Sicut
661 2574 715 2621 et
765 2566 999 2641 Spiritus
1049 2576 1270 2624 sanctus
1312 2569 1511 2626 donum
1552 2570 1646 2625 Dei
1697 2570 1913 2642 legitur,

316 2656 417 2717 sed
463 2663 640 2713 tamen
679 2674 800 2713 cum
840 2658 1004 2717 Patre
1042 2670 1098 2717 et
1138 2661 1277 2716 Filio
1316 2678 1455 2737 unus
1495 2662 1638 2717 Deus
1677 2662 1917 2718 creditur

321 2758 485 2820 atque
526 2751 783 2813 adoratur
827 2770 839 2806 :
880 2754 1027 2819 unde
1071 2756 1123 2815 in
1170 2756 1462 2828 Evangelio
1503 2765 1558 2813 et
1600 2757 1797 2812 missus
1841 2754 1919 2811 le-

314 2842 486 2921 gitur,
532 2851 589 2905 ,et
629 2852 819 2919 sponte
856 2846 1091 2912 venisse,
1133 2855 1193 2911 ut
1232 2856 1314 2905 est
1353 2845 1480 2901 illud
1523 2846 1861 2907 Dominicum
1900 2865 1913 2900 :

318 2933 531 3008 Rogabo
581 2933 830 3003 Patrem,
886 2948 934 2993 et
977 2938 1150 2998 alium
1200 2937 1537 2999 Paracletum
1582 2940 1726 2994 dabit
1777 2940 1917 2996 vobis

323 3024 504 3097 (Joan.
536 3026 679 3099 xiv);
726 3036 780 3087 et
823 3028 950 3088 item
999 3047 1012 3083 :
1062 3028 1193 3085 Cum
1241 3040 1415 3084 autem
1464 3030 1651 3084 venerit
1696 3029 1915 3105 (inquit)

321 3111 657 3183 Paracletus,
686 3134 835 3189 quem
876 3134 969 3191 ego
1004 3117 1207 3172 mittam
1234 3118 1374 3175 vobis
1400 3136 1432 3172 α
1466 3116 1650 3186 Patre,
1673 3119 1915 3197 spiritum

320 3296 428 3355 vult
455 3299 641 3369 spirat,
675 3309 723 3354 et
758 3317 930 3361 vocem
956 3301 1071 3371 ejus
1100 3301 1274 3371 audis,
1314 3312 1361 3355 et
1388 3302 1553 3361 nescis
1584 3303 1719 3355 unde
1745 3301 1912 3356 veniat

322 3398 414 3443 aut
440 3406 542 3461 quo
572 3392 725 3455 vadat
758 3392 941 3465 (Joan.
970 3393 1070 3466 tn).

2017 2218 2140 2260 cum
2172 2205 2226 2259 in
2262 2203 2560 2274 Evangelia
2588 2204 2663 2257 ait
2695 2222 2707 2255 :
2744 2202 2856 2272 Ego
2886 2218 2972 2255 eos
3017 2200 3146 2270 elegi
3188 2199 3254 2253 de
3284 2196 3504 2262 mundo,
3548 2203 3604 2248 ut

2016 2296 2146 2350 eatis
2175 2304 2223 2349 et
2257 2295 2484 2366 fructum
2518 2294 2805 2367 plurimum
2844 2293 3101 2364 aﬁ'eratis,
3126 2302 3178 2347 et
3215 2291 3419 2362 fructus
3438 2297 3610 2367 vester

2015 2396 2225 2441 maneat
2254 2364 2435 2459 (Joan.
2464 2364 2588 2459 xv);
2617 2394 2673 2441 et
2696 2386 2825 2441 item
2854 2402 2867 2437 :
2901 2385 3038 2439 Ecre
3062 2400 3155 2454 ego
3179 2382 3326 2437 mitto
3350 2398 3439 2437 vos
3473 2364 3607 2437 sicut

2017 2494 2132 2534 oves
2169 2479 2226 2532 in
2263 2479 2433 2533 medio
2470 2479 2734 2549 luporum.
2776 2476 2958 2532 Estote
2997 2492 3119 2547 ergo
3156 2474 3435 2546 prudentes
3473 2474 3609 2533 sicut

1963 2579 1978 2596 '
2015 2579 2294 2640 serpentes,
2320 2580 2365 2623 et
2397 2568 2657 2639 simplices
2680 2569 2819 2623 sicut
2845 2567 3119 2630 columbis,
3150 2573 3253 2621 etc.
3286 2564 3500 2636 (Matth.
3526 2562 3609 2636 χ.)

2010 2660 2159 2718 Ecce
2187 2663 2276 2732 qui
2308 2663 2482 2732 gratia
2518 2661 2735 2717 Domini
2772 2667 2899 2716 sunt
2937 2659 3161 2730 repleti,
3196 2657 3462 2712 malorum
3492 2670 3610 2710 om-

2017 2753 2171 2810 nium
2224 2754 2665 2809 demonstrantur
2711 2751 3054 2808 contumeliis
3102 2765 3210 2805 non
3269 2749 3610 2804 mediocriter

2019 2845 2223 2903 amicti.

2093 2940 2372 2997 Secundus
2398 2950 2580 2997 autem
2608 2940 2846 2999 ﬁliorum
2880 2937 3192 2993 Mathathia:
3226 2935 3333 2989 fuit
3367 2914 3605 2996 Siméon,

2020 3032 2112 3104 qui
2142 3032 2626 3104 cognominabatur
2648 3030 2846 3089 Tharsl
2866 3070 2879 3096 ,
2906 3030 2998 3100 qui
3029 3028 3085 3082 in
3112 3026 3465 3099 sequentibus
3494 3024 3609 3095 ple—

1968 3168 1971 3171 γ
2019 3123 2203 3192 risque
2224 3122 2361 3178 locis
2394 3118 2587 3176 Simon
2617 3121 2946 3176 nominatur.
2977 3117 3165 3173 Simon
3197 3132 3350 3187 ergo,
3376 3114 3490 3169 sive
3526 3112 3612 3168 Si-

321 3207 550 3261 ueritatis
579 3205 763 3278 (Joan.
792 3208 903 3280 xv).
936 3209 1017 3264 Ad
1044 3208 1396 3265 Nicodemum
1421 3210 1499 3263 ait
1525 3228 1537 3263 :
1573 3196 1802 3279 Spiritus
1827 3210 1913 3266 ubi
1943 3196 1990 3258 Ο
2020 3227 2180 3269 meon
2201 3255 2214 3279 ,
2246 3212 2636 3283 interpretatur
2662 3212 2902 3273 audiens,
2934 3210 3050 3266 sive
3078 3208 3277 3263 audivit
3302 3206 3610 3271 tristitiam;

2018 3305 2245 3372 'l‘harsi,
2293 3305 2586 3377 exploratio
2613 3304 2815 3378 gaudii.
2862 3302 2972 3359 Nec
3012 3299 3457 3358 inconvenienter
3495 3299 3612 3353 haec

2015 3397 2403 3468 prophetarum
2424 3395 2600 3451 ordini
2632 3395 2992 3460 conveniunt,
3020 3392 3112 3463 qui
3129 3433 3144 3458 ,
3163 3390 3408 3462 ‘Spiritus
3436 3388 3607 3444 sancti

393 3481 497 3536 Hic
532 3500 654 3557 ergo
694 3485 1022 3542 Mathathias
1061 3497 1312 3547 narratur
1338 3488 1489 3558 ﬁlius
1518 3506 1628 3545 esse
1664 3489 1908 3557 Joannis,
1959 3530 1965 3537 .
2016 3489 2189 3561 gratia
2222 3489 2528 3555 illuminati,
2565 3497 2619 3544 et
2659 3488 2869 3544 futuras
2894 3501 3084 3559 poenas
3113 3482 3377 3541 malorum
3408 3481 3607 3554 praevi-

320 3574 421 3644 ﬁlii
451 3573 729 3645 Simeonis,
762 3581 1002 3643 sacerdos
1031 3599 1095 3635 ex
1129 3582 1256 3651 ﬁliis
1281 3582 1486 3638 Joarib.
1521 3582 1758 3641 Joannes
1791 3603 1915 3658 gra-

314 3664 396 3718 tia
421 3664 521 3720 Dei
551 3666 960 3738 interpretatur,
978 3669 1207 3727 .Simeon
1231 3673 1473 3739 audiens,
1499 3672 1703 3729 Joarim
1728 3675 1912 3730 Domi-

320 3771 420 3813 nus
465 3756 725 3819 exultans.
768 3759 937 3821 Recte
978 3776 1107 3837 ergo
1148 3764 1230 3823 hae
1271 3763 1747 3836 interpretationes
1787 3767 1914 3823 huic

320 3848 581 3918 mysterio
623 3862 968 3929 competunt,
1009 3855 1136 3931 quia
1178 3856 1444 3912 mediator
1481 3858 1577 3914 Dei
1634 3867 1690 3914 et
1741 3858 1914 3915 homi-

318 3953 449 3993 num
490 3943 663 4011 gratia
700 3942 799 3998 Dei
840 3944 943 4000 dici
982 3954 1179 4015 potest,
1220 3956 1279 4003 ut
1320 3957 1406 4005 est
1448 3949 1577 4005 illud
1618 3950 1861 4022 Apostoli
1896 3971 1909 4007 :

319 4028 506 4086 Gratia
524 4031 629 4093 .Dei
651 4052 744 4104 pro
772 4036 1066 4101 hominibus
1088 4042 1323 4115 gustavit
1346 4054 1561 4098 mortem
1591 4043 1778 4118 (Hebr.
1814 4044 1908 4120 ll);

319 4130 374 4178 et
413 4124 668 4190 audiens,
709 4128 835 4197 quia
877 4128 991 4205 ipse
1026 4131 1084 4189 in
1120 4132 1421 4202 Evangelia
1460 4136 1536 4190 ait
1579 4157 1591 4190 :
1639 4136 1770 4204 Quae
1816 4156 1912 4193 att-

318 4212 423 4267 divi
468 4231 500 4273 α
544 4212 728 4282 Patre,
770 4219 880 4275 hazc
926 4219 1110 4292 loquor
1142 4222 1197 4275 in
1241 4223 1438 4277 mundo
1471 4222 1654 4296 (Joan.
1696 4225 1818 4299 xv);
1857 4235 1913 4282 et

316 4301 577 4363 Dominus
609 4307 868 4379 exaltans,
913 4311 979 4370 de
1018 4327 1126 4390 quo
1156 4310 1432 4385 Propheta
1472 4316 1549 4375 ait
1582 4333 1594 4368 :
1633 4315 1910 4386 Exaltare,

316 4393 561 4464 Domine,
589 4400 644 4459 in
673 4401 859 4465 uirtute
897 4411 989 4459 tua
1016 4401 1189 4477 (Psal.
1224 4403 1338 4478 xx).
1373 4406 1493 4483 Ipse
1534 4407 1678 4465 enim
1718 4409 1912 4465 merito

316 4497 373 4545 et
409 4492 662 4548 sacerdos
704 4495 1034 4563 nominatur,
1062 4498 1139 4559 .de
1176 4514 1283 4571 quo
1324 4500 1584 4571 scriptum
1628 4509 1713 4556 est
1753 4520 1765 4554 :
1812 4500 1911 4557 Ju-

2016 3582 2167 3648 dent,
2197 3590 2252 3637 et
2278 3589 2505 3636 ventura
2535 3580 2756 3650 praemia
2783 3586 3093 3635 sanctorum
3126 3574 3496 3633 consolatione
3527 3574 3609 3627 in-

2014 3682 2172 3731 terna
2219 3674 2485 3748 gustando
2532 3678 2912 3744 praenoscunt;
2964 3669 3189 3739 aliisque
3237 3665 3417 3722 futura
3468 3664 3607 3720 mala

2006 3779 2346 3839 praecavere,
2376 3772 2431 3819 et
2454 3763 2633 3818 futura
2659 3756 2798 3819 bona
2831 3770 3083 3831 appetere
3117 3758 3462 3828 persuadent.
3518 3828 3525 3835 κ

2087 3855 2303 3912 Tertius
2329 3855 2382 3910 in
2405 3855 2595 3911 ordine
2620 3853 2762 3910 ﬁlius
2790 3851 2957 3908 ludas
2986 3848 3333 3906 ‘Machabaeus
3359 3848 3480 3901 fuit.
3512 3843 3607 3925 Ju-

2016 3947 2114 4004 das
2149 3948 2295 4004 enim
2331 3945 2583 4015 conﬁtens
2622 3944 2706 4000 vel
2752 3942 3056 4015 gloriﬁcans
3090 3941 3514 4011 interpretatur,
3556 3944 3612 3990 et

2014 4039 2358 4097 Machabzcus
2382 4038 2619 4095 bellator.
2654 4037 2906 4107 Satisque
2933 4035 3072 4091 bene
3090 4035 3216 4089 haec
3242 4030 3611 4088 denominatio

2016 4132 2272 4190 convenit
2294 4132 2656 4204 evangelistis,
2683 4130 2775 4201 qui
2792 4127 3149 4201 Evangelium
3176 4126 3327 4197 pacis
3349 4134 3405 4179 et
3428 4123 3611 4195 gloriae

2015 4224 2217 4281 Christi
2247 4225 2546 4294 praedicant
2571 4231 2683 4277 toto
2709 4221 2839 4276 orbe
2870 4227 3161 4285 terrarum,
3192 4224 3610 4287 expugnantqne

2015 4337 2231 4378 errores
2251 4318 2511 4375 nefandos
2540 4331 2873 4389 paganorum
2900 4323 3070 4384 «atque
3095 4310 3494 4367 haereticorum.

2036 4446 2037 4451 η
2087 4412 2326 4480 Quartus
2351 4418 2532 4465 autem
2568 4408 2742 4473 ﬁlius,
2780 4406 2870 4462 hic
2905 4413 2988 4460 est
3020 4402 3251 4459 Eleazar
3285 4401 3377 4471 qui
3415 4415 3611 4470 cogno-

2018 4503 2326 4563 minabatur
2356 4500 2601 4565 Abaron,
2638 4507 2692 4555 et
2721 4498 2779 4554 in
2809 4498 2989 4571 priore
3020 4495 3239 4552 nomine
3266 4493 3365 4548 Dei
3393 4493 3607 4563 adjuto-

310 4582 448 4643 J‘auit
476 4582 731 4645 Dominus
761 4595 808 4640 et
838 4604 941 4642 non
956 4589 1227 4663 paenitebit
1248 4607 1367 4645 eum
1390 4605 1407 4642 .·
1432 4600 1488 4645 tu
1515 4608 1568 4646 es
1588 4592 1912 4650 sacerdosin
1935 4559 1991 4619 Β
2016 4595 2176 4659 rium,
2201 4593 2256 4649 in
2280 4591 2525 4662 sequenti
2552 4606 2680 4647 vero
2708 4589 3095 4662 generationem
3129 4584 3384 4641 excelsam
3416 4592 3607 4647 sonat;

316 4685 571 4739 internum
593 4680 880 4741 secundum
900 4682 1143 4741 ordinem
1165 4682 1542 4743 Melchisedech
1572 4684 1745 4759 (Psal.
1774 4688 1905 4763 (ιιι).

317 4763 487 4837 Hujus
519 4767 840 4837 .Matltatltite
879 4773 973 4827 ﬁlii
1015 4783 1141 4833 sunt
1177 4791 1366 4833 omnes
1409 4779 1611 4843 sancti,
1657 4780 1747 4851 qui
1788 4789 1947 4837 cor-'

306 4856 620 4940 poris‘ejus
658 4861 899 4919 membra
938 4863 1223 4932 dicuntur;
1272 4867 1371 4929 sed
1410 4870 1681 4938 quomodo
1718 4870 1909 4941 quina-

316 4948 399 5005 rio
438 4965 669 5015 numero
710 4952 981 5031 designari
1014 4967 1279 5027 possunt,
1316 4974 1422 5014 non
1465 4959 1909 5018 inconvenienter

291 5041 596 5176 (quaeritur.
634 5042 736 5100 Tot
774 5046 920 5103 enim
959 5047 1211 5120 leguntur
1248 5050 1344 5106 ﬁlii
1384 5051 1696 5111 Mathathite
1737 5056 1906 5112 histo-

318 5136 429 5176 ιιίορ
473 5135 639 5176 ἣίίααρ
703 5141 805 5176 Ima
847 5148 929 5176 ορ(
999 5140 1225 5176 ῐησιηηοο
1271 5145 1360 5176 (In:
1423 5147 1906 5176 ,ταωωνηεηηιωιηι

318 5136 430 5191 rice
472 5135 660 5204 fuisse,
702 5141 806 5195 hoc
847 5148 952 5208 est,
993 5140 1229 5202 Joannes
1271 5145 1362 5215 qui
1423 5147 1910 5219 cognominabatur

318 5226 550 5294 Gaddis;
589 5237 644 5284 et
675 5229 919 5297 Simeon,
957 5234 1047 5304 qui
1081 5236 1567 5309 cognominabatur
1601 5238 1910 5309 Tharsi;,et

316 5318 504 5390 Judas,
538 5324 630 5401 qui
661 5329 1143 5407 coguOminabatur
1164 5331 1541 5402 Machameus;
1565 5342 1631 5395 .et
1658 5334 1906 5403 Eleazar,

305 5416 412 5487 qui
449 5420 937 5493 cognominabatur
970 5422 1223 5493 Abaton;
1261 5433 1317 5482 et
1352 5410 1777 5499 Jonathas,qui
1817 5442 1909 5485 co-

306 5509 753 5610 guominahatun
777 5511 1048 5610 Alphus._
1060 5515 1352 5581 Videamus
1419 5534 1549 5595 ergo
1592 5519 1644 5581 si
1708 5520 1909 5577 alicubi

312 5604 422 5665 iste
438 5618 706 5666 numerus
739 5605 796 5662 in
824 5604 976 5664 Novo
1006 5608 1354 5669 Testamento
1378 5612 1634 5669 eamdem
1666 5628 1784 5669 rem
1817 5629 1909 5671 ex-

305 5691 554 5769 ?Primere
590 5696 918 5759 inveniatur.
954 5698 1217 5772 Legimus
1253 5717 1468 5774 quoque
1507 5702 1737 5761 Paulum
1783 5720 1912 5776 apo-

320 5788 519 5847 stolum
554 5789 623 5849 ad
660 5793 923 5865 Ephesios
961 5794 1029 5855 de
1066 5794 1286 5856 Christo
1323 5796 1399 5854 ita
1436 5797 1709 5857 dicentem
1744 5812 1759 5855 :
1803 5796 1910 5870 Qui

1913 5871 1981 5972 L?

2014 4703 2123 4743 non
2158 4686 2427 4741 immerito
2469 4683 2775 4755 pastoribus
2815 4696 2912 4754 per
2959 4680 3189 4752 ﬁguram
3228 4678 3296 4733 iis
3341 4675 3612 4732 similatur

2015 4779 2105 4848 qui
2133 4775 2401 4849 adjutorio
2432 4775 2525 4831 Dei
2571 4776 2702 4831 satis
2734 4773 3008 4847 roborati,
3057 4770 3364 4840 excelsique
3408 4767 3513 4821 ﬁde
3548 4782 3609 4819 ac

2013 4862 2335 4930 virtutibus,
2384 4864 2657 4936 prmpositi
2699 4863 2756 4918 in
2802 4860 3039 4917 Ecclesia
3084 4859 3507 4923 constituuntur,
3553 4862 3612 4910 ut

2012 4972 2144 5014 oves
2175 4958 2270 5012 Dei
2297 4971 2427 5012 sana
2459 4955 2564 5011 ﬁde
2596 4954 2856 5022 bonisque
2884 4949 3146 5020 exemplis
3184 4949 3252 5004 ad
3280 4947 3609 5005 viriditatem

2014 5048 2251 5105 celestis
2272 5046 2461 5119 patrim
2486 5045 2592 5101 rite
2619 5041 2891 5116 pascendo
2912 5047 3233 5113 perducant.
3494 5114 3517 5123 Μ

2085 5149 2424 5209 Novissimus
2448 5156 2630 5203 autem
2659 5146 2855 5201 horum
2890 5142 3125 5197 ﬁliorum
3156 5146 3383 5196 vocatus
3406 5145 3490 5193 est
3512 5133 3607 5192 Jo-

2014 5243 2228 5308 nathas,
2273 5239 2593 5313 cognomine
2628 5235 2859 5313 Alphus’,
2905 5234 3108 5313 optime
3147 5232 3349 5288 sanctis
3377 5231 3609 5287 doctori-

2012 5335 2117 5392 bus
2154 5335 2309 5408 juxta
2359 5331 2857 5402 interpretationem
2898 5328 3178 5383 nominum
3220 5340 3441 5382 suorum
3479 5338 3611 5381 eon-

2016 5427 2258 5491 veniens.
2294 5422 2689 5494 Interpretatur
2729 5422 2872 5475 enim
2916 5419 3176 5475 Jonathas
3218 5416 3471 5474 columba:
3512 5415 3611 5474 do-

2017 5537 2160 5584 num,
2189 5519 2303 5575 sive
2325 5516 2541 5575 Domini
2564 5524 2901 5586 spontaneus.
2925 5512 3132 5583 Alphus
3157 5518 3333 5566 autem
3353 5508 3607 5582 fugitivus

2017 5612 2132 5667 sive
2184 5608 2509 5663 millesimus.
2570 5606 2637 5662 Et
2687 5606 2826 5662 bene
2866 5607 2959 5671 his
3002 5604 3313 5661 nominibus
3360 5602 3609 5655 doctores

2017 5703 2221 5763 Christi
2254 5701 2650 5773 exprimuntur,
2688 5698 2779 5772 qui
2800 5741 2815 5766 ,
2854 5697 3028 5755 sancti
3055 5696 3292 5767 Spiritus
3319 5689 3609 5765 gratia're—

2015 5795 2179 5870 pleti,
2204 5808 2378 5868 usque
2408 5792 2478 5853 ad
2502 5798 2733 5851 mortem
2755 5796 3119 5867 .spontaneam
3142 5783 3373 5854 Domino
3399 5795 3458 5842 se
3482 5779 3615 5857 sub-u
