4028 6472
617 369 759 424 1185

1299 364 1360 420 Β.
1402 364 1654 421 RABANI
1689 362 1908 419 MAURI
1945 361 2153 419 ARCHI

2248 398 2267 417 .
2306 362 2613 422 MOGUN'I‘.
2649 362 2933 422 OPERUM
2973 363 3152 420 PARS
3187 365 3226 420 I.

3674 377 3774 454 un

609 485 800 557 jiciunt
827 503 842 540 :
880 491 940 539 ut
971 482 1092 555 ejus
1117 482 1244 538 vita:
1268 481 1536 550 legatione
1560 481 1778 547 functa,
1809 480 1980 551 legem
2012 480 2110 535 Dei
2140 479 2193 534 in
2217 480 2274 550 Α
2298 489 2537 536 attamen
2583 479 2714 535 illud
2759 481 2913 537 valde
2965 481 3387 552 laniﬁcanuod
3426 488 3652 556 seqqu,
3687 497 3778 572 quia

609 576 812 633 mundo
847 576 1172 646 praedicent,
1207 581 1264 629 et
1297 573 1544 628 homines
1570 582 1784 630 terrena
1810 571 2077 628 desideria
2115 571 2192 626 fu—

607 681 736 737 gere
759 674 920 736 atque
938 665 1272 734 sempiterna
1301 664 1490 736 gaudia
1517 679 1763 734 qumrere
1785 665 2032 730 doceant,
2059 679 2191 734 qua-

608 765 767 812 tenus
789 757 883 820 ibi,
901 756 1057 825 juxta
1077 755 1361 810 millenarii
1382 757 1589 811 numeri
1618 755 2057 826 signiﬁcantium,
2080 755 2190 812 Deo

607 847 969 913 retribuente,
1006 855 1062 902 et
1101 845 1490 919 plenitudinem
1516 848 1781 902 mercedis
1807 847 2101 917 accipiant,
2134 855 2190 903 et

604 952 788 991 veram
816 937 1200 992 beatitudinem
1230 952 1352 992 cum
1381 937 1597 992 Christo
1620 945 1675 993 et
1701 938 1908 1008 angelis
1933 938 2048 1010 ejus
2072 939 2187 995 sine

601 1027 709 1084 ﬁne
737 1030 1066 1100 possideant.
1092 1029 1244 1098 Quod
1274 1039 1454 1085 autem
1485 1031 1572 1086 hic
1601 1031 1844 1100 sequitur
1871 1049 1884 1086 :

673 1120 747 1176 lli
784 1122 1021 1176 viderunt
1060 1121 1202 1176 mala
1237 1138 1354 1192 qua:
1382 1122 1574 1191 ﬁebant
1616 1124 1671 1176 in
1712 1121 1903 1194 papula
1945 1121 2091 1176 Juda
2134 1131 2184 1177 et

598 1209 957 1278 Hierusalem,
986 1221 1091 1268 etc.
1135 1211 1270 1278 Quia
1319 1212 1406 1266 isti
1449 1213 1632 1281 utique
1673 1213 1926 1267 scandala
1970 1213 2183 1269 diversa

598 1317 720 1369 quae
744 1302 814 1356 ab
839 1302 1037 1372 iniquis
1063 1303 1117 1357 in
1141 1303 1380 1358 Ecclesia
1406 1305 1499 1357 Dei
1530 1315 1788 1373 perpetuo
1816 1303 2179 1377 [ingeruntur]

595 1393 929 1449 condolendo
951 1403 1280 1464 agnoscunt,
1311 1411 1570 1451 mucrone
1605 1396 1872 1466 spirituali
1907 1397 2181 1452 vindicare

595 1486 864 1555 gestiunt,
902 1487 1220 1557 semetipsos
1246 1488 1477 1543 hostiam
1509 1504 1710 1558 ponere
1737 1504 1800 1544 ac
1834 1505 1931 1560 pro
1958 1505 2179 1545 suorum

593 1577 767 1632 salute
792 1580 950 1633 morti
983 1579 1194 1634 tradere
1215 1595 1322 1634 non
1345 1589 1610 1635 metuunt.
1641 1579 1794 1637 Unde
1821 1580 2065 1650 sequitur
2090 1599 2104 1635 :

664 1671 731 1725 Et
754 1671 905 1726 scidit
929 1671 1249 1726 Muthul/tias
1267 1676 1570 1726 vestimenta
1590 1689 1709 1738 sua,
1731 1681 1780 1726 et
1797 1671 1897 1741 lilii
1917 1673 2053 1742 ejus,
2069 1683 2173 1728 etc.

589 1761 730 1829 Quid
757 1773 840 1818 est
863 1779 992 1835 ergo
1016 1765 1335 1820 vestimenta
1364 1767 1630 1830 scindere,
1661 1766 1762 1822 nisi
1792 1782 2018 1836 corpora
2049 1783 2176 1838 sup-

589 1854 765 1923 pliciis
812 1857 1042 1910 tradere.
1094 1856 1164 1911 Et
1207 1858 1336 1926 quid
1372 1858 1571 1928 operiri
1619 1858 1816 1924 cilicio,
1862 1859 1966 1914 nisi
1997 1857 2174 1927 justos

587 1950 741 2018 quasi
789 1959 1118 2019 peccatores,
1161 1963 1188 1993 ο
1229 1952 1314 2007 vel
1353 1953 1543 2023 punire
1594 1962 1878 2008 tormento.
1927 1953 2172 2010 Cilicium

586 2057 798 2110 quoque
828 2042 886 2096 ﬁt
909 2057 974 2098 ex
1010 2044 1175 2100 haedis
1205 2060 1456 2116 asperum
1487 2046 1887 2118 setigerumque
1929 2057 2168 2102 tormen-

586 2142 717 2188 tum.
754 2133 886 2189 Nam
916 2135 1054 2190 haedi
1081 2137 1148 2190 ad
1173 2136 1364 2193 delicta
1402 2136 1525 2206 jure
1557 2139 1884 2204 referuntur,
1914 2139 2168 2209 quoniam

581 2232 636 2278 et
667 2223 721 2279 in
754 2222 960 2293 judicio
989 2227 1203 2282 Domini
1230 2227 1284 2281 in
1319 2237 1665 2298 peccatorum
1698 2236 1880 2299 partes
1917 2237 2041 2285 sunt
2071 2244 2170 2299 po—

581 2313 669 2368 siti
698 2314 869 2388 (Psal.
910 2317 1116 2390 xxxiv).
1165 2318 1305 2391 Ergo
1335 2319 1594 2376 Dominus
1622 2321 1747 2391 quia
1787 2336 2006 2377 carnem
2043 2337 2166 2392 pec-

579 2407 686 2460 cati
715 2410 1036 2480 assumpsit,
1077 2411 1312 2466 cilicium
1346 2427 1404 2467 se
1448 2413 1686 2469 induisse
1725 2424 2115 2470 commemorat
2145 2431 2162 2471 :

581 2514 702 2553 nam
753 2501 798 2555 si
844 2502 1102 2559 historice
1129 2505 1458 2573 accipimus,
1487 2521 1754 2574 nusquam
1782 2522 1906 2560 eum
1937 2506 2164 2577 legimus

580 2606 735 2646 usum
765 2591 932 2648 fuisse
955 2593 1150 2648 cilicio.
1175 2595 1316 2666 Ergo
1343 2598 1472 2650 dum
1496 2594 1664 2650 Judaei
1692 2611 1790 2666 per
1809 2597 2162 2654 contumelias

577 2689 632 2735 et
657 2682 878 2738 insidias
902 2694 1084 2740 essent
1122 2685 1354 2752 molesti,
1377 2686 1466 2740 ille
1494 2687 1830 2742 divinitatem
1859 2703 2012 2743 suam
2035 2705 2159 2743 car-

576 2770 661 2828 nis
690 2771 954 2828 velamine
999 2774 1296 2829 tenebrosis
1335 2776 1607 2830 mentibus
1647 2775 1982 2844 occultabat;
2030 2777 2159 2847 quia

575 2877 680 2916 nou
706 2865 1052 2920 merebantur
1080 2881 1374 2938 agnoscere
1415 2883 1574 2938 quem
1608 2869 1698 2923 tali
1746 2869 2020 2940 impietate
2050 2879 2159 2925 tra-

572 2954 794 3009 ctabant
825 2956 1090 3012 occidere.
1135 2957 1365 3029 Propter
1393 2959 1537 3015 enim
1563 2971 1782 3030 peccata
1813 2961 2154 3032 populorum.

574 3043 897 3116 Redemptor
924 3047 1144 3102 humani
1171 3049 1384 3118 generis
1407 3065 1626 3106 carnem
1657 3067 1809 3107 suam
1843 3053 2062 3109 tradidit
2088 3053 2153 3108 ad

574 3145 823 3204 mortem,
847 3148 904 3194 et
927 3141 1200 3197 condoluit
1223 3151 1420 3199 nostra:
1446 3143 1778 3201 inﬁrmitati:
1807 3144 1873 3200 de
1902 3162 2008 3215 quo
2038 3147 2150 3218 ipse

574 3226 832 3285 Dominus
862 3245 961 3300 per
994 3230 1187 3287 Isaiam
1226 3233 1304 3287 ait
1332 3252 1345 3287 :
1380 3232 1605 3304 Propter
1640 3251 1805 3290 seems
1839 3237 2019 3307 populi
2053 3253 2155 3292 met

569 3321 797 3386 percussi
843 3337 964 3376 eum
1003 3321 1136 3394 (Isa.
1169 3322 1270 3394 LI),
1309 3332 1365 3378 et
1414 3341 1429 3377 :
1481 3323 1792 3394 Iniquitates
1827 3342 2006 3380 eorum
2047 3329 2156 3399 ipse

569 3411 814 3481 portabit.
843 3411 974 3468 Ideo
997 3416 1298 3486 dispertiam
1323 3416 1370 3470 ei
1393 3415 1667 3486 plurimos,
1693 3427 1742 3470 et
1775 3419 1991 3487 fortium
2019 3420 2152 3473 divi-

567 3500 652 3555 det
696 3502 885 3573 spolia,
931 3521 1024 3575 pro
1063 3522 1122 3560 eo
1170 3505 1310 3572 quod
1358 3507 1576 3560 tradidit
1617 3508 1672 3562 in
1717 3519 1882 3562 morte
1920 3509 2152 3565 animam

566 3607 739 3658 suam,
769 3603 817 3648 et
855 3611 971 3649 cum
999 3594 1262 3651 sceleratis
1294 3596 1574 3668 deputatus
1598 3610 1694 3661 est,
1725 3610 1774 3652 et
1801 3599 1910 3668 ipse
1937 3608 2152 3669 peccata

567 3681 850 3737 multorum
879 3683 1016 3747 tulit,
1058 3695 1107 3738 et
1146 3702 1240 3755 pro
1273 3687 1741 3757 transgressoribus
1777 3689 1974 3758 rogavit
2012 3687 2146 3758 (Isa.

567 3775 705 3848 Llll).
739 3776 997 3832 Similiter
1022 3785 1078 3833 et
1116 3777 1210 3832 ﬁlii
1245 3777 1381 3847 ejus,
1413 3781 1517 3835 hoc
1541 3787 1624 3835 est
1656 3780 1881 3851 apostoli
1915 3790 1972 3836 et
2007 3797 2152 3836 mar-

567 3863 710 3938 tyres
737 3868 904 3938 ipsius
925 3869 1170 3940 exemplo
1196 3871 1394 3936 edocti,
1424 3888 1530 3926 non
1555 3873 1872 3929 dubitabant
1893 3888 1992 3943 pro
2021 3873 2152 3944 legi-

566 3957 712 4014 timis
759 3958 854 4014 Dei
900 3970 956 4014 et
1006 3961 1179 4017 salute
1227 3961 1456 4017 fratrum
1507 3980 1726 4019 suorum
1783 3965 2150 4034 temporaliter

565 4051 721 4115 inori,
753 4061 1018 4121 quatenus
1060 4054 1206 4124 regni
1255 4055 1492 4111 caelestis
1536 4056 1727 4127 gaudia
1773 4073 1895 4111 cum
1945 4059 2147 4116 sanctis

562 4142 767 4212 angelis
797 4159 893 4213 per
922 4146 1025 4200 hoc
1062 4157 1282 4216 possent
1310 4149 1525 4203 mereri.
1568 4149 1717 4204 Unde
1756 4148 1991 4207 Joannes
2021 4169 2148 4224 apo-

563 4237 732 4288 stolus
759 4235 836 4289 ait
876 4255 888 4290 :
923 4235 990 4290 In
1017 4238 1113 4291 hoc
1135 4240 1491 4309 cognoscimus
1521 4241 1852 4308 charitatem,
1894 4247 2144 4316 quoniam

559 4321 647 4376 ille
684 4341 778 4394 pro
815 4325 962 4379 nobis
999 4327 1230 4381 animam
1270 4346 1420 4382 suam
1455 4333 1648 4400 posuit,
1692 4343 1737 4386 et
1782 4350 1874 4388 nos
1900 4335 2142 4392 debemus

557 4429 651 4483 pro
681 4414 930 4483 fratribus
956 4419 1186 4471 animam
1215 4435 1404 4488 ponere
1434 4420 1482 4491 (1
1511 4420 1672 4476 Joan.
1701 4422 1807 4495 ιιι).

634 4503 696 4558 Et
721 4517 967 4560 venerunt
994 4507 1103 4561 illic
1129 4509 1218 4580 qui
1240 4509 1383 4564 missi
1415 4511 1646 4579 fuerunt,
1675 4521 1778 4569 etc.
1810 4513 1974 4569 Mittit
1996 4531 2142 4570 nam-

558 4612 660 4665 que
688 4597 989 4653 Antiochus
1027 4601 1320 4670 spiritualis
1366 4602 1420 4656 in
1459 4602 1732 4660 civitatem
1764 4605 1972 4672 Modin,
2018 4624 2139 4677 quae
2164 4597 2212 4634 "-

560 4686 944 4755 interpretatur
963 4689 1226 4758 judicium
1261 4705 1282 4746 :
1321 4692 1375 4747 in
1404 4694 1702 4751 Ecclesiam
1730 4697 1979 4752 videlicet
2016 4713 2138 4754 san-

557 4788 722 4846 ctam,
750 4782 839 4837 ubi
859 4782 1062 4851 judicia
1090 4784 1184 4841 Dei
1206 4787 1612 4859 diligentissime
1643 4792 2053 4859 custodiuntur;
2079 4801 2140 4848 ut

553 4887 650 4928 eos
677 4873 768 4942 qui
797 4875 1150 4947 confugerant
1189 4878 1313 4936 illuc
1343 4883 1642 4936 remedium
1682 4885 1984 4940 animarum
2021 4901 2141 4942 sua-

552 4978 673 5020 rum
695 4976 1018 5034 quaerentes,
1044 4985 1076 5024 a
1103 4968 1220 5041 lege
1245 4972 1523 5028 discedere
1548 4983 1768 5044 cogant,
1791 4985 2135 5047 peccatorum

551 5055 824 5114 victimam
875 5069 929 5114 et
982 5061 1185 5116 cultum
1238 5063 1530 5134 impietatis
1573 5067 1785 5123 diabolo
1829 5070 2132 5126 exsolvant.

552 5146 658 5204 Sed
701 5149 802 5205 hoc
836 5153 976 5220 quod
1018 5151 1359 5225 subjungitur
1397 5156 1516 5211 sine
1562 5158 1765 5228 gemitu
1807 5159 1983 5232 legere
2024 5177 2132 5217 non

547 5239 836 5309 possimus,
875 5244 1002 5312 quia
1037 5243 1187 5298 multi
1226 5245 1291 5300 de
1317 5247 1509 5317 populo
1547 5246 1718 5302 Israel
1755 5251 2131 5306 consentientes

547 5345 872 5388 secesserunt
911 5335 981 5390 ad
1019 5353 1126 5402 eos,
1157 5351 1278 5392 cum
1321 5339 1568 5396 videmus
1596 5342 1879 5396 tormentis
1913 5352 2130 5398 coactos

545 5437 577 5477 ε
604 5423 861 5496 religione
886 5429 1099 5498 pietatis
1126 5440 1460 5500 apostatare;
1493 5433 1627 5488 alios
1653 5433 1946 5503 cupiditate
1973 5433 2131 5491 istius

545 5516 731 5570 mundi
761 5517 967 5576 illectos
1006 5530 1297 5578 retrorsum
1341 5525 1542 5590 relabi,
1575 5524 1709 5579 alios
1751 5525 2128 5580 haereticorum

541 5609 742 5664 astutia
779 5611 1028 5668 seductos
1054 5613 1262 5682 decipi,
1304 5614 1440 5669 alios
1475 5623 1529 5669 et
1566 5615 1775 5670 luxuria
1807 5627 1969 5687 atque
2007 5616 2130 5671 libi-

542 5697 667 5754 dine
707 5703 926 5772 propria
967 5704 1030 5759 ad
1075 5705 1329 5774 pristinas
1357 5707 1608 5762 vitiorum
1655 5708 1842 5765 sordes
1877 5708 2075 5764 reverti
2107 5725 2124 5765 :

613 5821 638 5852 ⁸
669 5813 1072 5883 Deestaliquid.

2295 569 2619 628 Mathathias
2648 581 2696 626 et
2717 572 2817 642 ﬁlii
2839 573 2951 644 ejus
2976 583 3273 629 constanter
3295 585 3554 643 steterunt;
3577 596 3676 636 cum
3697 569 3780 644 sine

2295 666 2457 722 dubio
2485 665 2558 720 illi
2588 666 2643 720 in
2672 667 2894 722 veritate
2922 676 3084 737 atque
3115 668 3166 721 in
3200 666 3404 737 justitia
3427 673 3692 741 persistunt,
3716 684 3779 750 qui

2293 760 2407 814 veri
2446 758 2778 822 Mathatbiaa,
2821 760 2923 815 hoc
2953 769 3032 814 est
3070 759 3196 817 Iesu
3228 760 3454 828 Christi,
3483 763 3567 819 ﬁlii
3591 782 3686 823 esse
3709 757 3801 827 me:

2295 859 2538 916 ruerunt,
2555 851 2775 921 eiusque
2798 850 2954 907 ﬁdem
2979 868 3045 907 ac
3063 855 3311 909 mandata
3334 867 3606 922 servantes,
3624 871 3782 918 atterite

2289 941 2411 996 vita:
2447 941 2665 1012 prtemia
2697 942 2963 996 constanti
3000 943 3180 998 animo
3202 959 3310 1013 'per
3348 945 3461 1014 ejus
3486 950 3677 1018 gratiam
3696 953 3784 1006 ἐῶ-

2289 1031 2419 1102 pisci
2451 1042 2796 1102 compescunt
2829 1032 3224 1106 [contendunt].

2357 1122 2426 1176 Et
2463 1124 2824 1194 respondentes
2863 1125 2952 1195 qui
2991 1127 3138 1179 missi
3177 1136 3326 1181 erant
3365 1126 3428 1182 ab
3465 1129 3698 1198 Antiocho,
3729 1136 3786 1186 di-

2283 1223 2474 1266 xerunt
2503 1212 2810 1268 Mathathiw
2845 1228 2863 1266 :
2902 1213 3174 1286 Princeps,
3221 1225 3328 1272 etc.
3374 1217 3493 1274 Sive
3530 1236 3614 1289 per
3636 1223 3781 1290 dolum,

2285 1303 2398 1358 sive
2439 1318 2536 1373 per
2579 1304 2708 1369 vim,
2758 1321 2970 1377 semper
3011 1308 3352 1363 machinatur
3398 1311 3626 1379 antiquus
3663 1314 3784 1368 hostis

2283 1396 2551 1464 quomodo
2586 1404 2792 1451 evertat
2821 1398 3023 1452 cultum
3054 1400 3266 1469 pietatis
3292 1401 3345 1454 in
3374 1401 3594 1458 Ecclesia
3618 1403 3781 1460 Christi.

2279 1487 2397 1557 Ipse
2427 1490 2572 1543 enim
2599 1489 2689 1560 qui
2720 1491 2786 1544 ad
2828 1492 3142 1546 tentandum
3171 1492 3571 1562 Redemptorem
3601 1506 3782 1550 nostrum

2281 1579 2334 1633 in
2365 1579 2577 1634 deserto
2605 1583 2862 1646 accessit,
2892 1583 3076 1637 dicens
3103 1600 3114 1636 :
3165 1583 3222 1637 Si
3253 1583 3428 1639 Filius
3454 1585 3544 1640 Dei
3577 1603 3640 1647 es,
3665 1587 3728 1640 dic
3747 1599 3792 1648 ut,

2278 1670 2476 1740 lapides
2501 1672 2590 1725 isti
2612 1689 2772 1742 panes
2795 1673 2925 1742 ﬁant
2953 1672 3163 1745 (Matth.
3191 1674 3320 1745 vn);
3351 1685 3404 1730 et
3429 1685 3677 1746 postquam
3696 1693 3782 1731 eum

2278 1780 2438 1835 super
2457 1765 2798 1834 pinnaculum
2827 1766 3009 1835 templi
3032 1766 3086 1820 in
3110 1776 3300 1820 sancta
3323 1767 3532 1821 civitate
3552 1769 3780 1832 constituit,

2201 1839 2249 1926 Β
2276 1855 2412 1909 dixit
2450 1867 2464 1907 :
2508 1853 2568 1910 Si
2609 1852 2785 1909 Filius
2829 1855 2926 1910 Dei
2962 1874 3036 1922 es,
3076 1859 3222 1912 mitte
3268 1867 3318 1912 te
3359 1858 3586 1912 deorsum
3623 1859 3780 1926 (Ibid).

2275 1947 2545 2016 Scriptum
2571 1957 2654 2002 est
2673 1949 2816 2002 enim
2846 1967 2858 2002 :
2882 1948 3018 2014 Quia
3044 1949 3240 2020 angelis
3264 1952 3375 2004 suis
3404 1953 3644 2005 mandarit
3663 1955 3712 2006 de
3731 1963 3780 2020 te,

2269 2046 2316 2088 et
2341 2037 2394 2090 in
2425 2037 2664 2092 manibus
2687 2037 2866 2093 tollent
2907 2049 2972 2102 te,
3011 2057 3071 2094 ne
3101 2039 3235 2109 forte
3269 2041 3502 2110 offendas
3529 2042 3589 2094 ad
3610 2043 3778 2111 lapidem

2267 2127 2449 2197 pedem
2477 2137 2625 2182 tuum
2656 2128 2826 2200 (l’sal.
2859 2129 2968 2202 xc).
3015 2131 3250 2202 Indeque
3278 2148 3402 2188 eum
3436 2132 3717 2189 transferens
3741 2135 3778 2188 in

2268 2225 2507 2274 montem
2533 2219 2806 2275 excelsum
2825 2214 2919 2285 ,ἐι
2953 2221 3173 2275 ostendit
3203 2222 3254 2276 ei
3281 2222 3455 2276 omnia
3486 2239 3623 2292 regna
3646 2223 3778 2275 incudi

2266 2320 2315 2363 et
2335 2308 2557 2380 gloriam
2583 2327 2783 2375 eorum,
2811 2321 2856 2364 et
2883 2310 3013 2363 dixit
3041 2311 3087 2364 ei
3112 2326 3132 2365 :
3164 2309 3296 2365 Haec
3319 2312 3490 2364 omnia
3516 2311 3596 2363 tibi
3623 2311 3728 2362 dabo
3748 2312 3778 2363 si

2263 2399 2533 2468 procidens
2561 2399 2861 2454 adoraveris
2886 2418 2966 2453 me
2995 2399 3211 2471 (Matth.
3237 2401 3355 2474 vn).
3387 2403 3573 2458 Eadem
3597 2403 3778 2472 quotidie

2264 2488 2319 2542 in
2349 2489 2606 2545 membris
2631 2490 2742 2546 suis
2785 2505 2882 2561 per
2910 2490 3187 2546 ministros
3218 2507 3346 2547 suos
3376 2492 3547 2546 dolose
3577 2492 3774 2562 suggerit,

2262 2589 2528 2652 quatenus
2547 2596 2645 2651 pro
2668 2582 2959 2636 ambitione
2983 2581 3228 2638 saeculari
3251 2582 3502 2637 deserant
3522 2581 3643 2636 viam
3660 2580 3776 2650 justi-

2263 2674 2368 2739 tiae,
2394 2682 2448 2728 et
2479 2675 2678 2730 faciant
2698 2673 2906 2743 jussum
2940 2677 3082 2752 regis
3109 2677 3430 2747 nequissimi
3457 2676 3542 2748 qui
3563 2686 3716 2748 regnat
3734 2677 3774 2730 in

2262 2768 2524 2820 universos
2553 2766 2691 2836 ﬁlios
2718 2767 2971 2838 superbia:
2997 2768 3116 2839 (Job
3147 2767 3288 2840 xu),
3312 2776 3420 2824 etc.

2330 2856 2399 2910 Et
2429 2858 2689 2927 respondit
2723 2857 3046 2913 Mathathias
3075 2869 3123 2914 et
3152 2859 3290 2914 dixit
3319 2876 3505 2930 magna
3538 2875 3666 2922 uoce,
3695 2867 3770 2911 etc.

2259 2949 2574 3006 Constantia
2621 2950 2929 3006 Mathathia:
2976 2952 3317 3009 confortabat
3365 2954 3565 3008 animos
3596 2951 3771 3006 ﬁliorum

2259 3057 2510 3108 suorum;
2539 3044 2619 3098 sic
2645 3051 2702 3098 et
2729 3042 2983 3113 patientia
3011 3051 3065 3098 et
3089 3043 3469 3116 longanimitas
3494 3043 3674 3099 Domini
3703 3055 3771 3095 no-

2258 3133 2353 3187 stri
2411 3130 2539 3188 Jesu
2595 3133 2797 3188 Cbristi
2853 3134 3092 3188 omnium
3143 3136 3479 3190 credentium
3521 3134 3773 3193 corroborat

2182 3205 2227 3271 (ἶ
2261 3225 2440 3281 ﬁdem.
2487 3225 2636 3281 Unde
2679 3225 2956 3298 discipulis
3002 3225 3115 3282 suis
3155 3227 3232 3282 ait
3277 3246 3290 3281 :
3339 3226 3512 3283 Nolite
3557 3227 3706 3281 mirari
3740 3223 3773 3276 si

2256 3317 2365 3372 odit
2393 3334 2479 3372 vos
2515 3317 2762 3382 mundus,
2791 3317 2972 3373 scitote
3011 3318 3134 3391 quia
3171 3335 3254 3372 me
3286 3320 3510 3390 priorem
3545 3318 3663 3373 vobis
3685 3315 3771 3367 odio

2255 3412 2494 3468 habuerit
2523 3411 2704 3483 (Joan.
2735 3412 2826 3483 xv)
2858 3426 2872 3466 :
2908 3428 3070 3484 neque
3098 3413 3326 3466 timentis
3356 3429 3442 3466 eos
3476 3411 3560 3483 qui
3588 3409 3771 3463 occidunt

2254 3521 2462 3574 corpus,
2501 3505 2733 3558 animam
2762 3514 2936 3559 autem
2969 3505 3197 3558 occidere
3230 3521 3338 3558 non
3363 3512 3598 3574 possunt;
3619 3499 3692 3554 sed
3709 3513 3772 3567 po-

2253 3596 2356 3650 tius
2387 3611 2505 3650 eum
2533 3596 2623 3666 qui
2661 3604 2826 3665 potest
2862 3605 2908 3650 et
2952 3595 3182 3649 animam
3219 3605 3267 3649 et
3301 3611 3488 3666 corpus
3523 3593 3702 3664 perdere
3732 3589 3770 3641 in

2251 3687 2538 3758 gehennam
2568 3685 2782 3755 (Matth.
2814 3685 2891 3757 ιι).
2939 3685 3005 3740 1η
3031 3686 3285 3756 patientia
3318 3695 3483 3741 vestra
3507 3678 3770 3754 possidebitis

2253 3778 2456 3832 animas
2498 3786 2714 3843 vestras,
2754 3787 2802 3831 et
2840 3777 2935 3832 erit
2967 3792 3162 3831 merces
3200 3785 3374 3831 vestra
3414 3775 3568 3828 multa
3603 3773 3648 3825 in
3679 3768 3769 3823 calo

2253 3869 2404 3941 (Luc.
2437 3871 2554 3941 xu).
2597 3869 2700 3937 Qui
2726 3881 2895 3924 autem
2934 3871 3337 3942 perseveraverit
3367 3886 3524 3941 usque
3557 3869 3604 3922 in
3633 3865 3766 3935 ﬁam.

2249 3963 2332 4018 hic
2357 3963 2531 4019 salvus
2558 3965 2654 4019 erit
2690 3964 2902 4037 (Matth.
2933 3965 2988 4037 ιι)

2323 4053 2390 4107 Et
2430 4064 2485 4108 ut
2528 4056 2740 4109 cessavit
2791 4055 2932 4126 loqui
2975 4056 3124 4110 verba
3165 4056 3300 4122 haec,
3343 4065 3447 4112 etc.
3490 4054 3674 4110 Iudaeus
3705 4048 3767 4104 hic

2250 4146 2340 4214 qui
2383 4146 2712 4200 sacriﬁcavit
2747 4162 2930 4200 coram
2967 4147 3137 4202 oculis
3174 4148 3417 4202 omnium
3457 4147 3612 4206 idolis,
3648 4140 3765 4211 signi-

2247 4235 2375 4291 ﬁcat
2415 4236 2585 4291 malos
2625 4236 2938 4303 catholicos,
2982 4237 3072 4307 qui
3113 4236 3295 4308 pravis
3336 4236 3574 4307 operibus
3606 4240 3650 4287 et
3680 4242 3766 4299 peto

2246 4339 2490 4386 calorum
2541 4338 2667 4385 nota
2721 4329 3087 4384 scandalizant
3130 4331 3412 4399 proximos
3459 4343 3591 4384 suos.
3636 4325 3680 4378 In
3719 4334 3764 4375 eo

2247 4421 2390 4476 enim
2422 4421 2577 4476 idolis
2607 4420 2915 4475 sacriﬁcare
2948 4420 3241 4490 probantur
3270 4421 3416 4490 quod
3443 4412 3763 4490 principalibus

2243 4513 2389 4568 vitiis
2430 4513 2682 4583 captivati
2721 4527 2843 4568 esse
2882 4512 3314 4567 manifestantur.

2317 4605 2470 4662 Unde
2498 4606 2778 4659 avaritiam
2815 4604 3009 4659 Paulus
3049 4604 3322 4675 apostolus
3355 4603 3601 4660 idolorum
3635 4607 3761 4652 sem-

2245 4706 2414 4754 tutcm
2443 4696 2672 4766 appellat
2699 4693 2838 4767 (Gal.
2865 4695 2940 4768 v).
2991 4695 3093 4749 Sed
3138 4695 3237 4748 bos
3272 4694 3479 4763 gladius
3510 4684 3758 4746 Matbathia!

2243 4789 2478 4846 trucidat
2523 4803 2684 4858 super
2725 4803 2897 4854 aram,
2947 4788 3071 4855 quia
3115 4787 3248 4841 ultio
3294 4785 3574 4857 aequissimi
3607 4777 3758 4852 judicis

2235 4880 2437 4950 justam
2464 4881 2518 4936 in
2558 4879 2749 4934 talibus
2781 4886 2998 4944 exercet
3021 4877 3329 4933 vindictam.
3374 4877 3480 4934 Nec
3511 4891 3607 4939 non
3640 4869 3752 4926 etvi-

2243 4989 2362 5028 rum
2389 4988 2548 5042 quem
2578 4970 2798 5026 miserat
2821 4967 3120 5024 Antiochus
3147 4970 3239 5040 qui
3266 4967 3487 5040 cogebat
3513 4961 3758 5022 immolare.

2239 5065 2292 5120 in
2325 5065 2441 5134 ipso
2471 5073 2712 5133 tempore
2733 5064 2927 5118 occidit
2956 5081 2967 5116 :
2995 5064 3121 5133 quia
3149 5064 3202 5118 in
3232 5064 3319 5120 die
3344 5073 3571 5119 extrema
3597 5050 3756 5112 exarui

2238 5158 2340 5220 nis.
2372 5173 2475 5212 non
2502 5157 2672 5211 solum
2703 5166 3014 5226 peccatores
3043 5158 3308 5223 homines,
3347 5157 3438 5211 sed
3467 5157 3753 5224 peccator"m

2236 5246 2600 5316 instigatores,
2631 5245 2849 5315 maligni
2879 5244 3126 5301 videlicet
3154 5245 3395 5314 spiritus,
3417 5251 3612 5299 aeterna:
3634 5235 3751 5288 dam-

2235 5334 2468 5390 nationis
2512 5334 2760 5390 meritam
2812 5334 3069 5403 recipient
3116 5349 3366 5405 poenam;
3415 5331 3562 5390 simul
3603 5335 3649 5381 et
3681 5334 3748 5376 an

2233 5424 2526 5493 impietatis
2555 5425 2880 5489 destruetur,
2912 5426 3039 5495 quia
3087 5434 3209 5495 post
3240 5435 3508 5496 peractum
3535 5415 3766 5495 judicium:i

2231 5518 2456 5572 ulterius
2484 5519 2740 5587 peccandi
2772 5517 2998 5573 facultas
3031 5518 3136 5574 ulla
3164 5535 3270 5573 non
3298 5519 3548 5573 tribuetur
3569 5504 3743 5576 iniquis.

2231 5611 2383 5678 Quod
2411 5620 2590 5666 autem
2619 5611 2861 5682 sequitur
2891 5631 2904 5666 :
2939 5611 3150 5666 Zelatus
3174 5624 3249 5666 est
3285 5611 3468 5684 legem,
3510 5610 3628 5662 sicut
3651 5597 3743 5671 [εδει

2231 5702 2456 5760 Phinees
2503 5703 2686 5761 Zamri
2727 5704 2838 5779 ﬁlio
2879 5703 3078 5761 Salerni
3123 5703 3309 5778 (Num.
3353 5702 3509 5778 xxv),
3556 5689 3738 5759 ostenti“
