4028 6474
271 399 409 457 1145

977 396 1329 461 COMMENT.
1372 396 1441 454 IN
1478 396 1726 454 LIBROS
1767 392 2339 456 MACBABJEORUM.‘
2368 408 2450 446 ’.σ-
2482 397 2553 455 IN
2591 396 2723 455 LIB.
2763 395 2800 457 Ι.

3388 398 3531 457 1146

268 511 411 584 quod
452 509 613 568 fortia
653 511 794 569 facta
833 515 1143 571 sanctorum
1188 516 1399 587 patrum
1430 512 1848 585 praeﬁgurabant
1875 508 1927 575 Α
1951 522 2007 570 et
2037 514 2340 571 ambulasse
2365 531 2465 586 per
2491 516 2609 571 loca
2638 516 2923 586 ina'quosa,
2950 528 3249 585 quanam
3286 514 3528 587 requiem

264 602 646 676 Redemptoris
664 606 836 661 nostri
858 606 912 664 in
935 606 1243 663 novissimis
1268 606 1600 676 temporibus
1628 603 1847 661 nobilis-

232 762 235 765 γ
270 697 468 754 simum
502 705 700 753 aetum.

344 789 412 845 Et
449 790 755 846 exclamavit
790 791 1113 848 Mathathias
1143 808 1264 847 vace
1300 807 1501 863 magna
1527 791 1583 845 in
1616 790 1844 855 civitate,

271 880 467 947 dicens,
495 888 596 937 etc.
632 881 756 938 Haec
781 880 941 939 verba
969 883 1277 938 Mathathia:
1303 882 1718 954 praefigurabant
1743 881 1849 936 Do-

273 973 402 1028 mini
435 975 605 1030 nostri
648 973 774 1031 Jesu
802 975 1004 1033 Christi
1034 977 1331 1033 doctrinam
1352 1018 1368 1042 ,
1409 977 1498 1047 qui
1529 978 1848 1032 exhortatur

271 1080 369 1120 nos
394 1066 631 1137 quotidie
670 1068 972 1139 relinquere
1000 1068 1291 1124 vanitatem
1337 1068 1496 1139 hujus
1540 1068 1758 1129 mundi,
1791 1074 1848 1123 et

269 1171 511 1226 quaerere
540 1159 779 1215 cmlestia
820 1162 1011 1231 gaudia
1057 1162 1226 1232 regni.
1271 1161 1412 1216 Dicit
1447 1161 1592 1216 enim
1632 1161 1747 1230 ipse
1791 1161 1846 1216 in

269 1245 558 1316 Evangelio
604 1267 617 1303 :
668 1248 771 1315 Qui
812 1266 913 1304 non
954 1251 1320 1305 renuntiaverit
1355 1250 1531 1305 omnia
1561 1249 1844 1322 [omnibus]

265 1356 386 1410 qua:
411 1341 660 1410 possidet,
696 1359 798 1397 non
837 1352 999 1414 potest
1042 1360 1188 1397 meus
1236 1358 1345 1397 esse
1386 1340 1694 1412 discipulus.
1743 1339 1848 1407 Qui

267 1442 413 1486 amat
441 1442 640 1504 patrem
676 1451 828 1487 suum
859 1443 949 1487 aut
980 1445 1197 1487 matrem
1229 1449 1383 1487 suam
1414 1432 1533 1503 plus
1560 1428 1717 1503 quam
1744 1447 1844 1495 me,

267 1526 373 1580 non
408 1535 484 1581 est
518 1543 598 1580 me
621 1526 842 1597 dignus;
876 1536 924 1581 et
951 1526 1040 1598 qui
1075 1543 1178 1581 non
1215 1525 1414 1596 bajulat
1450 1540 1653 1580 crucem
1696 1540 1846 1578 suam

263 1616 498 1686 quotidie
520 1628 568 1671 et
601 1617 835 1689 sequitur
873 1634 973 1683 me,
1000 1634 1102 1672 non
1126 1626 1200 1672 est
1230 1634 1310 1671 me
1334 1616 1544 1687 dignus.
1571 1615 1676 1688 Qui
1711 1615 1847 1670 enim

264 1707 486 1762 voluerit
503 1711 735 1764 animum
754 1727 903 1765 suam
927 1710 1126 1765 salvam
1150 1712 1343 1781 facere,
1359 1711 1537 1782 perdet
1557 1729 1671 1766 eam
1694 1709 1847 1783 (Luc.

265 1795 408 1867 xxv);
435 1798 527 1867 qui
555 1810 728 1853 autem
758 1800 1042 1870 perdiderit
1064 1801 1295 1854 animam
1324 1818 1476 1855 suam
1514 1810 1724 1871 propter
1747 1816 1848 1866 me,
1884 1861 1913 1879 ,τ

1949 615 2005 663 et
2028 622 2134 663 non
2162 609 2450 666 invenisse.
2494 610 2693 667 lterum
2718 624 2843 666 cum
2871 620 3079 682 septem
3108 611 3531 682 spiritibusmes

1830 712 1835 723 '
1917 700 2227 770 _quioribus
2270 716 2329 756 se
2371 702 2652 772 pristinam
2688 704 2906 757 domum
2937 710 3219 757 vacantem
3247 717 3313 759 ac
3349 701 3530 773 scopis

1946 793 2281 858 mandatam,
2309 800 2363 848 et
2404 801 2675 858 ornatam,
2705 793 2974 864 reperisse
3004 812 3017 847 :
3048 792 3186 850 tales
3213 793 3413 864 quippe
3457 792 3527 848 ab

1947 879 2196 938 hostibus
2243 882 2574 954 spiritalibus
2622 883 2781 938 facile
2824 883 3159 950 obruuntur,
3203 883 3347 953 quia
3375 889 3529 938 scuto

1950 975 2091 1041 ﬁdei,
2122 976 2274 1047 galea
2304 978 2513 1038 salutis,
2548 977 2716 1032 lorica
2737 976 2981 1046 justitiae,
3024 986 3081 1032 et
3102 976 3291 1046 gladio
3306 976 3531 1047 spiritus

1950 1066 2165 1137 (Ep/tes.
2193 1066 2289 1139 vr),
2314 1083 2434 1123 cum
2459 1068 2659 1137 quibus
2676 1067 2912 1122 inimicis
2935 1068 3186 1124 resistam
3209 1068 3527 1133 debuerant,

1948 1160 2147 1213 armari
2171 1174 2276 1214 non
2304 1161 2560 1215 curabant
2615 1159 2766 1216 Unde
2793 1158 3135 1230 subjungitur
3154 1158 3533 1229 quod'Matha-

1949 1251 2092 1306 thias
2134 1260 2189 1305 et
2227 1252 2387 1307 amici
2413 1252 2531 1322 ejus
2568 1252 2768 1307 luctum
2815 1251 3122 1306 habuerunt
3150 1267 3312 1322 super
3341 1253 3530 1308 borum

1950 1341 2195 1404 interitu,
2218 1344 2341 1412 quia
2369 1344 2558 1415 grandi
2585 1341 3021 1398 doloreaﬂicitur-
3049 1343 3288 1399 Ecclesia
3310 1342 3527 1412 quando

1949 1433 2157 1503 aliquos
2193 1436 2258 1490 de
2287 1450 2514 1489 numero
2545 1449 2767 1489 suorum
2795 1444 2891 1504 per
2916 1434 3140 1489 insidias
3169 1441 3333 1504 atque
3346 1446 3530 1503 purse

1950 1526 2222 1581 cntionem
2252 1525 2610 1596 malignorum
2635 1526 2870 1581 hostium
2895 1526 2950 1580 in
2980 1533 3322 1596 peccatorum
3347 1524 3531 1596 praeci-

1950 1621 2141 1690 pitium
2170 1620 2411 1689 agnoscit
2442 1619 2733 1674 corruisse.
3114 1640 3115 1643 η
3286 1636 3291 1641 ’

1954 1738 1961 1748 ι
2027 1708 2092 1762 Et
2119 1710 2250 1764 dixit
2278 1711 2357 1764 vir
2373 1710 2612 1779 proximo
2638 1725 2734 1763 suo
2759 1722 2782 1760 ει
2802 1707 2860 1763 Si
2891 1723 3066 1762 omnes
3097 1706 3373 1777 fecerimus
3400 1706 3533 1761 sicut

1954 1799 2145 1869 fratres
2184 1801 2347 1855 nostri
2376 1801 2630 1868 fecerunt,
2674 1808 2781 1854 etc.
2815 1799 2985 1853 Valde
3012 1798 3177 1869 igitur
3205 1798 3533 1852 detestatum!

263 1885 489 1941 inveniet
511 1905 625 1943 eam
654 1888 869 1961 (Matth.
903 1890 979 1961 x).
1012 1889 1151 1957 Quid
1179 1893 1315 1945 enim
1339 1892 1548 1961 prodest
1578 1892 1779 1945 homini
1806 1891 1851 1945 si
1954 1889 2080 1945 boni
2111 1890 2440 1945 otiositatem
2467 1931 2483 1955 ,
2520 1905 2638 1959 quae
2683 1890 2897 1944 inimica
2939 1895 3024 1944 est
3062 1889 3287 1953 animm,
3330 1896 3395 1942 et
3422 1888 3533 1943 imo

262 1979 565 2034 universum
595 1982 847 2035 mundum
886 1982 1137 2048 lucretur,
1172 1984 1362 2038 anima:
1393 2000 1510 2038 vero
1544 2000 1656 2038 sua:
1691 1982 1854 2036 detri-

264 2076 499 2128 inentum
538 2074 803 2144 patiatur,
855 2085 945 2129 aut
993 2093 1150 2147 quam
1203 2078 1662 2130 commutationem
1708 2075 1854 2129 dabit

263 2162 421 2217 homo
453 2180 547 2235 pro
583 2166 759 2220 anima
791 2183 889 2221 sua
925 2166 1075 2239 (Luc.
1108 2166 1222 2237 Ix)?
1253 2165 1425 2222 Filius
1454 2167 1854 2222 enim‘hominis

264 2252 518 2311 uenturus
543 2268 617 2311 est
652 2260 709 2312 in
743 2258 912 2330 gloria
950 2256 1128 2315 Patris
1157 2261 1241 2314 sui
1269 2276 1385 2315 cum
1416 2259 1614 2331 angelis
1640 2259 1770 2326 suis,
1804 2266 1853 2314 et

265 2347 449 2403 reddet
481 2351 761 2421 unicuique
787 2351 1071 2405 secundum
1097 2368 1253 2417 opera
1280 2366 1377 2405 sua
1408 2348 1620 2421 (Matth.
1645 2349 1779 2422 xvr).

342 2439 500 2511 Fugit
539 2442 682 2497 enim
724 2441 1052 2514 Redemptor
1091 2452 1278 2498 noster
1316 2451 1370 2498 et
1407 2442 1497 2497 lilii
1544 2442 1662 2512 ejus
1698 2442 1856 2499 inno-

265 2524 475 2594 centes,
507 2539 561 2585 et
587 2524 897 2602 relinquunt
924 2528 1256 2603 qumcunque
1289 2533 1491 2588 habent
1527 2534 1581 2588 in
1611 2533 1853 2599 civitate,

265 2618 525 2693 quoniam
574 2638 668 2694 per
712 2626 966 2679 ducatum
1012 2626 1179 2695 ipsius
1216 2626 1475 2682 Veritatis
1515 2624 1854 2680 altitudinem

266 2713 528 2768 virtutum
572 2715 864 2770 ascendere
909 2716 1178 2784 cupimus,
1219 2724 1275 2770 et
1303 2731 1365 2771 ea
1405 2731 1525 2786 qua:
1569 2714 1636 2770 ad
1671 2714 1852 2770 luxum

268 2803 455 2859 saeculi
479 2806 773 2875 pertinent,
806 2807 960 2876 quasi
1003 2804 1265 2875 superflua
1297 2815 1637 2876 spernentes,
1670 2804 1855 2875 abjieio

270 2908 412 2951 ntus.
464 2897 587 2952 lude
620 2907 701 2953 est
730 2899 872 2968 quod
914 2898 1111 2969 legitur
1142 2899 1193 2952 in
1238 2895 1527 2968 Evangelio
1553 2897 1768 2970 (Matth.
1796 2896 1852 2970 v)

272 2985 442 3042 isdem
478 2987 738 3044 Dominus
768 2991 985 3045 duxtsse
1021 2990 1311 3060 discipulos
1337 3005 1464 3045 suos
1502 2991 1556 3044 in
1590 2999 1852 3058 montem,

270 3086 329 3133 et
363 3078 433 3133 ibi
476 3079 700 3145 sedisse,
746 3081 927 3152 ibique
957 3081 1150 3137 docere
1178 3096 1303 3148 eos;
1349 3081 1421 3136 ibi
1455 3082 1646 3138 orabat
1673 3081 1854 3153 ibique

269 3171 529 3241 pascebat
554 3170 761 3237 turbas,
792 3180 851 3226 ut
880 3188 1094 3242 semper
1133 3171 1197 3227 ad
1240 3170 1524 3239 ulteridra,
1569 3174 1635 3229 ad
1662 3173 1853 3229 altiora

272 3271 329 3318 et
355 3263 679 3333 perfectiora
708 3264 821 3320 suis
842 3263 1100 3336 exemplis
1122 3280 1221 3320 nos
1244 3274 1588 3336 provocaret,
1618 3272 1722 3320 etc.

347 3352 493 3410 Tunc
544 3356 918 3411 descenderunt
961 3356 1114 3410 multi
1155 3364 1443 3429 quwrentes
1494 3356 1758 3427 judicium
1805 3365 1856 3412 et

264 3446 555 3518 justitiam
585 3447 641 3501 in
687 3446 976 3515 desertum,
1017 3456 1067 3502 et
1114 3448 1358 3503 sederunt
1403 3445 1475 3502 ibi
1519 3449 1620 3519 ipsi
1662 3457 1710 3502 et
1755 3447 1856 3517 ﬁlii

274 3551 475 3590 eorum.
526 3536 662 3593 Istos
697 3537 791 3608 qui
831 3553 954 3593 cum
984 3538 1280 3594 Mathathia
1324 3546 1378 3595 et
1425 3538 1551 3594 ﬁliis
1583 3540 1701 3611 ejus
1747 3555 1855 3595 non

275 3627 638 3683 ascendebant
667 3629 722 3683 in
751 3639 989 3695 montes,
1024 3630 1117 3685 sed
1147 3629 1543 3685 descenderunt
1573 3630 1625 3684 in
1668 3632 1853 3685 deser-

277 3722 412 3783 tum,
440 3726 499 3773 ut
518 3718 592 3774 ibi
619 3720 866 3775 sedentes
886 3718 1465 3790 quaererentjudicium
1489 3730 1543 3775 et
1560 3721 1851 3792 justitiam,

271 3823 410 3879 quos
434 3810 626 3867 melius
650 3826 747 3883 per
773 3811 1079 3883 allegoriam
1108 3813 1354 3884 accipere
1381 3827 1666 3884 possumus
1691 3828 1854 3884 quam

268 3900 486 3958 Iudaeos
542 3903 675 3974 qui,
724 3912 847 3975 post
894 3913 1172 3974 acceptam
1228 3904 1454 3975 gratiam
1515 3900 1856 3975 baptismatis

272 3990 500 4057 Christi,
528 3993 991 4050 eircumcisionem
1016 4004 1070 4050 et
1094 3995 1264 4068 legem
1292 4003 1529 4052 veterem
1557 3998 1853 4052 observan-

274 4084 400 4143 dam
442 4087 725 4158 putabant.
756 4087 823 4142 Et
850 4094 987 4144 bene
1027 4088 1081 4143 hi
1113 4088 1167 4142 in
1196 4089 1467 4144 desertum
1512 4089 1618 4144 isse
1644 4104 1853 4144 memo-

272 4187 486 4247 rantur,
515 4180 630 4249 qui,
660 4180 965 4236 lucescente
990 4180 1258 4252 Evangelii
1283 4182 1511 4236 veritate
1531 4222 1547 4247 ,
1585 4182 1853 4237 desertam

272 4270 410 4345 legis
434 4273 682 4329 umbram
712 4273 863 4343 quasi
893 4273 993 4327 sibi
1021 4274 1196 4329 adhuc
1228 4275 1589 4329 necessariam
1634 4283 1852 4345 reputa-

272 4366 443 4433 bant,
489 4368 774 4424 sabbatum
819 4366 991 4437 legale
1018 4368 1298 4423 observari
1348 4369 1546 4424 debere
1595 4369 1855 4439 praedica-

274 4457 437 4524 bant,
488 4474 610 4513 eum
651 4459 832 4514 omnia
863 4459 979 4513 haec
1024 4460 1356 4529 temporibus
1401 4460 1535 4531 legis
1560 4461 1615 4515 in
1641 4464 1851 4532 signum

274 4552 690 4620 praecesserint,
723 4561 779 4607 et
820 4552 1175 4622 spiritualiter
1221 4552 1276 4607 in
1309 4552 1461 4609 Novo
1505 4553 1853 4610 Testamento

275 4640 608 4696 observanda
635 4643 759 4697 sint.
793 4640 993 4719 Contra
1020 4657 1154 4712 quos
1182 4642 1470 4713 Apostolus
1500 4643 1552 4697 in
1597 4642 1853 4712 Epistolis

276 4731 389 4787 suis
416 4731 783 4801 copiosissime
807 4732 1062 4803 disputat,
1093 4744 1345 4788 asserens
1378 4730 1538 4788 ﬁnem
1568 4733 1700 4805 legis
1733 4748 1856 4791 esse

276 4822 550 4881 Christum
580 4825 649 4878 ad
667 4825 936 4896 justitiam
965 4827 1105 4880 omni
1131 4827 1355 4882 credenti
1384 4826 1562 4898 (Rom.
1614 4828 1728 4899 xx).
1761 4825 1854 4884 Isti

276 4930 407 4985 ergo
422 4914 777 4986 spiritualium
801 4915 1033 4971 hostium
1060 4916 1237 4986 gladio
1251 4917 1446 4973 merito
1460 4918 1745 4984 feriuntur,
1759 4917 1852 4989 qui

275 5005 476 5062 Christi
505 5006 734 5078 gratiam
768 5006 1012 5064 sullicere
1049 5009 1151 5063 sibi
1195 5009 1264 5064 ad
1301 5010 1530 5065 salutem
1562 5026 1668 5065 non
1709 5010 1855 5065 arbi-

278 5109 508 5157 trantur.
548 5099 781 5156 Possunt
802 5116 1016 5172 quoque
1035 5101 1192 5172 juxta
1222 5102 1577 5175 tropologiam
1620 5103 1674 5157 in
1722 5103 1854 5173 ipsis

277 5184 665 5259 appetitoribus
695 5189 896 5244 deserti
925 5190 1179 5246 desidiosi
1214 5192 1415 5263 quique
1444 5192 1704 5263 intelligi,
1736 5193 1850 5263 qui,

274 5285 530 5349 percepta
558 5278 727 5348 gratia
757 5277 1077 5336 Christiante
1102 5280 1397 5352 religionis,
1425 5283 1557 5338 satis
1592 5282 1696 5338 sibi
1736 5280 1855 5338 fieri

278 5372 549 5427 aestimant
598 5371 741 5443 quod
783 5368 1143 5442 perceperunt
1193 5373 1519 5430 charismata
1570 5375 1753 5430 divina
1802 5382 1858 5431 et

279 5462 683 5540 mundationem
730 5456 1089 5533 baptismatis,
1122 5479 1224 5519 nec
1259 5465 1444 5541 volunt
1475 5460 1598 5535 post
1634 5463 1852 5519 absolu-

280 5552 480 5608 tionem
535 5551 773 5609 sordium
825 5564 987 5623 opera
1035 5567 1292 5611 exercere
1344 5555 1633 5621 virtutum,
1682 5567 1855 5625 neque

280 5642 634 5700 recordamur
657 5644 798 5700 illius
819 5645 1137 5716 evangelica:
1162 5647 1341 5716 parah:
1365 5646 1448 5711 la),
1477 5664 1580 5716 qua
1607 5647 1855 5705 Salvator

279 5729 335 5787 in
363 5732 649 5805 Evangelio
680 5735 745 5790 de
785 5734 1062 5790 immundo
1097 5735 1287 5804 spiritu
1323 5738 1590 5791 narrando
1621 5737 1852 5793 dissere-

279 5823 394 5894 bat,
427 5826 519 5883 ubi
542 5836 669 5883 dicit
683 5830 1024 5885 immundum
1046 5828 1295 5901 spiritum
1322 5830 1501 5885 exisse
1523 5829 1589 5885 de
1615 5831 1853 5900 homine,

1952 1980 2132 2051 potius
2153 1980 2357 2053 eligunt
2377 1989 2564 2036 contra
2590 1982 2842 2037 inimicos
2867 1980 3141 2052 spiritales
3160 1980 3409 2051 quotidie
3433 1979 3517 2034 vir

1956 2074 2160 2129 tutibus
2185 2073 2495 2145 conﬂigere,
2531 2090 2693 2145 quam
2714 2074 2922 2131 desidia
2949 2075 3074 2129 mali
3104 2075 3277 2129 otiose
3300 2083 3536 2143 torpere,

1955 2167 2187 2221 maxime
2215 2182 2338 2221 cum
2366 2182 2518 2237 spem
2543 2167 2806 2233 victoriae,
2840 2182 2947 2221 non
2976 2182 3006 2221 a
3036 2182 3095 2222 se
3112 2207 3129 2233 ,
3157 2167 3250 2222 sed
3279 2165 3537 2223 auxilium

1952 2269 2281 2330 pmsumant
2306 2258 2505 2313 habere
2528 2258 2767 2312 divinum
2785 2296 2801 2324 ,
2846 2273 2946 2313 nec
2973 2258 3074 2313 sibi
3103 2257 3451 2313 securitatem
3476 2255 3535 2324 in

1953 2351 2228 2422 praesenti,
2252 2350 2347 2407 sed
2380 2352 2435 2405 in
2464 2349 2645 2405 futuro
2671 2349 3026 2420 promittant,
3075 2349 3284 2419 quando
3322 2347 3537 2402 destru-

1954 2444 2058 2500 ctis
2083 2442 2294 2498 cunctis
2333 2440 2773 2508 adversitatibus,
2798 2442 3077 2497 nouissima
3109 2440 3222 2511 ipsa
3246 2439 3537 2493 destruetur

1954 2552 2095 2590 mors
2127 2533 2179 2607 (1
2207 2533 2330 2589 Cor.
2357 2536 2475 2602 xv),
2502 2550 2599 2587 nec
2623 2533 2723 2587 erit
2753 2531 2896 2587 ultra
2918 2531 3109 2597 luctus,
3134 2546 3296 2601 neque
3317 2527 3535 2590 clamor,

1956 2644 2118 2699 neque
2153 2626 2306 2681 dolor
2331 2666 2347 2692 ,
2388 2625 2638 2697 quoniam
2680 2625 2853 2696 prima
2886 2623 3126 2678 abierunt
3169 2620 3353 2693 (Apoc.
3404 2618 3539 2686 xu),

1955 2719 2171 2790 quando
2199 2718 2619 2773 laetiﬁcabuntur
2647 2716 2820 2771 sancti
2842 2716 2899 2770 in
2920 2715 3119 2787 gaudio
3134 2713 3315 2768 vultus
3339 2712 3455 2775 Dei,
3483 2717 3539 2767 et

1956 2810 2311 2868 delectatione
2365 2808 2720 2863 saluberrima
2765 2805 3014 2862 fruentur
3050 2806 3108 2860 in
3159 2806 3381 2861 dextera
3426 2800 3539 2872 ejus

1954 2916 2125 2974 usque
2154 2902 2207 2955 in
2238 2900 2399 2955 linem
2422 2898 2594 2971 (Psal.
2624 2899 2737 2969 xx).

2030 2991 2175 3046 Tunc
2203 2999 2518 3061 congregata
2565 2997 2640 3042 est
2682 2988 2754 3042 ad
2783 3004 2871 3042 eos
2918 3002 3186 3057 synagoga
3228 2982 3540 3038 Judteorum

1958 3077 2361 3154 [Assidteorum]
2390 3078 2542 3148 [ortis
2571 3077 2770 3132 viribus
2818 3093 2883 3131 ea:
2911 3073 3115 3140 Israel,
3144 3082 3249 3129 etc.
3278 3072 3540 3129 Narrate

1890 3230 1923 3243 _
1959 3170 2240 3243 Scriptura
2270 3168 2615 3224 manifestum
2638 3177 2726 3223 est
2748 3167 2893 3238 quod
2922 3165 3201 3222 Salvatore
3226 3172 3282 3221 et
3328 3169 3535 3234 apesto.

1883 3252 1928 3320 C
1957 3261 2028 3318 lis
2058 3261 2177 3332 ejus
2202 3259 2529 3332 praedicante
2556 3257 2931 3329 Evangelium,
2960 3256 3115 3313 multi
3144 3256 3208 3311 de
3228 3253 3539 3313 iudicaram

1955 3352 2153 3427 populo
2177 3351 2468 3406 veniebant
2488 3349 2556 3405 ad
2582 3349 2740 3405 fidem
2768 3349 3049 3405 credentes
3066 3346 3199 3418 legi,
3224 3354 3280 3401 et
3307 3344 3540 3417 proth

1960 3445 2029 3500 tis
2058 3444 2125 3500 de
2155 3442 2389 3498 adventu
2408 3440 2610 3497 Christi
2648 3441 2992 3506 testantibus,
3020 3439 3539 3511 necnon‘deprose:

1956 3536 2082 3609 lytis
2106 3545 2268 3606 atque
2310 3535 2376 3591 de
2425 3534 2663 3590 advenis»
2687 3533 2940 3604 plurimi,
2987 3531 3357 3603 relinquentes
3398 3527 3541 3584 idola

1957 3643 2054 3685 sua
2077 3643 2142 3684 ac
2160 3626 2601 3699 superstitionem
2627 3624 2948 3698 gentilitatis
2963 3663 2979 3691 ,
3010 3621 3349 3679 confluebant
3372 3619 3540 3678 .undie

1957 3714 2063 3791 que
2106 3719 2174 3775 ad
2199 3718 2522 3775 audiendum
2557 3717 2784 3773 verbum
2814 3716 2952 3783 Dei,
3004 3724 3060 3771 et
3114 3713 3283 3770 additi
3300 3719 3436 3769 sunt
3472 3709 3541 3767 ad

1955 3824 2243 3866 numerum
2265 3808 2603 3865 credentium
2638 3827 2650 3862 :
2780 3850 2785 3853 .
3075 3840 3081 3849 -
3222 3820 3225 3821 '
3262 3850 3263 3855 η
3346 3830 3357 3837 -
3428 3842 3432 3848 α
3472 3832 3537 3862 ιρι

2027 3900 2098 3955 Et
2124 3909 2492 3973 percusserunt
2519 3908 2819 3970 peccatores
2841 3899 2897 3954 in
2925 3899 3009 3953 ira
3036 3915 3154 3964 sua,
3183 3905 3231 3953 et
3259 3895 3538 3957 viros..inia

1955 4008 2082 4064 quos
2124 3992 2178 4045 in
2220 3991 2581 4062 indignatione
2614 4008 2732 4045 sua.
2782 3988 2919 4046 Cum
2968 3990 3086 4046 zelo
3112 3989 3237 4045 fidei
3266 3986 3540 4059 instigati,

1956 4082 2220 4153 malignos
2246 4082 2470 4153 spiritus
2498 4090 2554 4136 et
2574 4081 2643 4136 ab
2662 4081 2900 4137 obsessis
2922 4097 3020 4152 per
3045 4096 3288 4138 errorem
3312 4078 3541 4142 hominio

1954 4174 2056 4229 bus
2119 4173 2401 4244 ejicientes
2435 4172 2793 4243 expulerunt,
2841 4181 2897 4228 et
2945 4171 3151 4228 fraudis
3181 4189 3292 4228 sua:
3336 4187 3542 4228 venena

1955 4264 2089 4335 ipsis
2118 4263 2504 4334 patefecerunt.
2536 4261 2709 4318 Judaei
2736 4278 2952 4334 quoque
2980 4264 3241 4333 compulsi
3282 4262 3539 4334 fugerunt

1911 4355 1914 4359 ’
1957 4355 2024 4408 ad
2065 4354 2342 4419 nationes,
2384 4352 2539 4423 juxta
2568 4353 2698 4408 illud
2736 4353 3008 4424 Evangelii
3039 4369 3149 4425 quo
3195 4355 3404 4410 sanatis
3443 4353 3542 4408 ho-

1957 4443 2194 4499 minibus
2231 4444 2504 4499 daemones
2537 4444 2789 4514 permissi
2824 4453 2950 4498 sunt
2992 4460 3023 4498 a
3054 4444 3334 4501 Salvatore
3362 4447 3443 4503 ire
3478 4445 3535 4500 in

1956 4552 2150 4608 porcos
2176 4535 2369 4610 (Marc.
2394 4535 2470 4610 v),
2501 4546 2562 4592 ut
2600 4536 2862 4594 immundi
2887 4553 3228 4608 possessores
3260 4553 3392 4594 vasa
3435 4537 3537 4593 im-

1876 4608 1930 4706 ᾗ
1958 4608 2231 4684 munditiae
2256 4608 2613 4699 possiderent.

1992 4750 1997 4755 '
2031 4730 2099 4785 Et
2134 4730 2467 4785 obtinuerunt
2495 4727 2659 4800 legem
2690 4728 2755 4783 de
2790 4728 3030 4784 manibus
3071 4745 3271 4801 regunt.
3311 4725 3536 4784 Obtine-

1956 4825 2089 4881 bant
2154 4824 2355 4879 milites
2408 4822 2611 4878 Christi
2666 4822 2839 4894 legem
2903 4823 2971 4878 de
3030 4823 3279 4879 manibus
3352 4834 3537 4891 regum

1954 4920 2170 4993 quando
2192 4920 2246 4974 in
2268 4919 2499 4974 veritate
2522 4917 2794 4988 Evangelii
2822 4918 3195 4987 persistentes;
3222 4915 3355 4971 nulli
3380 4916 3537 4971 eedea

1956 5015 2087 5070 bant
2113 5012 2322 5077 errori,
2375 5010 2504 5081 quin
2534 5011 2717 5080 potius
2763 5015 2984 5065 orantes
3011 5006 3397 5079 praedicatione
3439 5016 3535 5061 sua

1953 5105 2313 5175 subjiciebant
2358 5104 2593 5159 veritati.
2624 5102 2752 5156 lude
2783 5101 2987 5156 factum
3012 5108 3107 5155 est
3144 5098 3284 5170 quod
3318 5098 3535 5170 plurimi

1956 5212 2144 5254 eorum
2165 5197 2281 5268 qui,
2304 5210 2401 5267 per
2424 5194 2621 5251 fastum
2643 5193 2828 5248 mundi
2848 5191 3001 5257 elati,
3018 5199 3393 5263 persecutores
3412 5198 3538 5245 ante

1956 5287 2171 5344 fuerant
2222 5287 2545 5343 Christianae
2594 5285 2915 5356 religionis,
2950 5283 3146 5349 iidem,
3193 5281 3539 5353 postmodum

1958 5377 2237 5443 conversi,
2273 5384 2458 5432 essent
2505 5383 2807 5430 assertores
2836 5371 3131 5428 firmissimi
3158 5373 3437 5441 veritatis,
3470 5380 3541 5428 et

1960 5483 2067 5521 non
2107 5468 2370 5522 dederunt
2395 5481 2563 5521 cornu
2590 5463 2883 5534 peeeatori,
2927 5463 3055 5534 quia
3094 5478 3201 5518 non
3229 5465 3538 5520 consentie-

1958 5560 2091 5614 bant
2138 5559 2434 5628 iniquitati;
2460 5557 2617 5628 juxta
2649 5556 2780 5611 illud
2807 5556 3020 5621 Esther,
3060 5570 3181 5627 qua;
3207 5557 3263 5613 in
3291 5557 3537 5612 oratione

1958 5666 2053 5705 sua
2075 5651 2212 5704 dixit
2241 5669 2254 5705 :
2285 5649 2366 5704 Ne
2380 5651 2587 5717 "tradas,
2613 5649 2852 5715 Domine,
2880 5659 3139 5720 sceptrum
3162 5659 3309 5703 tuum
3338 5648 3418 5705 his
3443 5649 3539 5721 qui

1960 5754 2062 5795 non
2089 5750 2207 5795 sunt
2231 5740 2404 5812 (Esth.
2438 5740 2572 5812 xw).
3064 5784 3071 5787 .
3266 5782 3269 5785 .
3500 5752 3503 5755 ·

2031 5832 2100 5887 Et
2120 5833 2657 5905 appropinquauerunt
2678 5834 2788 5890 dies
2804 5833 3111 5892 Mathatlmz
3124 5822 3535 5899 moriendivetc.
