4028 6508
624 334 754 389 ll“

1285 336 1346 391 Β.
1384 336 1637 391 RABANI
1677 314 1895 392 MAUlll
1934 333 2248 390 ARCIIIEP.
2291 332 2597 389 MOGUNT.
2642 333 2926 389 OPERUM
2966 334 3145 389 PARS
3185 335 3221 388 1.

3730 336 3836 393 tua

616 451 936 507 Exhortatio
964 461 1077 507 nzec
1117 451 1456 515 Matbathiaa,
1500 451 1591 521 qui
1636 452 2026 506 exhortabatur
2054 449 2192 503 ﬁlios
2221 450 2274 509 Α
2299 445 2614 516 Sanctiﬁca,
2640 446 2831 516 inquit,
2861 464 2953 499 nos
2978 446 3031 500 in
3060 448 3289 500 veritate.
3334 446 3522 503 Sermo
3552 456 3667 503 tuus
3692 450 3843 507 uerita;

612 558 746 598 suos
772 551 830 597 ut
855 541 1199 598 mtuulatores
1220 551 1403 598 essent
1420 542 1556 614 legis
1576 542 1670 598 Dei
1695 550 1751 598 et
1774 543 1966 597 darent
1988 542 2199 596 animas

617 650 748 693 suas
775 652 876 707 pro
904 643 1230 691 testamento
1257 643 1496 705 patrum,
1526 635 1663 691 bene
1690 635 1941 691 convenit
1968 650 2202 706 evange-

616 732 740 787 licae
791 729 1086 792 doctrinm,
1137 729 1261 799 quia
1304 729 1421 799 ipsa
1464 726 1680 783 Veritas
1728 728 2022 798 discipulos
2073 742 2199 783 suos

612 823 805 879 verbis
849 831 905 878 et
949 821 1210 893 exemplis
1241 821 1545 877 instruebat
1571 821 1840 891 quomodo
1883 821 2202 877 resisterent

613 914 889 972 universis
942 915 1219 972 erroribus
1263 913 1608 979 Judmorum,
1656 929 1988 985 paganorum
2040 922 2203 984 atque

538 1060 541 1065 ,
614 1006 1029 1073 bmretioorum,
1066 1014 1122 1063 et
1158 1007 1417 1062 mundum
1460 1006 1939 1076 praedicationibus
1984 1006 2097 1061 suis
2136 1006 2204 1061 ad

618 1096 781 1153 (idem
837 1105 1242 1164 converterent;
1291 1097 1572 1169 ipsamque
1620 1098 1926 1153 doctrinam
1972 1113 2126 1153 suam
2171 1114 2202 1153 a

536 1212 541 1221 ί
624 1190 941 1247 testimonio
982 1188 1118 1262 legis
1163 1192 1621 1262 etprophetarum
1650 1189 1952 1246 afﬁrmabat
1976 1232 1990 1257 ,
2021 1200 2203 1247 osten-

620 1280 756 1336 dens
804 1280 1053 1336 eumdem
1100 1295 1223 1336 esse
1269 1288 1544 1335 auctorem
1593 1278 1730 1334 Novi
1764 1280 1857 1349 qui
1895 1288 1951 1335 et
1994 1278 2205 1336 Veteris

632 1372 976 1429 testamenti.

706 1459 809 1518 Vas
852 1479 1005 1533 ergo,
1053 1462 1182 1533 ﬁlii,
1217 1463 1587 1532 confortamini
1616 1474 1664 1519 et
1710 1464 1932 1519 viriliter
1969 1467 2105 1534 agite
2152 1465 2208 1519 in

625 1554 753 1626 lege.
800 1555 1053 1627 Legimus
1094 1556 1149 1610 in
1192 1555 1484 1626 Evangelio
1510 1554 1733 1612 Joannis
1771 1558 1913 1627 quod
1957 1555 2208 1611 Salvator

626 1647 692 1702 ad
722 1647 1027 1717 passionem
1056 1661 1354 1717 properans
1396 1646 1584 1703 eadem
1631 1657 1788 1703 nocte
1828 1664 1933 1718 qua
1983 1649 2207 1703 traditus

622 1744 746 1802 est,
800 1744 925 1806 post
972 1750 1184 1791 orenam
1235 1738 1517 1809 mysticam
1564 1748 1619 1794 et
1652 1739 1975 1794 lavationem
2011 1740 2206 1808 pedum

2303 548 2410 603 est;
2447 541 2581 593 sicut
2617 556 2697 594 me
2740 538 2927 593 misisti
2958 541 3011 592 in
3054 539 3330 603 mundum,
3358 548 3405 592 et
3445 556 3539 608 ego
3569 540 3682 592 misi
3714 558 3785 596 eos
3806 547 3848 599 is

2304 629 2580 695 mundum,
2612 638 2660 683 et
2690 646 2783 701 pro
2814 631 2888 685 eis
2916 624 3187 699 sa'nétiﬁco
3210 629 3495 700 meipsum,
3527 637 3579 681 ut
3599 629 3695 684 sint
3714 642 3752 684 et
3773 632 3849 704 ipsi

2303 720 2617 789 sanctiﬁcati
2643 721 2698 775 in
2728 722 2961 785 veritate,
2993 728 3098 774 etc.
3122 718 3342 792 (Ibid).
3380 718 3606 773 Talibus
3632 721 3759 775 enim
3790 722 3846 777 lo-

2306 812 2610 866 cutiontbus
2632 811 2954 867 Mathatbias
2982 820 3167 867 noster
3190 827 3317 867 suos
3353 810 3608 867 alumnos
3644 811 3848 870 instruxit

2306 917 2371 958 ac
2390 902 2685 958 benedixit.
2712 902 2911 973 Sicque
2953 903 3159 973 positus
3183 913 3269 958 est
3290 904 3363 957 ad
3390 913 3581 972 patres
3601 918 3737 967 suos,
3757 906 3850 973 quia

2303 1011 2402 1066 per
2422 996 2625 1062 omnia,
2657 996 2797 1051 sicut
2821 997 2887 1052 de
2910 1011 2976 1051 eo
3006 997 3262 1068 scriptum
3293 1003 3448 1063 erat,
3480 1005 3770 1051 sanctorum
3786 1014 3851 1069 pa-

2304 1092 2448 1139 trum
2474 1084 2635 1150 dicta,
2662 1086 2917 1155 passione
2939 1101 3056 1152 sua,
3082 1102 3146 1143 ac
3168 1087 3583 1142 resurrectione
3602 1101 3711 1152 sua,
3733 1097 3852 1156 atque

2279 1174 2646 1246 ascensione,
2679 1175 2948 1245 implendo
2972 1176 3337 1232 conﬁrmavit.

2378 1265 2445 1320 Et
2471 1265 2750 1336 defunctus
2778 1278 2853 1323 est
2899 1271 3178 1325 centesimo
3225 1279 3275 1324 et
3311 1269 3717 1341 quadragesimo
3749 1284 3852 1325 seua

2307 1374 2468 1423 anno,
2497 1369 2545 1413 et
2572 1360 2805 1427 sepultus
2840 1371 2914 1414 est
2947 1379 2977 1414 a
3008 1361 3135 1431 ﬁliis
3161 1363 3216 1415 in
3249 1360 3522 1433 sepulcris
3544 1371 3740 1432 patrum
3764 1380 3851 1416 saa-

2309 1469 2423 1507 rum
2451 1454 2506 1506 in
2539 1452 2742 1507 Mallia.
2775 1452 2949 1524 Supra
2975 1455 3178 1510 dictum
3209 1465 3293 1511 est
3316 1456 3471 1525 quod
3500 1454 3799 1510 Mathatbias
3817 1457 3853 1509 in

2309 1544 2606 1599 centesimo
2652 1552 2707 1599 et
2755 1546 3167 1614 quadragesimo
3215 1554 3376 1601 sexto
3430 1562 3611 1613 anno,
3663 1547 3855 1617 gentibus

2310 1636 2568 1705 templum
2596 1635 2691 1691 Dei
2730 1635 3173 1707 profanantibus,
3205 1640 3543 1704 surrexerit,
3574 1648 3629 1695 et
3654 1639 3736 1693 lilii
3757 1640 3852 1708 ejus,

2311 1728 2491 1783 zelare
2538 1728 2709 1800 legem
2741 1729 2837 1785 Dei
2868 1738 2923 1785 et
2962 1731 3240 1787 vindicare
3268 1740 3490 1787 sancta.
3518 1730 3667 1787 Nunc
3696 1747 3856 1802 quoque

622 1840 784 1896 quam
807 1826 1084 1898 discipulis
1109 1828 1221 1883 suis
1249 1829 1571 1899 pmcincius
1600 1829 1765 1885 “meo
1786 1831 2030 1886 exhibuii
2049 1872 2062 1896 ,
2091 1830 2208 1901 pi“-
2239 1813 2282 1871 Β
2312 1816 2591 1889 Scriptura
2647 1819 2812 1875 refert
2861 1823 3111 1877 eumdem
3174 1822 3545 1880 Mathathiam
3614 1823 3850 1878 centesimo

618 1918 762 1972 rima
791 1917 1186 1974 exhortationis
1215 1935 1324 1974 suae
1345 1921 1638 1991 praebuerit
1662 1921 1980 1975 documenta
2006 1962 2020 1987 ,
2069 1922 2211 1975 inter

612 2022 746 2078 qum
791 2014 848 2063 et
884 2009 1195 2079 passionem
1243 2023 1361 2077 quae
1410 2010 1489 2065 eis
1537 2011 1591 2064 in
1640 2011 1840 2065 mundo
1867 2020 1987 2065 erat
2029 2009 2209 2064 futura

536 2131 541 2137 -
623 2100 893 2170 praedixit,
918 2107 972 2156 et
994 2101 1223 2173 gloriam
1250 2101 1416 2157 futuri
1444 2103 1597 2174 regni
1630 2118 1689 2157 ac
1720 2102 1973 2173 gaudium
2020 2101 2211 2156 caeles-

616 2190 699 2246 tis
760 2190 951 2261 patriae
988 2192 1243 2262 promisit
1293 2190 1475 2263 (Joan.
1528 2192 1673 2263 xm).
1721 2193 1827 2248 Sed
1872 2193 1998 2263 quia
2062 2206 2209 2246 mors

620 2279 937 2338 iblathathia
962 2284 1271 2354 passionem
1301 2283 1611 2355 przeﬂgurat
1641 2284 2044 2355 Redemptoris,
2077 2298 2211 2352 quo-

618 2373 787 2429 modo
817 2373 1071 2429 Ecclesiae
1122 2374 1494 2446 magisterium
1541 2375 1872 2431 ordinaverit
1914 2390 2013 2443 per
2051 2388 2212 2430 omne

620 2475 842 2536 tempus
869 2468 1304 2537 prmeentisvita:
1331 2469 1634 2524 audiamus.

624 2578 631 2585 ·
704 2558 772 2614 Et
817 2577 932 2615 ecce
957 2558 1172 2617 Simeon
1198 2562 1363 2631 frater
1391 2571 1570 2628 vester,
1592 2564 1699 2618 scio
1729 2564 1869 2635 quod
1902 2564 1980 2619 vir
2008 2562 2212 2618 consilii

618 2656 706 2705 est
727 2664 746 2702 :
766 2651 940 2720 ipsum
960 2652 1138 2708 audite
1154 2669 1375 2724 semper,
1390 2664 1437 2708 et
1459 2656 1568 2725 ipse
1588 2657 1685 2710 erit
1697 2657 1837 2711 vobis
1851 2667 2015 2726 pater.
2034 2655 2211 2726 Supra

627 2742 866 2800 diximus
893 2746 1036 2815 quod
1060 2744 1287 2803 Simeon
1319 2750 1537 2805 audiens
1561 2751 1968 2820 interpretatur,
1993 2759 2047 2806 et
2073 2751 2215 2807 bene

626 2832 768 2891 ﬁxit
796 2833 1103 2893 Simeonem
1134 2839 1311 2895 virum
1339 2857 1462 2898 esse
1489 2841 1717 2903 consilii,
1746 2842 1873 2911 quia
1899 2843 2014 2913 qui,
2045 2841 2215 2914 Spiri-

538 2966 541 2975 .
630 2933 720 2983 tus
741 2930 914 2985 sancti
938 2932 1111 3000 gratia
1134 2932 1381 2999 docente,
1406 2935 1589 2989 auditu
1618 2934 1960 2990 instruuntur
1979 2935 2210 3000 interno,

620 3016 792 3073 utiles
834 3033 939 3089 per
962 3020 1143 3075 omnia
1173 3030 1335 3090 atque
1366 3023 1574 3079 habiles
1605 3032 1730 3079 sunt
1761 3025 2005 3080 consilio.
2062 3024 2215 3082 Unde

620 3105 917 3167 "Psalmista
944 3112 1020 3166 ait
1046 3131 1059 3166 :
1091 3112 1319 3168 Audiam
1338 3116 1462 3185 quid
1478 3115 1726 3187 loquatur
1754 3116 2007 3171 Dominus
2028 3117 2083 3171 in
2108 3134 2209 3183 me,

2311 1911 2729 1982 quadragesimo
2766 1922 2921 1968 sexto
2945 1930 3089 1969 anno
3125 1913 3452 1970 defunctum
3486 1929 3627 1969 esse.
3658 1912 3765 1967 lude
3786 1929 3853 1983 ap—

2313 2010 2469 2071 paret
2515 2001 2659 2071 quod
2704 2019 2811 2058 non
2854 2004 3086 2074 amplius
3117 2020 3280 2075 quam
3326 2021 3441 2060 uno
3473 2020 3615 2060 anno
3639 2019 3746 2059 cum
3767 2004 3852 2058 [iliis

2313 2094 2426 2148 suis
2463 2104 2587 2164 post
2616 2095 2908 2166 inemptum
2938 2096 3198 2153 ultionem
3230 2098 3449 2168 pariter
3480 2097 3700 2162 vixerit,
3722 2097 3853 2167 sicque

2314 2184 2598 2242 defunctus
2620 2196 2722 2243 est.
2750 2188 2856 2243 Iste
2877 2190 3023 2244 enim
3056 2205 3317 2245 numerus
3338 2205 3611 2245 annorum
3632 2187 3750 2244 bene
3763 2203 3852 2243 con-

2311 2280 2461 2334 venit
2490 2281 2748 2352 tnysterio
2776 2283 3070 2339 Dominica:
3104 2285 3381 2355 passionis
3400 2326 3416 2350 ,
3449 2285 3577 2355 quia
3602 2293 3714 2354 post
3732 2283 3851 2355 pleni-

2315 2374 2558 2429 tudinem
2586 2376 2847 2447 tcmporis
2878 2392 2982 2447 qua
3011 2377 3153 2432 Deus
3182 2377 3385 2432 Filium
3412 2379 3629 2433 mittere
3652 2378 3846 2442 decrevit,

2308 2466 2610 2520 secundum
2653 2469 3057 2523 attestationem
3108 2469 3239 2541 legis
3288 2477 3346 2524 et
3383 2466 3694 2539 Evangelii,
3738 2473 3845 2521 sexta

2312 2565 2471 2613 aetate
2521 2558 2701 2613 saaculi
2757 2556 3051 2631 [Salvator]
3104 2560 3423 2625 hominem,
3479 2558 3573 2628 qui
3631 2556 3846 2613 sextodie

2314 2659 2530 2704 creatus
2576 2659 2691 2714 est,
2719 2659 2873 2706 sexta
2916 2651 3001 2705 die
3043 2666 3257 2720 passus,
3292 2649 3582 2723 sanguinis
3619 2647 3695 2704 sui
3724 2646 3847 2717 pretio

2312 2739 2552 2811 perfecte
2579 2742 2808 2797 redemit
2844 2758 2907 2798 ac
2936 2744 3225 2814 reparavit.
3257 2726 3419 2811 Quod
3449 2751 3627 2797 autem
3668 2739 3845 2811 sepultus

2316 2831 2517 2886 dicitur
2548 2848 2581 2885 a
2624 2831 2750 2887 ﬁliis
2796 2833 2912 2889 suis
2949 2835 3002 2888 in
3041 2832 3290 2904 sepulcro
3322 2842 3545 2904 patrum
3592 2846 3778 2887 suorum
3811 2830 3844 2881 in

2317 2923 2519 2987 Modin,
2549 2923 2821 2996 significat
2842 2926 3112 2996 passionis
3143 2942 3254 2982 suae
3277 2926 3601 2982 memoriam
3623 2921 3843 2994 quotidie:

2314 3013 2566 3070 ﬁdelibus
2588 3015 2645 3070 in
2690 3023 2875 3070 sancta
2898 3015 3173 3081 Ecclesia,
3206 3015 3298 3071 ubi
3334 3014 3529 3087 judicii
3554 3023 3608 3070 et
3644 3009 3845 3081 mquitatis

2320 3102 2473 3159 locus
2498 3112 2581 3159 est
2598 3145 2613 3171 ,
2644 3120 2885 3176 congrue
2905 3105 3189 3172 venerari,
3234 3105 3621 3176 planctumque
3643 3098 3844 3157 salubrem

630 3205 875 3258 auoniam
916 3203 1157 3275 loquetur
1181 3223 1360 3277 pacem
1384 3208 1439 3261 in
1471 3168 1667 3277 plebem
1692 3226 1867 3273 suam,
1900 3217 2002 3263 etc.
2036 3207 2209 3281 (Psal.

2320 3198 2522 3253 ibidem
2547 3198 2843 3265 celebrari,
2885 3198 3011 3270 quia
3041 3206 3260 3255 aeternae
3287 3199 3415 3255 vita:
3448 3195 3699 3253 desiderio
3722 3188 3841 3247 sancti

630 3290 867 3370 Lxxxxv).
913 3292 982 3354 Et
1008 3294 1061 3355 iu
1090 3295 1412 3373 Apocalypsi
1443 3321 1455 3356 :
1485 3296 1602 3368 Qui”
1616 3297 1787 3370 audit,
1819 3299 2021 3375 inquit,
2051 3299 2215 3371 dicat,

636 3386 770 3445 Veni
812 3390 996 3464 (Apoc.
1031 3382 1188 3465 ιιιῦ.
1245 3392 1510 3448 Hortatur
1539 3410 1638 3450 nos
1680 3396 1941 3467 magister
1983 3396 2220 3452 cmlestis

632 3488 902 3550 quatenus
949 3481 1071 3538 illos
1099 3483 1383 3541 audiamus
1410 3499 1548 3555 quos
1579 3485 1693 3555 ipse
1719 3484 1951 3542 interius
1996 3485 2217 3553 docens,

542 3610 547 3619 .
630 3570 877 3630 salubres
903 3572 1061 3629 nobis
1089 3588 1209 3630 esse
1232 3573 1360 3631 fecit
1386 3576 1692 3647 magistros.

713 3663 779 3718 Et
831 3663 1040 3734 Iudas,
1074 3668 1279 3739 inquit,
1326 3668 1665 3726 Machabwus
1713 3670 1865 3741 fortis
1913 3672 2110 3727 viribus
2152 3673 2220 3726 sit

631 3760 774 3818 vobis
811 3764 1049 3835 princeps
1078 3765 1303 3834 militiae,
1347 3768 1455 3839 ipse
1479 3778 1595 3839 aget
1633 3767 1823 3823 bellum
1848 3769 2049 3841 populi.
2080 3768 2222 3837 Quid

630 3868 731 3925 per
751 3853 945 3911 ludam
974 3855 1361 3925 Machabaeum,
1389 3860 1490 3915 nisi
1516 3861 1674 3930 primi
1700 3861 2091 3932 prmdicatores
2129 3860 2221 3916 de-

630 3945 913 4019 signantur
941 3948 1237 4025 Evangelii,
1268 3952 1362 4022 qui
1388 3992 1402 4018 ,
1435 3954 1503 4007 ab
1528 3953 1644 4024 ipso
1672 3952 1952 4008 Salvatore
1986 3952 2186 4008 eruditi
2205 3994 2220 4018 ,

622 4040 812 4098 idonei
833 4040 1053 4099 fuerunt
1074 4044 1141 4099 ad
1167 4044 1433 4116 agendum
1459 4045 1657 4101 bellum
1681 4045 1973 4102 Christiani
2004 4044 2222 4116 populi?

638 4131 747 4190 Sed
789 4135 916 4204 quia
944 4134 1111 4192 Judas
1144 4137 1400 4208 confessio
1430 4138 1837 4209 interpretatur,
1869 4147 1923 4193 et
1944 4137 2221 4208 plerisque

634 4224 689 4281 in
716 4224 854 4283 locis
879 4234 1066 4299 typum
1090 4235 1239 4285 tenet
1267 4229 1435 4301 ipsius
1465 4228 1782 4295 Salvatoris,
1812 4230 2048 4301 sciamus
2091 4239 2221 4285 tunc

631 4320 1005 4377 ordinabiliter
1038 4323 1120 4394 agi
1152 4320 1354 4379 bellum
1397 4330 1673 4386 nostrum,
1714 4322 1929 4397 quando
1976 4321 2092 4392 ipse
2146 4320 2223 4376 di-

550 4414 555 4448 ῖ
630 4419 831 4483 gnatur
848 4410 1084 4484 dirigere
1112 4421 1168 4468 et
1186 4413 1469 4469 consilium
1492 4422 1548 4469 et
1571 4423 1748 4469 actum
1774 4422 2040 4471 nostrum.
2068 4410 2222 4468 Unde

2317 3294 2423 3349 viri
2473 3294 2718 3358 accensi,
2756 3293 2811 3348 in
2840 3292 3086 3349 cordium
3130 3308 3356 3353 suorum
3402 3288 3656 3354 cubiculis
3688 3283 3843 3345 unum

2320 3385 2621 3449 salutiferis
2650 3388 2905 3467 iacrymis
2937 3386 3246 3466 compungi.

2322 3572 2564 3648 Surt'eatit
2609 3574 2783 3648 Iudas
2829 3574 3171 3648 dluchabazus
3216 3578 3270 3629 in
3302 3574 3648 3648 defensionem
3690 3568 3839 3648 [πιέζέ

2391 3647 2579 3700 occidit
2605 3645 2962 3717 Apollonium,
2995 3646 3239 3715 auferens
3262 3638 3383 3717 ejus
3412 3645 3657 3717 gladium.
3689 3638 3836 3717 occidit

2388 3726 2441 3770 et
2481 3712 2660 3789 δεῖσθέ
2682 3718 2967 3789 principem
2994 3712 3251 3789 exercitus
3280 3712 3481 3789 Syrian
3519 3714 3689 3789 luerit
3712 3712 3837 3789 Antio-

2388 3788 2520 3911 qlhqs
2547 3796 2601 3911 u‘t
2624 3781 2810 3859 Lysias
2836 3781 3124 3844 destrueret
3150 3781 3401 3843 Israel'et
3430 3787 3626 3858 penitus
3660 3781 3713 3837 de
3741 3788 3836 3831 tam

2432 3875 2459 3911 e
2482 3875 2566 3911 ere
2597 3897 2611 3911 .

2432 3868 2611 3913 cieret.

2394 3947 2462 4002 Et
2488 3950 2718 4003 surrexit
2742 3948 2778 4003 J
2783 3948 2935 4015 udas,
2964 3950 3055 4021 qui
3081 3949 3367 4005 vocabatur
3393 3945 3717 4007 Maenaliam,
3734 3938 3832 4007 ﬁli“

2321 4040 2436 4112 ejus
2470 4057 2565 4111 pro
2588 4057 2667 4094 eo.
2695 4039 2993 4096 Mathatbia
3022 4038 3340 4106 decedente,
3366 4040 3534 4095 Judas
3553 4031 3834 4091 Machabtuus.

2321 4131 2466 4186 ﬁlius
2494 4131 2610 4203 ejus
2629 4172 2643 4197 ,
2692 4131 2956 4187 successit
2986 4132 3039 4186 in
3067 4130 3246 4187 locum
3278 4132 3471 4203 ipsius,
3501 4140 3647 4200 quem
3670 4120 3830 4190 adjuva-

2320 4225 2457 4280 bant
2480 4242 2668 4281 omnes
2698 4226 2899 4307 fratres
2922 4225 3063 4296 ejus,
3088 4236 3142 4282 et
3165 4228 3406 4285 universi
3432 4226 3523 4297 qui
3546 4239 3599 4281 se
3615 4215 3834 4307 junxemi

2319 4319 2462 4392 patri
2501 4320 2638 4391 ejus.
2672 4304 2968 4393 Quid'ergo
2997 4322 3100 4377 hoc
3132 4321 3278 4377 facto
3321 4323 3479 4379 nobis
3504 4317 3733 4377 innuitur,
3760 4304 3830 4365 nisi

2322 4408 2655 4483 Redemptor
2693 4421 2879 4468 noster
2924 4422 3215 4484 postquam
3257 4415 3515 4484 passione
3558 4424 3614 4465 ac
3656 4411 3832 4461 restim

634 4501 751 4575 ipsa
778 4501 991 4559 Veritas
1022 4504 1300 4575 discipulis
1330 4507 1406 4563 ait
1430 4523 1450 4563 .:
1485 4506 1695 4567 Manete
1741 4508 1798 4561 in
1842 4523 1923 4563 me
1960 4515 2009 4560 et
2036 4522 2127 4577 ego
2166 4505 2222 4559 in
2250 4542 2302 4604 Β
2326 4503 2506 4559 ctione
2544 4520 2639 4561 sua
2684 4505 2950 4575 completa
2992 4506 3238 4561 ascendit
3264 4506 3319 4561 in
3364 4504 3545 4569 (103105,
3571 4499 3827 4604 5090:5595

634 4591 776 4645 vobis
806 4604 823 4644 :
854 4592 989 4645 sicut
1019 4592 1217 4662 palmes
1244 4609 1346 4649 non
1373 4604 1537 4665 potest
1564 4594 1701 4665 ferre
1737 4612 1773 4648 a
1806 4596 2079 4667 semetipso
2103 4596 2220 4666 fru-

637 4692 798 4749 ctum,
845 4683 945 4737 nisi
971 4686 1221 4739 manserit
1266 4686 1321 4740 in
1356 4688 1484 4753 vite,
1517 4688 1593 4742 sic
1619 4704 1711 4742 nec
1737 4704 1846 4755 vos,
1896 4689 1999 4743 nisi
2044 4690 2099 4743 in
2143 4706 2223 4745 me

636 4775 958 4844 manseritis,
990 4778 1116 4849 quia
1147 4777 1258 4834 sine
1300 4796 1381 4833 me
1414 4779 1544 4834 nihil
1584 4780 1795 4852 potestis
1825 4781 1997 4851 facere
2038 4781 2220 4852 (Joan.

636 4863 750 4937 xv').
807 4867 893 4931 Et,
929 4866 1062 4923 Ecce
1088 4885 1179 4941 ego
1215 4885 1331 4924 sum
1350 4869 1623 4925 uobiscum
1646 4871 2094 4941 omnibusgdiebus
2131 4890 2223 4928 us-

635 4975 736 5032 que
770 4960 840 5015 ad
874 4964 1377 5018 consummationem
1403 4964 1583 5019 steculi
1615 4963 1829 5036 (Matth.
1864 4966 2078 5036 xxvm).

708 5050 778 5105 Et
802 5051 1059 5108 benedixit
1080 5071 1191 5123 eos,
1217 5064 1267 5109 et
1285 5057 1553 5127 appositus
1574 5067 1648 5112 est
1670 5058 1739 5112 ad
1752 5067 1927 5129 patres
1946 5076 2089 5125 suos,
2115 5068 2219 5115 etc.

638 5139 913 5215 Scriptum
940 5146 1215 5203 invenitur
1236 5148 1290 5203 in
1314 5149 1610 5222 Evangelio
1638 5153 1909 5221 quomodo
1949 5151 2222 5220 Salvator,

635 5250 921 5311 postquam
951 5240 1126 5298 ﬁnivit
1166 5258 1378 5299 coenam
1429 5260 1593 5313 quam
1642 5260 1763 5301 cum
1794 5246 2071 5317 discipulis
2112 5247 2225 5303 suis

640 5338 768 5384 ante
788 5331 1092 5400 passionem
1117 5347 1270 5388 suam
1289 5333 1501 5401 habuit,
1523 5335 1767 5391 ultimam
1780 5337 2222 5408 praedicationem

640 5434 748 5493 qua
770 5420 1076 5477 instruebat
1100 5423 1220 5497 ipsa
1266 5434 1427 5481 nocte
1458 5426 1782 5500 discipulos,
1814 5430 1879 5485 ad
1918 5438 2223 5485 extremum

639 5509 888 5567 oratione
910 5512 977 5568 ad
993 5510 1222 5569 Patrem
1248 5516 1474 5583 directa,
1505 5517 1749 5589 ﬁnierat,
1796 5538 2032 5593 suosque
2062 5522 2225 5578 disci-

638 5600 797 5673 pulos
818 5600 923 5672 ipsi
958 5604 1253 5661 servandos
1280 5610 1773 5677 commendaverat,
1804 5615 1995 5668 dicens
2020 5633 2033 5667 :
2073 5613 2230 5669 Pater

642 5700 841 5760 sancte,
891 5709 1038 5749 serva
1063 5710 1149 5750 eos
1172 5696 1227 5750 in
1255 5699 1462 5754 nomine
1483 5709 1572 5755 tuo
1597 5719 1724 5772 quos
1758 5704 1947 5759 dedisti
1973 5706 2121 5773 mihi,
2171 5716 2225 5760 ut

641 5783 747 5867 pint
790 5803 954 5846 unum
972 5796 1109 5846 sicut
1148 5796 1197 5847 et
1223 5806 1318 5849 nos
1363 5789 1547 5866 (Joau.
1576 5795 1732 5866 xvu).
1765 5796 1832 5853 Et
1871 5798 2031 5866 paulo
2058 5810 2177 5869 post
2211 5821 2223 5858 :

2327 4594 2431 4651 sibi
2451 4595 2506 4649 in
2533 4596 2842 4667 evangelica
2855 4595 3262 4668 praedicatione,
3285 4597 3454 4653 misso
3473 4595 3537 4650 de
3551 4589 3671 4649 c0310
3688 4579 3826 4655 Spiritu

2327 4695 2536 4752 sancto,
2564 4688 2836 4759 apostolos
2860 4687 3100 4759 primum
3126 4689 3419 4755 ordinavit,
3441 4686 3527 4758 qui
3544 4680 3707 4738 merito
3724 4670 3824 4765 illd?

2327 4778 2573 4844 nomine,
2603 4778 2707 4833 hoc
2730 4785 2813 4833 est
2842 4778 3166 4847 conﬁtentes,
3196 4786 3502 4843 censentur,
3535 4771 3646 4844 quia
3669 4765 3720 4821 de
3739 4762 3825 4830 ipsis

2328 4869 2502 4926 Lucas
2530 4871 2584 4925 in
2611 4871 2901 4942 Evangelio
2928 4872 3004 4927 ait
3032 4887 3049 4926 ηε
3085 4871 3254 4926 Erant
3280 4887 3478 4944 semper
3502 4870 3553 4923 in
3573 4856 3727 4930 templo
3744 4851 3822 4944 W‘

2329 4963 2512 5020 dantes
2551 4975 2599 5019 et
2635 4963 2990 5020 benedicentes
3021 4964 3309 5021 Dominum
3351 4943 3500 5037 (Luc.
3540 4951 3685 5023 IﬂVl-
3719 4943 3824 5000 nunc

2328 5073 2458 5131 ergo
2482 5074 2673 5115 omnes
2700 5059 2898 5121 fratres
2925 5060 3006 5118 sui
3038 5069 3093 5118 et
3127 5060 3367 5118 universi
3404 5058 3492 5133 qui
3524 5069 3578 5113 se
3602 5043 3820 5139 aanimi}?

2330 5129 2453 5206 rant
2492 5152 2637 5223 patri
2681 5151 2798 5221 eius
2843 5152 3175 5223 adiuvabant
3212 5170 3225 5206 :
3268 5129 3650 5234 .quiavminolis

2327 5244 2468 5311 Viri,
2492 5213 2514 5223 -
2531 5253 2587 5299 et
2612 5213 2817 5301 tom'nes
2863 5213 3148 5303 credentes
3185 5245 3279 5316 qui
3295 5213 3554 5316 .dogmate
3579 5213 3818 5322 intristi}.d

2330 5334 2491 5393 ﬁdem
2514 5345 2899 5402 convenerunt,
2918 5338 2982 5393 ,in
3001 5338 3348 5395 attestatione
3371 5325 3623 5403 Evangelii
3638 5332 3716 5387 υῐο
3729 5322 3815 5369 “n'

2326 5431 2430 5489 bus
2458 5431 2627 5487 choro
2656 5430 3021 5501 apostolorum
3046 5429 3465 5489 collaborabant.

2402 5522 2471 5577 Et
2511 5494 2894 5594 praelia-bantur
2932 5519 3177 5592 prtelium
3229 5519 3401 5577 Israel
3437 5529 3545 5573 cum
3578 5501 3748 5596 latitia:

2328 5586 2571 5669 dilatauit
2610 5612 2832 5684 gloriam
2874 5586 3066 5683 populo
3102 5628 3220 5668 suo.
3263 5610 3399 5679 Quia
3430 5609 3535 5681 ipse

2322 5719 2538 5773 coetus,
2592 5680 2829 5777 Spiritus
2869 5680 3045 5760 sancti
3095 5704 3270 5776 gratia
3319 5680 3577 5774 mactus.
3617 5680 3809 5778 imi?"

2329 5764 2536 5873 ubique
2554 5764 2780 5859 veihum
2808 5796 2906 5854 Dei
2933 5764 3265 5871 pedicam
3278 5836 3296 5869 ,
3324 5764 3595 5871 “iam
3622 5779 3669 5841 in
3691 5764 3807 5827 tril'll‘
