4028 6490
586 307 726 373 ttat

588 425 791 483 Paulus
809 429 988 492 docet,
1019 423 1205 481 dicens
1230 440 1243 476 :
1269 419 1330 477 Si
1357 422 1597 476 esurierit
1619 421 1862 476 inimicus
1886 428 2027 486 tuus,
2053 418 2168 474 ciba

582 514 768 580 illum;
790 516 835 570 si
847 514 976 581 sitit,
998 522 1181 584 potum
1196 512 1267 567 da
1285 511 1397 579 illi;
1414 513 1510 567 hoc
1529 514 1666 568 enim
1688 513 1905 585 faciens,
1920 511 2168 567 carbones

583 610 719 685 ignis
740 588 987 679 congeras
1009 623 1166 678 super
1183 615 1339 678 caput
1358 606 1492 676 ejus.
1521 604 1648 662 Noli
1677 606 1866 661 vincia
1886 604 2051 672 malo,
2077 604 2167 660 sed

586 682 727 757 uince
751 701 805 755 in
828 700 959 757 bona
989 698 1185 754 malum
1211 698 1388 771 (Rom.
1420 698 1540 771 xu).

600 846 603 859 Α
657 791 719 845 Et
744 786 1043 851 ceciderunt
1077 807 1141 851 ea?
1174 791 1244 845 eis
1275 790 1551 863 octingenti
1578 789 1695 853 utri.
1724 789 1866 849 Bene
1893 804 1992 860 per
2020 797 2169 846 octo-

588 883 813 941 narium,
828 898 1111 959 numerum
1128 897 1348 945 summa
1394 882 1734 949 concluditur
1760 882 2049 939 salubriter
2079 897 2170 937 ca-

588 976 849 1043 dentium,
881 976 1008 1047 quia
1051 975 1127 1031 illi
1153 975 1245 1045 qui
1274 974 1575 1031 voluntarie
1603 975 1804 1032 cedunt
1828 974 2068 1040 veritati,
2111 981 2169 1029 et

584 1050 1002 1144 circumcisione
1030 1066 1259 1144 Spiritali
1281 1081 1470 1122 omnes
1496 1081 1527 1121 a
1558 1082 1616 1123 se
1638 1066 2164 1141 absciduntspirita-

589 1138 1065 1235 liter-voluptates,
1096 1166 1152 1221 et
1187 1141 1310 1227 octo
1332 1138 1727 1229 beatitudinum
1761 1158 1978 1213 student
2006 1158 2060 1212 in
2106 1172 2167 1213 se

587 1242 900 1320 recolligere
928 1248 1179 1303 virtutes.
1644 1306 1649 1311 ,

613 1337 846 1420 “Caneri
874 1347 1047 1413 autem
1069 1324 1159 1411 qui
1184 1340 1427 1411 fugerunt
1450 1349 1697 1395 venerunt
1732 1339 1785 1397 in
1818 1349 2013 1399 terram
2034 1337 2167 1394 Phi-

583 1430 820 1499 listhiim.
871 1431 1007 1503 Quia
1036 1432 1252 1503 quidam
1273 1442 1681 1503 persecutorum
1700 1473 1719 1499 ,
1748 1433 1875 1489 licet
1908 1433 2164 1489 resistere

584 1507 731 1595 nullo
760 1524 920 1579 modo
974 1523 1187 1580 veritati
1238 1525 1479 1603 possint,
1513 1533 1693 1587 tamen
1738 1525 1909 1595 magis
1962 1523 2166 1594 eligunt

582 1612 871 1691 confugere
904 1615 972 1672 ad
998 1614 1220 1673 latibula
1242 1632 1489 1673 errorum
1514 1634 1758 1685 suorum,
1787 1634 1949 1688 quam
1972 1619 2163 1674 cedere

584 1694 746 1775 atque
773 1706 1003 1781 obedire
1038 1708 1156 1765 utili
1199 1710 1423 1774 consilio
1471 1710 1847 1781 spiritualium,
1874 1710 2164 1783 magistro-

580 1812 720 1851 rum.
750 1798 817 1852 Et
843 1798 980 1854 bene
1007 1800 1209 1856 dictum
1240 1810 1345 1865 est,
1383 1801 1584 1873 fugisse
1607 1817 1702 1858 eos
1736 1803 1791 1857 in
1811 1812 2011 1861 terram
2040 1802 2167 1857 Phi-

580 1885 824 1942 listhiim.
850 1889 1178 1955 Philisthiim
1197 1892 1341 1946 enim
1363 1892 1751 1962 interpretatur
1766 1894 1917 1948 ruina
1943 1893 2158 1963 duplex;

583 1966 849 2049 duplicem
881 1980 1045 2036 habet
1072 1985 1285 2047 ruinam
1312 1986 1358 2039 is
1382 1984 1473 2054 qui
1506 1984 1741 2053 primum
1772 1984 2005 2039 concidit
2030 1998 2158 2053 pec-

584 2079 726 2137 cato,
759 2084 814 2127 et
835 2071 1048 2142 deinde,
1094 2077 1443 2147 semetipsum
1473 2076 1772 2148 desperans
1793 2118 1808 2144 ,
1848 2083 2162 2148 perseverat

581 2164 645 2239 in
663 2164 824 2218 malo.

648 2254 717 2308 Et
742 2256 928 2311 cecidit
957 2260 1114 2333 timor
1145 2258 1305 2317 Iuda:
1331 2279 1392 2316 ac
1418 2262 1647 2332 fratrum
1671 2264 1811 2334 ejus,
1839 2271 1887 2319 et
1931 2262 2159 2332 formido

574 2338 743 2421 super,
753 2363 929 2403 omnes
946 2360 1125 2419 gentes
1148 2351 1205 2406 in
1223 2353 1447 2407 circuitu
1469 2361 1794 2419 eorum,etc.
1812 2352 1855 2413 Τ
1860 2354 1998 2411 imor
2009 2352 2161 2415 Judm

576 2444 631 2490 et
656 2436 885 2495 fratrum
908 2439 1026 2507 ejus
1048 2457 1213 2513 super
1235 2458 1425 2499 omnes
1451 2455 1640 2513 gentes
1660 2445 1879 2510 cecidit,
1906 2461 2030 2502 cum
2064 2459 2161 2515 p0-

581 2528 749 2585 teutia
778 2529 981 2586 Christi
1026 2548 1124 2603 per
1146 2533 1375 2590 virtutes
1400 2543 1564 2605 atque
1596 2536 1858 2597 miracula
1907 2537 1962 2592 in
1990 2551 2162 2595 mem-

579 2618 695 2681 bris
723 2621 962 2683 emicuit.
1658 2668 1661 2671 .
2156 2674 2159 2681 .

648 2708 718 2775 Et
740 2713 970 2781 peruenit
997 2713 1070 2768 ad
1099 2731 1270 2786 regem
1298 2732 1487 2772 nomen
1504 2717 1640 2787 ejus.
1674 2716 1828 2785 Quod
1856 2717 2160 2787 potentatui

576 2802 735 2872 hujus
766 2806 953 2863 mundi
1004 2807 1302 2865 innotuerit
1328 2809 1647 2878 praedicatio
1692 2809 1959 2880 evangelii
2008 2807 2155 2878 ejus;

573 2886 629 2950 et
654 2896 721 2952 de
748 2886 948 2969 praeliis
986 2895 1138 2955 Iudae
1185 2901 1483 2957 narrabant
1526 2916 1717 2957 omnes
1758 2908 1980 2973 gentes,
2034 2918 2160 2959 cum

572 2989 857 3067 victoriam
907 2990 1286 3064 Redemptoris
1336 2993 1510 3049 nostri
1537 2994 1604 3049 de
1651 3004 1827 3050 morte
1853 3010 1919 3051 ac
1969 2993 2160 3051 mortis

573 3091 794 3161 auctore
820 3084 987 3141 totius
1013 3086 1164 3143 orbis
1191 3087 1493 3159 przedicant
1515 3089 1783 3145 nationes.

1260 309 1321 365 Β.
1363 307 1616 365 RABANI
1652 304 1874 367 MAURI
1906 302 2237 389 ARCHIEI".
2261 303 2572 364 MOGUNT.
2614 294 2900 364 OPE'RUM
2941 305 3121 363 PARS
3162 306 3203 362 Ι.

3667 314 3781 374 1152

2193 423 2247 505 Α
2271 416 2412 485 Quid
2442 433 2541 490 per
2564 416 2779 489 Lysiam
2797 457 2812 484 ,
2838 418 2942 473 nisi
2968 416 3145 474 fastus
3183 423 3481 477 mundanus
3506 426 3783 495 designatur.

2273 507 2365 578 qui
2391 521 2490 579 per
2520 515 2631 562 tres
2654 508 2803 563 viros
2821 548 2835 574 ,
2864 509 2969 563 hoc
2997 516 3080 563 est
3093 549 3127 571 ,.
3142 516 3251 564 tres
3291 509 3501 564 ordines
3528 523 3786 581 persecuto-

2270 615 2424 665 rum,
2467 598 2665 655 bellum
2696 599 2895 654 Christi
2937 599 3190 656 Ecclesiae
3226 601 3451 673 ingerit,
3496 603 3590 659 hoc
3613 613 3683 661 est
3712 622 3787 677 per

2267 704 2506 761 paganos
2527 731 2541 756 ,
2584 705 2683 760 per
2712 690 2996 746 hmreticos
3035 699 3090 745 et
3128 708 3221 762 per
3265 691 3433 748 falsos
3466 693 3786 752 Christianos:

2269 766 2465 850 quibus
2508 779 2868 853 subrogantur
2910 783 3263 855 quadraginta
3308 784 3476 839 millia
3518 786 3788 856 uirorum,“

2267 883 2459 944 septem
2487 871 2654 953 millia
2671 875 2923 947 equitum,
2948 884 3003 928 ut
3021 876 3325 946 disperdant
3338 876 3375 930 J
3379 878 3533 934 udam
3554 883 3791 940 secundum

2268 964 2477 1037 uerbum
2520 966 2672 1036 regis.
2712 965 2851 1037 Quid
2896 982 2996 1036 per
3039 968 3523 1040 quadragenarium
3556 987 3790 1039 numerum

2267 1060 2371 1115 nisi
2402 1060 2737 1141 universitas
2778 1064 3037 1143 temporis
3074 1064 3393 1134 designatur
3425 1067 3561 1136 quod
3587 1084 3794 1138 persecu-

2268 1153 2470 1221 tionem
2515 1153 2569 1209 in
2615 1153 2818 1225 mundo
2865 1154 3061 1231 tolerat
3108 1155 3374 1211 Ecclesia.
3421 1157 3647 1225 Quatuor
3681 1160 3792 1215 enim

2264 1243 2591 1314 principales
2614 1254 2796 1314 partes
2825 1234 2952 1300 sunt
2980 1245 3128 1302 o‘rbis
3148 1287 3165 1312 ,
3191 1248 3295 1302 hoc
3321 1258 3405 1302 est
3434 1247 3638 1310 Oriens.
3662 1248 3773 1304 Occa

2266 1349 2379 1401 sus,
2412 1332 2719 1405 Septentrio
2756 1345 2812 1392 et
2850 1335 3130 1403 Meridies,
3156 1339 3210 1393 in
3244 1340 3447 1409 quibus
3474 1324 3675 1394 dilatata
3697 1356 3793 1394 con-

2265 1425 2424 1479 sistat
2467 1424 2731 1481 Ecclesia.
2787 1425 2969 1495 Quam,
3008 1437 3067 1483 ut
3124 1440 3486 1502 congregaret
3531 1430 3680 1486 Filius
3724 1432 3793 1487 Dei

2263 1516 2540 1572 descendit
2561 1517 2617 1572 in
2636 1518 2924 1586 mundum;
2948 1519 3038 1575 ubi
3064 1529 3189 1575 ante
3208 1522 3519 1592 passionem
3542 1538 3675 1577 suam
3694 1538 3793 1592 qua-

2263 1596 2522 1685 draginta
2548 1609 2740 1667 diebus
2780 1620 2837 1665 et
2879 1611 3233 1683 quadraginta
3264 1613 3515 1668 noctibus
3548 1613 3792 1683 ieiunavit,

2263 1702 2553 1756 ostendens
2582 1703 2934 1759 tentationem
2962 1713 3203 1759 nostram
3237 1705 3294 1760 in
3322 1722 3488 1761 carne
3520 1721 3636 1771 sua,
3671 1722 3793 1776 quam

2193 1796 2240 1879 β
2267 1794 2333 1849 de
2361 1802 2544 1849 nostra
2571 1795 2903 1852 mortalitate
2931 1797 3178 1868 accipere
3205 1797 3463 1869 dignatus
3490 1807 3587 1864 est,
3620 1799 3792 1868 partici-

2261 1900 2393 1956 pare
2436 1887 2691 1943 voluisse.
2743 1886 2897 1944 Unde
2941 1889 3010 1945 ab
3051 1890 3187 1944 hora
3229 1892 3426 1946 mortis
3452 1889 3563 1958 ejus
3585 1890 3795 1959 usquead

2262 1976 2553 2032 diluculum
2579 1979 2992 2034 resurrectionis
3014 1989 3270 2037 constant
3294 1982 3446 2037 hora:
3479 1982 3792 2052 quadraginta,

2261 2068 2306 2123 si
2337 2069 2451 2139 ipsa
2470 2085 2626 2131 nona
2653 2080 3087 2127 connumeretur.
3115 2072 3248 2128 Post
3275 2075 3705 2131 resurrectionem
3721 2086 3795 2128 ro-

2259 2159 2468 2230 luitqne
2512 2176 2622 2216 non
2672 2164 2904 2233 amplius
2949 2180 3110 2235 quam
3154 2166 3274 2221 dies
3328 2166 3666 2237 quadraginta
3701 2179 3793 2221 cum

2262 2250 2541 2321 discipulis
2566 2254 2623 2309 in
2649 2254 2753 2310 hac
2786 2265 2935 2310 terra
2973 2269 3129 2312 esse:
3155 2256 3285 2312 hinc
3309 2271 3499 2313 eorum
3527 2258 3639 2311 vine
3661 2256 3795 2312 adhuc

2262 2345 2498 2401 humana
2528 2347 2938 2403 conversatione
2966 2347 3288 2403 commistus
3307 2388 3324 2415 ,
3350 2356 3407 2402 et
3449 2362 3565 2403 cum
3600 2347 3691 2402 illis
3721 2346 3795 2401 ali-

2260 2450 2442 2496 menta
2479 2441 2787 2498 mortalium
2811 2443 3059 2512 quamvis
3080 2441 3195 2511 jam
3225 2458 3338 2499 non
3364 2444 3664 2508 moriturus,
3689 2442 3794 2496 acci-

2259 2534 2446 2603 piens;
2475 2543 2536 2589 ut
2563 2551 2663 2605 per
2689 2538 2835 2607 ipsos
2880 2536 3237 2607 quadraginta
3276 2537 3398 2594 dies
3424 2535 3725 2608 signiﬁcaret
3750 2549 3792 2589 se

2258 2625 2468 2681 occulta
2495 2627 2781 2696 praesentia
2803 2628 2947 2697 quod
2966 2627 3214 2697 permisit
3236 2626 3602 2698 impleturum,
3624 2624 3791 2695 quando

2260 2717 2375 2773 ait:
2404 2717 2540 2774 Ecce
2576 2735 2669 2789 ego
2710 2718 2972 2774 uobiscum
3017 2736 3131 2776 sum
3179 2720 3426 2775 omnibus
3465 2719 3634 2774 diebus
3671 2732 3792 2787 usqu

2259 2810 2329 2865 ad
2359 2811 2861 2865 consummationem
2899 2811 3081 2866 swculi
3124 2811 3348 2878 (Matth.
3380 2809 3589 2876 xxvru).
3616 2808 3704 2863 Per
3725 2821 3769 2861 te

2259 2902 2566 2973 ptenarium
2586 2916 2872 2957 numerum
2895 2916 3047 2968 vero,
3068 2916 3174 2971 quo
3192 2901 3446 2971 equitum
3466 2898 3621 2954 millia
3639 2894 3792 2951 descri-

2258 2990 2482 3058 buntur,
2535 3007 2642 3047 non
2681 2991 2827 3047 aliud
2867 3007 3031 3062 quam
3079 2990 3367 3061 plenitudo
3411 2989 3789 3062 persecutionum

2259 3086 2694 3153 demonstratur;
2724 3087 2850 3158 quia
2878 3087 3019 3163 sicut
3043 3103 3142 3159 per
3171 3088 3537 3158 septenarium
3564 3096 3789 3141 numerum

598 3162 601 3163 ⁷
646 3156 712 3228 Ut
759 3142 956 3235 audivit
1000 3142 1210 3234 autem.
1234 3142 1851 3247 Antioch-us‘recgetc.
1898 3179 2153 3239 Antiochi
2177 3167 2235 3235 C~
2256 3175 2588 3247 septiformis
2630 3142 2807 3248 gratia
2846 3157 3022 3233 sancti
3043 3142 3300 3250 {Spiritus
3335 3176 3644 3240 ostenditur,
3667 3175 3791 3229 sicel

572 3264 1002 3336 huiushistorici
1030 3268 1277 3338 allectus,
1299 3272 1495 3341 quibus
1519 3272 1945 3328 immediocriter
1961 3280 2159 3329 aestua-

570 3360 688 3426 bat,
716 3361 822 3417 hoc
840 3370 946 3431 est,
976 3362 1074 3428 ira,
1102 3363 1373 3434 cupiditas
1403 3372 1461 3420 et
1484 3365 1738 3434 superbia
1755 3405 1770 3431 ,
1802 3365 1943 3421 bene
1975 3364 2158 3436 expri-

571 3459 726 3525 munt
746 3450 1033 3518 (Antiochi,
1054 3453 1316 3525 Spiritalls
1357 3471 1554 3521 mores,
1582 3457 1779 3527 quibus
1817 3464 1997 3512 totum
2023 3455 2158 3510 vali-

568 3540 794 3617 dissime
839 3542 1060 3601 infestat
1104 3546 1363 3602 mundum
1414 3562 1560 3605 nunc
1597 3563 1705 3618 per-
1737 3547 1981 3604 membra
2026 3562 2155 3613 sua,

569 3637 752 3707 sedin
779 3638 886 3695 line
922 3640 1107 3697 mundi
1139 3656 1235 3711 per
1257 3642 1645 3712 semetipsum;
1677 3641 1893 3713 quando
1931 3640 2157 3701 tribula-

574 3727 649 3787 tio
678 3728 800 3786 talis
834 3731 941 3786 erit
962 3731 1139 3800 qualis
1166 3748 1276 3787 non
1305 3741 1466 3788 antea
1508 3748 1612 3789 nec
1655 3742 1780 3804 post
1818 3731 2000 3789 futura
2048 3733 2157 3789 erit

572 3815 788 3892 (Matth.
804 3818 984 3895 .xxrv).
1018 3819 1274 3876 Irascitur
1291 3829 1472 3878 autem
1502 3825 1720 3893 quando
1749 3824 1901 3880 audit
1926 3823 2155 3895 gloriam

572 3898 882 3966 Sanctorum
922 3920 978 3967 et
1017 3911 1274 3967 virtutem
1318 3921 1482 3983 atque
1524 3915 1886 3970 constantiam
1931 3930 2156 3979 eorum,

572 4015 968 4075 congregatque
1011 4005 1340 4072 exercitum,
1391 4009 1526 4063 dans
1556 4007 1630 4063 illi
1670 4007 1936 4079 stipendia
1970 4009 2026 4063 in
2055 4022 2155 4062 an-

571 4111 755 4174 num,
775 4112 897 4173 cum
942 4112 1036 4165 per
1068 4099 1351 4167 praesentis
1379 4099 1503 4154 vita:
1531 4100 1814 4157 commoda
1838 4108 1894 4156 et
1924 4102 2159 4157 honores

572 4186 888 4265 ambitiosos
915 4203 1157 4258 quosque
1196 4190 1389 4245 incitat
1436 4191 1505 4245 ad
1551 4192 1981 4260 persecutionem
2026 4191 2160 4248 lide-

572 4277 737 4333 lium:
767 4278 892 4334 vitm
934 4294 1202 4350 nequam,
1241 4280 1386 4337 fastu
1427 4282 1705 4337 mundano
1751 4298 1815 4339 ac
1861 4284 2158 4354 cupiditate

570 4370 860 4439 optimates
889 4386 1017 4427 suos
1048 4371 1232 4441 eligit,
1262 4382 1322 4428 ut
1348 4374 1667 4445 provideant
1711 4376 1859 4446 regni
1904 4377 2116 4446 negotia
2138 4417 2156 4443 ,

571 4464 786 4532 quando
817 4466 1098 4529 ministros
1119 4482 1245 4522 suos
1266 4475 1426 4537 atque
1462 4482 1722 4538 sequaces
1762 4470 1829 4525 ad
1870 4469 1974 4525 hoc
2008 4471 2157 4527 ordi-

572 4562 665 4624 nat
693 4562 753 4609 ut
789 4558 1135 4625 praesentium
1170 4572 1354 4613 rerum
1400 4559 1681 4616 illecebras
1725 4569 2046 4633 suggerant,
2093 4578 2159 4618 ac

570 4648 915 4716 provocando
940 4649 1004 4703 ad
1034 4649 1336 4720 voluptates
1357 4660 1603 4707 terrenas
1622 4654 2026 4710 consentientes
2053 4655 2158 4710 sibi

572 4736 909 4805 pertrahant.
941 4736 1202 4794 Filiorum
1240 4740 1455 4796 nomine
1484 4741 1558 4795 illi
1586 4753 1878 4799 censentur
1909 4744 2002 4814 qui
2035 4745 2160 4799 imi-

573 4837 775 4885 tatores
805 4840 932 4886 sunt
958 4831 1183 4888 Christi.
1211 4832 1320 4889 Hos
1358 4835 1501 4890 enim
1550 4850 1649 4905 per
1694 4839 1984 4907 Optimates
2030 4853 2159 4894 suos

571 4922 773 4987 nutrit,
804 4938 929 4978 cum
956 4940 1056 4994 per
1085 4926 1499 4983 scelestissimos
1533 4944 1777 4998 quosque
1816 4930 1980 4985 variis
2011 4932 2158 4987 vitiis

571 5016 967 5085 corrumpendo
994 5017 1247 5086 pabulum
1276 5019 1413 5091 ignis
1438 5020 1627 5074 aeterni
1663 5020 1845 5075 ellicit.
1873 5020 1987 5077 Hoc
2024 5037 2160 5093 prae-

572 5104 727 5175 cipue
755 5106 870 5163 suis
897 5108 1301 5178 magistratibus
1346 5110 1589 5181 praecipit
1617 5120 1677 5165 ut
1705 5112 2009 5182 exstirpent
2051 5112 2159 5166 vir-

570 5204 717 5257 tutes
746 5200 912 5258 lsrael
951 5211 1006 5257 et
1050 5203 1308 5273 reliquias
1359 5203 1690 5267 Jerusalem,
1728 5212 1783 5258 et
1824 5205 2158 5259 constituant

574 5287 907 5362 alienigenas
931 5308 1029 5365 pro
1057 5293 1157 5358 eis,
1188 5294 1315 5364 quia
1353 5294 1499 5349 nulla
1530 5295 1801 5358 inventio,
1846 5294 2157 5365 nullumque

574 5382 809 5440 Studium
838 5385 1010 5457 magis
1037 5385 1235 5441 diaboli
1278 5395 1362 5443 est
1384 5428 1400 5453 ,
1432 5402 1596 5459 quam
1629 5396 1688 5441 ut
1725 5394 1933 5442 evertat
1972 5385 2158 5441 Eccle-

574 5475 712 5531 siam
742 5473 980 5541 Christi,
1009 5486 1063 5532 et
1094 5476 1260 5531 robur
1296 5477 1421 5532 ﬁdei
1452 5478 1506 5532 in
1532 5477 1721 5533 electis
1748 5477 2043 5543 mollilicet,
2076 5486 2158 5533 at-

570 5584 680 5639 que
702 5568 757 5623 iu
780 5566 900 5623 loco
920 5569 1180 5624 virtutum
1200 5570 1329 5625 vitia
1352 5571 1781 5628 subintroducat.

632 5660 715 5716 Et
762 5660 912 5733 elegit
949 5660 1132 5732 Lysias
1180 5662 1526 5719 Ptolomtrum
1571 5664 1743 5733 ﬁlium
1784 5663 2079 5729 Dorimini,
2109 5672 2157 5717 et

574 5751 902 5810 Nicanorem
928 5762 977 5807 et
998 5750 1252 5823 Gorgiam
1280 5756 1414 5811 uiros
1442 5764 1673 5825 potentes
1694 5771 1762 5811 ea:
1788 5755 1972 5811 amicis
2000 5755 2157 5827 regis.

2263 3281 2386 3321 cum
2415 3280 2447 3322 e
2470 3266 2747 3323 contrario
2774 3266 2971 3338 legitur
3012 3267 3067 3322 in
3110 3267 3404 3339 Evangelio
3449 3266 3584 3337 quod
3617 3262 3789 3333 spiritus

2258 3368 2494 3426 nequam
2520 3355 2574 3411 in
2605 3356 2826 3413 homine
2847 3371 3031 3413 secum
3058 3357 3428 3413 introduxerit
3461 3363 3647 3426 septem
3665 3351 3787 3423 spiri-

2260 3454 2348 3501 tus
2376 3446 2745 3517 nequioresse
2775 3445 2993 3518 (Matth.
3021 3447 3152 3519 vn),
3176 3456 3232 3503 et
3257 3447 3393 3504 alibi
3419 3463 3450 3502 a
3478 3445 3789 3511 mulierepec-

2258 3538 2462 3594 catrice
2516 3537 2713 3610 legitur
2756 3539 3018 3596 Dominus
3059 3547 3266 3609 septem
3315 3537 3575 3596 daemonia
3614 3533 3787 3603 eiecisse

2260 3629 2413 3702 (Luc.
2456 3629 2598 3702 Vill),
2625 3644 2817 3687 omnes
2861 3646 2994 3703 ergo
3018 3637 3405 3701 persecutores
3446 3636 3588 3685 recte
3621 3621 3787 3682 diabolo

2257 3723 2552 3793 instigante
2589 3724 2658 3780 ad
2693 3723 2798 3779 hoc
2843 3724 3220 3779 coadunantur
3252 3731 3317 3779 ut
3366 3722 3596 3780 Ecclesia
3633 3714 3785 3775 Christi

2260 3817 2591 3884 destruatur,
2616 3826 2670 3874 et
2700 3817 3045 3875 confessores
3067 3817 3460 3889 omnipotentis
3482 3817 3572 3872 Dei
3589 3810 3786 3882 blasphe-

2261 3924 2413 3966 mare
2432 3909 2789 3982 compellant;
2815 3920 2871 3966 et
2894 3910 2999 3967 hoc
3024 3925 3131 3965 non
3158 3909 3419 3980 segniter,
3461 3906 3555 3964 sed
3578 3913 3675 3960 tota
3707 3899 3784 3955 vir-

2259 4009 2375 4057 tute
2395 4002 2703 4074 perﬁciunt.

2330 4099 2400 4154 Et
2426 4110 2787 4171 processerunt
2808 4110 2863 4156 ut
2891 4102 3028 4155 irent
3070 4114 3190 4155 cum
3226 4100 3475 4152 uniuersa
3497 4096 3664 4150 uirtute
3682 4103 3780 4149 sua.

2260 4199 2367 4245 etc.
2397 4190 2536 4257 Quid
2566 4205 2662 4262 per
2697 4192 2982 4247 Emmaum
3010 4190 3114 4246 nisi
3145 4197 3423 4245 amatores
3461 4184 3609 4255 hujus
3644 4176 3781 4235 mundi

2259 4282 2660 4353 exprimuntur,
2690 4284 2781 4353 qui
2817 4298 2916 4354 per
2956 4283 3308 4354 cupiditatem
3351 4279 3527 4337 seaculi
3565 4274 3781 4346 neglig!!!"

2260 4373 2465 4430 habere
2488 4375 2783 4430 amicitiam
2812 4375 2929 4429 Dei.
2965 4373 3120 4430 Unde
3153 4373 3421 4443 scriptum
3441 4377 3560 4425 est:
3590 4364 3677 4431 Qui
3701 4356 3778 4414 ull

2260 4482 2369 4521 esse
2396 4467 2596 4522 amicus
2635 4467 2795 4538 hujus
2836 4466 3039 4531 seaculi,
3084 4465 3332 4520 inimicus
3373 4462 3471 4517 Dei
3510 4453 3781 4515 constituitur

2187 4540 2237 4602 D
2264 4560 2407 4631 (Jac.
2426 4561 2534 4629 IV);
2559 4571 2614 4617 et
2632 4562 2871 4617 Joannes
2892 4560 3069 4631 inquit
3090 4578 3104 4614 :
3132 4558 3239 4625 Qui
3263 4557 3434 4629 diligit
3450 4552 3778 4613 mundum”!

2260 4663 2334 4708 est
2358 4654 2588 4709 charitas
2614 4654 2712 4709 Dei
2738 4656 2794 4709 in
2823 4670 2884 4708 eo
2912 4652 2964 4726 (I
2992 4651 3156 4707 Joan.
3183 4651 3267 4724 It).
3296 4651 3367 4705 Et
3390 4648 3576 4706 merito
3596 4645 3683 4699 hoc
3711 4650 3780 4690 ηο-

2259 4747 2405 4802 mine
2430 4747 2566 4803 tales
2588 4755 2985 4817 nuncupantur.
3010 4746 3405 4814 Interpretatur
3424 4741 3562 4798 enim
3576 4737 3776 4824 Emmaut

2258 4837 2483 4909 populus
2525 4838 2759 4909 abjectus
2780 4878 2796 4903 ,
2841 4835 3142 4905 abjectione
3171 4834 3370 4905 quippe
3412 4829 3553 4902 digni
3579 4831 3775 4918 sunt}?!

2262 4943 2450 4983 amore
2491 4930 2779 4999 praesentis
2820 4927 3002 4983 saeculi
3046 4926 3344 4997 praeferunt
3394 4917 3645 4980 dilectioni
3685 4912 3771 4965 Dei.

2263 5020 2419 5078 Unde
2438 5021 2555 5093 ipsa
2577 5022 2792 5078 Veritas
2813 5022 2866 5076 in
2896 5019 3190 5090 Evangelio
3211 5018 3318 5073 ait:
3347 5015 3451 5083 Qui
3472 5019 3602 5068 amat
3620 5013 3772 5077 ραεηη

2257 5133 2411 5172 suum
2440 5127 2534 5172 aut
2560 5126 2779 5171 matrem
2811 5131 2964 5169 suam
3003 5113 3122 5184 plus
3161 5129 3321 5183 quam
3369 5126 3469 5173 me,
3498 5120 3593 5160 non
3627 5106 3687 5153 est
3716 5105 3771 5145 tut

2258 5207 2449 5277 dignus
2478 5205 2693 5277 (Matth.
2723 5204 2799 5277 ι).
2832 5204 2944 5261 Nec
2973 5204 3271 5275 incongrue
3308 5200 3553 5256 Emmaus
3582 5192 3628 5247 in
3663 5192 3769 5283 mf“

2258 5298 2551 5368 campestri
2591 5312 2711 5353 esse
2740 5297 2960 5364 dicitur,
2989 5296 3115 5367 quia
3140 5295 3252 5349 lata
3289 5303 3339 5349 et
3365 5290 3581 5364 spatiosa
3620 5288 3680 5336 ιιι
3710 5287 3766 5329 αα

2258 5407 2376 5463 qua:
2434 5391 2579 5445 ducit
2639 5390 2709 5445 ad
2764 5399 3015 5448 mortem.
3063 5396 3113 5444 et
3160 5387 3315 5442 multi
3360 5386 3546 5439 intrant
3578 5389 3658 5448 per
3684 5377 3767 5424 eam

2286 5482 2479 5537 Matth.
2505 5482 2624 5538 vni.

2286 5482 2479 5537 Matth.
2505 5499 2581 5538 vn
2610 5522 2624 5536 .

2260 5482 2280 5555 (
2334 5575 2400 5628 Et
2445 5481 2725 5629 audinunt
2773 5584 3084 5628 mercatores
3109 5574 3378 5642 regionum
3405 5578 3575 5621 nomen
3608 5561 3762 5609 eorum-

2260 5665 2591 5722 Mercatores
2609 5668 2762 5730 istos,
2778 5666 2868 5735 qui
2894 5665 3142 5719 ambiunt
3161 5662 3441 5717 servitium
3455 5652 3756 5711 Hebratorumv

2258 5774 2369 5816 non
2399 5759 2533 5817 alios
2557 5760 2748 5816 melius
2773 5756 3086 5833 signiﬁcare
3112 5754 3349 5813 arbitror
3370 5736 3761 5824 (ιιιαωλωδιίευω
