4028 6458
245 360 390 421 1153

964 352 1321 413 acnuam.
1361 350 1430 409 1N
1463 347 1710 407 uanos
1745 305 2323 414 ΜΑεήΑΒΑῑοιιωι.
2361 373 2432 384 -
2467 338 2536 396 IN
2570 314 2769 399 mat

3356 304 3495 391 iiii

250 473 475 544 spiritus
497 511 513 538 ,
540 467 633 540 qui
664 467 971 547 desiderant
1013 458 1291 523 interitum
1336 462 1571 519 ﬁdelium
1594 502 1607 526 ,
1638 470 1692 515 et
1718 460 1821 514 hoc
1850 461 1903 521 Α
1925 456 2069 526 quod
2093 454 2409 510 memoriam
2436 454 2738 508 divinorum
2765 438 3156 547 praeceptorum
3168 428 3494 547 hobi's‘ac'li-

249 567 487 637 gestiunt
511 572 570 617 ut
592 578 687 632 per
709 561 1056 632 cupiditatem
1079 568 1349 614 terrenam
1375 556 1649 611 caelestem
1670 551 1824 606 nobis

1926 547 2027 603 bus
2057 546 2449 610 demonstrant,
2476 545 2566 615 qui
2596 546 2755 615 digne
2786 540 3018 597 militare
3042 528 3358 614 probantur.
3383 538 3502 597 Lex‘

249 631 499 711 auferant
546 631 809 726 gloriam,
839 658 894 705 et
920 649 1222 705 libertatem
1272 661 1433 716 quam
1469 643 1730 699 habemus
1769 640 1823 695 in
1923 638 2069 692 enim
2107 636 2319 691 Domini
2370 633 2875 706 irrepreliensibilis,
2925 641 3243 687 convertens
3288 631 3499 689 animas

250 745 424 818 gratia
450 741 686 807 Christi,
716 742 769 796 in
805 740 1005 796 cultum
1054 754 1120 794 ac
1157 737 1469 793 servitutem
1507 741 1827 790 convertant

252 835 471 890 diaboli.
506 833 660 890 Unde
688 833 740 887 in
773 830 1065 900 Evangelio
1090 829 1285 900 legitur
1310 827 1451 896 quod
1483 826 1599 896 ipse
1640 824 1827 880 diabo-

253 927 337 982 lus
362 933 522 997 caput
547 930 814 986 nostrum,
841 921 1195 977 mediatorem
1216 918 1467 974 videlicet
1504 917 1598 972 Dei
1642 925 1698 971 et
1729 916 1827 971 ho-

252 1008 483 1081 minum,
509 1016 711 1071 ducens
748 1013 803 1068 in
833 1022 1071 1067 montem
1109 1010 1379 1066 excelsum
1400 1050 1417 1076 ,
1452 1008 1751 1064 ostenderit
1775 1006 1824 1062 ei

251 1110 436 1164 omnia
460 1122 624 1178 regna
653 1106 836 1162 mundi
859 1120 924 1160 ac
951 1103 1176 1176 gloriam
1198 1118 1408 1168 eorum,
1431 1111 1591 1173 atque
1618 1108 1829 1157 tentan-

254 1200 325 1256 do
354 1200 552 1255 dixerit
575 1217 588 1253 :
620 1197 749 1253 ch
772 1198 946 1252 omnia
972 1196 1065 1250 tibi
1093 1194 1229 1249 dabo
1257 1194 1307 1249 si
1330 1193 1605 1265 procidens
1628 1192 1826 1246 adora-

162 1337 168 1342 .
253 1294 386 1348 reris
409 1308 490 1346 me
510 1288 726 1363 (Matth.
758 1287 854 1361 ιν).
878 1288 945 1342 Et
966 1287 1104 1343 bene
1124 1286 1323 1342 dicitur
1342 1285 1486 1355 quod
1514 1283 1682 1338 additi
1705 1292 1827 1337 sunt

253 1384 325 1437 ad
375 1400 461 1437 eos
510 1382 766 1437 exercitus
826 1379 997 1451 Syria:
1060 1388 1107 1433 et
1173 1388 1325 1432 terra:
1376 1375 1826 1446 alienigenarum,

254 1472 383 1544 quia
443 1471 704 1527 luxuriosi
755 1471 951 1541 quique
1004 1478 1059 1525 et
1110 1467 1269 1523 alieni
1324 1483 1455 1523 vero
1508 1465 1606 1520 Dei
1657 1462 1827 1521 cultui

247 1560 555 1633 junguntur
591 1560 824 1617 inimicis
860 1559 1091 1624 nostris,
1130 1568 1184 1615 et
1232 1557 1501 1613 moliendo
1549 1555 1829 1611 interitum

253 1664 500 1710 nostrum
524 1662 901 1724 cooperatores
938 1661 1063 1708 sunt
1098 1651 1497 1707 immundorum
1522 1648 1826 1719 spirituum.

330 1747 399 1802 Et
425 1748 550 1802 vidit
573 1746 611 1801 J
614 1747 747 1802 udas
773 1756 820 1801 et
849 1746 1038 1817 fratres
1061 1744 1175 1816 ejus
1193 1744 1318 1816 quia
1340 1741 1687 1813 multiplicata
1708 1748 1829 1795 sunt

1928 728 2100 803 (Psal.
2130 730 2283 799 xvm)
2312 728 2637 792 electorum,
2675 727 2927 797 reprobat
2957 720 3239 780 malefacta
3266 723 3500 805 perﬁdo:

1926 833 2081 884 rum,
2130 826 2186 873 et
2226 817 2530 872 detestatur
2579 815 2839 872 idolorum
2874 814 3170 881 culturam,
3200 822 3256 871 et
3282 829 3500 871 onmem

1927 908 2249 965 contradicit
2293 907 2590 979 impietatis
2618 906 2906 963 facturam.
2936 906 3201 962 Attollunt
3242 896 3498 963 sacerdo¥

1928 998 2058 1055 talia
2085 998 2524 1069 ornamenta,qui
2551 998 2837 1053 sacerdotii
2863 997 3216 1055 ecclesiastici
3242 999 3401 1070 digne
3428 996 3505 1053 fa-

1929 1091 2082 1147 ciunt
2104 1089 2312 1158 cilicia;
2342 1089 2612 1162 primitias
2642 1099 2698 1145 et
2724 1088 2963 1146 decimas
2992 1091 3231 1158 donant,
3270 1092 3362 1162 qui
3397 1090 3503 1146 ini-

1930 1181 2064 1237 tium
2111 1188 2167 1237 et
2208 1180 2596 1251 perfectionem
2644 1180 2770 1235 boni
2822 1181 3003 1251 operis
3036 1178 3160 1237 Deo
3206 1168 3501 1254 deputant;

1933 1273 2200 1330 suscitant
2250 1272 2534 1329 Nazarzeos
2566 1273 2659 1343 qui
2704 1272 3060 1343 impleverunt
3104 1273 3241 1339 dies,
3285 1273 3377 1344 qui
3408 1287 3505 1345 per

1931 1366 2197 1422 castitatis
2244 1366 2563 1421 munditiam"
2610 1357 2833 1437 gratam
2864 1366 3032 1421 vitam
3069 1366 3216 1421 omni
3260 1374 3505 1437 tempore

1931 1454 2043 1511 Deo
2069 1455 2325 1511 exhibere
2365 1456 2621 1522 student;
2653 1464 2708 1512 et
2746 1455 3000 1511 clamavit
3033 1472 3168 1513 voce
3210 1472 3409 1528 magna
3450 1456 3504 1511 in

1933 1547 2151 1614 coelum,
2173 1549 2265 1619 qui
2288 1547 2632 1604 Divinitatem
2658 1548 2761 1620 piis
2782 1548 3032 1618 precibus
3072 1562 3135 1603 ac
3175 1546 3330 1603 bonis
3368 1546 3508 1602 acti-

1934 1640 2035 1696 bus
2061 1654 2158 1710 per
2188 1637 2306 1712 [ad]
2336 1639 2765 1695 misericordiam
2810 1648 3124 1708 provocant.
3170 1637 3321 1694 Sicut
3364 1638 3507 1692 enim

1934 1730 2143 1786 clamor
2169 1730 2475 1801 impiorum,
2508 1746 2668 1801 quem
2694 1728 3029 1801 blasphemia
3056 1737 3113 1785 et
3133 1730 3316 1800 pravis
3336 1728 3511 1801 operi-

252 1838 423 1905 mala,
446 1848 493 1895 et
520 1839 774 1894 exercitus
801 1799 1129 1909 applicabant
1160 1799 1231 1890 ad
1260 1837 1391 1905 ﬁnes
1424 1799 1637 1898 eoi'um;
1663 1842 1711 1888 et
1739 1849 1831 1887 co-
1935 1823 2038 1877 bus
2062 1820 2347 1893 proferunt
2368 1862 2384 1888 ,
2411 1821 2583 1877 Deum
2624 1822 2839 1889 irritat;
2874 1822 2953 1877 sic
2980 1820 3251 1879 confessio
3290 1829 3347 1878 et
3374 1816 3511 1883 ﬁdes,

250 1939 542 2000 gnoverunt
566 1927 717 1983 verba
740 1928 895 1997 regis,
921 1943 1038 1998 qua:
1058 1926 1329 1980 mandavit
1353 1922 1548 1995 populo
1580 1922 1753 2001 facere
1778 1922 1835 1976 in

250 2016 527 2071 interitum
548 2027 598 2071 et
624 2018 1141 2071 consummationem.
1168 2013 1551 2071 Estuantibus
1582 2026 1836 2085 perseeu—

251 2108 489 2173 toribus,
513 2117 569 2163 et
588 2122 820 2179 pugnam
852 2116 1040 2162 contra
1071 2105 1256 2161 ﬁdeles
1279 2104 1708 2176 disponentibus,
1734 2101 1836 2173 ipsi

251 2200 453 2270 magis,
480 2200 546 2255 ad
569 2199 873 2268 exemplum
899 2197 1050 2254 Judae
1073 2213 1137 2253 ac
1175 2196 1404 2252 fratrum
1442 2195 1560 2266 ejus
1601 2195 1836 2250 incitan-

251 2299 349 2345 tur
371 2289 437 2344 ad
459 2296 806 2359 augmentum
829 2287 949 2343 tidei
980 2296 1036 2343 et
1052 2286 1355 2357 profectum
1379 2284 1661 2350 virtutum,
1679 2282 1837 2353 juxta

252 2379 392 2435 illud
440 2378 774 2433 Psalmistaa:
814 2377 953 2433 Dum
999 2377 1229 2449 superbit
1272 2377 1494 2448 impius,
1542 2374 1840 2430 incenditur

258 2487 463 2541 pauper
488 2469 658 2539 (Psal.
693 2468 790 2539 ix).
815 2468 962 2525 Talis
986 2484 1116 2541 ergo
1144 2468 1370 2523 intentio
1392 2467 1550 2522 debet
1577 2481 1697 2521 esse
1722 2481 1839 2521 ser-

256 2576 455 2616 vorum
488 2561 583 2615 Dei
629 2569 689 2616 ut
728 2570 963 2632 pugnent
993 2577 1091 2632 pro
1132 2560 1326 2632 populo
1369 2568 1424 2614 et
1456 2558 1665 2615 sanctis
1692 2556 1873 2624 suis,"

261 2651 391 2724 quia
418 2667 517 2722 pro
546 2659 691 2706 statu
721 2651 843 2707 ﬁdei
885 2649 1202 2707 Christiana:
1244 2651 1518 2722 religionis
1554 2657 1715 2719 atque
1743 2663 1840 2719 pro

260 2745 504 2801 fraterna
532 2745 704 2801 salute
743 2745 940 2800 debent
960 2754 1149 2800 contra
1176 2744 1448 2815 spiritales
1488 2741 1758 2812 nequitias
1786 2748 1841 2797 et

265 2845 457 2891 contra
497 2850 695 2906 pravos
738 2837 987 2891 homines
1021 2837 1288 2891 instanter
1322 2835 1613 2897 dimicare,
1638 2831 1845 2902 adjuto-

258 2928 514 2997 riumquc
542 2929 757 2983 assidua
780 2929 1027 2984 oratione
1048 2929 1356 2998 implorare,
1384 2927 1508 2997 quia
1533 2928 1647 2998 ipse
1668 2926 1843 2982 estde

259 3035 367 3093 qua
400 3020 659 3089 scriptum
685 3028 769 3075 est
791 3034 805 3074 :
828 3020 1053 3091 Adjutor
1071 3020 1126 3073 in
1149 3019 1640 3091 opportunitatibus,
1660 3019 1715 3072 in
1742 3018 1841 3071 tri-

262 3109 530 3167 bulatione
545 3128 568 3179 ;
597 3110 690 3164 tibi
714 3110 811 3164 soli
833 3109 1110 3165 derelictus
1141 3120 1215 3164 est
1241 3126 1456 3180 pauper,
1481 3117 1529 3163 et
1550 3106 1843 3179 pupillam

261 3203 368 3259 eris
401 3168 616 3272 adjut'or
643 3198 816 3274 (Psal.
839 3200 939 3273 Ix),
970 3204 1094 3271 quia
1124 3168 1356 3271 paterna.
1381 3168 1579 3270 pietate
1601 3201 1839 3256 laborem
1869 3168 1926 3239 (Τ

263 3303 322 3352 et
366 3293 605 3351 dolorem
647 3293 953 3349 considerat
999 3309 1251 3359 suorum,
1301 3302 1528 3347 conteret
1574 3292 1843 3347 brachium

263 3385 554 3456 peccatoris
599 3394 646 3438 et
677 3384 890 3455 maligni
927 3384 1068 3456 (Ibid
1098 3383 1149 3455 ),
1185 3383 1393 3453 iudicat
1433 3382 1638 3454 pupillo
1664 3392 1720 3438 et
1746 3380 1847 3438 hu-

265 3472 382 3528 mili
404 3513 418 3537 ,
442 3481 501 3526 ut
524 3489 630 3526 non
651 3483 875 3544 apponat
900 3473 1039 3527 ultra
1065 3470 1406 3545 magniﬁcare
1426 3476 1485 3527 se
1510 3471 1664 3527 homo
1691 3485 1848 3544 super

268 3574 463 3619 terram
493 3563 703 3637 (Ibid.).
1658 3564 1662 3569 ’
1848 3568 1853 3571 ’

338 3656 409 3710 Ει
436 3656 734 3728 congregati
766 3666 920 3721 sunt,
946 3666 994 3711 et
1016 3667 1261 3712 venerunt
1300 3659 1354 3711 in
1397 3656 1623 3728 Haspha
1664 3666 1848 3710 contra

265 3746 585 3814 Jerusalem,
628 3748 751 3819 quia
780 3747 924 3801 locus
952 3747 1203 3801 orationis
1229 3758 1343 3802 erat
1370 3751 1424 3801 in
1448 3745 1696 3819 Maspha,
1727 3752 1849 3801 ante

267 3840 325 3892 in
361 3838 531 3892 Israel
554 3879 568 3904 ,
598 3836 704 3893 etc.
742 3837 818 3893 illi
847 3840 938 3908 qui
967 3838 1036 3892 ad
1062 3838 1427 3893 dimicandum
1450 3846 1641 3894 contra
1666 3838 1849 3893 hostes

266 3932 579 4003 congregati
606 3931 841 3996 fuerunt,
872 3939 1139 3986 venerunt
1156 3931 1210 3985 in
1233 3929 1453 4001 Maspha
1472 3938 1662 3986 contra
1685 3928 1846 3986 Jeru-

266 4027 454 4084 salem.
480 4025 547 4080 Et
576 4026 701 4096 quid
726 4041 825 4096 per
853 4023 1093 4094 Maspha,
1119 4024 1210 4093 qui
1233 4024 1501 4093 judicium
1526 4018 1848 4094 interpretaé

268 4125 390 4180 tur,
442 4115 545 4168 nisi
601 4110 767 4168 Vetus
810 4113 1213 4167 Testamentum
1263 4113 1636 4183 signiﬁcatur;
1696 4113 1847 4167 locus

265 4207 531 4262 orationis
557 4213 676 4260 erat
704 4207 756 4258 in
786 4202 1005 4273 Maspha
1025 4242 1038 4268 ,
1066 4202 1207 4271 quod
1240 4202 1503 4271 prospicit
1539 4217 1753 4271 semper
1782 4202 1847 4256 ad

265 4298 474 4354 Novum
497 4298 924 4361 Testamentum,
950 4303 1005 4349 et
1025 4294 1427 4349 Testamentum
1452 4295 1655 4364 praebet
1677 4294 1851 4348 Evan~

267 4389 409 4458 gelio
430 4387 651 4442 Christi.
681 4387 811 4441 llluc
840 4386 984 4441 enim
1014 4400 1233 4440 necesse
1252 4393 1336 4439 est
1362 4394 1422 4439 ut
1450 4384 1723 4454 spiritales
1752 4387 1853 4440 mi-

268 4479 394 4534 lites
438 4476 533 4532 Dei
579 4477 758 4533 cordis
803 4477 1159 4531 intentionem
1194 4483 1443 4541 vertant,
1476 4486 1744 4547 quatenus
1783 4494 1850 4532 ex

1936 1922 2274 1979 sanctorum,
2306 1928 2429 1983 quae
2449 1928 2548 1983 per
2571 1913 2915 1970 dilectionem
2944 1923 3222 1985 operatur,
3254 1913 3507 1986 majesta-

1938 2015 2044 2062 tein
2076 2008 2313 2062 divinam
2348 2007 2405 2061 in
2438 2007 2587 2062 omni
2623 2015 2867 2078 tempore
2890 2005 3087 2079 placat.

2007 2100 2078 2155 Et
2102 2108 2216 2171 post
2243 2100 2339 2154 hoc
2367 2101 2637 2154 constituit
2661 2098 2699 2155 Ι
2702 2101 2836 2155 udas
2857 2100 3014 2154 duces
3039 2098 3239 2171 populi,
3278 2099 3512 2154 tribunos
3554 2102 3571 2109 '

1938 2199 1987 2245 et
2013 2189 2363 2244 centuriones.
2397 2187 2667 2244 Tribunos
2707 2188 2942 2259 appellat
2990 2203 3085 2243 eos
3125 2188 3217 2259 qui
3256 2186 3515 2245 militibus

1936 2280 2083 2336 mille
2109 2286 2382 2350 praeerant
2402 2280 2562 2351 (quos
2583 2279 2757 2336 Graeci
2790 2280 3104 2358 χιλιάρχους
3127 2278 3370 2352 vocant);
3396 2295 3516 2336 cen-

1937 2370 2201 2434 turiones,
2225 2368 2317 2438 qui
2344 2374 2595 2434 centum;
2627 2369 2965 2433 decuriones,
2989 2369 3083 2440 qui
3109 2368 3314 2425 decem.
3355 2366 3526 2427 0rdi-‘

1936 2470 2071 2517 nant
2097 2461 2240 2516 enim
2264 2460 2649 2530 pmdicatores
2666 2462 2844 2516 sancti
2875 2461 3146 2531 subjectos
3179 2454 3306 2516 suos
3325 2501 3340 2527 ,
3381 2450 3524 2531 qua-7‘

1938 2563 2097 2609 tenus
2124 2552 2202 2607 nil
2227 2552 2282 2607 iu
2316 2551 2396 2607 eis
2424 2551 2786 2607 inordinatum
2829 2530 3147 2623 reperiatur,
3190 2551 3285 2609 sed
3316 2530 3519 2605 Trnilitia'

1937 2644 2139 2701 Christi
2165 2641 2561 2699 rationabiliter
2580 2642 2989 2714 perfringantur.
3018 2643 3172 2700 Unde
3200 2640 3398 2699 Paulus
3424 2657 3520 2697 au-

1939 2734 2210 2791 ditoribus
2238 2732 2354 2789 suis
2377 2731 2452 2786 ait
2478 2750 2491 2785 :
2525 2730 2717 2788 Omnia
2745 2740 2917 2788 vestra
2938 2732 3149 2788 honeste
3167 2731 3214 2788 et
3235 2730 3527 2799 “cundum

1940 2827 2176 2881 ordinem
2196 2824 2327 2894 ﬁant
2360 2821 2414 2896 (1
2437 2821 2559 2877 Cor.
2588 2822 2698 2895 xiv)
2722 2840 2736 2890 ;
2768 2837 2824 2878 et
2845 2825 3040 2880 iterum
3066 2843 3079 2878 :
3104 2825 3296 2891 Nemo,
3322 2823 3525 2895 lnquit,’

1939 2917 2293 2981 coronabitur,
2327 2916 2431 2971 nisi
2455 2918 2543 2988 qui
2575 2916 2801 2988 legitime
2821 2912 3196 2978 certaverit'lll
3220 2914 3356 2972 Tim.
3383 2929 3467 2989 ιι).
3508 2908 3533 2927 “

2011 3006 2079 3061 Et
2107 3007 2242 3060 dixit
2262 3006 2346 3061 Itis
2366 3007 2457 3077 qui
2482 3006 2815 3076 (edi/icabant
2851 3007 3033 3061 domos
3061 3047 3078 3072 ,
3118 3010 3169 3061 et
3203 2996 3531 3077 sponsabant'

1944 3115 2161 3164 uxores,
2196 3108 2242 3153 et
2272 3098 2580 3170 plantabant
2607 3100 2784 3155 uineas
2807 3140 2823 3167 ,
2849 3108 2955 3156 etc.
2982 3099 3254 3169 Scriptum
3280 3108 3365 3155 est
3381 3098 3523 3171 ergo

1948 3191 2001 3245 in
2043 3190 2458 3246 Denteronomio
2506 3189 2658 3261 (Cap.
2703 3188 2799 3262 x):
2837 3188 3009 3244 Homo
3053 3188 3426 3260 formidolosus
3472 3196 3535 3263 et,

1946 3283 2101 3337 corde
2121 3284 2310 3353 pavido
2329 3298 2435 3337 non
2456 3282 2756 3353 egrediatur
2779 3283 2849 3337 ad
2858 3281 3080 3349 bellum,
3096 3281 3253 3338 vadat
3274 3290 3327 3337 et
3349 3270 3529 3335 rever;

1946 3384 2090 3429 tatur
2108 3374 2177 3429 ad
2197 3375 2412 3429 domum
2438 3391 2612 3440 suam,
2640 3386 2704 3429 ne
2723 3388 2909 3445 pavere
2926 3374 3089 3445 faciat
3102 3374 3270 3429 corda
3299 3362 3537 3444 fratrum

1947 3485 2164 3524 suorum
2203 3471 2341 3524 sicut
2382 3479 2430 3524 et
2472 3470 2583 3540 ipse
2625 3469 2810 3522 timore
2846 3460 3151 3540 perterritus
3186 3460 3533 3541 e’st."Quibus'

1945 3560 2128 3615 verbis
2168 3560 2360 3617 edocet
2386 3572 2509 3614 noni
2537 3574 2695 3629 posse
2731 3553 3449 3630 quemquamprol'timioms'
3477 3558 3537 3613 et'

1949 3649 2438 3721 contemplationis,
2472 3649 2555 3704 vel
2589 3648 2851 3720 spiritalis
2874 3634 3347 3720 militiai'arripe're
3377 3646 3535 3704 exer:

1948 3740 2135 3806 citum,
2162 3739 2261 3811 qui
2282 3740 2462 3796 adhuc
2500 3740 2692 3794 nudari
2722 3740 2954 3795 terrenis
2980 3739 3245 3812 “operibus
3266 3732 3537 3815 per-timeJ

1948 3832 2171 3897 scit,‘ne
2186 3810 2383 3886 rursus
2410 3824 2723 3886 inﬁrmitate
2751 3831 2949 3887 mentis
2967 3810 3039 3887 ad
3060 3810 3319 3902 pristinas
3343 3810 3539 3892 sordes

1950 3932 2279 3991 revertatur,
2310 3928 2518 3998 suoque
2544 3923 2788 3998 exemplo
2818 3923 2956 3982 alios
2983 3928 3053 3984 ab
3076 3923 3384 4000 evangelica
3400 3922 3533 4000 per-4

1950 4019 2183 4077 lectione
2215 4031 2425 4087 avocet,
2448 4028 2503 4076 et
2526 4021 2761 4077 ﬁdelium
2785 4018 3024 4092 vigorem
3046 4018 3322 4077 inﬁrmet:
3344 4021 3539 4093 iuben-4

1951 4118 2042 4164 tur
2067 4111 2251 4182 itaque
2272 4112 2407 4168 tales
2439 4121 2513 4175 ut,
2545 4112 2884 4167 discedentes
2913 4127 2942 4165 a
2964 4127 3164 4182 pugna,
3198 4121 3541 4168 revertantur

1952 4201 2008 4256 in
2053 4203 2275 4257 domum
2320 4216 2512 4267 suam,
2554 4204 2680 4270 quia
2725 4206 2829 4257 nun
2868 4211 3094 4271 possunt
3135 4202 3333 4273 duplici
3378 4204 3540 4259 corde

1952 4291 2093 4347 bella
2124 4291 2337 4346 Domini
2370 4291 2623 4362 proeliari.
2663 4291 2761 4346 Vir
2801 4292 2946 4347 enim
2993 4292 3188 4362 duplex
3235 4292 3417 4348 animo
3459 4292 3541 4347 in-

1956 4395 2214 4440 constans
2239 4391 2323 4439 est
2349 4385 2402 4438 in
2424 4383 2674 4439 omnibus
2697 4384 2798 4439 viis
2824 4385 2956 4439 suis.
2982 4383 3140 4440 Tales
3166 4384 3363 4455 quippe
3380 4394 3541 4455 Opor-

1960 4485 2037 4531 tet
2079 4485 2139 4530 ut
2181 4464 2283 4531 nec
2325 4475 2538 4529 initium
2589 4475 2956 4530 renovationis
2998 4475 3296 4545 accipiant;
3347 4474 3542 4544 quibus

268 4569 501 4624 lectione
540 4568 721 4624 divina
770 4569 1111 4624 instruantur
1155 4567 1389 4638 qualiter
1426 4538 1615 4623 contra
1665 4569 1853 4624 hostes
1883 4538 1933 4598 θ
1959 4566 2152 4622 melius
2178 4575 2264 4620 est
2289 4572 2351 4619 ut
2381 4565 2435 4619 in
2473 4564 2649 4619 activa
2686 4564 2794 4618 vita
2824 4538 3134 4620 consistant
3160 4538 3322 4634 quam
3364 4538 3545 4633 tepide

269 4662 538 4733 spiritales
561 4662 791 4733 praeliari
830 4662 1047 4718 debent.
1079 4660 1249 4718 Locus
1292 4663 1436 4718 enim
1465 4661 1719 4715 orationis
1741 4669 1852 4715 erat

269 4753 327 4807 in
357 4750 598 4823 Maspha.
625 4751 742 4807 Non
770 4761 949 4806 autem
971 4752 1026 4807 in
1053 4752 1251 4817 Israel;
1280 4751 1404 4822 quia
1428 4750 1647 4806 oracula
1671 4750 1852 4805 divina

268 4856 368 4913 per
389 4841 555 4896 libros
583 4841 718 4912 legis
746 4850 800 4896 et
828 4842 1212 4912 prophetarum
1247 4843 1481 4913 primum
1516 4841 1673 4896 nobis
1698 4841 1857 4895 inno-

273 4939 493 4985 tuerunt
515 4970 530 4997 ,
559 4930 752 4986 deinde
795 4947 891 5001 per
938 4932 1311 5003 Evangelium.
1343 4932 1721 5002 Jejunaverunt
1763 4929 1861 4985 illa

275 5023 378 5077 die.
411 5021 547 5089 Quia
575 5023 923 5078 continentia:
951 5039 1171 5096 operam
1210 5023 1430 5076 dabant.
1468 5023 1765 5078 lnduerunt
1802 5042 1859 5080 se

275 5114 458 5168 ciliciis
477 5124 522 5168 et
547 5116 718 5168 cinere
740 5116 795 5168 in
827 5116 996 5185 capite
1038 5132 1151 5170 suo.
1181 5114 1317 5180 Quia
1346 5114 1726 5185 paenitentiam
1758 5131 1858 5186 pro

277 5204 515 5275 peccatis
544 5205 681 5271 suis,
715 5220 834 5275 qua:
863 5221 963 5277 per
994 5206 1144 5261 canis
1178 5205 1534 5276 fragilitatem
1569 5217 1858 5264 contraxe-

279 5303 407 5348 runt
450 5310 611 5365 agere
656 5294 950 5369 [agentes],
976 5299 1086 5352 Deo
1109 5297 1267 5367 digne
1293 5299 1627 5352 deserviunt.
1662 5298 1730 5351 Et
1757 5302 1860 5353 sci-

276 5382 466 5438 derunt
504 5385 806 5440 vestimenta
851 5403 968 5441 sua.
1016 5386 1151 5442 Cum
1202 5402 1402 5457 corpus
1453 5389 1755 5459 castigant,
1805 5401 1863 5446 et

280 5478 518 5535 carnalia
549 5481 604 5535 in
631 5496 690 5537 se
715 5481 977 5538 desideria
1009 5481 1356 5540 mortiﬁcant.
1382 5483 1536 5551 Quod
1562 5482 1861 5541 autem’se-

282 5570 468 5639 quitur
486 5574 634 5642 quia,

354 5660 733 5732 Expanderunt
781 5664 939 5720 libros
983 5665 1130 5736 legis,
1168 5666 1232 5720 de
1259 5666 1448 5737 quibus
1490 5668 1864 5721 scrutabantur

1962 4656 2471 4726 contemplationem
2528 4662 2925 4724 exsequentes,
2980 4651 3175 4724 majori
3230 4651 3545 4709 discrimine

1964 4749 2172 4818 seipsos
2196 4748 2500 4810 involvam;
2534 4746 2724 4801 melius
2762 4755 2848 4802 est
2886 4762 2995 4801 non
3031 4760 3227 4802 vovere
3250 4752 3412 4817 quam
3450 4742 3545 4800 voo'

1964 4857 2094 4896 vere
2120 4850 2177 4895 et
2204 4856 2310 4897 non
2349 4840 2592 4896 reddere.
2623 4839 2886 4894 Similiter
2927 4846 2983 4895 et
3025 4839 3114 4894 ille
3154 4838 3205 4893 a'
3230 4838 3321 4893 tali
3352 4837 3543 4893 militia

1968 4932 2313 5002 suspenditur
2342 4932 2432 5002 qui
2460 4948 2684 4987 uxorem
2710 4932 2956 4997 duxerit,
2986 4932 3075 5002 qui
3106 4927 3429 5001 plantaverit
3466 4928 3547 4984 vi-

1967 5041 2145 5087 neam,
2170 5032 2274 5078 etc.
2300 5024 2416 5080 Non
2445 5024 2588 5079 enim
2629 5032 2806 5094 potest
2854 5023 3059 5079 servire
3105 5021 3304 5077 divina!
3339 5020 3549 5077 militia:

1966 5131 2154 5171 servus
2192 5116 2413 5181 uxoris,
2445 5130 2544 5170 nec
2576 5123 2753 5185 potest
2784 5114 2999 5185 assequi
3018 5113 3265 5168 studium
3289 5119 3549 5169 contem-

1964 5207 2219 5278 plutionis
2244 5207 2334 5276 qui
2361 5207 2537 5261 adhuc
2562 5205 2615 5258 in
2652 5204 3009 5259 delectatione
3035 5198 3321 5274 conﬁgitur
3344 5192 3546 5260 carnis.

1967 5297 2138 5353 Nemo
2162 5339 2176 5363 ,
2224 5297 2401 5367 inquit
2442 5294 2759 5365 Apostolus,
2796 5294 3031 5348 militans
3060 5293 3189 5359 Deo,
3228 5292 3462 5365 implicat
3494 5284 3550 5350 se

1968 5388 2186 5459 negotiis
2229 5384 2571 5443 swcularibus
2595 5424 2614 5453 ,
2660 5393 2718 5439 ut
2760 5387 2809 5439 ei
2852 5384 3081 5456 placeat;
3104 5385 3191 5440 cui
3225 5399 3281 5439 se
3314 5382 3553 5457 probauit

1968 5478 2338 5556 alnqu
3110 5464 3117 5467 ’

2044 5573 2109 5628 Et
2136 5580 2404 5628 moverunt
2428 5580 2603 5627 castra
2626 5610 2641 5635 ,
2683 5578 2730 5624 et
2772 5569 3157 5624 collocaverunt
3198 5569 3268 5623 ad
3310 5575 3551 5623 austrum

1972 5666 2274 5720 Emmaum.
2292 5664 2462 5719 Recte
2478 5663 2752 5719 exercitus
2763 5660 2913 5716 Iuda:
2927 5663 2995 5717 ad
3009 5670 3253 5715 austrum
3268 5660 3551 5714 Emmaum

286 5758 458 5819 gentes
492 5754 887 5813 similtudinem
916 5755 1322 5813 simulacrorum
1351 5775 1568 5813 suorum
1586 5800 1602 5826 ,
1628 5759 1867 5816 ostendit
1972 5766 2153 5815 castra
2181 5756 2451 5814 collocare
2486 5755 2761 5822 dicuntur,
2793 5753 2919 5825 quia
2947 5752 3146 5809 milites
3169 5749 3403 5813 Christi,
3424 5763 3549 5805 cum
