4028 6464
601 357 761 423 "55

1272 361 1333 417 Β.
1375 358 1631 418 uanam
1663 359 1887 419 MAURI
1916 356 2237 419 ARCHIEP.
2280 360 2588 419 uocum.
2629 360 2914 421 OPERUM
2947 363 3127 421 rans
3160 344 3231 420 1.’

3666 364 3777 430 illst

600 489 791 539 contra
815 478 1001 536 hostes
1027 490 1154 534 suos
1180 476 1412 548 prmliari
1459 477 1785 549 disponunt,
1833 474 2013 530 calore
2032 468 2177 530 ’Μθὶ
2204 480 2258 543 Α
2281 483 2436 543 nunt,
2464 484 2518 531 et
2546 484 2901 531 conteruntur
2921 483 3109 547 gentes
3126 515 3140 540 ,
3169 473 3293 544 quia
3323 487 3420 543 per
3441 474 3569 531 tuba
3594 479 3781 540 soniti-

598 574 771 645 magis
798 588 857 629 sc
884 572 1124 627 animare
1159 585 1320 641 quam
1361 567 1559 642 frigore
1600 566 1932 623 inﬁdelitatis
1966 574 2183 637 torpore

598 662 821 736 eligunt.
1102 721 1119 729 _

610 786 619 799 -
668 755 740 810 Et
769 756 842 810 ait
864 753 1446 824 Judas:Accmgimini
1493 762 1543 806 et
1581 759 1739 806 estote
1772 749 1873 820 ﬁlii
1916 758 2179 822 potentes,

596 857 757 904 estote
784 850 956 918 parati
994 847 1049 899 in
1076 860 1259 911 mane,
1285 852 1343 897 ut
1381 843 1621 914 pugnetis
1658 842 1905 896 adversus
1946 841 2183 894 nationes

596 939 693 992 has
725 950 844 1010 qua:
872 946 1216 991 convenerunt
1238 933 1539 1005 disperdere
1562 950 1676 987 nos.
1703 932 1848 987 Talis
1878 933 2037 987 debet
2064 946 2184 986 esse

595 1028 840 1083 doctrina
878 1036 1188 1082 sanctorum
1229 1026 1641 1096 przcdicatorum
1672 1023 1901 1093 talisque
1933 1024 2186 1078 exhorta-

597 1121 707 1188 tio,
749 1128 811 1175 ut
850 1120 1077 1175 incitent
1119 1119 1328 1174 animos
1372 1118 1679 1174 auditorum
1724 1133 1974 1182 suorum,
2026 1118 2186 1173 robo-

594 1219 893 1282 renturque
936 1210 1099 1266 corda
1150 1222 1337 1265 eorum
1384 1210 1450 1265 ad
1486 1209 1843 1265 resistendum
1882 1207 2098 1263 diabolo
2131 1214 2187 1263 et

594 1303 859 1359 exercitui
886 1300 1023 1373 eius,
1053 1317 1205 1375 spem
1228 1314 1444 1373 quoque
1471 1303 1711 1358 victoria:
1756 1301 1854 1357 soli
1895 1302 2007 1357 Deo
2037 1316 2183 1357 com-

596 1393 841 1451 mittunt.

622 1504 627 1509 ‘
1215 1484 1447 1542 CAPUT
1479 1487 1569 1542 IV.

595 1574 880 1634 Debellatis
907 1576 1105 1650 Gorgia
1127 1587 1174 1634 et
1200 1577 1361 1650 Lysia
1382 1578 1553 1633 ludas
1577 1577 1875 1649 puriﬁcavit
1899 1573 2183 1650 templum}

821 1650 888 1704 de
908 1648 1239 1704 dedicatione
1252 1648 1452 1704 altaris
1474 1658 1522 1703 et
1548 1648 1740 1703 ornatu
1760 1648 1957 1719 templi.

667 1741 741 1799 Et
783 1744 1067 1813 assumpsit
1108 1740 1331 1812 Gorgias
1379 1742 1607 1813 quinque
1648 1740 1817 1795 millia
1858 1741 2091 1794 uirorum
2136 1747 2186 1793 et

2284 586 2389 627 vox
2412 569 2808 642 praedicationis
2831 569 3181 640 exprimitur;
3206 568 3400 623 milites
3419 567 3556 626 ludia
3586 574 3689 629 tuba
3710 590 3783 633 es.

2282 670 2438 729 nunt,
2461 679 2585 719 cum
2609 663 2991 734 prazdicatores
3031 661 3229 718 Christi
3274 661 3598 733 Evangelium
3627 666 3674 720 in
3703 676 3789 726 toto

2283 755 2486 810 mundo
2523 755 2865 810 annnntiant.
2915 754 3065 811 Unde
3113 761 3460 811 conteruntur
3478 753 3667 824 hostes,
3694 761 3790 829 quia

2285 845 2409 902 fidei
2468 846 2673 902 Christi
2729 845 3094 916 subjiciuntur
3128 855 3320 918 gentes
3344 886 3357 910 ,
3398 860 3492 901 nec
3535 863 3630 903 non
3668 852 3793 918 spiri-

2284 937 2420 992 tales
2456 937 2661 991 inimici
2704 937 2902 991 virtute
2939 944 3297 991 conteruntur
3316 934 3531 1001 Christi,
3553 940 3794 1010 atquegla~

2285 1027 2373 1083 dio
2401 1027 2637 1099 Spiritus
2681 1029 2854 1084 sancti
2894 1027 3151 1083 trucidati
3200 1035 3514 1097 merguntur
3547 1027 3595 1083 in
3625 1029 3797 1099 profun-

2285 1118 2412 1173 dum
2444 1119 2641 1189 abyssi.

2355 1207 2427 1262 Et
2460 1212 2718 1278 persecuti
2756 1218 2878 1263 sunt
2923 1224 3011 1263 eos
3050 1224 3214 1280 usque
3250 1207 3511 1276 Gezeron,
3544 1218 3587 1264 et
3609 1213 3800 1283 usquin

2284 1317 2495 1372 campos
2523 1299 2796 1366 Idumww,
2821 1311 2875 1356 et
2893 1299 3049 1355 Azoti
3065 1344 3079 1368 ,
3111 1311 3159 1357 et
3183 1300 3435 1355 lautitia.
3464 1300 3669 1357 Nomina
3696 1304 3801 1359 loco-

2286 1407 2403 1448 rum
2444 1407 2614 1462 usque
2654 1407 2775 1462 qua:
2816 1401 3135 1463 persecutus
3159 1400 3244 1448 est
3283 1392 3451 1447 Judas
3492 1393 3658 1449 hostes
3683 1409 3798 1456 suos.

2285 1486 2658 1541 demonstrant
2682 1486 2903 1541 virtutis
2941 1501 3051 1540 sua:
3082 1483 3412 1550 efﬁcaciam;
3447 1483 3667 1542 Gezerou
3696 1487 3801 1541 enim

2286 1578 2677 1648 interpretatur
2695 1578 2858 1649 juxta
2884 1578 3060 1632 lumen
3078 1594 3252 1632 meum
3274 1596 3295 1644 ;
3320 1577 3565 1643 Idumam,
3600 1577 3701 1649 rufa
3721 1579 3804 1634 sive

2285 1680 2524 1737 terrena;
2564 1671 2789 1737 Azotus,
2831 1670 2969 1740 ignis
3006 1669 3289 1740 patruelis;
3318 1668 3548 1733 Jamnia,
3578 1685 3701 1723 mare
3723 1670 3805 1724 sire

2286 1760 2500 1816 dextera
2528 1761 2664 1832 ejus.
2693 1760 2761 1815 Et
2800 1761 2928 1835 quid
2954 1775 3052 1831 per
3072 1759 3319 1817 Gczeron
3358 1759 3462 1815 nisi
3498 1767 3659 1813 tamen
3689 1758 3805 1823 Idri,

594 1835 792 1907 equites
816 1835 1027 1893 electos.
1053 1836 1285 1908 Gorgias
1310 1837 1551 1907 quinque
1579 1833 1748 1888 millia
1791 1834 1846 1887 in
1884 1834 2183 1888 exercitum

2288 1861 2343 1908 et
2382 1853 2512 1924 quid
2533 1866 2630 1922 per
2668 1833 2960 1906 ldumteam
3015 1851 3120 1905 nisi
3165 1849 3480 1921 gentilitas?
3511 1848 3638 1916 Quid
3672 1856 3805 1901 autem

596 1942 753 1983 suum
796 1929 1135 1999 assumpsit,
1187 1942 1315 1983 cum
1360 1927 1605 1983 diabolus
1649 1925 1897 1980 carnales
1944 1925 2184 1995 quinque

596 2022 848 2077 sensibus
877 2022 1127 2093 corporis
1168 2021 1378 2077 deditos
1420 2020 1671 2075 illecebra
1704 2018 2037 2088 voluptatum
2082 2014 2185 2071 sibi

595 2112 838 2168 adnuere
864 2114 1178 2179 contendit;
1214 2113 1363 2168 mille
1400 2112 1611 2182 equites
1637 2125 1822 2165 secum
1863 2110 2030 2176 tollit,
2059 2122 2183 2164 cum

593 2216 757 2260 omne
778 2204 978 2261 bellum
1006 2218 1164 2260 suum
1187 2204 1242 2259 in
1270 2203 1523 2275 superbia
1550 2210 1605 2258 et
1626 2210 1942 2272 contemptu
1964 2201 2186 2255 manda-

597 2304 772 2353 torum
794 2295 891 2354 Dei
922 2310 1086 2369 agere
1127 2297 1396 2367 disponit,
1427 2305 1697 2367 quatenus
1726 2296 1976 2350 contritae
2014 2294 2188 2365 partis

593 2391 648 2447 in
672 2392 775 2446 hoc
796 2392 1013 2463 agmina
1039 2398 1280 2462 superet,
1314 2404 1436 2445 cum
1468 2404 1562 2445 eos
1599 2388 1960 2460 praevaricare
1990 2403 2189 2459 praece-

593 2490 686 2554 pta
711 2482 805 2539 Dei
833 2485 1063 2540 suadet:
1094 2481 1318 2537 Initium
1348 2482 1487 2537 enim
1519 2481 1687 2535 omnis
1716 2479 1914 2551 peccati
1945 2477 2188 2548 superbia

594 2572 861 2645 θρωπε.
899 2573 990 2645 x);
1022 2572 1115 2628 ubi
1151 2582 1343 2627 auctor
1364 2570 1557 2625 mortis
1600 2569 1702 2625 sibi
1744 2577 1798 2624 et
1841 2568 2189 2639 sequentibus

595 2663 805 2719 invenit
821 2664 1056 2719 ruinam.
1083 2661 1152 2718 Et
1170 2661 1310 2717 bene
1328 2660 1533 2715 dicitur
1552 2660 1697 2730 quod
1727 2667 1887 2713 nocte
1905 2673 2190 2729 promove-

595 2751 667 2809 rit
696 2760 904 2817 castra;
932 2752 1059 2824 quia
1089 2760 1256 2808 totam
1290 2750 1588 2820 nequitiam
1638 2764 1792 2805 suam
1837 2764 1938 2819 per
1977 2749 2191 2804 caecita-

597 2852 709 2900 tem
732 2844 933 2903 mentis
964 2844 1019 2900 in
1046 2845 1150 2901 sibi
1179 2842 1436 2914 subjectis
1462 2858 1723 2899 exercere
1751 2843 2105 2913 concupiscit,
2133 2851 2192 2898 ut

599 2933 750 2989 nullo
773 2935 937 2991 modo
960 2934 1294 3006 praevideant
1321 2933 1497 3006 qualis
1520 2934 1624 2989 sibi
1652 2934 1809 2989 ruina
1831 2949 1898 2988 ex
1923 2948 2189 2989 consensu

601 3025 811 3096 peccati
840 3026 1145 3082 immineat.

667 3114 738 3170 Et
776 3115 877 3186 ﬁlii
913 3130 1100 3171 «rem
1133 3116 1226 3188 qttt'
1268 3123 1422 3171 erant
1446 3129 1512 3169 eat
1547 3128 1669 3168 arce
1709 3122 1859 3168 erant
1903 3113 1984 3168 illi
2009 3114 2185 3168 duces.

591 3204 705 3261 Arx
732 3206 822 3262 hic
848 3220 958 3262 non
986 3206 1327 3264 aititudinem
1362 3207 1627 3262 virtutum
1648 3247 1662 3272 ,
1686 3205 1780 3261 sed
1806 3204 2182 3261 excellentiam
2210 3211 2256 3276 ο

592 3314 746 3356 vanae
781 3298 968 3372 gloriae
994 3299 1308 3373 signiﬁcat:
1341 3299 1419 3355 illi
1439 3300 1585 3355 enim
1613 3299 1997 3369 peccatoribus
2018 3299 2184 3353 duca-

595 3400 709 3448 tum
749 3393 996 3464 praebent
1039 3394 1134 3465 qui
1174 3393 1229 3451 in
1274 3393 1585 3465 superbiam
1613 3406 1674 3447 se
1702 3392 1914 3465 erigere
1946 3391 2179 3457 audent;

592 3490 825 3553 possunt
861 3491 918 3539 et
963 3482 1184 3555 maligni
1216 3483 1440 3555 spiritus
1471 3483 1526 3551 in
1564 3482 1651 3539 his
1672 3483 1901 3540 ducibus
1940 3482 2183 3550 adverti,

592 3574 687 3644 qui
732 3574 803 3630 ad
842 3573 961 3644 eius
989 3581 1204 3646 partem
1242 3576 1522 3646 pertinent
1554 3575 1647 3645 qui
1692 3575 1871 3630 dixit:
1900 3574 1969 3629 In
1998 3574 2184 3629 celum

595 3666 875 3721 amandum
898 3674 952 3722 et
972 3682 1167 3737 ponam
1186 3666 1379 3722 solium
1404 3682 1580 3722 meum
1598 3666 1656 3720 in
1680 3666 1999 3737 aquilonem,
2021 3673 2070 3720 et
2094 3680 2185 3720 ero

594 3756 786 3815 similis
813 3757 1082 3813 Altissimo
1105 3757 1242 3829 (Isa.
1268 3757 1403 3831 iur).
1431 3758 1525 3814 lsti
1556 3758 1704 3813 enim
1735 3759 1900 3813 duces
1928 3757 2186 3827 iniquita-

594 3851 669 3907 tis
695 3850 749 3907 in
784 3848 998 3906 foveam
1037 3858 1093 3906 et
1122 3850 1438 3923 voraginem
1484 3850 1753 3906 scelerum
1785 3848 2185 3905 consentientes

595 3944 701 4003 sibi
730 3957 1009 4014 omnem
1036 3943 1256 3999 trahere
1282 3942 1574 3998 desistunt.

669 4057 738 4113 Et
767 4058 967 4113 audivit
997 4055 1202 4123 Iudas,
1231 4066 1279 4111 et
1302 4058 1531 4112 surrexit
1568 4058 1677 4128 ipse
1708 4066 1754 4110 et
1785 4062 2015 4126 potentes
2044 4054 2180 4125 ejus.

597 4147 757 4217 Nota,
788 4149 983 4216 lector,
1000 4148 1141 4220 quod
1170 4163 1298 4219 pars
1327 4148 1554 4204 adversa
1571 4164 1690 4219 qum
1715 4148 1906 4220 juncta
1932 4145 2033 4202 fuit
2053 4147 2187 4204 Gor-

594 4242 715 4314 giae,
744 4249 913 4296 totam
937 4240 1345 4312 dispositionem
1385 4239 1467 4297 sui
1508 4238 1636 4295 belli
1673 4239 1727 4294 in
1754 4247 1916 4295 nocte
1940 4238 2103 4305 facit;
2130 4245 2186 4293 et

594 4332 761 4390 Iudas
784 4342 946 4406 atque
969 4334 1049 4389 sui
1073 4349 1334 4406 sequaces
1357 4334 1411 4389 in
1438 4333 1558 4389 die:
1583 4334 1709 4404 quia
1732 4343 2049 4406 operatores
2069 4349 2187 4388 sce-

594 4422 765 4483 lerum
780 4435 835 4483 et
855 4428 1205 4485 exsecutore's
1227 4443 1472 4484 errorum
1496 4427 1935 4483 contaminantur
1950 4442 2182 4497 semper,

595 4529 837 4577 rectores
863 4521 1212 4576 tenebrarum
1240 4520 1413 4576 lucem
1443 4519 1675 4575 odiendo
1707 4520 2011 4575 divinorum
2047 4535 2186 4593 pra:-

595 4618 920 4685 eeptorum,
969 4618 1025 4666 et
1071 4611 1457 4667 obscuritatem
1518 4608 1787 4680 diligendo
1841 4608 2179 4666 srecularium

594 4700 951 4775 voluptatum.
996 4700 1148 4757 Unde
1189 4716 1287 4772 per
1332 4700 1559 4756 Paulum
1607 4701 1805 4757 dicitur
1850 4721 1861 4756 :
1908 4702 2012 4769 Qui
2055 4702 2183 4756 dor-

595 4791 789 4858 miunt,
827 4801 973 4849 nocte
994 4790 1367 4855 dormiunl;et
1391 4792 1479 4863 qui
1511 4791 1822 4857 ebriisrmt,
1869 4802 2015 4846 nocte
2056 4791 2185 4847 ebrii

595 4893 756 4941 sunt:
786 4902 877 4939 nos
924 4894 1097 4941 autem
1120 4925 1133 4951 ,
1163 4884 1252 4955 qui
1282 4884 1385 4937 diei
1418 4900 1631 4951 sumus,
1671 4901 1773 4937 non
1804 4901 1985 4940 sumus
2020 4884 2183 4938 noctis

592 4976 693 5050 ﬁlii
714 4993 876 5048 neque
898 4974 1227 5031 tenebrarum
1253 4972 1307 5046 (Ι
1332 4970 1510 5027 Thess.
1540 4974 1614 5044 v).
1641 4971 1843 5028 Verum
1870 4972 2057 5040 Judas,
2081 4976 2185 5030 hoc

596 5077 680 5123 est
723 5065 1003 5122 confessor
1031 5064 1139 5119 Dei
1163 5105 1178 5130 ,
1220 5079 1437 5119 omnem
1480 5072 1798 5135 apparatum
1828 5064 1953 5119 belli
1985 5066 2037 5119 in
2066 5065 2185 5120 luce

595 5159 722 5217 ﬁdei
754 5169 916 5233 atque
944 5156 1296 5217 meditatione
1325 5156 1460 5227 legis
1487 5156 1582 5210 Dei
1616 5156 1863 5222 ordinat;
1893 5156 2033 5211 unde
2058 5172 2182 5212 cum

594 5248 772 5309 'trihus
799 5250 1035 5308 millibus
1062 5251 1305 5305 virorum
1345 5257 1551 5307 tantum
1597 5248 1650 5302 in
1693 5262 1882 5320 campo
1923 5258 2178 5320 apparet,

598 5358 724 5400 cum
750 5338 855 5397 illis
878 5341 1130 5398 videlicet
1151 5341 1243 5413 qui
1270 5357 1379 5398 non
1411 5340 1464 5395 in
1496 5340 1766 5395 mundana
1796 5342 2060 5411 potentia,
2085 5342 2179 5397 sed

599 5433 655 5492 in
687 5432 792 5490 ﬁde
816 5433 1018 5501 Patris,
1043 5443 1099 5491 et
1120 5432 1275 5501 Filii,
1297 5443 1352 5491 et
1382 5428 1622 5505 Spirilus
1652 5433 1827 5489 sancti
1861 5433 2181 5492 ﬁducialiter

600 5531 843 5607 agentes,
874 5537 997 5578 cum
1024 5524 1370 5596 simplicitate
1394 5524 1592 5579 mentis
1612 5523 1779 5579 vitam
1802 5523 2087 5587 honestam
2129 5525 2181 5580 in

600 5614 703 5673 hoc
726 5615 925 5671 mundo
945 5615 1142 5669 ducere
1170 5616 1406 5673 student.

678 5708 745 5761 Et
772 5707 1067 5763 levaverunt
1099 5705 1405 5778 alienigena:
1434 5707 1613 5762 oculos
1641 5724 1786 5763 suos.
1826 5703 2185 5763 Venientibus

606 5813 668 5853 ex
695 5798 920 5856 adverso
946 5796 1196 5855 hostibus
1224 5797 1277 5852 in
1305 5796 1548 5868 praelium
1575 5798 1710 5853 socii
1748 5796 1900 5854 Iudae
1928 5796 2058 5854 tuba
2087 5814 2183 5855 ca-

2210 4572 2263 4635 1)

2287 1960 2386 2018 per
2414 1947 2591 2015 ignem
2618 1944 2943 2015 patruelem,
2973 1944 3079 1999 nisi
3104 1942 3266 2000 ardor
3292 1943 3600 2008 charitatis;
3638 1950 3682 1996 et
3714 1941 3808 2012 quid

2286 2052 2383 2108 per
2409 2035 2698 2103 Jamuiam,
2742 2036 2845 2093 nisi
2888 2035 3232 2108 profunditas
3278 2035 3517 2092 scientia:
3555 2044 3605 2090 et
3637 2033 3807 2089 effectus

2286 2126 2415 2184 boni
2440 2129 2622 2200 operis
2659 2128 3103 2184 demonstratur?
3129 2128 3348 2184 Tandiu
3380 2142 3506 2197 elgo
3535 2126 3809 2196 persequitur

2289 2219 2488 2275 chorus
2509 2227 2825 2275 sanctorum
2856 2219 3138 2275 doctorum
3162 2219 3425 2291 gentilem
3457 2217 3686 2288 populum
3703 2257 3716 2281 ,
3740 2216 3809 2270 do-

2288 2326 2391 2368 nec
2417 2312 2567 2368 illum
2594 2312 2662 2367 ab
2687 2327 2873 2368 errore
2901 2313 3224 2385 gentilitatis
3264 2312 3334 2368 ad
3375 2312 3550 2367 lumen
3592 2310 3697 2365 ﬁdei
3725 2322 3811 2378 per-

2289 2406 2470 2472 ducat,
2493 2413 2548 2460 et
2573 2405 2748 2475 ignem
2771 2405 3058 2461 eharitatis
3101 2406 3157 2461 in
3192 2420 3257 2461 eo
3299 2403 3575 2468 accendat,
3610 2409 3811 2475 provocet

2289 2513 2413 2555 eum
2439 2497 2507 2553 ad
2530 2497 2933 2554 meditationem
2960 2499 3155 2555 divina:
3184 2498 3324 2570 legis
3341 2507 3505 2569 atque
3524 2496 3730 2553 studium
3746 2494 3812 2549 bo-

2289 2591 2344 2645 ni
2368 2591 2567 2661 operis.
2593 2589 2722 2646 Haec
2747 2591 2897 2646 enim
2928 2591 3241 2662 persecutio
3271 2588 3552 2647 salutifera
3569 2597 3671 2653 est,
3692 2596 3734 2642 et
3756 2586 3811 2640 in-

2292 2681 2540 2737 terfectio
2571 2676 2823 2738 salubris.
2862 2682 3019 2738 Unde
3054 2682 3439 2754 subiungitur:

2364 2771 2429 2828 Et
2453 2773 2751 2828 ceciderunt
2784 2790 2849 2828 ea:
2877 2771 2985 2828 illis
3005 2773 3075 2827 ad
3104 2774 3208 2827 tria
3243 2771 3418 2827 millia
3454 2772 3682 2825 virorum.
3702 2765 3812 2822 Sicut

2290 2864 2434 2919 enim
2474 2864 2578 2919 tria
2622 2864 2789 2920 millia
2826 2863 3048 2920 fuerunt
3080 2865 3359 2921 sociorum
3403 2863 3548 2920 Iuda:
3574 2861 3654 2932 qui
3679 2872 3813 2930 perse-

2290 2955 2615 3027 quebantur,
2648 2955 2728 3011 sic
2754 2964 2808 3011 et
2831 2955 3146 3011 ceciderunt
3183 2973 3250 3011 ex
3302 2955 3538 3012 hostium
3580 2960 3711 3025 parte
3740 2951 3812 3005 tria

2292 3047 2490 3115 millia;
2518 3049 2834 3104 ceciderunt
2860 3063 2969 3103 non
3012 3059 3070 3103 ut
3114 3042 3372 3104 funditus
3420 3047 3710 3112 interirent,
3748 3042 3813 3096 sed

2292 3146 2353 3192 ut
2398 3147 2517 3210 post
2566 3154 2747 3195 casum
2788 3141 2955 3196 erecti
2997 3139 3191 3195 melius
3238 3147 3451 3196 starent
3479 3157 3491 3193 :
3517 3138 3633 3210 quia
3666 3134 3810 3190 imbuti

2287 3240 2489 3287 sancta:
2512 3230 2796 3287 Trinitatis
2817 3231 2947 3299 ﬁde,
2971 3232 3037 3286 ad
3080 3246 3270 3287 eorum
3316 3232 3622 3287 societatem
3657 3224 3813 3298 pertin-

2287 3339 2416 3396 gere
2447 3325 2737 3383 studebant
2776 3339 2912 3397 quos
2948 3338 3006 3380 se
3050 3324 3141 3395 pio
3188 3325 3375 3380 animo
3418 3328 3705 3395 persecutos
3729 3331 3812 3373 esse

2287 3417 2679 3491 agnoscebant.

2357 3509 2427 3566 Et
2453 3525 2686 3565 reversus
2707 3518 2781 3564 est
2803 3507 2839 3564 J
2844 3507 2976 3563 udas
2996 3516 3043 3563 et
3073 3509 3337 3563 exercitus
3360 3507 3475 3578 ejus
3493 3518 3687 3578 seun
3712 3515 3811 3563 ενα,

2286 3607 2393 3656 etc.
2442 3598 2637 3653 Milites
2671 3612 2887 3671 quoque
2945 3596 3146 3652 Christi
3186 3609 3533 3669 nequaquam
3567 3590 3813 3648 imminente

2286 3690 2428 3748 bello
2447 3692 2555 3746 cito
2578 3689 2777 3747 debent
2797 3704 2917 3745 esse
2940 3688 3117 3746 securi
3132 3688 3199 3745 de
3214 3689 3470 3757 victoria,
3486 3686 3575 3744 sed
3595 3680 3813 3741 tandiude-

2286 3784 2417 3839 bent
2443 3781 2702 3854 praeliari,
2731 3781 2902 3836 donec
2929 3781 3064 3836 certi
3086 3781 3195 3837 sint
3216 3781 3283 3836 de
3308 3779 3609 3839 concisione
3636 3774 3813 3833 hostium

2287 3873 2672 3949 Spiritualium.
2708 3871 2843 3927 Cum
2881 3872 3024 3929 enim
3058 3873 3439 3947 persequendo
3478 3870 3696 3929 homines
3721 3878 3811 3937 pec-

2287 3978 2499 4023 catores
2531 3981 2624 4021 seu
2656 3964 2921 4031 infideles,
2954 3980 3048 4020 eos
3082 3972 3472 4025 converterunt
3513 3962 3575 4018 ad
3601 3958 3809 4032 pmniten-

2288 4059 2420 4114 tiam
2444 4067 2791 4130 peccatorum
2828 4064 2884 4111 et
2923 4057 2990 4111 ad
3020 4056 3181 4112 iidem
3214 4054 3446 4122 Christi,
3485 4068 3595 4127 quae
3616 4065 3698 4124 per
3718 4044 3812 4102 dile-

2287 4154 2519 4209 ctionem
2549 4160 2805 4222 operatur
2831 4150 2971 4205 bona
2999 4165 3191 4223 opera,
3224 4158 3357 4205 tunc
3381 4156 3587 4221 Oportet
3606 4152 3655 4199 ut
3673 4151 3809 4197 eorum

2289 4244 2546 4315 colligant
2572 4241 2741 4314 spolia
2762 4282 2775 4309 ,
2800 4241 2905 4297 hoc
2936 4249 3049 4307 est,
3083 4255 3271 4297 eorum
3306 4248 3527 4295 utantur
3563 4231 3748 4292 scientia
3768 4238 3811 4280 ac

2286 4333 2361 4403 pii
2415 4332 2617 4389 laboris
2669 4331 3073 4387 communicent
3130 4331 3417 4386 industria.
3469 4328 3524 4384 In
3546 4340 3664 4381 auro
3707 4318 3807 4376 enim

2286 4440 2575 4498 possumus
2613 4426 2859 4496 accipere
2892 4424 3174 4479 scientiam
3202 4465 3216 4492 ,
3261 4424 3315 4479 in
3364 4431 3582 4495 argento
3613 4418 3809 4486 eloquen-

2290 4521 2450 4586 tiam,
2500 4521 2555 4574 in
2606 4519 2899 4593 hyacintho
2949 4518 3225 4574 emlestcm
3278 4505 3808 4574 conversationem.ill

2287 4626 2526 4685 purpura
2555 4626 2653 4682 per
2682 4610 3001 4682 martyrium
3034 4608 3317 4680 sanguinis
3354 4606 3670 4665 elfusiouem.
3701 4597 3808 4653 Tunc

2288 4702 2433 4756 enim
2465 4698 2740 4755 fructuose
2770 4698 3072 4769 colligimus
3100 4700 3198 4754 has
3230 4715 3378 4771 opes,
3412 4700 3463 4753 in
3488 4696 3587 4753 ﬁde
3614 4700 3734 4748 recta
3756 4687 3809 4741 in:

2287 4790 2536 4845 venimus
2561 4804 2656 4844 eas
2689 4803 2808 4843 esse
2835 4787 3193 4860 acceptabiles
3212 4829 3225 4854 ,
3249 4788 3295 4843 si
3319 4801 3494 4844 tamen
3518 4784 3580 4841 ad
3600 4776 3809 4855 spiritales

2289 4885 2477 4943 hostes
2506 4886 2645 4939 hanc
2679 4882 3062 4939 transierimus
3089 4884 3400 4938 victoriam.
3430 4882 3574 4937 Tunc
3611 4877 3806 4933 debemus

2290 4994 2410 5034 esse
2434 4978 2632 5043 securi,
2665 4993 2787 5033 cum
2817 4986 2942 5049 post
2970 4975 3135 5031 finem
3161 4976 3444 5048 praesentis
3484 4975 3598 5031 vitae
3629 4984 3715 5025 non
3750 4968 3807 5017 εει

2284 5086 2507 5126 necesse
2535 5069 2773 5125 hostium
2809 5067 3035 5123 insidias
3064 5068 3278 5123 timere.
3313 5068 3447 5123 Tum
3474 5066 3607 5122 enim
3631 5053 3805 5116 salubri-

2285 5174 2369 5220 ter
2411 5160 2713 5235 colligimus
2755 5161 2959 5233 spolia,
2991 5176 3114 5218 cum
3153 5162 3355 5221 laboris
3401 5159 3562 5217 nostri
3593 5149 3805 5211 aChrisl0

2281 5256 2545 5326 condigna
2581 5254 2907 5326 accipiemus
2928 5253 3172 5325 praemia.
3220 5253 3370 5309 Unde
3395 5253 3529 5309 bene
3554 5245 3721 5311 dicitur
3739 5235 3786 5293 Ju

2280 5347 2379 5407 das
2404 5347 2580 5402 socios
2606 5360 2731 5411 suos
2758 5343 3033 5407 exhortari
3055 5353 3117 5399 ut
3153 5357 3264 5403 non
3290 5339 3801 5414 concupisceth

2286 5436 2360 5493 lia
2406 5452 2528 5493 cum
2591 5433 2876 5517 [quandiu]
2927 5435 3271 5499 inimicorum
3328 5448 3463 5492 saeva
3512 5418 3800 5487 immincwl

2286 5527 2429 5585 bella
2460 5542 2582 5582 cum
2606 5525 2820 5597 penitus
2858 5524 3063 5581 inimici
3093 5524 3335 5597 superati
3362 5529 3543 5586 erant,
3573 5525 3683 5571 tunc
3708 5519 3795 5597 cum

2287 5619 2404 5676 suis
2446 5633 2697 5674 reversus
2743 5625 2827 5673 est
2871 5617 2940 5672 ad
2984 5596 3163 5689 spolia
3195 5624 3492 5673 castrorum
3527 5596 3796 5689 colligendnt

2288 5709 2411 5781 quia
2457 5722 2677 5763 necesse
2716 5716 2800 5762 est
2845 5716 2904 5761 ut
2946 5685 3270 5780 praedicator
3312 5705 3529 5778 quisque
3570 5685 3797 5781 admouefl

2289 5771 2561 5855 auditores
2608 5814 2736 5855 suos
2787 5807 2847 5854 ut
2900 5771 3244 5854 inimicorum
3303 5796 3617 5871 pmcaveanl
3654 5771 3793 5853 1³⁸⁸³³
