4028 6522
283 401 421 458 1157

990 391 1342 453 (Imm.
1384 390 1454 447 ΙΝ
1489 388 1740 447 LIBROS
1778 386 2348 448 MACHABASORUM.
2413 420 2460 433 -
2496 389 2567 447 IN
2601 390 2731 449 LIB.
2769 390 2813 450 1.

3405 392 3545 456 1158
3576 452 3579 457 .

278 522 516 595 quandiu
538 528 750 592 tempus
767 525 850 575 est
1030 514 1167 572 Cum
1184 523 1365 569 autem
1389 512 1698 584 pervenerit
1726 518 1864 565 tem-
1887 512 1937 573 Α
1966 512 2119 582 cujus
2158 513 2393 568 maxime
2424 513 2647 569 conﬁdit
2674 519 2988 586 potentatu;
3039 519 3095 571 et
3123 514 3309 570 tandiu
3344 514 3547 572 insistit

274 629 377 688 pus
400 613 566 683 pacis,
594 611 765 682 ipsius
786 609 1037 665 videlicet
1052 607 1206 677 pacis
1232 620 1394 676 quam
1428 603 1676 660 Salvator
1697 604 1859 658 disci-

274 705 417 777 pulis
445 705 555 760 suis
588 702 863 774 promisit,
908 701 1134 756 dicens:
1166 690 1360 754 Pacem
1398 713 1568 752 meam
1609 697 1678 750 do
1716 698 1856 751 vobis

277 794 459 870 (lacn.
484 795 630 866 xw),
660 804 789 850 tunc
823 792 1033 863 prmiati
1070 788 1232 846 simul
1270 797 1324 843 et
1363 787 1559 843 subditi
1603 787 1857 858 gaudium

273 894 540 944 aeternum
561 886 836 942 habebunt
861 885 928 939 de
954 888 1211 953 percepta
1246 878 1704 943 remuneratione,
1730 877 1859 947 quia

276 995 619 1051 nequaquam
637 979 779 1033 ultra
807 976 1197 1046 pertimescent
1224 973 1290 1028 de
1328 971 1575 1041 sequenti
1613 969 1857 1024 laborum

272 1086 337 1127 ac
366 1072 725 1143 lacrymarum
752 1068 940 1123 dolore
963 1107 977 1132 ,
1006 1073 1138 1120 tunc
1167 1063 1293 1134 quia
1337 1059 1599 1135 [quando]
1630 1060 1740 1116 Deo
1767 1060 1862 1116 ad~

264 1165 436 1236 jutari
477 1181 576 1223 suo
611 1163 797 1220 laudes
845 1162 1075 1219 canendi
1113 1169 1325 1231 tempus
1371 1165 1473 1215 est.
1516 1157 1671 1213 Unde
1716 1157 1859 1213 scri-

270 1262 420 1327 ptum
447 1263 566 1310 est:

349 1345 416 1400 Et
457 1344 691 1401 conversi
732 1345 984 1415 hymnum
1039 1342 1339 1408 canebant,
1389 1351 1437 1395 et
1492 1338 1859 1395 benedicebant

269 1434 438 1490 Deum
466 1437 521 1489 in
550 1436 755 1502 celum,
786 1434 1033 1506 quoniam
1062 1434 1228 1488 bonus
1252 1442 1326 1487 est
1347 1473 1361 1499 ,
1385 1433 1634 1503 quoniam
1666 1432 1721 1487 in
1758 1447 1859 1485 sa:-

268 1527 450 1582 culum
486 1526 851 1581 misericordia
880 1525 1015 1595 ejus.
1050 1523 1209 1579 Sals
1245 1538 1438 1595 magna
1483 1531 1568 1578 est
1592 1522 1648 1577 in
1687 1520 1856 1577 lsrael

267 1620 489 1691 quando
517 1633 774 1674 numerus
793 1617 1129 1674 credentium
1152 1615 1541 1686 multiplicatur
1560 1614 1613 1669 in
1630 1614 1858 1670 Domino

264 1710 608 1782 populorum,
642 1710 734 1782 qui
761 1708 1096 1765 Salvatorem
1119 1716 1417 1779 agnoscunt
1447 1706 1568 1772 ﬁde,
1596 1706 1858 1762 conﬁten-

266 1812 360 1858 tur
387 1818 484 1858 are
505 1811 669 1874 atque
692 1804 747 1857 in
780 1816 889 1857 una
917 1800 1221 1874 gloriﬁcant
1252 1800 1583 1871 operatione.
1615 1798 1741 1855 Sive
1762 1798 1859 1855 ali-

1959 604 2167 674 prcelio,
2198 604 2371 659 donec
2394 605 2596 661 inimici
2621 606 2704 660 sui
2730 614 2894 676 atque
2922 606 3231 662 adversaria
3262 621 3410 662 arma
3435 608 3544 677 spi-

1958 693 2133 749 ritalia
2164 696 2232 750 ad
2250 694 2549 763 perfectum
2570 695 2887 767 iugulentur
2905 696 3100 767 gladio.
3124 697 3278 754 Unde
3304 699 3358 753 in
3380 712 3545 769 prece

1956 783 2106 840 Iuda:
2132 782 2472 855 subiungitur
2502 803 2514 839 :

2028 876 2213 946 Refice
2254 892 2341 931 eos
2379 876 2556 947 gladio
2594 877 2919 947 diligentiam
2945 887 3012 933 te.
3047 878 3305 950 Quinque
3322 889 3451 937 sunt
3482 898 3545 938 tt-

1957 972 2041 1028 ]πή
2067 972 2201 1042 legis
2228 973 2341 1038 Dei,
2370 981 2426 1027 et
2442 973 2682 1042 quinque
2710 982 2836 1029 sunt
2857 988 3069 1039 sensus,
3091 982 3152 1028 ut
3176 976 3544 1045 praediximus,

1959 1062 2193 1133 corpori.
2223 1061 2325 1130 Qui
2347 1064 2494 1117 enim
2517 1062 2813 1119 secundum
2838 1064 3140 1120 doctrinam
3166 1065 3302 1136 legis
3329 1069 3555 1123 restrin-

1959 1152 2039 1225 git
2065 1154 2557 1223 concupiscentiam
2602 1154 2804 1221 carnis,
2859 1157 3155 1212 avertendo
3185 1158 3372 1215 oculos
3423 1176 3553 1216 suos

1957 1257 2030 1298 ne
2054 1242 2270 1298 videant
2297 1244 2615 1308 vanitatem,
2673 1245 2977 1307 obturando
3018 1260 3178 1303 aures
3205 1262 3333 1304 suas
3356 1265 3427 1307 ne
3454 1266 3551 1305 au-

1959 1332 2111 1387 diant
2134 1332 2372 1405 linguam
2397 1334 2771 1389 detrahentem
2794 1333 2969 1406 (Psal.
2993 1336 3202 1409 cum),
3233 1346 3289 1394 et
3315 1338 3549 1395 obscena

1958 1425 2211 1480 carmina
2226 1425 2485 1481 adversus
2511 1427 2832 1495 mtmdanos,
2854 1429 3051 1499 quibus
3077 1428 3389 1501 frequenter
3401 1432 3554 1488 audi-

1961 1515 2032 1572 tis
2076 1517 2395 1588 inquinatur
2423 1519 2653 1575 interior
2699 1520 2900 1586 homo;
2936 1522 3029 1592 qui
3072 1521 3358 1578 odoratum
3391 1532 3555 1594 atque

1958 1615 2177 1678 gustum
2214 1622 2373 1663 suum
2420 1609 2661 1665 continet
2706 1610 3055 1677 ncilleeebra
3095 1620 3284 1669 mattu-
3309 1614 3554 1686 volupta—

1960 1708 2074 1754 tum
2101 1716 2115 1767 ;
2146 1701 2235 1771 qui
2258 1711 2457 1757 coercet
2494 1702 2729 1774 linguam
2766 1720 2917 1759 suam
2950 1720 2985 1760 α
3017 1706 3179 1774 malo,
3213 1716 3261 1762 et
3286 1708 3432 1764 labia
3454 1728 3553 1766 sua

1960 1806 2025 1844 ne
2053 1788 2299 1862 loquatur
2318 1792 2521 1859 dolum,
2561 1793 2769 1848 diuertit
2790 1810 2825 1848 a
2846 1795 2990 1851 mala
3007 1805 3055 1851 et
3083 1797 3217 1868 facit
3233 1798 3446 1867 bonum,
3477 1801 3555 1857 in-

267 1902 357 1949 ter
384 1901 517 1949 tunc
541 1873 595 1948 in
617 1893 785 1950 lsrael
813 1873 960 1948 salus
979 1893 1086 1948 erit
1107 1904 1324 1964 magna,
1351 1892 1567 1961 quando
1596 1892 1647 1946 in
1670 1889 1855 1947 Eccle-
1882 1873 1931 1934 Β
1955 1882 2117 1953 illi?“
2162 1899 2342 1954 Pacem
2368 1895 2418 1939 ει
2465 1887 2796 1958 persequitur
2844 1905 2961 1943 eam
3006 1888 3184 1962 (Paci.
3215 1894 3429 1965 xxxvi),
3453 1894 3555 1952 iste

266 1984 349 2041 sia
376 1984 583 2041 Christi
610 1984 916 2040 adversitas
942 1984 1050 2039 erit
1084 1981 1251 2038 nulla.
1286 1980 1351 2037 Et
1386 1981 1663 2053 signanter
1702 1980 1857 2036 addi-

264 2086 381 2132 tum
408 2084 528 2144 est,
558 2064 615 2131 in
652 2075 748 2132 illa
788 2077 909 2143 die;
943 2076 1000 2131 in
1043 2075 1129 2130 die
1174 2073 1362 2143 utique
1407 2071 1856 2138 resurrectionis,

264 2166 529 2239 quoniam
553 2181 751 2238 sponsa
777 2166 1116 2224 nobilissima
1148 2164 1203 2219 in
1230 2162 1436 2220 cazlesti
1472 2177 1641 2233 regno
1665 2178 1858 2235 super-

260 2270 337 2314 no
355 2256 615 2330 iungetur
626 2271 848 2331 sponso,
860 2257 1078 2329 quando
1093 2270 1282 2312 omnes
1297 2255 1471 2310 sancti
1491 2255 1545 2309 in
1567 2262 1857 2326 conspectu

266 2349 362 2405 Dei
408 2364 516 2406 non
566 2347 740 2405 solum
784 2348 857 2405 de
895 2349 1203 2416 animarum
1248 2347 1436 2416 requie
1480 2361 1735 2414 suarum,
1764 2345 1859 2402 sed

260 2448 320 2497 et
346 2442 413 2497 de
431 2455 721 2512 corporum
748 2439 1058 2513 gaudebunt
1080 2436 1512 2494 immortalitate.
1538 2436 1695 2495 Unde
1727 2440 1861 2495 scri-

260 2539 417 2603 ptum
455 2539 540 2586 est
567 2549 582 2586 τ

338 2622 649 2696 Quicunque
697 2624 1108 2695 alienigenarum
1157 2633 1332 2679 autem
1370 2633 1664 2689 evaserunt,
1709 2639 1862 2678 vene—

264 2724 391 2772 runt
425 2724 472 2770 et
502 2716 869 2770 nuntiaverunt
903 2714 1079 2785 Lysim
1110 2716 1357 2769 unirersa
1394 2731 1512 2786 qum
1537 2714 1854 2768 acciderant.

264 2809 509 2878 Denique
561 2806 876 2878 alienigena:
926 2806 1221 2861 evadentes
1247 2805 1530 2861 victoriam
1565 2802 1715 2857 Judae
1759 2818 1858 2857 an-

262 2899 516 2956 nuntiant
541 2897 734 2969 Lysia,
779 2898 906 2967 quia
930 2897 1174 2967 quidam,
1204 2913 1309 2952 non
1342 2895 1518 2969 [dum]
1548 2904 1860 2951 sanctorum

262 3004 363 3061 per
386 2990 670 3045 doctorum
696 2988 997 3044 ministeria
1021 2986 1224 3043 Christi
1258 2987 1612 3043 saluberrima
1641 2986 1863 3057 capiun-

262 3088 354 3137 tur
379 3081 580 3152 praeda,
595 3080 1019 3152 praceptoribus
1034 3079 1148 3135 suis
1177 3096 1207 3134 a
1235 3080 1431 3150 quibus
1458 3079 1771 3134 nutriuntur
1794 3079 1863 3133 ad

1958 1973 2211 2029 inimicos
2240 1989 2367 2032 suos
2396 1990 2689 2047 superans,
2733 1979 3017 2036 victoriam
3046 1984 3224 2053 capiet
3258 1984 3559 2042 saluberri-

1958 2082 2127 2133 mam,
2164 2075 2219 2123 et
2251 2068 2522 2140 triumpha
2552 2070 2810 2143 gaudebit
2835 2072 3165 2147 largissime.
3216 2075 3331 2133 Sed
3363 2076 3556 2151 Lysias

1960 2160 2238 2232 spiritalis,
2270 2160 2399 2217 licet
2419 2163 2587 2219 sane!
2606 2166 2690 2221 bis
2711 2173 2902 2238 terque
2919 2170 3191 2226 contritus
3211 2168 3393 2242 fugam
3418 2172 3557 2229 inie-

1960 2251 2051 2317 rit,
2101 2260 2282 2307 tamen
2318 2264 2424 2309 non
2471 2255 2684 2311 desistit
2725 2266 2949 2330 accepta
2982 2257 3037 2332 [a
3063 2258 3265 2335 empta]
3292 2263 3555 2335 nequitia,

1961 2345 2057 2401 sed
2094 2346 2333 2402 rediviva
2374 2347 2571 2403 iterum
2622 2352 2916 2408 resuscitat
2968 2352 3176 2424 praelia.
3238 2353 3391 2412 Unde
3418 2356 3557 2413 scri—

1958 2447 2112 2509 ptum
2142 2446 2225 2495 est
2248 2458 2261 2494 :

2040 2526 2234 2583 Videns
2262 2538 2435 2583 autem
2464 2530 2649 2600 Lysias
2675 2548 2893 2588 suorum
2920 2533 3123 2605 fugam,
3156 2543 3261 2593 etc.
3286 2516 3442 2593 Dixit
3464 2554 3563 2615 (ια-τ

1962 2625 2065 2670 tem
2095 2616 2288 2685 ludas,
2341 2625 2445 2675 etc.
2486 2620 2629 2675 Bene
2675 2620 2881 2677 dicitur
2905 2624 3051 2693 quod
3096 2623 3265 2683 Iudas
3309 2629 3563 2687 contritis

1961 2708 2229 2775 hostibus,
2270 2719 2433 2781 atque
2481 2713 2670 2784 sopitis
2701 2715 2769 2769 ad
2813 2723 3028 2787 tempus
3061 2716 3253 2785 hellis,
3306 2719 3562 2777 hortatur

1961 2812 2090 2853 suos
2138 2800 2280 2869 quod
2332 2802 2655 2857 mandarent
2689 2813 2878 2860 sancta
2927 2822 2991 2861 ac
3043 2816 3387 2876 renovarent,
3434 2810 3561 2880 quia

1964 2904 2216 2960 magnum
2245 2893 2483 2949 studium
2512 2895 2711 2950 habent
2753 2899 2927 2953 sancti
2960 2898 3210 2956 doctores
3253 2909 3316 2957 ut
3343 2902 3399 2957 in
3440 2902 3561 2975 qui-

1962 2983 2277 3054 buscunque
2314 2986 2441 3042 laesa
2474 2986 2544 3041 ab
2574 2987 2823 3045 hostibus
2869 2990 3233 3060 subiectorum
3264 2993 3367 3050 sibi
3396 2993 3563 3054 fuerit

1964 3075 2230 3144 Ecclesia,
2268 3078 2337 3133 ad
2376 3079 2667 3149 pristinum
2704 3088 2911 3137 statum
2953 3092 3158 3139 sanetae
3191 3086 3563 3143 conversatio-

264 3181 520 3239 mortem,
572 3172 699 3228 licet
746 3173 921 3239 inviti,
975 3173 1101 3242 quia
1137 3172 1366 3228 veritate
1400 3172 1607 3238 coacti,
1636 3171 1859 3244 gloriam
1894 3230 1933 3249 Α
1964 3169 2052 3225 nis
2078 3168 2274 3224 iterum
2325 3178 2679 3227 restauratur.
2730 3171 2892 3229 Juxta
2941 3175 3307 3249 trapalogiam
3354 3186 3559 3247 autem,

264 3266 590 3321 annuntiant
612 3263 835 3320 Christi.
877 3230 1067 3337 Lysias
1102 3267 1281 3332 enim,
1333 3267 1425 3336 qui
1464 3230 1859 3337 interpretatur
1888 3230 1937 3297 θ
1965 3275 2189 3317 necesse
2226 3270 2311 3316 est
2355 3268 2415 3316 ut
2462 3264 2835 3335 unusquisque
2872 3230 3052 3321 ﬁdelis
3092 3230 3337 3323 mgntem
3399 3230 3559 3326 suun;

262 3374 540 3430 generous,
587 3355 860 3428 signiﬁcat
902 3355 1087 3412 mundi
1116 3365 1383 3428 potentes,
1434 3358 1547 3427 qui,
1598 3357 1725 3412 licet
1749 3358 1859 3414 sint

264 3454 524 3527 generati,
582 3468 693 3509 non
747 3461 927 3508 tamen
976 3451 1243 3522 baptisma
1292 3449 1491 3507 Christi
1542 3460 1861 3506 meruerunt

266 3544 537 3616 generari.
575 3542 643 3599 Hi
690 3558 823 3615 ergo
873 3541 1095 3610 milites,
1146 3542 1347 3597 Christi
1380 3540 1663 3597 audientes
1693 3542 1861 3598 victo-

265 3634 432 3702 riam,
485 3641 905 3691 consternantur
947 3634 1128 3690 auima
1153 3633 1543 3704 deficiuntque,
1593 3634 1719 3705 quia
1749 3648 1857 3690 non

267 3728 448 3801 qualia
472 3727 777 3796 voluerunt,
803 3727 937 3783 talia
952 3729 1276 3799 contigerunt
1303 3729 1357 3782 in
1385 3727 1577 3795 Israel,
1608 3737 1656 3782 et
1681 3727 1863 3799 qualia

266 3821 537 3877 mandavit
590 3838 702 3877 rex.
749 3821 950 3878 Eorum
1003 3822 1148 3876 enim
1201 3821 1451 3877 voluntas
1476 3822 1605 3878 talis
1656 3828 1863 3877 eratut

267 3928 378 3970 non
402 3912 723 3984 praevaleret
772 3912 1047 3985 Evangelii
1072 3928 1171 3984 per
1201 3920 1417 3968 sanctos
1443 3912 1692 3968 doctores
1718 3924 1860 3983 pra:-

268 4005 486 4070 dieatio,
517 4020 690 4074 neque
719 4006 772 4059 in
801 4003 1030 4060 Domino
1050 4002 1385 4059 credentium
1411 4013 1701 4077 augeretur
1720 4004 1861 4059 mul-

268 4096 486 4153 titudo:
544 4104 600 4152 et
645 4094 773 4151 talia
797 4096 960 4151 etiam
1005 4096 1118 4152 suis
1144 4097 1467 4164 rectoribus,
1511 4099 1615 4154 hoc
1654 4106 1736 4154 est
1756 4100 1861 4153 im-

271 4187 488 4244 mundis
514 4187 793 4258 spiritibus
812 4229 825 4253 ,
873 4188 1088 4257 placere
1118 4187 1401 4255 sciebant;
1452 4189 1577 4257 quia
1601 4189 1657 4243 in
1684 4187 1865 4260 prola-

269 4280 359 4336 nis
380 4280 644 4335 idolorum
686 4278 1007 4344 simulacris,
1058 4279 1239 4335 divino
1266 4279 1413 4334 cultu
1438 4281 1506 4334 ab
1548 4280 1865 4335 hominibus

269 4373 563 4438 matis,
612 4373 715 4428 hoc
761 4373 842 4428 eis
888 4372 1292 4442 persuadebant
1342 4378 1401 4426 ut
1454 4370 1615 4426 ﬁdem
1663 4370 1866 4426 Christi

272 4479 385 4521 non
426 4464 754 4535 reciperent,
799 4464 893 4519 sed
944 4478 1050 4518 non
1092 4462 1474 4533 pmvalebant,
1536 4463 1663 4532 quia
1705 4463 1869 4519 Pater

1963 3352 2149 3425 (quam
2188 3354 2326 3410 bene
2358 3356 2559 3411 montis
2606 3354 2738 3412 Sion
2768 3358 3031 3414 vocabula
3075 3360 3409 3431 designatam
3437 3379 3565 3435 pos-

1962 3462 2149 3504 sumus
2182 3449 2461 3520 accipere,
2511 3451 2637 3521 quia
2668 3450 2800 3507 Sion
2848 3452 3116 3525 speculum
3149 3454 3557 3529 interpretatur.

1960 3549 2016 3598 et
2040 3542 2178 3597 beati
2205 3550 2332 3598 sunt
2356 3543 2555 3599 mundo
2585 3544 2760 3613 corde,
2791 3547 3037 3618 quoniam
3057 3547 3162 3621 ipsi
3184 3548 3464 3606 Dominum
3485 3552 3565 3608 vi-

1962 3635 2156 3690 debunt
2184 3634 2402 3708 [Martia
2435 3635 2536 3709 v]),
2589 3636 2633 3691 si
2667 3634 2872 3707 aliquid
2900 3648 3000 3711 per
3028 3638 3277 3696 fraudem
3306 3640 3480 3699 hostis
3504 3642 3561 3699 in

1961 3741 2027 3782 ea
2052 3726 2313 3797 pollutum
2364 3734 2487 3796 est,
2542 3735 2792 3784 sanctum
2846 3731 3070 3788 instanti
3120 3731 3239 3789 visu
3268 3742 3556 3806 expurget,

1966 3820 2136 3876 donec
2164 3820 2231 3875 ad
2261 3820 2530 3892 integrum
2562 3832 2874 3880 renovetur.
2903 3823 2979 3879 lbi
3008 3824 3155 3881 enim
3187 3833 3245 3881 et
3275 3826 3551 3882 desertam

1965 3908 2474 3977 sanctiﬁcationem,
2524 3920 2578 3967 et
2634 3908 2806 3969 altare
2854 3913 3223 3986 profanatum,
3273 3925 3329 3971 et
3372 3925 3560 3989 portas

1966 4008 2187 4057 exustas
2227 4001 2527 4075 intelligere
2551 4019 2875 4074 possumus;
2910 4007 3036 4078 quia
3068 4007 3141 4063 ibi
3184 4006 3358 4065 laudis
3386 4006 3563 4067 hostia

1966 4092 2021 4147 in
2050 4092 2204 4147 altari
2230 4091 2354 4149 ﬁdei
2384 4094 2494 4150 Deo
2524 4096 2921 4165 immolabatur,
2946 4106 3003 4155 et
3029 4098 3305 4172 ingressus
3326 4101 3566 4159 emiestis

1964 4184 2091 4239 vita:
2120 4183 2502 4241 meditabatur.
2546 4187 2604 4242 ln
2641 4190 2796 4245 atriis
2823 4206 2955 4245 vero
2981 4182 3215 4263 virgulta
3246 4200 3561 4259 nascuntur,

1968 4284 2090 4329 cum
2112 4276 2166 4329 in
2193 4275 2447 4331 cordibus
2468 4277 2723 4334 humanis
2748 4279 3141 4351 superﬂuarum
3173 4283 3563 4354 cogitationum

1968 4364 2257 4421 multitudo
2283 4375 2592 4437 generatur.

2042 4455 2416 4529 Pastophoria,
2450 4459 2644 4529 inquit,
2687 4460 2929 4515 viderunt
2958 4458 3160 4516 diruta.
3198 4456 3559 4535 Pastaphoria

274 4555 501 4628 gloriam
533 4555 650 4610 Filii
698 4555 781 4611 sui
814 4557 875 4610 in
904 4553 1174 4610 universis
1212 4553 1523 4610 nationibus
1549 4554 1706 4626 longe
1732 4555 1866 4610 late-
1891 4604 1946 4628 “
1970 4548 2160 4607 Grtece
2185 4551 2438 4606 dicuntur
2469 4551 2713 4619 thalami,
2736 4551 2823 4608 vel
2852 4553 3129 4619 cubicula,
3163 4554 3216 4609 in
3243 4556 3440 4628 quibus
3466 4555 3568 4612 Le-

275 4662 387 4719 que
407 4645 738 4702 manifestat.

352 4737 420 4793 Et
470 4737 704 4809 sequenti
756 4751 897 4790 anno
939 4737 1268 4808 congregavit
1313 4734 1595 4791 electorum
1634 4738 1869 4791 virorum

275 4831 549 4903 sexaginta
590 4827 781 4883 millia.
831 4827 900 4882 Et
930 4828 1097 4900 elegit
1142 4829 1335 4902 Lysias
1385 4829 1664 4901 sexaginta
1699 4829 1867 4884 millia

272 4925 543 4988 virorum,
586 4930 648 4977 et
667 4920 914 4991 equitum
958 4921 1198 4991 quinque
1232 4920 1403 4976 millia
1446 4924 1514 4977 ad
1560 4922 1866 4979 bellandum

242 5026 466 5072 tcontra
492 5014 658 5071 Israel
694 5029 818 5070 cum
844 5015 991 5069 omni
1024 5021 1267 5085 tempore
1298 5015 1454 5071 istius
1484 5016 1690 5081 mundi,
1718 5016 1868 5086 quod

277 5119 373 5161 sex
418 5105 669 5160 aetatibus
710 5101 1078 5174 distinguitur,
1126 5120 1228 5177 per
1255 5106 1493 5175 quinque
1531 5120 1724 5162 sensus
1751 5121 1872 5161 car-

276 5211 474 5269 poreos
496 5195 750 5267 princeps
783 5192 942 5264 hujus
984 5195 1185 5261 saeculi,
1222 5196 1571 5253 incitantibus
1620 5198 1872 5253 tenebra-

282 5302 402 5344 rum
429 5289 622 5342 harum
650 5287 974 5353 rectoribus,
1015 5286 1215 5342 milites
1238 5286 1440 5344 Christi
1466 5288 1694 5345 diversis
1723 5290 1869 5345 vitiis

282 5378 514 5435 laxanda
561 5391 821 5447 superare
844 5379 1144 5447 contendit,
1183 5393 1247 5435 ac
1282 5396 1380 5450 per
1425 5382 1598 5437 malos
1620 5382 1870 5437 homines

281 5471 550 5530 bonorum
597 5468 892 5524 meditatur
914 5484 1121 5527 necem.
1155 5469 1262 5527 Sed
1295 5472 1531 5528 occurrit
1559 5473 1671 5529 illis
1701 5472 1869 5529 Judas

284 5577 411 5619 cum
430 5562 617 5619 decem
648 5562 888 5619 millibus
913 5564 1083 5619 viris:
1112 5564 1241 5633 quia
1262 5566 1406 5636 regis
1436 5565 1608 5620 nostri
1657 5566 1869 5621 exerci-

289 5664 379 5711 tus
401 5656 457 5710 in
486 5657 590 5713 hoc
613 5663 699 5713 est
725 5657 959 5713 validior
980 5657 1210 5723 caeteris,
1241 5660 1385 5728 quod
1419 5672 1515 5728 per
1541 5661 1722 5714 omnia
1759 5666 1874 5714 stu-

290 5745 383 5801 det
411 5746 603 5802 divinis
623 5748 1000 5819 obtemperare
1026 5748 1340 5819 praeceptis,
1378 5749 1729 5819 assiduasque
1754 5764 1876 5819 prec

293 5852 384 5893 ces
421 5841 487 5896 ad
520 5838 804 5898 Dominum
834 5842 1055 5898 mittens
1082 5841 1197 5911 ejus
1224 5841 1561 5897 cantor-tatur
1590 5857 1751 5897 manu
1772 5883 1786 5907 ,
1821 5843 1876 5897 in

1891 4604 1947 4665 D

1971 4641 2095 4697 vita:
2118 4643 2460 4698 excubabant
2503 4644 2558 4698 in
2609 4644 2765 4699 atriis
2811 4644 3004 4701 domus
3033 4645 3282 4711 Domini,
3334 4662 3567 4720 quorum

1973 4735 2419 4790 commemoratio
2466 4733 2529 4789 ﬁt
2572 4734 2627 4790 in
2658 4734 2847 4790 ultima
2886 4736 3095 4792 visione
3120 4735 3420 4793 Ezechielis
3442 4753 3568 4809 pro-

1970 4826 2170 4897 phetae.
2233 4826 2589 4898 Pastophoria
2641 4842 2771 4899 ergo
2840 4827 3132 4885 diruuntur
3180 4845 3304 4887 cum
3354 4840 3564 4887 secreta

1972 4922 2170 4977 mentis
2200 4932 2299 4992 per
2329 4921 2597 4978 desideria
2649 4922 2832 4979 illicita
2885 4924 3254 4992 dilaniantur;
3308 4925 3401 4981 sed
3451 4926 3567 4982 haec

1973 5012 2154 5067 omnia
2202 5006 2441 5067 inaﬁrime
2484 5027 2620 5082 opus
2648 5022 2732 5068 est
2759 5029 2858 5083 per
2893 5013 3271 5084 paenitentiam
3313 5022 3567 5087 peccato-

1979 5116 2120 5170 rum,
2153 5113 2205 5159 et
2228 5104 2662 5160 emendationem
2712 5119 2948 5171 morum,
3003 5120 3067 5161 ac
3113 5105 3229 5175 pias
3279 5120 3471 5177 preces
3498 5106 3569 5165 ad

1977 5197 2284 5262 Dominum,
2324 5197 2718 5253 instantissime
2737 5195 3112 5268 purifieentur.
3144 5196 3299 5254 Unde
3326 5208 3475 5253 recte
3499 5199 3566 5254 de

1977 5289 2213 5344 exercitu
2245 5288 2396 5344 Iudae
2419 5290 2677 5359 scriptum
2703 5295 2785 5344 est
2820 5289 2965 5358 quod
2992 5303 3117 5343 cum
3157 5288 3403 5343 viderent
3437 5306 3567 5347 san-

1976 5379 2345 5449 ctiﬁcationem
2367 5380 2623 5433 desertam
2645 5420 2660 5444 ,
2703 5377 2968 5433 sciderunt
3008 5378 3315 5433 vestimenta
3352 5395 3473 5448 sua,
3516 5388 3566 5435 et

1977 5468 2291 5541 planxerunt
2318 5468 2535 5540 planctu
2558 5484 2767 5540 magno.

2051 5561 2195 5616 Tunc
2218 5563 2480 5617 ordinavit
2504 5559 2677 5615 Iudas
2725 5561 2862 5617 viros
2896 5570 2957 5617 ut
2993 5572 3287 5636 pugnarent
3318 5562 3566 5618 adversus

1977 5672 2063 5711 eos
2091 5656 2182 5727 qui
2204 5663 2351 5708 erant
2392 5655 2447 5708 in
2474 5670 2613 5718 arce,
2639 5652 2802 5708 donec
2829 5655 3171 5710 emundarent
3196 5663 3403 5717 sancta,
3458 5659 3564 5705 etc.

1978 5749 2116 5819 Apte
2167 5749 2366 5804 dictum
2418 5756 2502 5803 est
2546 5748 2689 5817 quod
2735 5749 3067 5805 ordinaverit
3107 5747 3280 5802 Iudas
3329 5746 3470 5800 viros
3509 5749 3565 5795 ut

1980 5850 2271 5910 pugnarent
2303 5841 2551 5895 adversus
2573 5857 2659 5896 eos
2684 5842 2773 5897 aui
2793 5850 2942 5896 erant
2970 5841 3021 5894 in
3049 5855 3168 5894 arce
3193 5838 3355 5892 donec
3384 5850 3567 5890 emun-
