4028 6534
579 368 718 425 H59

573 484 758 540 darent
786 491 991 547 sancta,
1040 482 1166 551 quia
1206 481 1309 535 hoc
1345 481 1563 535 ordinat
1608 480 1939 552 Redemptor
1974 489 2158 536 noster

571 594 667 649 per
704 576 1081 647 praedicatores
1115 590 1260 639 suos,
1307 581 1574 642 quatenus
1620 573 1821 627 milites
1870 574 2040 643 ipsius
2061 573 2154 627 ad-

571 684 762 725 versus
790 683 884 723 eos
937 669 1029 738 qui
1072 667 1446 721 inhabitabant
1483 667 1535 720 in
1578 682 1705 721 arce
1734 667 2020 736 superbiae,
2050 668 2155 722 hoc

570 767 674 824 est,
726 758 972 813 homines
1001 757 1291 815 inflationis
1335 758 1526 827 spiritu
1556 757 1727 814 elatos
1747 800 1762 824 ,
1810 759 1893 814 vel
1921 760 1976 813 in
2003 759 2157 815 mali-

569 869 707 928 gnos
734 854 960 925 spiritus
992 852 1246 923 superbia
1289 860 1555 906 tumentes
1585 851 1848 907 instanter
1892 860 2151 923 pugnent,

573 947 744 1002 donec
770 944 935 1001 corda
957 943 1254 999 electorum
1285 943 1353 997 ab
1391 943 1537 997 omni
1565 942 1686 997 labe
1721 943 2021 1013 iniquitatis
2060 960 2171 999 ex-

572 1042 820 1108 purgent.
851 1033 921 1088 Et
942 1034 1221 1106 elegerunt
1245 1032 1541 1088 sacerdotes
1578 1033 1689 1088 sine
1713 1032 1942 1099 macula,
1974 1033 2156 1089 volun-

571 1138 732 1184 tatem
753 1127 993 1183 habentes
1008 1126 1063 1180 in
1081 1125 1189 1196 lege
1201 1124 1322 1189 Dei,
1344 1134 1391 1179 et
1402 1125 1783 1180 mandaverunt
1804 1139 2008 1194 sancta,
2030 1130 2155 1199 quia

568 1218 760 1292 ejectis
786 1220 871 1275 his
894 1219 963 1275 de
998 1216 1174 1274 ofﬁcio
1196 1216 1573 1296 ecclesiastico
1600 1218 1692 1288 qui
1714 1218 1916 1274 erroris
1949 1218 2155 1290 lepram

570 1315 657 1370 vel
682 1313 947 1370 scelerum
992 1311 1258 1367 maculam
1295 1311 1349 1364 in
1382 1325 1439 1365 se
1483 1311 1773 1376 habebant,
1823 1311 2156 1367 voluntarios

577 1411 739 1472 atque
783 1400 1025 1457 moribus
1048 1400 1246 1470 probos
1271 1398 1323 1452 in
1368 1399 1473 1455 ﬁde
1507 1399 1784 1469 elegerunt
1808 1400 2152 1456 administra-

572 1503 721 1550 tores
746 1493 918 1559 verbi,
935 1502 996 1547 ut
1013 1501 1213 1547 sancta:
1235 1490 1492 1546 Ecclesia:
1519 1491 1895 1547 conventicula
1921 1493 1988 1546 ab
2008 1492 2155 1547 omni

572 1584 777 1641 erroris
800 1584 1058 1655 cogitatio
1093 1581 1385 1655 [contagio]
1418 1580 1614 1639 efﬁciat
1646 1582 1842 1638 aliena.
1872 1583 1986 1638 lmo
2028 1585 2156 1640 sub-

566 1676 813 1747 junctum
842 1685 928 1733 est
954 1675 1098 1747 quod
1128 1675 1311 1732 tulerit
1348 1676 1557 1746 lapides
1592 1677 2075 1733 contaminationis
2100 1678 2155 1732 in

568 1765 746 1822 locum
797 1768 1090 1834 mundum,
1129 1767 1254 1837 quia
1286 1766 1570 1824 haereticos
1592 1768 1681 1839 qui
1731 1768 2020 1824 noluerunt
2059 1784 2158 1838 per

1220 365 1282 419 Β.
1323 364 1578 422 RABANI
1613 366 1833 422 MAURI
1867 366 2192 423 ARCHIEP.
2228 366 2538 426 MOGUNT.
2579 368 2865 427 OPEBUM
2898 369 3080 427 PARS
3114 371 3156 426 Ι.

3659 379 3771 435 illi“)

2183 483 2234 543 Α
2262 482 2586 539 intrinsecus
2607 494 2804 539 ornant
2831 485 3057 540 scientia
3091 500 3235 555 sanae
3265 485 3411 551 ﬁdei,
3452 495 3503 541 et
3529 489 3773 549 lorinsecns

2256 572 2482 628 honesta
2530 575 2973 641 conversatione;
3026 576 3160 631 atria
3206 577 3558 643 sanctiﬁcant,
3602 584 3774 650 quando

2257 664 2467 718 noviter
2492 664 2770 720 venientes
2814 667 2881 721 ad
2926 666 3088 721 ﬁdem
3127 668 3476 722 sacramentis
3503 669 3673 727 divinis
3693 674 3774 730 im-

2257 755 2471 810 buendo
2494 755 2745 810 dedicant
2775 774 2789 810 :
2829 755 3033 813 faciunt
3062 773 3185 813 vasa
3222 766 3413 814 sancta
3436 776 3585 826 nova,
3606 767 3777 833 quando

2255 847 2420 901 corda
2457 847 2734 901 hominum
2779 848 2849 902 ad
2891 848 3291 919 corripiendum
3333 849 3545 906 verbum
3574 852 3659 909 Dei
3681 858 3778 913 red-

2257 937 2390 992 dunt
2423 937 2644 992 habilia.
2673 937 2918 994 lnferunt
2948 939 3360 1007 candelabrum,
3387 949 3441 997 et
3463 942 3619 998 altare
3637 944 3781 1002 inceno

2255 1040 2460 1091 sorum,
2517 1035 2572 1080 et
2618 1042 2861 1083 mensam
2900 1032 2953 1083 in
2992 1030 3270 1100 templum,
3320 1034 3530 1102 quando
3574 1035 3781 1095 doctrina

2255 1117 2513 1188 spiritalis
2541 1119 2735 1185 lucem,
2769 1129 2970 1176 sancta:
3002 1124 3265 1179 orationis
3281 1126 3585 1196 puritatem,
3607 1139 3654 1183 et
3674 1129 3781 1186 Scri.

2255 1217 2532 1281 pturarum
2562 1219 2874 1267 sanctarum
2903 1213 3313 1272 meditationem
3331 1257 3357 1285 ,γ
3381 1217 3435 1272 in
3465 1217 3679 1274 Ecclesia
3706 1222 3779 1278 Dei

2256 1300 2608 1355 exsuscitant.
2641 1300 2700 1357 In
2736 1302 3060 1360 candelabro
3090 1321 3238 1377 ergo,
3275 1306 3332 1361 in
3368 1322 3477 1378 quo
3508 1307 3668 1364 lucere
3706 1310 3780 1365 de-

2255 1389 2385 1444 bent
2407 1389 2663 1457 lucernae,
2714 1400 2860 1448 recte
2890 1407 3199 1450 sermonem
3231 1396 3557 1469 evangelicae
3577 1397 3781 1457 doaﬁna

2254 1493 2541 1548 possumus
2595 1481 2897 1549 advertere,
2950 1482 3005 1538 in
3055 1500 3162 1555 quo
3199 1486 3376 1542 sanati
3423 1485 3654 1543 doctores
3690 1490 3782 1560 igne

2258 1571 2431 1625 sancti
2459 1568 2691 1640 Spiritus
2721 1575 2935 1630 accensi
2968 1574 3153 1632 lucere
3194 1577 3419 1646 debent,
3456 1588 3515 1635 ut
3534 1580 3618 1650 qui
3647 1580 3781 1654 ingre

2260 1660 2482 1716 diuntur
2512 1661 2691 1717 lumen
2724 1663 2959 1720 videant.

2331 1752 2484 1821 Unde
2521 1753 2734 1811 Veritas
2758 1757 2874 1827 ipsa
2906 1758 2960 1813 in
2986 1759 3282 1831 Evangelio
3309 1761 3423 1816 ait:
3457 1760 3614 1817 Nemo
3641 1780 3781 1819 accen-

567 1860 1037 1916 conversationem
1066 1868 1229 1915 rectae
1252 1859 1378 1915 ﬁdei
1406 1868 1463 1915 et
1492 1876 1638 1916 same
1667 1861 1925 1917 doctrinae
1950 1862 2155 1933 lapides

2256 1843 2332 1897 dit
2352 1844 2640 1914 lucernam,
2672 1858 2720 1902 et
2740 1849 2884 1920 ponit
2908 1867 3023 1905 eam
3051 1851 3146 1906 sub
3180 1853 3383 1920 modio,
3412 1855 3501 1908 sed
3535 1871 3672 1924 super
3688 1872 3781 1910 can-

570 1951 795 2023 pretiosi
834 1950 973 2015 fieri,
1013 1953 1361 2007 anathemate
1408 1966 1697 2021 percussos
1734 1960 1897 2022 atque
1925 1953 2155 2024 eiectos,

569 2042 820 2098 omnibus
840 2040 1097 2114 patefecit
1118 2041 1261 2112 quod
1282 2050 1469 2097 essent
1494 2042 1731 2111 reprobi,
1764 2051 1870 2097 etc.

640 2132 709 2186 Et
737 2134 981 2204 cogitavit
1009 2133 1073 2187 de
1098 2131 1257 2186 altari
1300 2132 1747 2199 holocaustorum,
1792 2132 1938 2204 quod
1978 2132 2158 2204 profa-

574 2233 755 2277 natum
785 2232 918 2289 erat,
958 2223 1085 2295 quid
1114 2223 1177 2276 de
1206 2239 1266 2278 eo
1296 2223 1511 2293 faceret,
1541 2235 1649 2280 etc.
1689 2223 1874 2279 Altare
1899 2223 2157 2280 holocau-

571 2324 777 2370 storum
804 2322 889 2371 est
918 2314 1055 2370 ﬁdes
1100 2330 1234 2385 pura
1263 2356 1277 2380 ,
1311 2315 1553 2370 doctrina
1584 2331 1742 2386 pura,
1783 2325 1841 2369 et
1869 2330 2161 2370 conversa-

570 2406 649 2461 tio
670 2406 939 2461 mundana
971 2405 1216 2478 [munda]
1247 2405 1449 2462 Christi
1492 2407 1883 2462 ministrorum.
1919 2407 2027 2463 Sed
2057 2409 2159 2464 hoc

572 2496 743 2552 altare
792 2496 1133 2566 profanatum
1164 2497 1267 2552 fuit
1292 2498 1550 2554 haeretica
1579 2498 1872 2570 pravitate,
1920 2499 2007 2554 vel
2041 2514 2161 2555 sce-

569 2585 746 2640 lerum
788 2585 1119 2640 immanitate
1154 2585 1269 2656 jam
1303 2587 1693 2643 destruendum
1721 2597 1856 2652 erat,
1888 2589 1993 2643 hoc
2018 2597 2102 2644 est
2127 2605 2158 2645 a

571 2674 861 2732 Sacerdotii
909 2675 1171 2746 dignitate
1215 2678 1616 2747 deponendum,
1676 2695 1745 2735 ne
1792 2678 1933 2735 forte
1966 2695 2161 2750 oppro—

570 2763 751 2819 brium
799 2763 871 2820 sit
899 2773 1101 2821 sanctm
1140 2766 1395 2823 Ecclesia:
1436 2768 1579 2838 quod
1635 2768 1832 2825 habeat
1871 2784 2067 2840 pravos
2104 2779 2163 2832 et

571 2852 908 2913 facinorosos
935 2858 1206 2925 doctores,
1239 2861 1386 2930 quia
1416 2861 1681 2916 diabolica
1718 2863 1916 2918 astutia
1953 2864 2161 2919 seducti

572 2955 718 3004 sunt.
770 2945 927 3004 Unde
980 2948 1239 3010 Dominus
1289 2951 1343 3005 in
1390 2951 1683 3023 Evangelia
1726 2953 2005 3023 discipulis
2044 2956 2157 3010 ait:

582 3039 684 3096 Vos
709 3043 830 3097 estis
851 3042 937 3098 sal
964 3055 1135 3100 term.
1173 3044 1325 3112 Quod
1353 3047 1398 3102 si
1429 3047 1510 3102 sal
1532 3051 1816 3115 evanuerit,
1845 3049 1901 3104 in
1939 3068 2042 3122 quo
2070 3068 2160 3106 sa-

574 3130 839 3196 lietur,ad
863 3134 1085 3188 nihilum
1118 3134 1246 3191 valet
1276 3136 1439 3200 ultra,
1462 3138 1563 3192 nisi
1588 3148 1645 3192 ut
1671 3139 1911 3194 mittatur
1942 3141 2088 3211 foras
2113 3150 2162 3196 et

574 3221 907 3278 conculcetur
933 3224 998 3279 ab
1023 3225 1316 3281 hominibus
1376 3227 1451 3283 De
1481 3245 1587 3298 quo
1615 3238 1673 3285 et
1698 3230 1894 3288 Paulus
1918 3234 2163 3293 scribens

576 3312 644 3370 ad
682 3314 863 3370 Titum
892 3315 1005 3371 ait:
1048 3316 1366 3373 Hareticum
1385 3319 1662 3386 hominem,
1709 3333 1822 3393 post
1847 3325 2071 3394 primam
2112 3337 2162 3382 et

574 3406 859 3460 secundam
887 3408 1312 3478 increpationem,
1332 3409 1528 3477 devita,
1554 3413 1720 3468 sciens
1740 3416 1864 3485 quia
1888 3418 2163 3473 subversas

578 3504 655 3549 est
692 3496 783 3567 qui
828 3496 1132 3569 hujusmodi
1156 3509 1233 3554 est
1262 3541 1276 3566 ,
1312 3510 1360 3555 et
1384 3501 1658 3573 delinquit,
1713 3521 1830 3558 cum
1853 3508 1921 3560 sit
1953 3509 2163 3578 proprio

568 3584 778 3654 judicio
806 3586 1201 3642 condemnatus.
1236 3587 1374 3644 Hinc
1393 3598 1450 3644 et
1475 3592 1542 3645 ad
1567 3593 1824 3662 quosdam
1852 3595 2167 3666 delinquen-

579 3682 662 3729 tes
697 3676 773 3729 ait
801 3696 814 3730 :
845 3674 952 3731 Per
972 3694 1061 3733 vos
1089 3695 1277 3734 nomen
1310 3680 1409 3736 Dei
1455 3681 1842 3753 blasphematur
1868 3686 2003 3740 inter
2035 3704 2163 3758 gen-

578 3777 672 3822 tes.
707 3767 911 3824 Taliter
950 3785 1080 3842 ergo
1108 3770 1354 3842 deposito
1386 3775 1669 3849 [reposito]
1720 3777 1877 3832 altari
1909 3780 2160 3851 mystico,

582 3859 770 3929 reponi
835 3860 1033 3916 debent
1060 3862 1275 3933 mystici
1322 3862 1529 3934 lapides
1563 3865 1637 3920 illi
1672 3866 1726 3921 in
1760 3877 1943 3922 monte
1975 3870 2166 3927 domus

581 3950 637 4005 in
661 3948 780 4029 loco
808 3959 962 4022 apto,
998 3952 1346 4023 quoadusque
1374 3956 1601 4010 veniens
1647 3958 1908 4028 propheta
1938 3973 2165 4029 respon-

583 4027 725 4097 deat.
757 4041 944 4097 dicens
970 4041 1216 4117 [docens]
1264 4046 1391 4116 quia
1439 4055 1730 4116 peccantes
1753 4027 1936 4121 redigi
1966 4027 2167 4107 debent

583 4130 683 4185 sub
707 4130 1097 4200 paenitentiam,
1130 4134 1300 4190 donec
1321 4150 1418 4206 per
1447 4146 1664 4193 sanctos
1694 4138 1945 4195 doctores
1973 4140 2167 4210 dijudi-

584 4230 775 4276 centur
797 4237 896 4292 pro
909 4224 1196 4280 commisso
1214 4226 1440 4281 crimine
1461 4230 1789 4285 conveniens
1814 4232 2166 4291 sanctiﬁcatio

583 4321 915 4385 perpetrata.
956 4314 1013 4369 ln
1038 4315 1157 4373 loco
1185 4325 1365 4373 autem
1392 4334 1582 4373 eorum
1616 4320 1825 4391 lapides
1861 4323 2056 4396 integri
2085 4340 2169 4380 se-

584 4406 818 4459 cundum
847 4404 1020 4477 legem
1069 4408 1323 4463 substitui
1359 4410 1592 4476 debent,
1645 4421 1706 4467 ut
1735 4412 1830 4467 fiat
1862 4414 2032 4470 altare
2064 4432 2165 4473 no-

585 4510 710 4550 vum
738 4497 1034 4573 secundum
1073 4499 1201 4555 illud
1229 4502 1370 4571 quod
1409 4502 1510 4558 fuit
1553 4504 1731 4574 prius,
1766 4508 1893 4576 quia
1918 4509 2167 4565 homines

586 4585 693 4640 ﬁde
734 4585 999 4642 catholica
1048 4590 1204 4654 sani,
1255 4592 1483 4648 scientia
1517 4603 1828 4650 sanctarum
1861 4596 2167 4669 Scriptura-

586 4695 708 4734 rum
734 4680 948 4747 imbuti,
1000 4681 1158 4738 bonis
1193 4683 1432 4739 moribus
1476 4684 1736 4756 religiosi,
1776 4687 1831 4741 in
1872 4688 2049 4744 locum
2079 4705 2166 4745 re-

586 4770 803 4842 giminis
841 4772 982 4827 unde
1022 4773 1342 4829 deciderunt
1380 4777 1851 4845 pnevaricationes
1890 4779 2170 4851 [praevari-

587 4860 796 4935 cantes]
836 4863 1116 4935 subrogari
1171 4864 1403 4931 debent;
1462 4870 1760 4924 secundum
1812 4874 2166 4931 auctoritates

586 4954 775 5025 utique
804 4955 997 5010 divina:
1022 4955 1188 5027 legis,
1227 4967 1286 5011 ut
1316 4953 1438 5012 sine.
1465 4960 1889 5030 reprehensione
1931 4964 1986 5019 in
2016 4965 2169 5021 novi-

589 5054 704 5104 tate
723 5048 847 5123 vitte
884 5056 939 5102 et
972 5063 1158 5115 norma
1194 5047 1415 5117 iustitiae
1448 5051 1771 5106 exhibentur
1806 5054 2167 5110 ministerium

589 5136 705 5194 Deo
733 5137 789 5192 in
817 5146 1003 5192 sancta
1038 5137 1302 5203 Ecclesia,
1344 5155 1504 5209 quam
1543 5141 1648 5195 sibi
1679 5144 1963 5213 acquisivit
2012 5145 2170 5201 Chri-

590 5236 707 5285 stus
733 5229 910 5300 pretio
938 5230 1213 5301 sanguinis
1250 5231 1332 5285 sui
1366 5247 1618 5301 sponsam
1639 5274 1654 5300 ,
1684 5243 1740 5288 et
1768 5251 1869 5289 non
1897 5224 2167 5293 habentem

513 5348 519 5355 ·
591 5322 855 5376 maculam
877 5339 1037 5394 neque
1061 5340 1244 5395 rugam
1271 5324 1485 5394 (Ephes.
1524 5326 1597 5398 v).

664 5410 732 5465 Et
756 5412 1139 5482 wdiﬁcaverunt
1171 5424 1376 5481 sancta,
1396 5425 1444 5469 et
1463 5433 1579 5486 qua:
1592 5417 1751 5485 juxta
1788 5417 2000 5472 domum
2021 5430 2170 5477 erant

591 5501 942 5557 intrinsecus:
978 5511 1025 5556 et
1060 5503 1223 5557 cedem
1263 5513 1309 5556 et
1349 5506 1486 5558 atria
1536 5507 2025 5576 sancti/icaverunt,
2065 5518 2174 5565 etc.

594 5590 889 5648 Ediﬁcant
932 5592 1105 5646 sancti
1147 5593 1533 5662 praedicatores
1570 5608 1757 5651 sancta
1787 5598 1927 5654 intra
1957 5601 2172 5656 domum
2235 5607 2238 5611 “

593 5683 920 5738 intrinsecus
955 5691 1011 5737 et
1044 5683 1213 5737 aedem
1236 5724 1251 5749 ,
1289 5686 1505 5755 quando
1553 5688 1848 5761 subjectam
1876 5690 2087 5760 plebem
2121 5700 2178 5748 et

666 5805 691 5841 ς·
726 5792 901 5848 Locus
927 5800 1233 5858 corruptus.

2257 1936 2548 2005 delubrum,
2574 1949 2627 1992 ut
2658 1938 2829 1994 luceat
2852 1941 3089 1996 omnibus
3118 1944 3205 2013 qui
3233 1944 3292 1998 in
3312 1942 3468 1997 domo
3491 1942 3777 2015 suntmotti.

2257 2024 2333 2098 v).
2388 2027 2492 2083 Per
2539 2029 2710 2085 altare
2756 2030 3097 2087 ineensorum
3130 2033 3268 2087 nihil
3306 2034 3500 2089 melius
3527 2049 3668 2104 quam
3691 2048 3782 2104 per-

2257 2116 2454 2173 fectam
2507 2128 2816 2176 sanctorum
2843 2122 3008 2176 vitam
3055 2124 3311 2194 accipere
3338 2140 3631 2195 possumus,
3675 2122 3780 2178 unde

2258 2209 2496 2281 quotidie
2540 2209 2744 2284 fragrat
2781 2213 2914 2268 odor
2945 2213 3224 2281 virtutum,
3253 2222 3314 2270 et
3341 2224 3538 2271 sancta:
3575 2215 3781 2271 orationis

2259 2302 2312 2357 in
2364 2312 2624 2374 conspctu
2656 2303 2941 2360 Altissimi.
2994 2305 3233 2361 Mensam
3287 2320 3421 2377 ergo
3474 2305 3666 2362 Domini
3702 2319 3780 2360 non

2257 2391 2422 2448 aliam
2462 2409 2624 2463 quam
2677 2404 2919 2450 sanctam
2966 2380 3310 2467 scripturam
3358 2395 3703 2466 intelligimus,
3738 2396 3777 2450 in

2259 2500 2365 2555 qua
2392 2484 2655 2555 perfectio
2680 2487 2981 2542 animarum
3011 2489 3281 2543 consistit.
3325 2488 3478 2557 Quod
3506 2497 3664 2544 autem
3684 2487 3780 2541 dici-

2259 2583 2368 2640 tur,
2400 2575 2541 2645 quod
2570 2575 2925 2646 appenderunt
2958 2576 3090 2641 vela,
3136 2588 3185 2631 et
3213 2585 3677 2633 consummaverunt
3692 2592 3776 2629 οη-

2259 2668 2347 2721 nia
2386 2684 2540 2737 opera
2575 2683 2692 2738 qua:
2718 2667 2979 2736 fecerant,
3021 2670 3074 2724 in
3116 2671 3451 2741 appensione
3483 2667 3691 2723 velorum
3709 2682 3777 2723 ex-

2258 2760 2510 2831 primitur
2535 2760 2826 2817 occultatio
2849 2762 3251 2832 mysteriorum.
3282 2761 3404 2818 Non
3427 2761 3563 2817 enim
3585 2759 3777 2816 omnibus

2258 2856 2439 2912 omnia
2469 2854 2839 2926 patefacienda
2885 2867 3012 2913 sunt
3036 2858 3231 2915 divinat
3273 2858 3414 2933 legis
3439 2857 3685 2931 mysteria,
3710 2855 3778 2910 sed

2259 2963 2358 3019 pro
2405 2955 2564 3017 captu
2594 2947 2793 3018 ingenii
2821 2949 3184 3018 quorumlibet
3228 2958 3282 3004 et
3312 2950 3550 3021 profectu
3593 2946 3775 3002 scicntia

2261 3046 2424 3107 atque
2450 3037 2728 3092 virtutum.
2785 3037 2937 3095 Unde
2987 3039 3244 3096 Dominus
3275 3039 3530 3111 apostolis
3562 3036 3773 3110 praecepit,

2262 3130 2449 3187 dicens
2473 3149 2486 3185 :
2528 3130 2704 3185 Nolite
2730 3141 2970 3186 sanctum
2996 3132 3124 3186 dare
3147 3132 3369 3188 canibus
3391 3174 3408 3199 ,
3444 3146 3593 3201 neque
3611 3125 3774 3182 mittatis

2188 3206 2234 3270 C
2266 3225 2578 3294 margaritas
2603 3233 2797 3278 vestras
2823 3234 2944 3279 ante
2975 3241 3159 3295 porcos
3213 3223 3432 3292 (Matth.
3465 3226 3582 3294 vn);
3615 3217 3775 3275 etPau-

2262 3317 2345 3372 lus
2367 3317 2589 3372 rudibus
2615 3317 2890 3386 discipulis
2920 3317 2993 3371 ait
3018 3335 3031 3371 :
3062 3315 3170 3371 Lac
3200 3316 3348 3371 vobis
3372 3316 3489 3370 dedi
3511 3324 3682 3386 potum,
3700 3325 3773 3363 nos

2262 3423 2433 3461 escam
2458 3425 2477 3461 .'
2523 3406 2756 3461 nondum
2798 3408 2934 3461 enim
2968 3407 3239 3476 poteratis,
3272 3407 3367 3462 sed
3390 3421 3477 3460 nec
3512 3403 3686 3476 quidem
3702 3398 3771 3451 cd-

2262 3503 2363 3558 ltuc
2388 3503 2600 3574 potestis
2629 3501 2715 3575 (II
2737 3500 2859 3557 Cor.
2885 3503 2989 3573 ιιι).
3014 3503 3090 3559 De
3116 3502 3479 3574 perfectorum
3506 3513 3621 3570 ergo
3645 3495 3773 3550 scien-

2264 3594 2338 3649 tia
2367 3593 2492 3648 alibi
2538 3594 2650 3649 ait:
2700 3591 2771 3647 Et
2811 3610 2904 3647 nos
2956 3592 3177 3648 revelata
3206 3592 3346 3663 facie
3385 3590 3591 3664 gloriam
3612 3582 3771 3641 Domini

2265 3686 2699 3757 contemplamur,
2752 3687 2807 3741 in
2854 3687 3089 3742 eamdem
3137 3688 3419 3759 imaginem
3461 3676 3767 3752 transfomali.

2265 3787 2513 3849 tanquam
2534 3795 2567 3831 α
2593 3775 2807 3831 Domini
2834 3774 3057 3847 Spiritu,
3085 3785 3192 3832 etc.

2334 3867 2720 3923 Consummant
2751 3882 2880 3940 ergo
2920 3868 3101 3922 omnia
3138 3882 3304 3939 opera
3351 3883 3467 3939 quae
3513 3857 3766 3920 faciendam

2266 3960 2426 4015 domo
2454 3965 2580 4014 sunt
2618 3958 2744 4023 Dei,
2776 3957 2867 4029 qui
2896 3957 3026 4024 fide,
3055 3973 3305 4014 sermone
3331 3967 3387 4015 et
3425 3969 3573 4028 opere
3604 3948 3767 4006 student

2266 4052 2561 4110 secundum
2583 4050 2827 4105 ordinem
2864 4050 3086 4121 implere
3111 4050 3294 4106 omnia
3321 4050 3559 4115 mandata
3583 4039 3764 4100 Domini:

2267 4158 2368 4199 nec
2396 4144 2547 4198 deest
2572 4142 2860 4213 quidquam
2890 4143 2944 4197 in
2970 4141 3323 4214 perfectione,
3372 4143 3458 4198 ubi
3481 4142 3677 4197 humana
3697 4145 3763 4185 VO-

2265 4234 2447 4289 luntas
2467 4233 2661 4289 divina:
2688 4247 2787 4302 per
2804 4234 2986 4290 omnia
3014 4236 3353 4308 obtemperat
3376 4230 3627 4293 voluntati.

2338 4348 2409 4403 Et
2438 4359 2558 4407 ante
2579 4352 2890 4409 matutinum
2941 4362 3281 4409 surrexerunt
3321 4353 3495 4426 quinta
3520 4357 3563 4403 et
3586 4339 3763 4399 vitam

2268 4444 2460 4497 mensis
2487 4445 2612 4498 noni
2637 4484 2653 4509 ,
2682 4455 2787 4501 etc.
2833 4445 2908 4500 De
2945 4444 3049 4500 hac
3092 4453 3275 4500 autem
3321 4428 3763 4499 renovationelose:

2191 4559 2245 4621 D
2270 4534 2408 4604 phus
2438 4535 2512 4588 ita
2542 4543 2758 4600 narrat,
2804 4535 2988 4591 dicens
3042 4534 3238 4605 (Antiq.
3288 4549 3386 4600 xu,
3418 4529 3499 4603 10)
3520 4544 3592 4621 _:_i

2269 4641 2397 4681 vero
2420 4634 2475 4681 et
2515 4626 2771 4681 vicesima
2820 4625 3019 4681 mensis
3049 4623 3271 4689 Casleu,
3321 4638 3475 4694 quem
3520 4610 3761 4673 Macedones

2269 4717 2559 4786 Appelleon
2583 4725 2800 4784 vocant,
2834 4717 3196 4773 accenderunt
3231 4715 3428 4771 lumina
3457 4723 3598 4780 super
3618 4698 3757 4759 cauda

2270 4807 2501 4872 labrum,
2533 4816 2589 4863 et
2636 4806 2983 4863 adoleverunt
3018 4806 3329 4863 holocausta
3371 4819 3483 4877 quae
3522 4793 3757 4857 claulcnml

2271 4897 2326 4952 in
2361 4912 2498 4952 novo
2526 4897 2703 4952 altari.
2740 4917 2761 4949 s
2794 4897 2919 4953 Haec
2947 4908 3126 4953 autem
3155 4896 3298 4952 facta
3324 4904 3444 4953 sunt
3465 4898 3571 4967 post
3589 4897 3675 4941 "es
3694 4893 3754 4967 ³¹¹Ϊ

2271 5002 2390 5050 nos,
2421 4987 2613 5043 eodem
2660 4987 2745 5043 die
2793 5003 2901 5057 quo
2947 4996 3151 5043 mutata
3197 4997 3281 5045 est
3310 4966 3490 5045 eorum
3529 4976 3679 5049 religio
3710 4966 3755 5021 ad

2275 5074 2553 5144 profanam
2606 5089 2791 5131 eorum
2837 5075 3097 5131 idolorum
3147 5075 3578 5133 consuetudinem.
3615 5076 3637 5104 ³
3659 5059 3753 5155 Nil"

2276 5165 2533 5235 templum
2580 5166 2911 5221 destructum
2959 5168 3027 5222 ab
3077 5166 3342 5223 Antiocho
3385 5168 3457 5222 sic
3484 5160 3625 5218 tribus
3645 5158 3753 5235 attuli

2273 5257 2572 5327 permansit
2602 5272 2617 5310 :
2658 5247 2846 5326 quinto
2870 5258 3014 5313 enim
3062 5274 3203 5314 anno
3244 5268 3301 5315 et
3323 5257 3598 5315 decimo,el
3623 5248 3753 5298 σθηιεδ
3796 5282 3808 5295 η
3894 5274 3895 5289 ι

2275 5345 2413 5399 simo
2439 5346 2493 5399 in
2522 5346 2719 5416 templo
2756 5346 2899 5401 facta
2923 5348 3020 5413 sit,
3052 5349 3239 5415 quinta
3260 5356 3320 5404 et
3351 5344 3577 5403 vicesima
3595 5335 3661 5390 die
3679 5327 3745 5393 ΑΙ)

2274 5435 2485 5505 pelleon
2514 5438 2715 5491 mensis
2740 5453 2754 5501 ;
2796 5445 2989 5492 octavo
3012 5446 3067 5492 et
3105 5454 3245 5494 nono
3272 5453 3338 5493 ac
3362 5432 3618 5494 centesimo
3635 5430 3745 5505 siina

2276 5504 2580 5593 olympiade
2604 5526 2896 5580 centesima
2925 5534 2981 5579 et
3021 5526 3456 5599 quinquagesima
3489 5523 3656 5591 quam
3678 5504 3743 5599 [κ’

2275 5590 2595 5669 solationem
2641 5630 2770 5670 vero
2800 5616 2980 5685 templi
3022 5590 3396 5684 conti—gitvﬁeri
3424 5590 3660 5670 secundum
3677 5590 3748 5646 0"

2274 5702 2429 5761 nielis
2452 5704 2842 5773 praefationem,
2867 5721 3025 5775 quam
3045 5712 3170 5760 ante
3188 5705 3397 5762 decimo
3417 5711 3465 5761 et
3485 5704 3636 5755 octavo
3651 5692 3744 5755 Pr“
