  <div class='ocr_page' id='page_1' title='image "/cluster/home/n/w/nwhite01/storage/ocr_20150623/109/hvd.32044015466857/584.png"; bbox 0 0 4028 6506; ppageno 0'>
   <div class='ocr_carea' id='block_1_1' title="bbox 242 395 366 459">
    <p class='ocr_par' dir='ltr' id='par_1_1' title="bbox 242 395 366 459">
     <span class='ocr_line' id='line_1_1' title="bbox 242 395 366 459; baseline 0.04 -5"><span class='ocrx_word' id='word_1_1' title='bbox 242 395 366 459; x_wconf 73' lang='lat' dir='ltr'><strong>“Gl</strong></span> 
     </span>
    </p>
   </div>
   <div class='ocr_carea' id='block_1_2' title="bbox 946 387 2771 452">
    <p class='ocr_par' dir='ltr' id='par_1_2' title="bbox 946 387 2771 452">
     <span class='ocr_line' id='line_1_2' title="bbox 946 387 2771 452; baseline -0.003 0"><span class='ocrx_word' id='word_1_2' title='bbox 946 391 1300 452; x_wconf 82' lang='lat' dir='ltr'><strong>COMMENT.</strong></span> <span class='ocrx_word' id='word_1_3' title='bbox 1339 391 1406 449; x_wconf 78' lang='lat' dir='ltr'><strong>IN</strong></span> <span class='ocrx_word' id='word_1_4' title='bbox 1445 389 1691 450; x_wconf 78' lang='lat' dir='ltr'><strong>LIBROS</strong></span> <span class='ocrx_word' id='word_1_5' title='bbox 1729 387 2303 448; x_wconf 68' lang='lat' dir='ltr'><strong>MACHAB/EORUM.</strong></span> <span class='ocrx_word' id='word_1_6' title='bbox 2343 421 2412 432; x_wconf 89' lang='lat'><em>--</em></span> <span class='ocrx_word' id='word_1_7' title='bbox 2452 389 2520 446; x_wconf 87' lang='lat' dir='ltr'><strong>IN</strong></span> <span class='ocrx_word' id='word_1_8' title='bbox 2561 388 2688 446; x_wconf 88' lang='lat' dir='ltr'><strong>LIB.</strong></span> <span class='ocrx_word' id='word_1_9' title='bbox 2727 390 2771 446; x_wconf 94' lang='lat' dir='ltr'><strong>l.</strong></span> 
     </span>
    </p>
   </div>
   <div class='ocr_carea' id='block_1_3' title="bbox 3368 385 3511 441">
    <p class='ocr_par' dir='ltr' id='par_1_3' title="bbox 3368 385 3511 441">
     <span class='ocr_line' id='line_1_3' title="bbox 3368 385 3511 441; baseline 0 0"><span class='ocrx_word' id='word_1_10' title='bbox 3368 385 3511 441; x_wconf 75' lang='lat'><strong>“62</strong></span> 
     </span>
    </p>
   </div>
   <div class='ocr_carea' id='block_1_4' title="bbox 241 500 3514 589">
    <p class='ocr_par' dir='ltr' id='par_1_4' title="bbox 241 500 3514 589">
     <span class='ocr_line' id='line_1_4' title="bbox 241 500 3514 589; baseline -0.005 -15"><span class='ocrx_word' id='word_1_11' title='bbox 241 518 440 575; x_wconf 75' lang='lat' dir='ltr'><strong>dixerat</strong></span> <span class='ocrx_word' id='word_1_12' title='bbox 467 530 629 582; x_wconf 89' lang='lat' dir='ltr'><strong>anno,</strong></span> <span class='ocrx_word' id='word_1_13' title='bbox 659 530 758 589; x_wconf 87' lang='lat' dir='ltr'><strong>per</strong></span> <span class='ocrx_word' id='word_1_14' title='bbox 777 529 938 587; x_wconf 88' lang='lat' dir='ltr'><strong>quam</strong></span> <span class='ocrx_word' id='word_1_15' title='bbox 971 514 1294 585; x_wconf 87' lang='lat' dir='ltr'><strong>signiﬁcavit</strong></span> <span class='ocrx_word' id='word_1_16' title='bbox 1317 514 1459 584; x_wconf 92' lang='lat' dir='ltr'><strong>quod</strong></span> <span class='ocrx_word' id='word_1_17' title='bbox 1491 511 1813 568; x_wconf 86' lang='lat' dir='ltr'><strong>Macedones</strong></span> <span class='ocrx_word' id='word_1_18' title='bbox 1838 512 1893 572; x_wconf 75' lang='grc' dir='ltr'>Α</span> <span class='ocrx_word' id='word_1_19' title='bbox 1915 521 2076 578; x_wconf 84' lang='lat' dir='ltr'><strong>quem</strong></span> <span class='ocrx_word' id='word_1_20' title='bbox 2115 523 2212 563; x_wconf 93' lang='lat' dir='ltr'><strong>nos</strong></span> <span class='ocrx_word' id='word_1_21' title='bbox 2247 522 2503 563; x_wconf 89' lang='lat' dir='ltr'><strong>vocamus</strong></span> <span class='ocrx_word' id='word_1_22' title='bbox 2543 505 2813 572; x_wconf 76' lang='lat' dir='ltr'><strong>Martium,</strong></span> <span class='ocrx_word' id='word_1_23' title='bbox 2860 518 2998 574; x_wconf 89' lang='lat' dir='ltr'><strong>opus</strong></span> <span class='ocrx_word' id='word_1_24' title='bbox 3033 501 3102 557; x_wconf 90' lang='lat' dir='ltr'><strong>ad</strong></span> <span class='ocrx_word' id='word_1_25' title='bbox 3131 500 3293 556; x_wconf 92' lang='lat' dir='ltr'><strong>ﬁnem</strong></span> <span class='ocrx_word' id='word_1_26' title='bbox 3338 514 3514 570; x_wconf 88' lang='lat' dir='ltr'><strong>usque</strong></span> 
     </span>
    </p>
   </div>
   <div class='ocr_carea' id='block_1_5' title="bbox 242 603 1814 666">
    <p class='ocr_par' dir='ltr' id='par_1_5' title="bbox 242 603 1814 666">
     <span class='ocr_line' id='line_1_5' title="bbox 242 603 1814 666; baseline -0.006 0"><span class='ocrx_word' id='word_1_27' title='bbox 242 609 360 666; x_wconf 87' lang='lat' dir='ltr'><strong>illud</strong></span> <span class='ocrx_word' id='word_1_28' title='bbox 381 609 740 664; x_wconf 90' lang='lat' dir='ltr'><strong>destruerent.</strong></span> <span class='ocrx_word' id='word_1_29' title='bbox 776 607 1080 663; x_wconf 81' lang='lat' dir='ltr'><strong>Celebravit</strong></span> <span class='ocrx_word' id='word_1_30' title='bbox 1110 614 1290 662; x_wconf 90' lang='lat' dir='ltr'><strong>autem</strong></span> <span class='ocrx_word' id='word_1_31' title='bbox 1317 603 1485 661; x_wconf 85' lang='lat' dir='ltr'><strong>Judas</strong></span> <span class='ocrx_word' id='word_1_32' title='bbox 1530 620 1653 660; x_wconf 92' lang='lat' dir='ltr'><strong>cum</strong></span> <span class='ocrx_word' id='word_1_33' title='bbox 1680 604 1814 660; x_wconf 90' lang='lat' dir='ltr'><strong>civi-</strong></span> 
     </span>
    </p>
   </div>
   <div class='ocr_carea' id='block_1_6' title="bbox 238 698 1878 773">
    <p class='ocr_par' dir='ltr' id='par_1_6' title="bbox 238 698 1878 773">
     <span class='ocr_line' id='line_1_6' title="bbox 238 698 1878 773; baseline -0.004 -13"><span class='ocrx_word' id='word_1_34' title='bbox 238 703 336 760; x_wconf 82' lang='lat' dir='ltr'><strong>l-us</strong></span> <span class='ocrx_word' id='word_1_35' title='bbox 375 704 486 759; x_wconf 83' lang='lat' dir='ltr'><strong>suis</strong></span> <span class='ocrx_word' id='word_1_36' title='bbox 515 718 610 773; x_wconf 89' lang='lat' dir='ltr'><strong>pro</strong></span> <span class='ocrx_word' id='word_1_37' title='bbox 651 702 1000 758; x_wconf 80' lang='lat' dir='ltr'><strong>renovatione</strong></span> <span class='ocrx_word' id='word_1_38' title='bbox 1047 699 1230 770; x_wconf 79' lang='lat' dir='ltr'><strong>templi</strong></span> <span class='ocrx_word' id='word_1_39' title='bbox 1265 698 1532 755; x_wconf 89' lang='lat' dir='ltr'><strong>sacriﬁcia</strong></span> <span class='ocrx_word' id='word_1_40' title='bbox 1569 713 1666 769; x_wconf 92' lang='lat' dir='ltr'><strong>per</strong></span> <span class='ocrx_word' id='word_1_41' title='bbox 1700 698 1816 754; x_wconf 87' lang='lat' dir='ltr'><strong>dies</strong></span> <span class='ocrx_word' id='word_1_42' title='bbox 1872 728 1878 735; x_wconf 96' lang='lat'><strong><em>-</em></strong></span> 
     </span>
    </p>
   </div>
   <div class='ocr_carea' id='block_1_7' title="bbox 237 790 1818 862">
    <p class='ocr_par' dir='ltr' id='par_1_7' title="bbox 237 790 1818 862">
     <span class='ocr_line' id='line_1_7' title="bbox 237 790 1818 862; baseline -0.005 -10"><span class='ocrx_word' id='word_1_43' title='bbox 237 801 356 852; x_wconf 84' lang='lat' dir='ltr'><strong>octo</strong></span> <span class='ocrx_word' id='word_1_44' title='bbox 383 834 398 860; x_wconf 91' lang='lat'><strong>,</strong></span> <span class='ocrx_word' id='word_1_45' title='bbox 447 792 648 848; x_wconf 89' lang='lat' dir='ltr'><strong>nullum</strong></span> <span class='ocrx_word' id='word_1_46' title='bbox 678 805 847 862; x_wconf 90' lang='lat' dir='ltr'><strong>genus</strong></span> <span class='ocrx_word' id='word_1_47' title='bbox 871 790 1192 846; x_wconf 82' lang='lat' dir='ltr'><strong>deliciarum</strong></span> <span class='ocrx_word' id='word_1_48' title='bbox 1228 790 1570 860; x_wconf 89' lang='lat' dir='ltr'><strong>relinquens,</strong></span> <span class='ocrx_word' id='word_1_49' title='bbox 1614 790 1818 860; x_wconf 69' lang='lat' dir='ltr'><strong>pretio«</strong></span> 
     </span>
    </p>
   </div>
   <div class='ocr_carea' id='block_1_8' title="bbox 245 881 1816 955">
    <p class='ocr_par' dir='ltr' id='par_1_8' title="bbox 245 881 1816 955">
     <span class='ocr_line' id='line_1_8' title="bbox 245 881 1816 955; baseline -0.003 -14"><span class='ocrx_word' id='word_1_50' title='bbox 245 884 458 942; x_wconf 87' lang='lat' dir='ltr'><strong>sissimis</strong></span> <span class='ocrx_word' id='word_1_51' title='bbox 483 885 708 955; x_wconf 75' lang='lat' dir='ltr'><strong>dapibus</strong></span> <span class='ocrx_word' id='word_1_52' title='bbox 733 898 826 938; x_wconf 90' lang='lat' dir='ltr'><strong>eos</strong></span> <span class='ocrx_word' id='word_1_53' title='bbox 849 897 1078 952; x_wconf 89' lang='lat' dir='ltr'><strong>pascens</strong></span> <span class='ocrx_word' id='word_1_54' title='bbox 1108 899 1120 935; x_wconf 89' lang='lat'><strong>:</strong></span> <span class='ocrx_word' id='word_1_55' title='bbox 1171 883 1340 938; x_wconf 88' lang='lat' dir='ltr'><strong>Deum</strong></span> <span class='ocrx_word' id='word_1_56' title='bbox 1365 889 1542 938; x_wconf 90' lang='lat' dir='ltr'><strong>autem</strong></span> <span class='ocrx_word' id='word_1_57' title='bbox 1569 881 1816 937; x_wconf 86' lang='lat' dir='ltr'><strong>laudibus</strong></span> 
     </span>
    </p>
   </div>
   <div class='ocr_carea' id='block_1_9' title="bbox 244 973 1820 1048">
    <p class='ocr_par' dir='ltr' id='par_1_9' title="bbox 244 973 1820 1048">
     <span class='ocr_line' id='line_1_9' title="bbox 244 973 1820 1048; baseline -0.003 -14"><span class='ocrx_word' id='word_1_58' title='bbox 244 985 294 1034; x_wconf 89' lang='lat' dir='ltr'><strong>et</strong></span> <span class='ocrx_word' id='word_1_59' title='bbox 319 978 536 1048; x_wconf 89' lang='lat' dir='ltr'><strong>psalmis</strong></span> <span class='ocrx_word' id='word_1_60' title='bbox 563 976 956 1048; x_wconf 86' lang='lat' dir='ltr'><strong>glorificabant,</strong></span> <span class='ocrx_word' id='word_1_61' title='bbox 1000 991 1166 1046; x_wconf 85' lang='lat' dir='ltr'><strong>seque</strong></span> <span class='ocrx_word' id='word_1_62' title='bbox 1214 984 1402 1030; x_wconf 92' lang='lat' dir='ltr'><strong>mutuo</strong></span> <span class='ocrx_word' id='word_1_63' title='bbox 1453 975 1702 1030; x_wconf 88' lang='lat' dir='ltr'><strong>cantibus</strong></span> <span class='ocrx_word' id='word_1_64' title='bbox 1725 973 1820 1029; x_wconf 90' lang='lat' dir='ltr'><strong>de-</strong></span> 
     </span>
    </p>
   </div>
   <div class='ocr_carea' id='block_1_10' title="bbox 239 1056 1822 1138">
    <p class='ocr_par' dir='ltr' id='par_1_10' title="bbox 239 1056 1822 1138">
     <span class='ocr_line' id='line_1_10' title="bbox 239 1056 1822 1138; baseline -0.004 -11"><span class='ocrx_word' id='word_1_65' title='bbox 239 1069 517 1129; x_wconf 81' lang='lat' dir='ltr'><strong>lectabant.</strong></span> <span class='ocrx_word' id='word_1_66' title='bbox 558 1068 664 1124; x_wconf 88' lang='lat' dir='ltr'><strong>Pro</strong></span> <span class='ocrx_word' id='word_1_67' title='bbox 715 1056 1068 1124; x_wconf 74' lang='lat' dir='ltr'><strong>renovatione</strong></span> <span class='ocrx_word' id='word_1_68' title='bbox 1117 1084 1248 1125; x_wconf 90' lang='lat' dir='ltr'><strong>vero</strong></span> <span class='ocrx_word' id='word_1_69' title='bbox 1301 1067 1645 1133; x_wconf 89' lang='lat' dir='ltr'><strong>solemnium,</strong></span> <span class='ocrx_word' id='word_1_70' title='bbox 1697 1076 1822 1138; x_wconf 88' lang='lat' dir='ltr'><strong>post</strong></span> 
     </span>
    </p>
   </div>
   <div class='ocr_carea' id='block_1_11' title="bbox 236 1159 1820 1232">
    <p class='ocr_par' dir='ltr' id='par_1_11' title="bbox 236 1159 1820 1232">
     <span class='ocr_line' id='line_1_11' title="bbox 236 1159 1820 1232; baseline -0.004 -12"><span class='ocrx_word' id='word_1_71' title='bbox 236 1163 459 1220; x_wconf 85' lang='lat' dir='ltr'><strong>multum</strong></span> <span class='ocrx_word' id='word_1_72' title='bbox 481 1169 689 1230; x_wconf 88' lang='lat' dir='ltr'><strong>tempus</strong></span> <span class='ocrx_word' id='word_1_73' title='bbox 718 1160 1015 1216; x_wconf 86' lang='lat' dir='ltr'><strong>instaurata</strong></span> <span class='ocrx_word' id='word_1_74' title='bbox 1045 1160 1324 1230; x_wconf 84' lang='lat' dir='ltr'><strong>religione,</strong></span> <span class='ocrx_word' id='word_1_75' title='bbox 1357 1170 1666 1232; x_wconf 87' lang='lat' dir='ltr'><strong>receptores</strong></span> <span class='ocrx_word' id='word_1_76' title='bbox 1686 1159 1820 1231; x_wconf 81' lang='lat' dir='ltr'><strong>legis</strong></span> 
     </span>
    </p>
   </div>
   <div class='ocr_carea' id='block_1_12' title="bbox 239 1252 1820 1326">
    <p class='ocr_par' dir='ltr' id='par_1_12' title="bbox 239 1252 1820 1326">
     <span class='ocr_line' id='line_1_12' title="bbox 239 1252 1820 1326; baseline -0.003 -15"><span class='ocrx_word' id='word_1_77' title='bbox 239 1261 526 1326; x_wconf 69' lang='lat' dir='ltr'><strong>posuerunt</strong></span> <span class='ocrx_word' id='word_1_78' title='bbox 559 1261 618 1308; x_wconf 94' lang='lat' dir='ltr'><strong>ut</strong></span> <span class='ocrx_word' id='word_1_79' title='bbox 656 1255 858 1325; x_wconf 85' lang='lat' dir='ltr'><strong>posteri</strong></span> <span class='ocrx_word' id='word_1_80' title='bbox 889 1262 1012 1324; x_wconf 90' lang='lat' dir='ltr'><strong>post</strong></span> <span class='ocrx_word' id='word_1_81' title='bbox 1038 1262 1163 1310; x_wconf 90' lang='lat' dir='ltr'><strong>octo</strong></span> <span class='ocrx_word' id='word_1_82' title='bbox 1191 1256 1308 1311; x_wconf 91' lang='lat' dir='ltr'><strong>dies</strong></span> <span class='ocrx_word' id='word_1_83' title='bbox 1343 1254 1484 1309; x_wconf 92' lang='lat' dir='ltr'><strong>hanc</strong></span> <span class='ocrx_word' id='word_1_84' title='bbox 1511 1252 1820 1310; x_wconf 87' lang='lat' dir='ltr'><strong>renovatio-</strong></span> 
     </span>
    </p>
   </div>
   <div class='ocr_carea' id='block_1_13' title="bbox 238 1341 1818 1418">
    <p class='ocr_par' dir='ltr' id='par_1_13' title="bbox 238 1341 1818 1418">
     <span class='ocr_line' id='line_1_13' title="bbox 238 1341 1818 1418; baseline -0.003 -15"><span class='ocrx_word' id='word_1_85' title='bbox 238 1341 356 1403; x_wconf 78' lang='lat' dir='ltr'><strong>uem</strong></span> <span class='ocrx_word' id='word_1_86' title='bbox 382 1347 561 1418; x_wconf 89' lang='lat' dir='ltr'><strong>templi</strong></span> <span class='ocrx_word' id='word_1_87' title='bbox 587 1347 939 1404; x_wconf 88' lang='lat' dir='ltr'><strong>celebrarent.</strong></span> <span class='ocrx_word' id='word_1_88' title='bbox 973 1347 1125 1403; x_wconf 88' lang='lat' dir='ltr'><strong>Unde</strong></span> <span class='ocrx_word' id='word_1_89' title='bbox 1151 1357 1205 1402; x_wconf 87' lang='lat' dir='ltr'><strong>et</strong></span> <span class='ocrx_word' id='word_1_90' title='bbox 1228 1346 1296 1401; x_wconf 89' lang='lat' dir='ltr'><strong>ab</strong></span> <span class='ocrx_word' id='word_1_91' title='bbox 1318 1346 1410 1402; x_wconf 90' lang='lat' dir='ltr'><strong>illo</strong></span> <span class='ocrx_word' id='word_1_92' title='bbox 1445 1353 1687 1416; x_wconf 88' lang='lat' dir='ltr'><strong>tempore</strong></span> <span class='ocrx_word' id='word_1_93' title='bbox 1718 1345 1818 1398; x_wconf 86' lang='lat' dir='ltr'><strong>ha-</strong></span> 
     </span>
    </p>
   </div>
   <div class='ocr_carea' id='block_1_14' title="bbox 239 1441 1820 1507">
    <p class='ocr_par' dir='ltr' id='par_1_14' title="bbox 239 1441 1820 1507">
     <span class='ocr_line' id='line_1_14' title="bbox 239 1441 1820 1507; baseline -0.003 -11"><span class='ocrx_word' id='word_1_94' title='bbox 239 1448 420 1496; x_wconf 90' lang='lat' dir='ltr'><strong>ctenus</strong></span> <span class='ocrx_word' id='word_1_95' title='bbox 460 1441 603 1496; x_wconf 88' lang='lat' dir='ltr'><strong>hanc</strong></span> <span class='ocrx_word' id='word_1_96' title='bbox 624 1441 973 1496; x_wconf 79' lang='lat' dir='ltr'><strong>festivitatem</strong></span> <span class='ocrx_word' id='word_1_97' title='bbox 999 1442 1366 1507; x_wconf 90' lang='lat' dir='ltr'><strong>celebramus;</strong></span> <span class='ocrx_word' id='word_1_98' title='bbox 1417 1447 1674 1495; x_wconf 91' lang='lat' dir='ltr'><strong>vocantes</strong></span> <span class='ocrx_word' id='word_1_99' title='bbox 1699 1453 1820 1493; x_wconf 91' lang='lat' dir='ltr'><strong>eam</strong></span> 
     </span>
    </p>
   </div>
   <div class='ocr_carea' id='block_1_15' title="bbox 237 1529 1822 1604">
    <p class='ocr_par' dir='ltr' id='par_1_15' title="bbox 237 1529 1822 1604">
     <span class='ocr_line' id='line_1_15' title="bbox 237 1529 1822 1604; baseline -0.001 -19"><span class='ocrx_word' id='word_1_100' title='bbox 237 1530 486 1598; x_wconf 82' lang='lat' dir='ltr'><strong>Lumina,</strong></span> <span class='ocrx_word' id='word_1_101' title='bbox 524 1548 590 1588; x_wconf 92' lang='lat' dir='ltr'><strong>eo</strong></span> <span class='ocrx_word' id='word_1_102' title='bbox 615 1533 758 1603; x_wconf 92' lang='lat' dir='ltr'><strong>quod</strong></span> <span class='ocrx_word' id='word_1_103' title='bbox 786 1542 985 1603; x_wconf 58' lang='lat' dir='ltr'><strong>praeter</strong></span> <span class='ocrx_word' id='word_1_104' title='bbox 1029 1549 1180 1604; x_wconf 89' lang='lat' dir='ltr'><strong>spem</strong></span> <span class='ocrx_word' id='word_1_105' title='bbox 1210 1533 1313 1588; x_wconf 89' lang='lat' dir='ltr'><strong>hoc</strong></span> <span class='ocrx_word' id='word_1_106' title='bbox 1357 1531 1512 1586; x_wconf 89' lang='lat' dir='ltr'><strong>nobis</strong></span> <span class='ocrx_word' id='word_1_107' title='bbox 1543 1529 1822 1600; x_wconf 90' lang='lat' dir='ltr'><strong>splendide</strong></span> 
     </span>
    </p>
   </div>
   <div class='ocr_carea' id='block_1_16' title="bbox 239 1619 1821 1696">
    <p class='ocr_par' dir='ltr' id='par_1_16' title="bbox 239 1619 1821 1696">
     <span class='ocr_line' id='line_1_16' title="bbox 239 1619 1821 1696; baseline 0.001 -22"><span class='ocrx_word' id='word_1_108' title='bbox 239 1619 412 1675; x_wconf 88' lang='lat' dir='ltr'><strong>lumen</strong></span> <span class='ocrx_word' id='word_1_109' title='bbox 468 1621 706 1678; x_wconf 76' lang='lat' dir='ltr'><strong>colendae</strong></span> <span class='ocrx_word' id='word_1_110' title='bbox 745 1623 1020 1696; x_wconf 75' lang='lat' dir='ltr'><strong>religionis</strong></span> <span class='ocrx_word' id='word_1_111' title='bbox 1069 1627 1334 1694; x_wconf 87' lang='lat' dir='ltr'><strong>apparuit,</strong></span> <span class='ocrx_word' id='word_1_112' title='bbox 1375 1623 1601 1694; x_wconf 87' lang='lat' dir='ltr'><strong>mystice</strong></span> <span class='ocrx_word' id='word_1_113' title='bbox 1639 1631 1821 1676; x_wconf 90' lang='lat' dir='ltr'><strong>autem</strong></span> 
     </span>
    </p>
   </div>
   <div class='ocr_carea' id='block_1_17' title="bbox 237 1712 1824 1786">
    <p class='ocr_par' dir='ltr' id='par_1_17' title="bbox 237 1712 1824 1786">
     <span class='ocr_line' id='line_1_17' title="bbox 237 1712 1824 1786; baseline -0.001 -18"><span class='ocrx_word' id='word_1_114' title='bbox 237 1714 506 1771; x_wconf 87' lang='lat' dir='ltr'><strong>renovatio</strong></span> <span class='ocrx_word' id='word_1_115' title='bbox 554 1716 738 1786; x_wconf 90' lang='lat' dir='ltr'><strong>templi</strong></span> <span class='ocrx_word' id='word_1_116' title='bbox 778 1717 1062 1773; x_wconf 81' lang='lat' dir='ltr'><strong>conversio</strong></span> <span class='ocrx_word' id='word_1_117' title='bbox 1096 1725 1179 1772; x_wconf 91' lang='lat' dir='ltr'><strong>est</strong></span> <span class='ocrx_word' id='word_1_118' title='bbox 1228 1716 1505 1771; x_wconf 85' lang='lat' dir='ltr'><strong>hominum</strong></span> <span class='ocrx_word' id='word_1_119' title='bbox 1537 1715 1604 1770; x_wconf 90' lang='lat' dir='ltr'><strong>ad</strong></span> <span class='ocrx_word' id='word_1_120' title='bbox 1648 1712 1824 1784; x_wconf 60' lang='lat' dir='ltr'><strong>paeni-</strong></span> 
     </span>
    </p>
   </div>
   <div class='ocr_carea' id='block_1_18' title="bbox 238 1807 1820 1882">
    <p class='ocr_par' dir='ltr' id='par_1_18' title="bbox 238 1807 1820 1882">
     <span class='ocr_line' id='line_1_18' title="bbox 238 1807 1820 1882; baseline 0.001 -20"><span class='ocrx_word' id='word_1_121' title='bbox 238 1807 452 1863; x_wconf 89' lang='lat' dir='ltr'><strong>tentiam</strong></span> <span class='ocrx_word' id='word_1_122' title='bbox 478 1817 857 1879; x_wconf 87' lang='lat' dir='ltr'><strong>peccatorum,</strong></span> <span class='ocrx_word' id='word_1_123' title='bbox 910 1811 1001 1882; x_wconf 89' lang='lat' dir='ltr'><strong>qui</strong></span> <span class='ocrx_word' id='word_1_124' title='bbox 1052 1809 1320 1882; x_wconf 85' lang='lat' dir='ltr'><strong>aliquibus</strong></span> <span class='ocrx_word' id='word_1_125' title='bbox 1346 1809 1624 1865; x_wconf 90' lang='lat' dir='ltr'><strong>erroribus</strong></span> <span class='ocrx_word' id='word_1_126' title='bbox 1656 1817 1820 1877; x_wconf 87' lang='lat' dir='ltr'><strong>atque</strong></span> 
     </span>
    </p>
   </div>
   <div class='ocr_carea' id='block_1_19' title="bbox 1916 592 3516 671">
    <p class='ocr_par' dir='ltr' id='par_1_19' title="bbox 1916 592 3516 671">
     <span class='ocr_line' id='line_1_19' title="bbox 1916 592 3516 671; baseline -0.004 -16"><span class='ocrx_word' id='word_1_127' title='bbox 1916 597 2258 671; x_wconf 90' lang='lat' dir='ltr'><strong>perductum.</strong></span> <span class='ocrx_word' id='word_1_128' title='bbox 2320 597 2456 654; x_wconf 86' lang='lat' dir='ltr'><strong>Cum</strong></span> <span class='ocrx_word' id='word_1_129' title='bbox 2506 597 2756 653; x_wconf 87' lang='lat' dir='ltr'><strong>videlicet</strong></span> <span class='ocrx_word' id='word_1_130' title='bbox 2810 604 2939 650; x_wconf 88' lang='lat' dir='ltr'><strong>tunc</strong></span> <span class='ocrx_word' id='word_1_131' title='bbox 2977 593 3129 666; x_wconf 89' lang='lat' dir='ltr'><strong>operi</strong></span> <span class='ocrx_word' id='word_1_132' title='bbox 3179 592 3516 664; x_wconf 84' lang='lat' dir='ltr'><strong>praefuerunt</strong></span> 
     </span>
    </p>
   </div>
   <div class='ocr_carea' id='block_1_20' title="bbox 1919 686 3515 764">
    <p class='ocr_par' dir='ltr' id='par_1_20' title="bbox 1919 686 3515 764">
     <span class='ocr_line' id='line_1_20' title="bbox 1919 686 3515 764; baseline -0.004 -15"><span class='ocrx_word' id='word_1_133' title='bbox 1919 693 2085 749; x_wconf 89' lang='lat' dir='ltr'><strong>duces</strong></span> <span class='ocrx_word' id='word_1_134' title='bbox 2117 692 2291 764; x_wconf 89' lang='lat' dir='ltr'><strong>plebis</strong></span> <span class='ocrx_word' id='word_1_135' title='bbox 2327 689 2706 753; x_wconf 89' lang='lat' dir='ltr'><strong>strenuissimi,</strong></span> <span class='ocrx_word' id='word_1_136' title='bbox 2738 695 2799 743; x_wconf 88' lang='lat' dir='ltr'><strong>ut</strong></span> <span class='ocrx_word' id='word_1_137' title='bbox 2833 688 3094 753; x_wconf 84' lang='lat' dir='ltr'><strong>diximus,</strong></span> <span class='ocrx_word' id='word_1_138' title='bbox 3118 686 3419 743; x_wconf 84' lang='lat' dir='ltr'><strong>Zorobabel</strong></span> <span class='ocrx_word' id='word_1_139' title='bbox 3446 686 3515 742; x_wconf 87' lang='lat' dir='ltr'><strong>de</strong></span> 
     </span>
    </p>
   </div>
   <div class='ocr_carea' id='block_1_21' title="bbox 1920 779 3516 858">
    <p class='ocr_par' dir='ltr' id='par_1_21' title="bbox 1920 779 3516 858">
     <span class='ocr_line' id='line_1_21' title="bbox 1920 779 3516 858; baseline -0.004 -17"><span class='ocrx_word' id='word_1_140' title='bbox 1920 786 2068 858; x_wconf 87' lang='lat' dir='ltr'><strong>regio</strong></span> <span class='ocrx_word' id='word_1_141' title='bbox 2090 799 2306 856; x_wconf 79' lang='lat' dir='ltr'><strong>genere,</strong></span> <span class='ocrx_word' id='word_1_142' title='bbox 2339 791 2394 839; x_wconf 92' lang='lat' dir='ltr'><strong>et</strong></span> <span class='ocrx_word' id='word_1_143' title='bbox 2419 782 2596 848; x_wconf 83' lang='lat' dir='ltr'><strong>Jesus,</strong></span> <span class='ocrx_word' id='word_1_144' title='bbox 2626 781 2880 836; x_wconf 89' lang='lat' dir='ltr'><strong>sacerdos</strong></span> <span class='ocrx_word' id='word_1_145' title='bbox 2902 796 3162 852; x_wconf 88' lang='lat' dir='ltr'><strong>magnus;</strong></span> <span class='ocrx_word' id='word_1_146' title='bbox 3193 779 3289 836; x_wconf 88' lang='lat' dir='ltr'><strong>sed</strong></span> <span class='ocrx_word' id='word_1_147' title='bbox 3315 789 3371 835; x_wconf 91' lang='lat' dir='ltr'><strong>et</strong></span> <span class='ocrx_word' id='word_1_148' title='bbox 3388 793 3516 849; x_wconf 90' lang='lat' dir='ltr'><strong>pro-</strong></span> 
     </span>
    </p>
   </div>
   <div class='ocr_carea' id='block_1_22' title="bbox 1923 873 3576 952">
    <p class='ocr_par' dir='ltr' id='par_1_22' title="bbox 1923 873 3576 952">
     <span class='ocr_line' id='line_1_22' title="bbox 1923 873 3576 952; baseline -0.005 -17"><span class='ocrx_word' id='word_1_149' title='bbox 1923 880 2099 952; x_wconf 65' lang='lat' dir='ltr'><strong>phetae</strong></span> <span class='ocrx_word' id='word_1_150' title='bbox 2132 877 2362 949; x_wconf 75' lang='lat' dir='ltr'><strong>Aggzeus</strong></span> <span class='ocrx_word' id='word_1_151' title='bbox 2414 885 2470 932; x_wconf 91' lang='lat' dir='ltr'><strong>et</strong></span> <span class='ocrx_word' id='word_1_152' title='bbox 2523 873 2814 929; x_wconf 85' lang='lat' dir='ltr'><strong>Zacharias</strong></span> <span class='ocrx_word' id='word_1_153' title='bbox 2851 873 3171 944; x_wconf 89' lang='lat' dir='ltr'><strong>adjuvantes</strong></span> <span class='ocrx_word' id='word_1_154' title='bbox 3212 888 3307 930; x_wconf 91' lang='lat' dir='ltr'><strong>eos</strong></span> <span class='ocrx_word' id='word_1_155' title='bbox 3351 882 3517 945; x_wconf 86' lang='lat' dir='ltr'><strong>atque</strong></span> <span class='ocrx_word' id='word_1_156' title='bbox 3573 873 3576 876; x_wconf 77' lang='grc'><em>’</em></span> 
     </span>
    </p>
   </div>
   <div class='ocr_carea' id='block_1_23' title="bbox 1922 966 3544 1038">
    <p class='ocr_par' dir='ltr' id='par_1_23' title="bbox 1922 966 3544 1038">
     <span class='ocr_line' id='line_1_23' title="bbox 1922 966 3544 1038; baseline -0.003 -11"><span class='ocrx_word' id='word_1_157' title='bbox 1922 972 2181 1027; x_wconf 90' lang='lat' dir='ltr'><strong>adversus</strong></span> <span class='ocrx_word' id='word_1_158' title='bbox 2207 969 2428 1024; x_wconf 88' lang='lat' dir='ltr'><strong>insidias</strong></span> <span class='ocrx_word' id='word_1_159' title='bbox 2455 967 2858 1038; x_wconf 77' lang='lat' dir='ltr'><strong>impedientium</strong></span> <span class='ocrx_word' id='word_1_160' title='bbox 2882 983 3019 1038; x_wconf 83' lang='lat' dir='ltr'><strong>Opus</strong></span> <span class='ocrx_word' id='word_1_161' title='bbox 3047 966 3282 1022; x_wconf 79' lang='lat' dir='ltr'><strong>hostium</strong></span> <span class='ocrx_word' id='word_1_162' title='bbox 3299 982 3393 1022; x_wconf 92' lang='lat' dir='ltr'><strong>cor</strong></span> <span class='ocrx_word' id='word_1_163' title='bbox 3414 981 3512 1036; x_wconf 80' lang='grc' dir='ltr'><strong>ρο·-</strong></span> <span class='ocrx_word' id='word_1_164' title='bbox 3537 981 3544 1031; x_wconf 66' lang='grc' dir='ltr'><em>τ</em></span> 
     </span>
    </p>
   </div>
   <div class='ocr_carea' id='block_1_24' title="bbox 1921 1060 3553 1136">
    <p class='ocr_par' dir='ltr' id='par_1_24' title="bbox 1921 1060 3553 1136">
     <span class='ocr_line' id='line_1_24' title="bbox 1921 1060 3553 1136; baseline -0.002 -18"><span class='ocrx_word' id='word_1_165' title='bbox 1921 1065 2031 1136; x_wconf 92' lang='lat' dir='ltr'><strong>puli</strong></span> <span class='ocrx_word' id='word_1_166' title='bbox 2063 1065 2398 1120; x_wconf 89' lang='lat' dir='ltr'><strong>roborantes.</strong></span> <span class='ocrx_word' id='word_1_167' title='bbox 2451 1061 2578 1116; x_wconf 89' lang='lat' dir='ltr'><strong>Inde</strong></span> <span class='ocrx_word' id='word_1_168' title='bbox 2606 1069 2728 1132; x_wconf 91' lang='lat' dir='ltr'><strong>post</strong></span> <span class='ocrx_word' id='word_1_169' title='bbox 2761 1077 2930 1117; x_wconf 88' lang='lat' dir='ltr'><strong>annos</strong></span> <span class='ocrx_word' id='word_1_170' title='bbox 2961 1060 3133 1117; x_wconf 83' lang='lat' dir='ltr'><strong>ferme</strong></span> <span class='ocrx_word' id='word_1_171' title='bbox 3158 1069 3431 1118; x_wconf 92' lang='lat' dir='ltr'><strong>trecentos</strong></span> <span class='ocrx_word' id='word_1_172' title='bbox 3461 1070 3518 1116; x_wconf 90' lang='lat' dir='ltr'><strong>et</strong></span> <span class='ocrx_word' id='word_1_173' title='bbox 3544 1071 3553 1093; x_wconf 72' lang='grc' dir='ltr'><em>τ</em></span> 
     </span>
    </p>
   </div>
   <div class='ocr_carea' id='block_1_25' title="bbox 1921 1152 3513 1229">
    <p class='ocr_par' dir='ltr' id='par_1_25' title="bbox 1921 1152 3513 1229">
     <span class='ocr_line' id='line_1_25' title="bbox 1921 1152 3513 1229; baseline -0.003 -17"><span class='ocrx_word' id='word_1_174' title='bbox 1921 1156 2311 1229; x_wconf 81' lang='lat' dir='ltr'><strong>quinquaginta</strong></span> <span class='ocrx_word' id='word_1_175' title='bbox 2340 1169 2432 1210; x_wconf 85' lang='lat' dir='ltr'><strong>sex</strong></span> <span class='ocrx_word' id='word_1_176' title='bbox 2469 1169 2566 1209; x_wconf 84' lang='lat' dir='ltr'><strong>rex</strong></span> <span class='ocrx_word' id='word_1_177' title='bbox 2602 1152 3022 1209; x_wconf 90' lang='lat' dir='ltr'><strong>nefandissimus</strong></span> <span class='ocrx_word' id='word_1_178' title='bbox 3049 1152 3360 1209; x_wconf 70' lang='lat' dir='ltr'><strong>Graecorum</strong></span> <span class='ocrx_word' id='word_1_179' title='bbox 3400 1154 3513 1208; x_wconf 83' lang='lat' dir='ltr'><strong>Au—</strong></span> 
     </span>
    </p>
   </div>
   <div class='ocr_carea' id='block_1_26' title="bbox 1925 1247 3516 1318">
    <p class='ocr_par' dir='ltr' id='par_1_26' title="bbox 1925 1247 3516 1318">
     <span class='ocr_line' id='line_1_26' title="bbox 1925 1247 3516 1318; baseline -0.002 -13"><span class='ocrx_word' id='word_1_180' title='bbox 1925 1251 2156 1316; x_wconf 88' lang='lat' dir='ltr'><strong>tiuchus,</strong></span> <span class='ocrx_word' id='word_1_181' title='bbox 2191 1247 2378 1304; x_wconf 79' lang='lat' dir='ltr'><strong>fraude</strong></span> <span class='ocrx_word' id='word_1_182' title='bbox 2413 1256 2569 1317; x_wconf 84' lang='lat' dir='ltr'><strong>capta</strong></span> <span class='ocrx_word' id='word_1_183' title='bbox 2593 1247 2915 1314; x_wconf 82' lang='lat' dir='ltr'><strong>Jerusalem,</strong></span> <span class='ocrx_word' id='word_1_184' title='bbox 2938 1248 3198 1318; x_wconf 87' lang='lat' dir='ltr'><strong>templum</strong></span> <span class='ocrx_word' id='word_1_185' title='bbox 3225 1248 3366 1304; x_wconf 90' lang='lat' dir='ltr'><strong>idem</strong></span> <span class='ocrx_word' id='word_1_186' title='bbox 3395 1264 3516 1303; x_wconf 88' lang='lat' dir='ltr'><strong>sor-</strong></span> 
     </span>
    </p>
   </div>
   <div class='ocr_carea' id='block_1_27' title="bbox 1925 1339 3516 1411">
    <p class='ocr_par' dir='ltr' id='par_1_27' title="bbox 1925 1339 3516 1411">
     <span class='ocr_line' id='line_1_27' title="bbox 1925 1339 3516 1411; baseline -0.001 -12"><span class='ocrx_word' id='word_1_187' title='bbox 1925 1343 2080 1399; x_wconf 75' lang='lat' dir='ltr'><strong>dibus</strong></span> <span class='ocrx_word' id='word_1_188' title='bbox 2100 1342 2366 1397; x_wconf 86' lang='lat' dir='ltr'><strong>idolorum</strong></span> <span class='ocrx_word' id='word_1_189' title='bbox 2398 1340 2716 1411; x_wconf 79' lang='lat' dir='ltr'><strong>profanavit,</strong></span> <span class='ocrx_word' id='word_1_190' title='bbox 2765 1339 3017 1396; x_wconf 77' lang='lat' dir='ltr'><strong>auferens</strong></span> <span class='ocrx_word' id='word_1_191' title='bbox 3046 1341 3169 1396; x_wconf 90' lang='lat' dir='ltr'><strong>inde</strong></span> <span class='ocrx_word' id='word_1_192' title='bbox 3197 1350 3252 1396; x_wconf 89' lang='lat' dir='ltr'><strong>et</strong></span> <span class='ocrx_word' id='word_1_193' title='bbox 3273 1341 3516 1397; x_wconf 85' lang='lat' dir='ltr'><strong>confrin-</strong></span> 
     </span>
    </p>
   </div>
   <div class='ocr_carea' id='block_1_28' title="bbox 1925 1432 3515 1506">
    <p class='ocr_par' dir='ltr' id='par_1_28' title="bbox 1925 1432 3515 1506">
     <span class='ocr_line' id='line_1_28' title="bbox 1925 1432 3515 1506; baseline -0.003 -16"><span class='ocrx_word' id='word_1_194' title='bbox 1925 1451 2058 1506; x_wconf 88' lang='lat' dir='ltr'><strong>gens</strong></span> <span class='ocrx_word' id='word_1_195' title='bbox 2086 1435 2256 1489; x_wconf 88' lang='lat' dir='ltr'><strong>altare</strong></span> <span class='ocrx_word' id='word_1_196' title='bbox 2284 1432 2497 1487; x_wconf 90' lang='lat' dir='ltr'><strong>Domini</strong></span> <span class='ocrx_word' id='word_1_197' title='bbox 2529 1447 2773 1497; x_wconf 89' lang='lat' dir='ltr'><strong>aureum,</strong></span> <span class='ocrx_word' id='word_1_198' title='bbox 2823 1446 3067 1488; x_wconf 87' lang='lat' dir='ltr'><strong>mensam</strong></span> <span class='ocrx_word' id='word_1_199' title='bbox 3107 1432 3515 1503; x_wconf 87' lang='lat' dir='ltr'><strong>propositionis,</strong></span> 
     </span>
    </p>
   </div>
   <div class='ocr_carea' id='block_1_29' title="bbox 1925 1527 3517 1598">
    <p class='ocr_par' dir='ltr' id='par_1_29' title="bbox 1925 1527 3517 1598">
     <span class='ocr_line' id='line_1_29' title="bbox 1925 1527 3517 1598; baseline -0.002 -14"><span class='ocrx_word' id='word_1_200' title='bbox 1925 1527 2308 1584; x_wconf 87' lang='lat' dir='ltr'><strong>candelabrum</strong></span> <span class='ocrx_word' id='word_1_201' title='bbox 2347 1527 2590 1593; x_wconf 90' lang='lat' dir='ltr'><strong>luminis,</strong></span> <span class='ocrx_word' id='word_1_202' title='bbox 2620 1534 2674 1582; x_wconf 89' lang='lat' dir='ltr'><strong>et</strong></span> <span class='ocrx_word' id='word_1_203' title='bbox 2713 1535 2910 1582; x_wconf 67' lang='lat' dir='ltr'><strong>caetera</strong></span> <span class='ocrx_word' id='word_1_204' title='bbox 2933 1541 3054 1597; x_wconf 63' lang='lat' dir='ltr'><strong>quae</strong></span> <span class='ocrx_word' id='word_1_205' title='bbox 3082 1542 3244 1598; x_wconf 89' lang='lat' dir='ltr'><strong>supra</strong></span> <span class='ocrx_word' id='word_1_206' title='bbox 3275 1541 3517 1582; x_wconf 84' lang='lat' dir='ltr'><strong>comme-</strong></span> 
     </span>
    </p>
   </div>
   <div class='ocr_carea' id='block_1_30' title="bbox 1925 1627 2314 1675">
    <p class='ocr_par' dir='ltr' id='par_1_30' title="bbox 1925 1627 2314 1675">
     <span class='ocr_line' id='line_1_30' title="bbox 1925 1627 2314 1675; baseline -0.003 0"><span class='ocrx_word' id='word_1_207' title='bbox 1925 1628 2135 1675; x_wconf 81' lang='lat' dir='ltr'><strong>inorata</strong></span> <span class='ocrx_word' id='word_1_208' title='bbox 2171 1627 2314 1675; x_wconf 92' lang='lat' dir='ltr'><strong>sunt.</strong></span> 
     </span>
    </p>
   </div>
   <div class='ocr_carea' id='block_1_31' title="bbox 1998 1713 3520 1788">
    <p class='ocr_par' dir='ltr' id='par_1_31' title="bbox 1998 1713 3520 1788">
     <span class='ocr_line' id='line_1_31' title="bbox 1998 1713 3520 1788; baseline -0.001 -17"><span class='ocrx_word' id='word_1_209' title='bbox 1998 1714 2105 1771; x_wconf 87' lang='lat' dir='ltr'><strong>Sed</strong></span> <span class='ocrx_word' id='word_1_210' title='bbox 2135 1714 2304 1770; x_wconf 83' lang='lat' dir='ltr'><strong>Judas</strong></span> <span class='ocrx_word' id='word_1_211' title='bbox 2330 1713 2676 1769; x_wconf 81' lang='lat' dir='ltr'><strong>Machabaeus</strong></span> <span class='ocrx_word' id='word_1_212' title='bbox 2703 1729 2826 1769; x_wconf 92' lang='lat' dir='ltr'><strong>cum</strong></span> <span class='ocrx_word' id='word_1_213' title='bbox 2849 1721 2995 1770; x_wconf 86' lang='lat' dir='ltr'><strong>esset</strong></span> <span class='ocrx_word' id='word_1_214' title='bbox 3018 1715 3083 1771; x_wconf 92' lang='lat' dir='ltr'><strong>de</strong></span> <span class='ocrx_word' id='word_1_215' title='bbox 3109 1729 3309 1788; x_wconf 84' lang='lat' dir='ltr'><strong>genere</strong></span> <span class='ocrx_word' id='word_1_216' title='bbox 3337 1731 3520 1770; x_wconf 87' lang='lat' dir='ltr'><strong>sacer-</strong></span> 
     </span>
    </p>
   </div>
   <div class='ocr_carea' id='block_1_32' title="bbox 1927 1805 3522 1876">
    <p class='ocr_par' dir='ltr' id='par_1_32' title="bbox 1927 1805 3522 1876">
     <span class='ocr_line' id='line_1_32' title="bbox 1927 1805 3522 1876; baseline 0 -15"><span class='ocrx_word' id='word_1_217' title='bbox 1927 1806 2116 1872; x_wconf 84' lang='lat' dir='ltr'><strong>dotali,</strong></span> <span class='ocrx_word' id='word_1_218' title='bbox 2168 1805 2396 1861; x_wconf 83' lang='lat' dir='ltr'><strong>coﬂecto</strong></span> <span class='ocrx_word' id='word_1_219' title='bbox 2430 1805 2674 1861; x_wconf 85' lang='lat' dir='ltr'><strong>exercitu</strong></span> <span class='ocrx_word' id='word_1_220' title='bbox 2695 1807 2965 1876; x_wconf 88' lang='lat' dir='ltr'><strong>justorum</strong></span> <span class='ocrx_word' id='word_1_221' title='bbox 2988 1847 3002 1872; x_wconf 92' lang='lat'><strong>,</strong></span> <span class='ocrx_word' id='word_1_222' title='bbox 3043 1807 3302 1862; x_wconf 88' lang='lat' dir='ltr'><strong>adversus</strong></span> <span class='ocrx_word' id='word_1_223' title='bbox 3329 1807 3522 1862; x_wconf 82' lang='lat' dir='ltr'><strong>Antio-</strong></span> 
     </span>
    </p>
   </div>
   <div class='ocr_carea' id='block_1_33' title="bbox 237 1885 3522 1970">
    <p class='ocr_par' dir='ltr' id='par_1_33' title="bbox 237 1885 3522 1970">
     <span class='ocr_line' id='line_1_33' title="bbox 237 1885 3522 1970; baseline 0.001 -19"><span class='ocrx_word' id='word_1_224' title='bbox 237 1894 558 1955; x_wconf 86' lang='lat' dir='ltr'><strong>facinoribus</strong></span> <span class='ocrx_word' id='word_1_225' title='bbox 596 1901 947 1956; x_wconf 87' lang='lat' dir='ltr'><strong>contaminati</strong></span> <span class='ocrx_word' id='word_1_226' title='bbox 991 1909 1167 1958; x_wconf 84' lang='lat' dir='ltr'><strong>erant.</strong></span> <span class='ocrx_word' id='word_1_227' title='bbox 1221 1901 1375 1957; x_wconf 91' lang='lat' dir='ltr'><strong>Tunc</strong></span> <span class='ocrx_word' id='word_1_228' title='bbox 1406 1903 1549 1956; x_wconf 92' lang='lat' dir='ltr'><strong>enim</strong></span> <span class='ocrx_word' id='word_1_229' title='bbox 1591 1909 1817 1956; x_wconf 43' lang='lat' dir='ltr'><strong>cantan‘</strong></span> <span class='ocrx_word' id='word_1_230' title='bbox 1847 1885 1896 1946; x_wconf 82' lang='grc' dir='ltr'><strong>Β</strong></span> <span class='ocrx_word' id='word_1_231' title='bbox 1923 1899 2010 1954; x_wconf 90' lang='lat' dir='ltr'><strong>chi</strong></span> <span class='ocrx_word' id='word_1_232' title='bbox 2047 1899 2212 1954; x_wconf 90' lang='lat' dir='ltr'><strong>duces</strong></span> <span class='ocrx_word' id='word_1_233' title='bbox 2239 1915 2392 1953; x_wconf 87' lang='lat' dir='ltr'><strong>arma</strong></span> <span class='ocrx_word' id='word_1_234' title='bbox 2431 1898 2749 1969; x_wconf 87' lang='lat' dir='ltr'><strong>corripiens,</strong></span> <span class='ocrx_word' id='word_1_235' title='bbox 2801 1914 3002 1969; x_wconf 91' lang='lat' dir='ltr'><strong>eosque</strong></span> <span class='ocrx_word' id='word_1_236' title='bbox 3024 1899 3090 1954; x_wconf 90' lang='lat' dir='ltr'><strong>de</strong></span> <span class='ocrx_word' id='word_1_237' title='bbox 3118 1897 3303 1955; x_wconf 72' lang='lat' dir='ltr'><strong>Judzea</strong></span> <span class='ocrx_word' id='word_1_238' title='bbox 3332 1899 3522 1970; x_wconf 85' lang='lat' dir='ltr'><strong>expel-</strong></span> 
     </span>
    </p>
   </div>
   <div class='ocr_carea' id='block_1_34' title="bbox 235 1987 1821 2062">
    <p class='ocr_par' dir='ltr' id='par_1_34' title="bbox 235 1987 1821 2062">
     <span class='ocr_line' id='line_1_34' title="bbox 235 1987 1821 2062; baseline -0.002 -17"><span class='ocrx_word' id='word_1_239' title='bbox 235 1987 376 2055; x_wconf 87' lang='lat' dir='ltr'><strong>dum,</strong></span> <span class='ocrx_word' id='word_1_240' title='bbox 407 1989 768 2060; x_wconf 89' lang='lat' dir='ltr'><strong>gaudendum,</strong></span> <span class='ocrx_word' id='word_1_241' title='bbox 802 1990 1112 2058; x_wconf 82' lang='lat' dir='ltr'><strong>laetandum,</strong></span> <span class='ocrx_word' id='word_1_242' title='bbox 1146 1989 1487 2060; x_wconf 83' lang='lat' dir='ltr'><strong>jubilandum</strong></span> <span class='ocrx_word' id='word_1_243' title='bbox 1516 2000 1682 2062; x_wconf 88' lang='lat' dir='ltr'><strong>atque</strong></span> <span class='ocrx_word' id='word_1_244' title='bbox 1711 1989 1821 2043; x_wconf 86' lang='lat' dir='ltr'><strong>lau-</strong></span> 
     </span>
    </p>
   </div>
   <div class='ocr_carea' id='block_1_35' title="bbox 236 2082 1820 2158">
    <p class='ocr_par' dir='ltr' id='par_1_35' title="bbox 236 2082 1820 2158">
     <span class='ocr_line' id='line_1_35' title="bbox 236 2082 1820 2158; baseline 0.002 -20"><span class='ocrx_word' id='word_1_245' title='bbox 236 2082 466 2138; x_wconf 90' lang='lat' dir='ltr'><strong>dandum</strong></span> <span class='ocrx_word' id='word_1_246' title='bbox 517 2083 821 2155; x_wconf 86' lang='lat' dir='ltr'><strong>quibusque</strong></span> <span class='ocrx_word' id='word_1_247' title='bbox 875 2085 1125 2143; x_wconf 89' lang='lat' dir='ltr'><strong>ﬁdelibus</strong></span> <span class='ocrx_word' id='word_1_248' title='bbox 1168 2095 1274 2153; x_wconf 91' lang='lat' dir='ltr'><strong>est,</strong></span> <span class='ocrx_word' id='word_1_249' title='bbox 1324 2087 1542 2158; x_wconf 91' lang='lat' dir='ltr'><strong>quando</strong></span> <span class='ocrx_word' id='word_1_250' title='bbox 1584 2087 1820 2143; x_wconf 89' lang='lat' dir='ltr'><strong>viderint</strong></span> 
     </span>
    </p>
   </div>
   <div class='ocr_carea' id='block_1_36' title="bbox 233 2175 1820 2250">
    <p class='ocr_par' dir='ltr' id='par_1_36' title="bbox 233 2175 1820 2250">
     <span class='ocr_line' id='line_1_36' title="bbox 233 2175 1820 2250; baseline 0.003 -20"><span class='ocrx_word' id='word_1_251' title='bbox 233 2175 504 2246; x_wconf 84' lang='lat' dir='ltr'><strong>proximos</strong></span> <span class='ocrx_word' id='word_1_252' title='bbox 526 2192 654 2232; x_wconf 89' lang='lat' dir='ltr'><strong>suos</strong></span> <span class='ocrx_word' id='word_1_253' title='bbox 683 2194 782 2248; x_wconf 91' lang='lat' dir='ltr'><strong>per</strong></span> <span class='ocrx_word' id='word_1_254' title='bbox 809 2179 1206 2235; x_wconf 87' lang='lat' dir='ltr'><strong>correctionem</strong></span> <span class='ocrx_word' id='word_1_255' title='bbox 1254 2179 1465 2234; x_wconf 87' lang='lat' dir='ltr'><strong>viarum</strong></span> <span class='ocrx_word' id='word_1_256' title='bbox 1506 2188 1670 2250; x_wconf 90' lang='lat' dir='ltr'><strong>atque</strong></span> <span class='ocrx_word' id='word_1_257' title='bbox 1705 2193 1820 2234; x_wconf 92' lang='lat' dir='ltr'><strong>me-</strong></span> 
     </span>
    </p>
   </div>
   <div class='ocr_carea' id='block_1_37' title="bbox 235 2265 1819 2345">
    <p class='ocr_par' dir='ltr' id='par_1_37' title="bbox 235 2265 1819 2345">
     <span class='ocr_line' id='line_1_37' title="bbox 235 2265 1819 2345; baseline 0.005 -24"><span class='ocrx_word' id='word_1_258' title='bbox 235 2265 544 2325; x_wconf 89' lang='lat' dir='ltr'><strong>ditationem</strong></span> <span class='ocrx_word' id='word_1_259' title='bbox 569 2269 701 2342; x_wconf 88' lang='lat' dir='ltr'><strong>legis</strong></span> <span class='ocrx_word' id='word_1_260' title='bbox 731 2271 826 2326; x_wconf 91' lang='lat' dir='ltr'><strong>Dei</strong></span> <span class='ocrx_word' id='word_1_261' title='bbox 868 2271 922 2326; x_wconf 93' lang='lat' dir='ltr'><strong>in</strong></span> <span class='ocrx_word' id='word_1_262' title='bbox 963 2272 1269 2343; x_wconf 87' lang='lat' dir='ltr'><strong>semetipsis</strong></span> <span class='ocrx_word' id='word_1_263' title='bbox 1297 2273 1624 2342; x_wconf 89' lang='lat' dir='ltr'><strong>instaurare,</strong></span> <span class='ocrx_word' id='word_1_264' title='bbox 1673 2275 1819 2345; x_wconf 89' lang='lat' dir='ltr'><strong>quod</strong></span> 
     </span>
    </p>
   </div>
   <div class='ocr_carea' id='block_1_38' title="bbox 233 2357 1459 2435">
    <p class='ocr_par' dir='ltr' id='par_1_38' title="bbox 233 2357 1459 2435">
     <span class='ocr_line' id='line_1_38' title="bbox 233 2357 1459 2435; baseline 0.007 -21"><span class='ocrx_word' id='word_1_265' title='bbox 233 2357 488 2429; x_wconf 80' lang='lat' dir='ltr'><strong>anteiam</strong></span> <span class='ocrx_word' id='word_1_266' title='bbox 514 2377 613 2432; x_wconf 91' lang='lat' dir='ltr'><strong>per</strong></span> <span class='ocrx_word' id='word_1_267' title='bbox 646 2364 1030 2435; x_wconf 84' lang='lat' dir='ltr'><strong>negligentiam</strong></span> <span class='ocrx_word' id='word_1_268' title='bbox 1058 2364 1459 2422; x_wconf 89' lang='lat' dir='ltr'><strong>destruxerant.</strong></span> 
     </span>
    </p>
   </div>
   <div class='ocr_carea' id='block_1_39' title="bbox 301 2452 1821 2527">
    <p class='ocr_par' dir='ltr' id='par_1_39' title="bbox 301 2452 1821 2527">
     <span class='ocr_line' id='line_1_39' title="bbox 301 2452 1821 2527; baseline 0.005 -20"><span class='ocrx_word' id='word_1_269' title='bbox 301 2452 454 2509; x_wconf 89' lang='lat' dir='ltr'><strong>Unde</strong></span> <span class='ocrx_word' id='word_1_270' title='bbox 478 2461 534 2510; x_wconf 92' lang='lat' dir='ltr'><strong>et</strong></span> <span class='ocrx_word' id='word_1_271' title='bbox 554 2470 768 2512; x_wconf 91' lang='lat' dir='ltr'><strong>sacrum</strong></span> <span class='ocrx_word' id='word_1_272' title='bbox 791 2457 1142 2527; x_wconf 87' lang='lat' dir='ltr'><strong>Evangelium</strong></span> <span class='ocrx_word' id='word_1_273' title='bbox 1163 2469 1351 2514; x_wconf 91' lang='lat' dir='ltr'><strong>narrat</strong></span> <span class='ocrx_word' id='word_1_274' title='bbox 1381 2458 1718 2516; x_wconf 87' lang='lat' dir='ltr'><strong>S’alvatorem</strong></span> <span class='ocrx_word' id='word_1_275' title='bbox 1746 2459 1821 2515; x_wconf 92' lang='lat' dir='ltr'><strong>di-</strong></span> 
     </span>
    </p>
   </div>
   <div class='ocr_carea' id='block_1_40' title="bbox 232 2542 1820 2623">
    <p class='ocr_par' dir='ltr' id='par_1_40' title="bbox 232 2542 1820 2623">
     <span class='ocr_line' id='line_1_40' title="bbox 232 2542 1820 2623; baseline 0.005 -26"><span class='ocrx_word' id='word_1_276' title='bbox 232 2542 372 2623; x_wconf 80' lang='lat' dir='ltr'><strong>xisse</strong></span> <span class='ocrx_word' id='word_1_277' title='bbox 401 2543 551 2616; x_wconf 87' lang='lat' dir='ltr'><strong>(Luc.</strong></span> <span class='ocrx_word' id='word_1_278' title='bbox 583 2545 674 2617; x_wconf 81' lang='lat' dir='ltr'><strong>xv)</strong></span> <span class='ocrx_word' id='word_1_279' title='bbox 731 2546 787 2601; x_wconf 92' lang='lat' dir='ltr'><strong>in</strong></span> <span class='ocrx_word' id='word_1_280' title='bbox 833 2547 985 2603; x_wconf 83' lang='lat' dir='ltr'><strong>caelis</strong></span> <span class='ocrx_word' id='word_1_281' title='bbox 1027 2547 1283 2619; x_wconf 90' lang='lat' dir='ltr'><strong>gaudium</strong></span> <span class='ocrx_word' id='word_1_282' title='bbox 1326 2549 1479 2605; x_wconf 91' lang='lat' dir='ltr'><strong>nasci</strong></span> <span class='ocrx_word' id='word_1_283' title='bbox 1526 2565 1687 2621; x_wconf 86' lang='lat' dir='ltr'><strong>super</strong></span> <span class='ocrx_word' id='word_1_284' title='bbox 1710 2565 1820 2606; x_wconf 92' lang='lat' dir='ltr'><strong>uno</strong></span> 
     </span>
    </p>
   </div>
   <div class='ocr_carea' id='block_1_41' title="bbox 232 2639 1820 2713">
    <p class='ocr_par' dir='ltr' id='par_1_41' title="bbox 232 2639 1820 2713">
     <span class='ocr_line' id='line_1_41' title="bbox 232 2639 1820 2713; baseline 0.003 -22"><span class='ocrx_word' id='word_1_285' title='bbox 232 2645 516 2707; x_wconf 88' lang='lat' dir='ltr'><strong>peccatore</strong></span> <span class='ocrx_word' id='word_1_286' title='bbox 559 2639 936 2710; x_wconf 61' lang='lat' dir='ltr'><strong>paenitentiam</strong></span> <span class='ocrx_word' id='word_1_287' title='bbox 983 2649 1218 2712; x_wconf 83' lang='lat' dir='ltr'><strong>agente:</strong></span> <span class='ocrx_word' id='word_1_288' title='bbox 1267 2642 1315 2696; x_wconf 90' lang='lat' dir='ltr'><strong>si</strong></span> <span class='ocrx_word' id='word_1_289' title='bbox 1359 2642 1426 2697; x_wconf 89' lang='lat' dir='ltr'><strong>de</strong></span> <span class='ocrx_word' id='word_1_290' title='bbox 1455 2658 1586 2708; x_wconf 90' lang='lat' dir='ltr'><strong>uno,</strong></span> <span class='ocrx_word' id='word_1_291' title='bbox 1616 2649 1820 2713; x_wconf 87' lang='lat' dir='ltr'><strong>quanto</strong></span> 
     </span>
    </p>
   </div>
   <div class='ocr_carea' id='block_1_42' title="bbox 231 2729 1818 2800">
    <p class='ocr_par' dir='ltr' id='par_1_42' title="bbox 231 2729 1818 2800">
     <span class='ocr_line' id='line_1_42' title="bbox 231 2729 1818 2800; baseline 0.004 -16"><span class='ocrx_word' id='word_1_292' title='bbox 231 2729 402 2800; x_wconf 86' lang='lat' dir='ltr'><strong>magis</strong></span> <span class='ocrx_word' id='word_1_293' title='bbox 427 2729 494 2785; x_wconf 90' lang='lat' dir='ltr'><strong>de</strong></span> <span class='ocrx_word' id='word_1_294' title='bbox 519 2731 704 2788; x_wconf 91' lang='lat' dir='ltr'><strong>multis</strong></span> <span class='ocrx_word' id='word_1_295' title='bbox 739 2733 1029 2788; x_wconf 83' lang='lat' dir='ltr'><strong>exsultatio</strong></span> <span class='ocrx_word' id='word_1_296' title='bbox 1069 2735 1176 2789; x_wconf 88' lang='lat' dir='ltr'><strong>erit</strong></span> <span class='ocrx_word' id='word_1_297' title='bbox 1221 2735 1498 2791; x_wconf 88' lang='lat' dir='ltr'><strong>conversis</strong></span> <span class='ocrx_word' id='word_1_298' title='bbox 1531 2736 1600 2791; x_wconf 89' lang='lat' dir='ltr'><strong>ad</strong></span> <span class='ocrx_word' id='word_1_299' title='bbox 1626 2751 1818 2791; x_wconf 88' lang='lat' dir='ltr'><strong>verum</strong></span> 
     </span>
    </p>
   </div>
   <div class='ocr_carea' id='block_1_43' title="bbox 231 2820 1824 2898">
    <p class='ocr_par' dir='ltr' id='par_1_43' title="bbox 231 2820 1824 2898">
     <span class='ocr_line' id='line_1_43' title="bbox 231 2820 1824 2898; baseline 0.001 -19"><span class='ocrx_word' id='word_1_300' title='bbox 231 2820 434 2879; x_wconf 89' lang='lat' dir='ltr'><strong>cultum</strong></span> <span class='ocrx_word' id='word_1_301' title='bbox 467 2824 582 2879; x_wconf 90' lang='lat' dir='ltr'><strong>Dei.</strong></span> <span class='ocrx_word' id='word_1_302' title='bbox 612 2824 747 2891; x_wconf 85' lang='lat' dir='ltr'><strong>Quia</strong></span> <span class='ocrx_word' id='word_1_303' title='bbox 773 2827 915 2881; x_wconf 85' lang='lat' dir='ltr'><strong>sicut</strong></span> <span class='ocrx_word' id='word_1_304' title='bbox 958 2828 1218 2898; x_wconf 91' lang='lat' dir='ltr'><strong>scriptum</strong></span> <span class='ocrx_word' id='word_1_305' title='bbox 1268 2836 1354 2884; x_wconf 88' lang='lat' dir='ltr'><strong>est</strong></span> <span class='ocrx_word' id='word_1_306' title='bbox 1384 2845 1396 2882; x_wconf 89' lang='lat'><strong>:</strong></span> <span class='ocrx_word' id='word_1_307' title='bbox 1429 2828 1498 2883; x_wconf 86' lang='lat' dir='ltr'><strong>In</strong></span> <span class='ocrx_word' id='word_1_308' title='bbox 1525 2828 1824 2882; x_wconf 83' lang='lat' dir='ltr'><strong>multitudi—</strong></span> 
     </span>
    </p>
   </div>
   <div class='ocr_carea' id='block_1_44' title="bbox 233 2912 1823 2992">
    <p class='ocr_par' dir='ltr' id='par_1_44' title="bbox 233 2912 1823 2992">
     <span class='ocr_line' id='line_1_44' title="bbox 233 2912 1823 2992; baseline 0.005 -25"><span class='ocrx_word' id='word_1_309' title='bbox 233 2928 346 2968; x_wconf 83' lang='lat' dir='ltr'><strong>nem</strong></span> <span class='ocrx_word' id='word_1_310' title='bbox 393 2912 554 2985; x_wconf 81' lang='lat' dir='ltr'><strong>plebis</strong></span> <span class='ocrx_word' id='word_1_311' title='bbox 602 2916 830 2987; x_wconf 79' lang='lat' dir='ltr'><strong>dignitas</strong></span> <span class='ocrx_word' id='word_1_312' title='bbox 874 2927 949 2972; x_wconf 90' lang='lat' dir='ltr'><strong>est</strong></span> <span class='ocrx_word' id='word_1_313' title='bbox 985 2919 1236 2990; x_wconf 83' lang='lat' dir='ltr'><strong>principis</strong></span> <span class='ocrx_word' id='word_1_314' title='bbox 1263 2919 1448 2992; x_wconf 86' lang='lat' dir='ltr'><strong>(Prov.</strong></span> <span class='ocrx_word' id='word_1_315' title='bbox 1478 2921 1630 2991; x_wconf 77' lang='lat' dir='ltr'><strong>xiv);</strong></span> <span class='ocrx_word' id='word_1_316' title='bbox 1677 2921 1823 2975; x_wconf 89' lang='lat' dir='ltr'><strong>illius</strong></span> 
     </span>
    </p>
   </div>
   <div class='ocr_carea' id='block_1_45' title="bbox 233 3006 1823 3082">
    <p class='ocr_par' dir='ltr' id='par_1_45' title="bbox 233 3006 1823 3082">
     <span class='ocr_line' id='line_1_45' title="bbox 233 3006 1823 3082; baseline 0.004 -21"><span class='ocrx_word' id='word_1_317' title='bbox 233 3006 485 3062; x_wconf 85' lang='lat' dir='ltr'><strong>videlicet</strong></span> <span class='ocrx_word' id='word_1_318' title='bbox 524 3008 811 3079; x_wconf 90' lang='lat' dir='ltr'><strong>principis:</strong></span> <span class='ocrx_word' id='word_1_319' title='bbox 864 3011 955 3082; x_wconf 85' lang='lat' dir='ltr'><strong>qui</strong></span> <span class='ocrx_word' id='word_1_320' title='bbox 995 3009 1106 3065; x_wconf 88' lang='lat' dir='ltr'><strong>vult</strong></span> <span class='ocrx_word' id='word_1_321' title='bbox 1137 3011 1372 3066; x_wconf 77' lang='lat' dir='ltr'><strong>homines</strong></span> <span class='ocrx_word' id='word_1_322' title='bbox 1429 3027 1608 3066; x_wconf 88' lang='lat' dir='ltr'><strong>omnes</strong></span> <span class='ocrx_word' id='word_1_323' title='bbox 1651 3010 1823 3067; x_wconf 87' lang='lat' dir='ltr'><strong>salvos</strong></span> 
     </span>
    </p>
   </div>
   <div class='ocr_carea' id='block_1_46' title="bbox 233 3100 1750 3176">
    <p class='ocr_par' dir='ltr' id='par_1_46' title="bbox 233 3100 1750 3176">
     <span class='ocr_line' id='line_1_46' title="bbox 233 3100 1750 3176; baseline 0.004 -23"><span class='ocrx_word' id='word_1_324' title='bbox 233 3115 340 3154; x_wconf 86' lang='lat' dir='ltr'><strong>esse</strong></span> <span class='ocrx_word' id='word_1_325' title='bbox 369 3109 417 3154; x_wconf 85' lang='lat' dir='ltr'><strong>et</strong></span> <span class='ocrx_word' id='word_1_326' title='bbox 445 3100 514 3154; x_wconf 86' lang='lat' dir='ltr'><strong>ad</strong></span> <span class='ocrx_word' id='word_1_327' title='bbox 540 3101 856 3171; x_wconf 82' lang='lat' dir='ltr'><strong>agnitionem</strong></span> <span class='ocrx_word' id='word_1_328' title='bbox 874 3102 1103 3158; x_wconf 82' lang='lat' dir='ltr'><strong>veritatis</strong></span> <span class='ocrx_word' id='word_1_329' title='bbox 1129 3104 1392 3174; x_wconf 83' lang='lat' dir='ltr'><strong>pervenire</strong></span> <span class='ocrx_word' id='word_1_330' title='bbox 1417 3103 1468 3176; x_wconf 91' lang='lat' dir='ltr'><strong>(I</strong></span> <span class='ocrx_word' id='word_1_331' title='bbox 1501 3104 1634 3159; x_wconf 83' lang='lat' dir='ltr'><strong>Tim.</strong></span> <span class='ocrx_word' id='word_1_332' title='bbox 1666 3105 1750 3175; x_wconf 83' lang='grc' dir='ltr'><strong>ιι).</strong></span> 
     </span>
    </p>
   </div>
   <div class='ocr_carea' id='block_1_47' title="bbox 304 3191 1828 3266">
    <p class='ocr_par' dir='ltr' id='par_1_47' title="bbox 304 3191 1828 3266">
     <span class='ocr_line' id='line_1_47' title="bbox 304 3191 1828 3266; baseline 0.007 -21"><span class='ocrx_word' id='word_1_333' title='bbox 304 3191 373 3246; x_wconf 88' lang='lat' dir='ltr'><strong>Et</strong></span> <span class='ocrx_word' id='word_1_334' title='bbox 407 3193 588 3247; x_wconf 85' lang='lat' dir='ltr'><strong>statuit</strong></span> <span class='ocrx_word' id='word_1_335' title='bbox 608 3191 780 3249; x_wconf 77' lang='lat' dir='ltr'><strong>ludas</strong></span> <span class='ocrx_word' id='word_1_336' title='bbox 809 3206 855 3250; x_wconf 87' lang='lat' dir='ltr'><strong>et</strong></span> <span class='ocrx_word' id='word_1_337' title='bbox 877 3195 1069 3266; x_wconf 79' lang='lat' dir='ltr'><strong>fratres</strong></span> <span class='ocrx_word' id='word_1_338' title='bbox 1097 3197 1211 3266; x_wconf 84' lang='lat' dir='ltr'><strong>ejus</strong></span> <span class='ocrx_word' id='word_1_339' title='bbox 1233 3239 1248 3264; x_wconf 96' lang='lat'><strong>,</strong></span> <span class='ocrx_word' id='word_1_340' title='bbox 1287 3207 1335 3252; x_wconf 85' lang='lat' dir='ltr'><strong>et</strong></span> <span class='ocrx_word' id='word_1_341' title='bbox 1365 3201 1607 3254; x_wconf 87' lang='lat' dir='ltr'><strong>universa</strong></span> <span class='ocrx_word' id='word_1_342' title='bbox 1642 3199 1828 3255; x_wconf 85' lang='lat' dir='ltr'><strong>Eccle-</strong></span> 
     </span>
    </p>
   </div>
   <div class='ocr_carea' id='block_1_48' title="bbox 233 3283 1825 3356">
    <p class='ocr_par' dir='ltr' id='par_1_48' title="bbox 233 3283 1825 3356">
     <span class='ocr_line' id='line_1_48' title="bbox 233 3283 1825 3356; baseline 0.004 -17"><span class='ocrx_word' id='word_1_343' title='bbox 233 3285 312 3339; x_wconf 88' lang='lat' dir='ltr'><strong>sia</strong></span> <span class='ocrx_word' id='word_1_344' title='bbox 343 3283 534 3351; x_wconf 83' lang='lat' dir='ltr'><strong>Israel,</strong></span> <span class='ocrx_word' id='word_1_345' title='bbox 567 3292 624 3338; x_wconf 90' lang='lat' dir='ltr'><strong>ut</strong></span> <span class='ocrx_word' id='word_1_346' title='bbox 647 3295 837 3356; x_wconf 86' lang='lat' dir='ltr'><strong>agatur</strong></span> <span class='ocrx_word' id='word_1_347' title='bbox 865 3289 976 3342; x_wconf 85' lang='lat' dir='ltr'><strong>dies</strong></span> <span class='ocrx_word' id='word_1_348' title='bbox 1003 3289 1348 3345; x_wconf 85' lang='lat' dir='ltr'><strong>dedicationis</strong></span> <span class='ocrx_word' id='word_1_349' title='bbox 1393 3292 1579 3346; x_wconf 88' lang='lat' dir='ltr'><strong>altaris</strong></span> <span class='ocrx_word' id='word_1_350' title='bbox 1609 3293 1663 3346; x_wconf 89' lang='lat' dir='ltr'><strong>in</strong></span> <span class='ocrx_word' id='word_1_351' title='bbox 1693 3302 1825 3346; x_wconf 89' lang='lat' dir='ltr'><strong>tem-</strong></span> 
     </span>
    </p>
   </div>
   <div class='ocr_carea' id='block_1_49' title="bbox 233 3377 1830 3454">
    <p class='ocr_par' dir='ltr' id='par_1_49' title="bbox 233 3377 1830 3454">
     <span class='ocr_line' id='line_1_49' title="bbox 233 3377 1830 3454; baseline 0.004 -22"><span class='ocrx_word' id='word_1_352' title='bbox 233 3378 443 3448; x_wconf 82' lang='lat' dir='ltr'><strong>poribus</strong></span> <span class='ocrx_word' id='word_1_353' title='bbox 469 3378 599 3432; x_wconf 88' lang='lat' dir='ltr'><strong>suis.</strong></span> <span class='ocrx_word' id='word_1_354' title='bbox 644 3377 796 3435; x_wconf 89' lang='lat' dir='ltr'><strong>IIanc</strong></span> <span class='ocrx_word' id='word_1_355' title='bbox 823 3381 1041 3450; x_wconf 87' lang='lat' dir='ltr'><strong>quidem</strong></span> <span class='ocrx_word' id='word_1_356' title='bbox 1071 3381 1468 3438; x_wconf 89' lang='lat' dir='ltr'><strong>solemnitatem</strong></span> <span class='ocrx_word' id='word_1_357' title='bbox 1493 3384 1606 3454; x_wconf 86' lang='lat' dir='ltr'><strong>ipse</strong></span> <span class='ocrx_word' id='word_1_358' title='bbox 1642 3382 1830 3448; x_wconf 47' lang='lat' dir='ltr'><strong>Salvae</strong></span> 
     </span>
    </p>
   </div>
   <div class='ocr_carea' id='block_1_50' title="bbox 235 3468 1826 3547">
    <p class='ocr_par' dir='ltr' id='par_1_50' title="bbox 235 3468 1826 3547">
     <span class='ocr_line' id='line_1_50' title="bbox 235 3468 1826 3547; baseline 0.006 -23"><span class='ocrx_word' id='word_1_359' title='bbox 235 3476 321 3524; x_wconf 86' lang='lat' dir='ltr'><strong>tor</strong></span> <span class='ocrx_word' id='word_1_360' title='bbox 343 3469 396 3522; x_wconf 89' lang='lat' dir='ltr'><strong>in</strong></span> <span class='ocrx_word' id='word_1_361' title='bbox 422 3468 716 3540; x_wconf 88' lang='lat' dir='ltr'><strong>Evangelio</strong></span> <span class='ocrx_word' id='word_1_362' title='bbox 740 3471 1121 3542; x_wconf 53' lang='lat' dir='ltr'><strong>praedicatione</strong></span> <span class='ocrx_word' id='word_1_363' title='bbox 1148 3490 1244 3530; x_wconf 90' lang='lat' dir='ltr'><strong>sua</strong></span> <span class='ocrx_word' id='word_1_364' title='bbox 1287 3475 1487 3547; x_wconf 88' lang='lat' dir='ltr'><strong>legitur</strong></span> <span class='ocrx_word' id='word_1_365' title='bbox 1513 3476 1826 3544; x_wconf 88' lang='lat' dir='ltr'><strong>decorasse,</strong></span> 
     </span>
    </p>
   </div>
   <div class='ocr_carea' id='block_1_51' title="bbox 235 3558 1828 3631">
    <p class='ocr_par' dir='ltr' id='par_1_51' title="bbox 235 3558 1828 3631">
     <span class='ocr_line' id='line_1_51' title="bbox 235 3558 1828 3631; baseline 0.004 -18"><span class='ocrx_word' id='word_1_366' title='bbox 235 3558 326 3613; x_wconf 87' lang='lat' dir='ltr'><strong>ubi</strong></span> <span class='ocrx_word' id='word_1_367' title='bbox 355 3560 618 3631; x_wconf 86' lang='lat' dir='ltr'><strong>scriptum</strong></span> <span class='ocrx_word' id='word_1_368' title='bbox 643 3570 724 3618; x_wconf 87' lang='lat' dir='ltr'><strong>est</strong></span> <span class='ocrx_word' id='word_1_369' title='bbox 749 3581 762 3616; x_wconf 90' lang='lat'>:</span> <span class='ocrx_word' id='word_1_370' title='bbox 802 3561 974 3619; x_wconf 77' lang='lat' dir='ltr'><strong>Facta</strong></span> <span class='ocrx_word' id='word_1_371' title='bbox 1003 3573 1124 3620; x_wconf 85' lang='lat' dir='ltr'><strong>sunt</strong></span> <span class='ocrx_word' id='word_1_372' title='bbox 1159 3563 1412 3622; x_wconf 77' lang='lat' dir='ltr'><strong>Enctenia</strong></span> <span class='ocrx_word' id='word_1_373' title='bbox 1435 3567 1490 3621; x_wconf 86' lang='lat' dir='ltr'><strong>in</strong></span> <span class='ocrx_word' id='word_1_374' title='bbox 1519 3566 1828 3631; x_wconf 78' lang='lat' dir='ltr'><strong>Hierosoly-</strong></span> 
     </span>
    </p>
   </div>
   <div class='ocr_carea' id='block_1_52' title="bbox 235 3651 1832 3730">
    <p class='ocr_par' dir='ltr' id='par_1_52' title="bbox 235 3651 1832 3730">
     <span class='ocr_line' id='line_1_52' title="bbox 235 3651 1832 3730; baseline 0.005 -26"><span class='ocrx_word' id='word_1_375' title='bbox 235 3651 337 3705; x_wconf 87' lang='lat' dir='ltr'><strong>mis</strong></span> <span class='ocrx_word' id='word_1_376' title='bbox 376 3661 425 3706; x_wconf 86' lang='lat' dir='ltr'><strong>et</strong></span> <span class='ocrx_word' id='word_1_377' title='bbox 475 3653 640 3709; x_wconf 83' lang='lat' dir='ltr'><strong>hiems</strong></span> <span class='ocrx_word' id='word_1_378' title='bbox 674 3663 812 3722; x_wconf 87' lang='lat' dir='ltr'><strong>erat,</strong></span> <span class='ocrx_word' id='word_1_379' title='bbox 854 3664 907 3710; x_wconf 81' lang='lat' dir='ltr'><strong>et</strong></span> <span class='ocrx_word' id='word_1_380' title='bbox 945 3655 1248 3711; x_wconf 86' lang='lat' dir='ltr'><strong>ambulabat</strong></span> <span class='ocrx_word' id='word_1_381' title='bbox 1293 3655 1449 3712; x_wconf 72' lang='lat' dir='ltr'><strong>Iesus</strong></span> <span class='ocrx_word' id='word_1_382' title='bbox 1476 3659 1531 3712; x_wconf 87' lang='lat' dir='ltr'><strong>in</strong></span> <span class='ocrx_word' id='word_1_383' title='bbox 1559 3658 1748 3730; x_wconf 84' lang='lat' dir='ltr'><strong>templo</strong></span> <span class='ocrx_word' id='word_1_384' title='bbox 1775 3659 1832 3712; x_wconf 84' lang='lat' dir='ltr'><strong>in</strong></span> 
     </span>
    </p>
   </div>
   <div class='ocr_carea' id='block_1_53' title="bbox 233 3743 1832 3821">
    <p class='ocr_par' dir='ltr' id='par_1_53' title="bbox 233 3743 1832 3821">
     <span class='ocr_line' id='line_1_53' title="bbox 233 3743 1832 3821; baseline 0.007 -25"><span class='ocrx_word' id='word_1_385' title='bbox 233 3744 442 3813; x_wconf 86' lang='lat' dir='ltr'><strong>porticu</strong></span> <span class='ocrx_word' id='word_1_386' title='bbox 471 3743 792 3814; x_wconf 84' lang='lat' dir='ltr'><strong>Salomonis,</strong></span> <span class='ocrx_word' id='word_1_387' title='bbox 841 3757 949 3804; x_wconf 87' lang='lat' dir='ltr'><strong>etc.</strong></span> <span class='ocrx_word' id='word_1_388' title='bbox 993 3748 1172 3820; x_wconf 81' lang='lat' dir='ltr'><strong>(Joan.</strong></span> <span class='ocrx_word' id='word_1_389' title='bbox 1223 3748 1301 3821; x_wconf 70' lang='grc' dir='ltr'><strong>Χ).</strong></span> <span class='ocrx_word' id='word_1_390' title='bbox 1353 3749 1504 3806; x_wconf 88' lang='lat' dir='ltr'><strong>Unde</strong></span> <span class='ocrx_word' id='word_1_391' title='bbox 1549 3751 1832 3807; x_wconf 83' lang='lat' dir='ltr'><strong>sciendum</strong></span> 
     </span>
    </p>
   </div>
   <div class='ocr_carea' id='block_1_54' title="bbox 234 3836 1832 3914">
    <p class='ocr_par' dir='ltr' id='par_1_54' title="bbox 234 3836 1832 3914">
     <span class='ocr_line' id='line_1_54' title="bbox 234 3836 1832 3914; baseline 0.006 -24"><span class='ocrx_word' id='word_1_392' title='bbox 234 3843 322 3890; x_wconf 89' lang='lat' dir='ltr'><strong>est</strong></span> <span class='ocrx_word' id='word_1_393' title='bbox 347 3836 492 3906; x_wconf 90' lang='lat' dir='ltr'><strong>quod</strong></span> <span class='ocrx_word' id='word_1_394' title='bbox 519 3837 770 3896; x_wconf 71' lang='lat' dir='ltr'><strong>Encaenia</strong></span> <span class='ocrx_word' id='word_1_395' title='bbox 796 3840 913 3897; x_wconf 67' lang='lat' dir='ltr'><strong>haec</strong></span> <span class='ocrx_word' id='word_1_396' title='bbox 945 3858 1066 3912; x_wconf 81' lang='lat' dir='ltr'><strong>quae</strong></span> <span class='ocrx_word' id='word_1_397' title='bbox 1092 3842 1323 3898; x_wconf 89' lang='lat' dir='ltr'><strong>lectione</strong></span> <span class='ocrx_word' id='word_1_398' title='bbox 1349 3844 1657 3914; x_wconf 84' lang='lat' dir='ltr'><strong>evangelica</strong></span> <span class='ocrx_word' id='word_1_399' title='bbox 1691 3845 1832 3900; x_wconf 86' lang='lat' dir='ltr'><strong>facta</strong></span> 
     </span>
    </p>
   </div>
   <div class='ocr_carea' id='block_1_55' title="bbox 235 3929 1829 4006">
    <p class='ocr_par' dir='ltr' id='par_1_55' title="bbox 235 3929 1829 4006">
     <span class='ocr_line' id='line_1_55' title="bbox 235 3929 1829 4006; baseline 0.008 -25"><span class='ocrx_word' id='word_1_400' title='bbox 235 3929 624 3998; x_wconf 86' lang='lat' dir='ltr'><strong>cognovimus,</strong></span> <span class='ocrx_word' id='word_1_401' title='bbox 670 3947 779 3988; x_wconf 90' lang='lat' dir='ltr'><strong>non</strong></span> <span class='ocrx_word' id='word_1_402' title='bbox 823 3932 891 3987; x_wconf 92' lang='lat' dir='ltr'><strong>ad</strong></span> <span class='ocrx_word' id='word_1_403' title='bbox 924 3934 1155 4005; x_wconf 90' lang='lat' dir='ltr'><strong>primam</strong></span> <span class='ocrx_word' id='word_1_404' title='bbox 1186 3935 1371 4006; x_wconf 89' lang='lat' dir='ltr'><strong>templi</strong></span> <span class='ocrx_word' id='word_1_405' title='bbox 1415 3937 1829 4004; x_wconf 87' lang='lat' dir='ltr'><strong>dedicationem,</strong></span> 
     </span>
    </p>
   </div>
   <div class='ocr_carea' id='block_1_56' title="bbox 235 4020 1836 4099">
    <p class='ocr_par' dir='ltr' id='par_1_56' title="bbox 235 4020 1836 4099">
     <span class='ocr_line' id='line_1_56' title="bbox 235 4020 1836 4099; baseline 0.006 -23"><span class='ocrx_word' id='word_1_406' title='bbox 235 4020 333 4077; x_wconf 86' lang='lat' dir='ltr'><strong>sed</strong></span> <span class='ocrx_word' id='word_1_407' title='bbox 362 4022 432 4076; x_wconf 91' lang='lat' dir='ltr'><strong>ad</strong></span> <span class='ocrx_word' id='word_1_408' title='bbox 457 4021 701 4078; x_wconf 88' lang='lat' dir='ltr'><strong>ultimam</strong></span> <span class='ocrx_word' id='word_1_409' title='bbox 744 4027 1052 4096; x_wconf 88' lang='lat' dir='ltr'><strong>pertinent;</strong></span> <span class='ocrx_word' id='word_1_410' title='bbox 1102 4028 1247 4099; x_wconf 92' lang='lat' dir='ltr'><strong>quod</strong></span> <span class='ocrx_word' id='word_1_411' title='bbox 1290 4044 1358 4085; x_wconf 86' lang='lat' dir='ltr'><strong>ex</strong></span> <span class='ocrx_word' id='word_1_412' title='bbox 1383 4045 1449 4085; x_wconf 93' lang='lat' dir='ltr'><strong>eo</strong></span> <span class='ocrx_word' id='word_1_413' title='bbox 1486 4029 1644 4086; x_wconf 90' lang='lat' dir='ltr'><strong>facile</strong></span> <span class='ocrx_word' id='word_1_414' title='bbox 1683 4030 1836 4086; x_wconf 88' lang='lat' dir='ltr'><strong>colli-</strong></span> 
     </span>
    </p>
   </div>
   <div class='ocr_carea' id='block_1_57' title="bbox 235 4111 1836 4194">
    <p class='ocr_par' dir='ltr' id='par_1_57' title="bbox 235 4111 1836 4194">
     <span class='ocr_line' id='line_1_57' title="bbox 235 4111 1836 4194; baseline 0.007 -29"><span class='ocrx_word' id='word_1_415' title='bbox 235 4111 384 4181; x_wconf 90' lang='lat' dir='ltr'><strong>gitur</strong></span> <span class='ocrx_word' id='word_1_416' title='bbox 413 4112 540 4182; x_wconf 89' lang='lat' dir='ltr'><strong>quia</strong></span> <span class='ocrx_word' id='word_1_417' title='bbox 597 4113 775 4170; x_wconf 89' lang='lat' dir='ltr'><strong>hieme</strong></span> <span class='ocrx_word' id='word_1_418' title='bbox 819 4114 962 4172; x_wconf 89' lang='lat' dir='ltr'><strong>facta</strong></span> <span class='ocrx_word' id='word_1_419' title='bbox 1011 4116 1280 4174; x_wconf 89' lang='lat' dir='ltr'><strong>feruntur.</strong></span> <span class='ocrx_word' id='word_1_420' title='bbox 1338 4119 1518 4176; x_wconf 88' lang='lat' dir='ltr'><strong>Prima</strong></span> <span class='ocrx_word' id='word_1_421' title='bbox 1565 4121 1836 4194; x_wconf 89' lang='lat' dir='ltr'><strong>siquidem</strong></span> 
     </span>
    </p>
   </div>
   <div class='ocr_carea' id='block_1_58' title="bbox 235 4201 1836 4281">
    <p class='ocr_par' dir='ltr' id='par_1_58' title="bbox 235 4201 1836 4281">
     <span class='ocr_line' id='line_1_58' title="bbox 235 4201 1836 4281; baseline 0.007 -25"><span class='ocrx_word' id='word_1_422' title='bbox 235 4201 357 4273; x_wconf 86' lang='lat' dir='ltr'><strong>ejus</strong></span> <span class='ocrx_word' id='word_1_423' title='bbox 383 4203 648 4260; x_wconf 89' lang='lat' dir='ltr'><strong>dedicatio</strong></span> <span class='ocrx_word' id='word_1_424' title='bbox 673 4221 705 4260; x_wconf 91' lang='lat' dir='ltr'><strong>a</strong></span> <span class='ocrx_word' id='word_1_425' title='bbox 731 4204 1018 4264; x_wconf 91' lang='lat' dir='ltr'><strong>Salomone</strong></span> <span class='ocrx_word' id='word_1_426' title='bbox 1058 4217 1303 4281; x_wconf 87' lang='lat' dir='ltr'><strong>tempore</strong></span> <span class='ocrx_word' id='word_1_427' title='bbox 1346 4212 1623 4277; x_wconf 89' lang='lat' dir='ltr'><strong>autumni;</strong></span> <span class='ocrx_word' id='word_1_428' title='bbox 1657 4212 1836 4267; x_wconf 89' lang='lat' dir='ltr'><strong>media</strong></span> 
     </span>
    </p>
   </div>
   <div class='ocr_carea' id='block_1_59' title="bbox 237 4296 1834 4373">
    <p class='ocr_par' dir='ltr' id='par_1_59' title="bbox 237 4296 1834 4373">
     <span class='ocr_line' id='line_1_59' title="bbox 237 4296 1834 4373; baseline 0.006 -25"><span class='ocrx_word' id='word_1_429' title='bbox 237 4303 446 4364; x_wconf 90' lang='lat' dir='ltr'><strong>autem,</strong></span> <span class='ocrx_word' id='word_1_430' title='bbox 490 4296 788 4354; x_wconf 87' lang='lat' dir='ltr'><strong>Zorobabel</strong></span> <span class='ocrx_word' id='word_1_431' title='bbox 810 4310 865 4355; x_wconf 91' lang='lat' dir='ltr'><strong>et</strong></span> <span class='ocrx_word' id='word_1_432' title='bbox 895 4298 1022 4356; x_wconf 82' lang='lat' dir='ltr'><strong>Jesu</strong></span> <span class='ocrx_word' id='word_1_433' title='bbox 1047 4302 1350 4369; x_wconf 87' lang='lat' dir='ltr'><strong>sacerdote,</strong></span> <span class='ocrx_word' id='word_1_434' title='bbox 1382 4311 1622 4373; x_wconf 90' lang='lat' dir='ltr'><strong>tempore</strong></span> <span class='ocrx_word' id='word_1_435' title='bbox 1650 4302 1834 4372; x_wconf 87' lang='lat' dir='ltr'><strong>veris;</strong></span> 
     </span>
    </p>
   </div>
   <div class='ocr_carea' id='block_1_60' title="bbox 238 4387 1840 4465">
    <p class='ocr_par' dir='ltr' id='par_1_60' title="bbox 238 4387 1840 4465">
     <span class='ocr_line' id='line_1_60' title="bbox 238 4387 1840 4465; baseline 0.006 -25"><span class='ocrx_word' id='word_1_436' title='bbox 238 4387 436 4442; x_wconf 89' lang='lat' dir='ltr'><strong>ultima</strong></span> <span class='ocrx_word' id='word_1_437' title='bbox 457 4398 664 4456; x_wconf 88' lang='lat' dir='ltr'><strong>autem,</strong></span> <span class='ocrx_word' id='word_1_438' title='bbox 687 4388 823 4446; x_wconf 80' lang='lat' dir='ltr'><strong>Juda</strong></span> <span class='ocrx_word' id='word_1_439' title='bbox 864 4390 1194 4458; x_wconf 60' lang='lat' dir='ltr'><strong>Machabaeo,</strong></span> <span class='ocrx_word' id='word_1_440' title='bbox 1224 4402 1467 4465; x_wconf 87' lang='lat' dir='ltr'><strong>tempore</strong></span> <span class='ocrx_word' id='word_1_441' title='bbox 1492 4394 1711 4461; x_wconf 82' lang='lat' dir='ltr'><strong>hiemis,</strong></span> <span class='ocrx_word' id='word_1_442' title='bbox 1753 4402 1840 4451; x_wconf 87' lang='lat' dir='ltr'><strong>est</strong></span> 
     </span>
    </p>
   </div>
   <div class='ocr_carea' id='block_1_61' title="bbox 237 4477 1840 4560">
    <p class='ocr_par' dir='ltr' id='par_1_61' title="bbox 237 4477 1840 4560">
     <span class='ocr_line' id='line_1_61' title="bbox 237 4477 1840 4560; baseline 0.006 -28"><span class='ocrx_word' id='word_1_443' title='bbox 237 4477 388 4534; x_wconf 87' lang='lat' dir='ltr'><strong>facta</strong></span> <span class='ocrx_word' id='word_1_444' title='bbox 415 4498 428 4534; x_wconf 89' lang='lat'><strong>:</strong></span> <span class='ocrx_word' id='word_1_445' title='bbox 458 4483 675 4551; x_wconf 89' lang='lat' dir='ltr'><strong>quando</strong></span> <span class='ocrx_word' id='word_1_446' title='bbox 701 4483 1005 4553; x_wconf 84' lang='lat' dir='ltr'><strong>specialiter</strong></span> <span class='ocrx_word' id='word_1_447' title='bbox 1029 4485 1384 4542; x_wconf 87' lang='lat' dir='ltr'><strong>constitutum</strong></span> <span class='ocrx_word' id='word_1_448' title='bbox 1407 4501 1528 4542; x_wconf 90' lang='lat' dir='ltr'><strong>esse</strong></span> <span class='ocrx_word' id='word_1_449' title='bbox 1556 4487 1755 4560; x_wconf 91' lang='lat' dir='ltr'><strong>legitur</strong></span> <span class='ocrx_word' id='word_1_450' title='bbox 1780 4495 1840 4542; x_wconf 91' lang='lat' dir='ltr'><strong>ut</strong></span> 
     </span>
    </p>
   </div>
   <div class='ocr_carea' id='block_1_62' title="bbox 241 4571 1836 4645">
    <p class='ocr_par' dir='ltr' id='par_1_62' title="bbox 241 4571 1836 4645">
     <span class='ocr_line' id='line_1_62' title="bbox 241 4571 1836 4645; baseline 0.008 -19"><span class='ocrx_word' id='word_1_451' title='bbox 241 4572 439 4626; x_wconf 89' lang='lat' dir='ltr'><strong>eadem</strong></span> <span class='ocrx_word' id='word_1_452' title='bbox 459 4571 728 4629; x_wconf 88' lang='lat' dir='ltr'><strong>dedicatio</strong></span> <span class='ocrx_word' id='word_1_453' title='bbox 758 4589 856 4645; x_wconf 88' lang='lat' dir='ltr'><strong>per</strong></span> <span class='ocrx_word' id='word_1_454' title='bbox 883 4592 1074 4633; x_wconf 91' lang='lat' dir='ltr'><strong>omnes</strong></span> <span class='ocrx_word' id='word_1_455' title='bbox 1099 4593 1272 4634; x_wconf 89' lang='lat' dir='ltr'><strong>annos</strong></span> <span class='ocrx_word' id='word_1_456' title='bbox 1304 4579 1362 4634; x_wconf 88' lang='lat' dir='ltr'><strong>in</strong></span> <span class='ocrx_word' id='word_1_457' title='bbox 1396 4581 1716 4637; x_wconf 87' lang='lat' dir='ltr'><strong>memoriam</strong></span> <span class='ocrx_word' id='word_1_458' title='bbox 1744 4597 1836 4637; x_wconf 88' lang='lat' dir='ltr'><strong>so-</strong></span> 
     </span>
    </p>
   </div>
   <div class='ocr_carea' id='block_1_63' title="bbox 241 4658 1842 4745">
    <p class='ocr_par' dir='ltr' id='par_1_63' title="bbox 241 4658 1842 4745">
     <span class='ocr_line' id='line_1_63' title="bbox 241 4658 1842 4745; baseline 0.011 -32"><span class='ocrx_word' id='word_1_459' title='bbox 241 4658 516 4720; x_wconf 87' lang='lat' dir='ltr'><strong>lemnibus</strong></span> <span class='ocrx_word' id='word_1_460' title='bbox 558 4674 904 4722; x_wconf 89' lang='lat' dir='ltr'><strong>revocaretur</strong></span> <span class='ocrx_word' id='word_1_461' title='bbox 943 4667 1133 4726; x_wconf 80' lang='lat' dir='ltr'><strong>ciliciis</strong></span> <span class='ocrx_word' id='word_1_462' title='bbox 1175 4668 1333 4739; x_wconf 84' lang='lat' dir='ltr'><strong>juxta</strong></span> <span class='ocrx_word' id='word_1_463' title='bbox 1377 4672 1524 4742; x_wconf 92' lang='lat' dir='ltr'><strong>quod</strong></span> <span class='ocrx_word' id='word_1_464' title='bbox 1570 4688 1742 4745; x_wconf 90' lang='lat' dir='ltr'><strong>usque</strong></span> <span class='ocrx_word' id='word_1_465' title='bbox 1771 4673 1842 4730; x_wconf 91' lang='lat' dir='ltr'><strong>ad</strong></span> 
     </span>
    </p>
   </div>
   <div class='ocr_carea' id='block_1_64' title="bbox 241 4761 1843 4831">
    <p class='ocr_par' dir='ltr' id='par_1_64' title="bbox 241 4761 1843 4831">
     <span class='ocr_line' id='line_1_64' title="bbox 241 4761 1843 4831; baseline 0.009 -17"><span class='ocrx_word' id='word_1_466' title='bbox 241 4767 462 4831; x_wconf 88' lang='lat' dir='ltr'><strong>tempus</strong></span> <span class='ocrx_word' id='word_1_467' title='bbox 517 4761 809 4820; x_wconf 86' lang='lat' dir='ltr'><strong>Dominicae</strong></span> <span class='ocrx_word' id='word_1_468' title='bbox 861 4765 1250 4824; x_wconf 89' lang='lat' dir='ltr'><strong>incarnationis</strong></span> <span class='ocrx_word' id='word_1_469' title='bbox 1296 4769 1644 4826; x_wconf 87' lang='lat' dir='ltr'><strong>observatum</strong></span> <span class='ocrx_word' id='word_1_470' title='bbox 1676 4770 1843 4828; x_wconf 86' lang='lat' dir='ltr'><strong>fuisse</strong></span> 
     </span>
    </p>
   </div>
   <div class='ocr_carea' id='block_1_65' title="bbox 241 4854 1845 4935">
    <p class='ocr_par' dir='ltr' id='par_1_65' title="bbox 241 4854 1845 4935">
     <span class='ocr_line' id='line_1_65' title="bbox 241 4854 1845 4935; baseline 0.01 -29"><span class='ocrx_word' id='word_1_471' title='bbox 241 4854 564 4924; x_wconf 81' lang='lat' dir='ltr'><strong>supradicta</strong></span> <span class='ocrx_word' id='word_1_472' title='bbox 600 4859 864 4914; x_wconf 89' lang='lat' dir='ltr'><strong>sententia</strong></span> <span class='ocrx_word' id='word_1_473' title='bbox 893 4859 1170 4933; x_wconf 85' lang='lat' dir='ltr'><strong>Evangelii</strong></span> <span class='ocrx_word' id='word_1_474' title='bbox 1199 4865 1535 4935; x_wconf 87' lang='lat' dir='ltr'><strong>agnovimus.</strong></span> <span class='ocrx_word' id='word_1_475' title='bbox 1581 4865 1710 4922; x_wconf 63' lang='lat' dir='ltr'><strong>Haec</strong></span> <span class='ocrx_word' id='word_1_476' title='bbox 1743 4882 1845 4921; x_wconf 85' lang='lat' dir='ltr'><strong>au-</strong></span> 
     </span>
    </p>
   </div>
   <div class='ocr_carea' id='block_1_66' title="bbox 242 4946 1845 5025">
    <p class='ocr_par' dir='ltr' id='par_1_66' title="bbox 242 4946 1845 5025">
     <span class='ocr_line' id='line_1_66' title="bbox 242 4946 1845 5025; baseline 0.008 -25"><span class='ocrx_word' id='word_1_477' title='bbox 242 4953 362 5001; x_wconf 89' lang='lat' dir='ltr'><strong>tem</strong></span> <span class='ocrx_word' id='word_1_478' title='bbox 393 4946 494 5003; x_wconf 88' lang='lat' dir='ltr'><strong>fuit</strong></span> <span class='ocrx_word' id='word_1_479' title='bbox 518 4965 682 5006; x_wconf 90' lang='lat' dir='ltr'><strong>causa</strong></span> <span class='ocrx_word' id='word_1_480' title='bbox 703 4951 950 5007; x_wconf 72' lang='lat' dir='ltr'><strong>secunda:</strong></span> <span class='ocrx_word' id='word_1_481' title='bbox 991 4962 1046 5008; x_wconf 90' lang='lat' dir='ltr'><strong>et</strong></span> <span class='ocrx_word' id='word_1_482' title='bbox 1085 4955 1256 5010; x_wconf 72' lang='lat' dir='ltr'><strong>tertize</strong></span> <span class='ocrx_word' id='word_1_483' title='bbox 1286 4956 1659 5013; x_wconf 90' lang='lat' dir='ltr'><strong>dedicationis.</strong></span> <span class='ocrx_word' id='word_1_484' title='bbox 1708 4957 1845 5025; x_wconf 86' lang='lat' dir='ltr'><strong>Quia</strong></span> 
     </span>
    </p>
   </div>
   <div class='ocr_carea' id='block_1_67' title="bbox 243 5041 1844 5122">
    <p class='ocr_par' dir='ltr' id='par_1_67' title="bbox 243 5041 1844 5122">
     <span class='ocr_line' id='line_1_67' title="bbox 243 5041 1844 5122; baseline 0.007 -23"><span class='ocrx_word' id='word_1_485' title='bbox 243 5041 513 5100; x_wconf 90' lang='lat' dir='ltr'><strong>Salomon</strong></span> <span class='ocrx_word' id='word_1_486' title='bbox 537 5045 754 5115; x_wconf 87' lang='lat' dir='ltr'><strong>quidem</strong></span> <span class='ocrx_word' id='word_1_487' title='bbox 775 5045 958 5117; x_wconf 90' lang='lat' dir='ltr'><strong>templi</strong></span> <span class='ocrx_word' id='word_1_488' title='bbox 984 5063 1121 5118; x_wconf 88' lang='lat' dir='ltr'><strong>opus</strong></span> <span class='ocrx_word' id='word_1_489' title='bbox 1154 5051 1299 5121; x_wconf 91' lang='lat' dir='ltr'><strong>quod</strong></span> <span class='ocrx_word' id='word_1_490' title='bbox 1324 5052 1554 5108; x_wconf 90' lang='lat' dir='ltr'><strong>Domino</strong></span> <span class='ocrx_word' id='word_1_491' title='bbox 1582 5055 1844 5122; x_wconf 88' lang='lat' dir='ltr'><strong>condidit,</strong></span> 
     </span>
    </p>
   </div>
   <div class='ocr_carea' id='block_1_68' title="bbox 243 5137 1852 5214">
    <p class='ocr_par' dir='ltr' id='par_1_68' title="bbox 243 5137 1852 5214">
     <span class='ocr_line' id='line_1_68' title="bbox 243 5137 1852 5214; baseline 0.007 -24"><span class='ocrx_word' id='word_1_492' title='bbox 243 5143 463 5205; x_wconf 87' lang='lat' dir='ltr'><strong>septem</strong></span> <span class='ocrx_word' id='word_1_493' title='bbox 489 5137 646 5192; x_wconf 91' lang='lat' dir='ltr'><strong>annis</strong></span> <span class='ocrx_word' id='word_1_494' title='bbox 669 5137 936 5209; x_wconf 88' lang='lat' dir='ltr'><strong>perfecit,</strong></span> <span class='ocrx_word' id='word_1_495' title='bbox 989 5149 1184 5198; x_wconf 89' lang='lat' dir='ltr'><strong>octavo</strong></span> <span class='ocrx_word' id='word_1_496' title='bbox 1207 5152 1387 5200; x_wconf 89' lang='lat' dir='ltr'><strong>autem</strong></span> <span class='ocrx_word' id='word_1_497' title='bbox 1414 5161 1558 5201; x_wconf 93' lang='lat' dir='ltr'><strong>anno</strong></span> <span class='ocrx_word' id='word_1_498' title='bbox 1578 5187 1592 5214; x_wconf 98' lang='lat'><strong>,</strong></span> <span class='ocrx_word' id='word_1_499' title='bbox 1644 5147 1852 5202; x_wconf 89' lang='lat' dir='ltr'><strong>decima</strong></span> 
     </span>
    </p>
   </div>
   <div class='ocr_carea' id='block_1_69' title="bbox 245 5227 1852 5310">
    <p class='ocr_par' dir='ltr' id='par_1_69' title="bbox 245 5227 1852 5310">
     <span class='ocr_line' id='line_1_69' title="bbox 245 5227 1852 5310; baseline 0.007 -27"><span class='ocrx_word' id='word_1_500' title='bbox 245 5227 347 5285; x_wconf 88' lang='lat' dir='ltr'><strong>die</strong></span> <span class='ocrx_word' id='word_1_501' title='bbox 368 5230 582 5300; x_wconf 88' lang='lat' dir='ltr'><strong>septimi</strong></span> <span class='ocrx_word' id='word_1_502' title='bbox 616 5231 820 5286; x_wconf 88' lang='lat' dir='ltr'><strong>mensis</strong></span> <span class='ocrx_word' id='word_1_503' title='bbox 841 5273 856 5296; x_wconf 95' lang='lat'><strong>,</strong></span> <span class='ocrx_word' id='word_1_504' title='bbox 905 5233 998 5304; x_wconf 90' lang='lat' dir='ltr'><strong>qui</strong></span> <span class='ocrx_word' id='word_1_505' title='bbox 1023 5250 1056 5289; x_wconf 90' lang='lat' dir='ltr'><strong>a</strong></span> <span class='ocrx_word' id='word_1_506' title='bbox 1097 5237 1255 5292; x_wconf 90' lang='lat' dir='ltr'><strong>nobis</strong></span> <span class='ocrx_word' id='word_1_507' title='bbox 1278 5236 1510 5294; x_wconf 88' lang='lat' dir='ltr'><strong>October</strong></span> <span class='ocrx_word' id='word_1_508' title='bbox 1532 5239 1852 5310; x_wconf 87' lang='lat' dir='ltr'><strong>appellatur,</strong></span> 
     </span>
    </p>
   </div>
   <div class='ocr_carea' id='block_1_70' title="bbox 247 5319 1857 5402">
    <p class='ocr_par' dir='ltr' id='par_1_70' title="bbox 247 5319 1857 5402">
     <span class='ocr_line' id='line_1_70' title="bbox 247 5319 1857 5402; baseline 0.006 -24"><span class='ocrx_word' id='word_1_509' title='bbox 247 5319 315 5378; x_wconf 82' lang='lat' dir='ltr'><strong>in</strong></span> <span class='ocrx_word' id='word_1_510' title='bbox 345 5335 538 5392; x_wconf 87' lang='lat' dir='ltr'><strong>magna</strong></span> <span class='ocrx_word' id='word_1_511' title='bbox 571 5321 740 5394; x_wconf 88' lang='lat' dir='ltr'><strong>gloria</strong></span> <span class='ocrx_word' id='word_1_512' title='bbox 767 5323 1054 5381; x_wconf 90' lang='lat' dir='ltr'><strong>dedicavit.</strong></span> <span class='ocrx_word' id='word_1_513' title='bbox 1084 5324 1192 5383; x_wconf 89' lang='lat' dir='ltr'><strong>Sed</strong></span> <span class='ocrx_word' id='word_1_514' title='bbox 1217 5329 1286 5384; x_wconf 90' lang='lat' dir='ltr'><strong>ad</strong></span> <span class='ocrx_word' id='word_1_515' title='bbox 1313 5331 1419 5386; x_wconf 92' lang='lat' dir='ltr'><strong>hoc</strong></span> <span class='ocrx_word' id='word_1_516' title='bbox 1449 5331 1706 5402; x_wconf 88' lang='lat' dir='ltr'><strong>templum</strong></span> <span class='ocrx_word' id='word_1_517' title='bbox 1731 5340 1857 5402; x_wconf 89' lang='lat' dir='ltr'><strong>post</strong></span> 
     </span>
    </p>
   </div>
   <div class='ocr_carea' id='block_1_71' title="bbox 246 5413 1857 5489">
    <p class='ocr_par' dir='ltr' id='par_1_71' title="bbox 246 5413 1857 5489">
     <span class='ocr_line' id='line_1_71' title="bbox 246 5413 1857 5489; baseline 0.007 -21"><span class='ocrx_word' id='word_1_518' title='bbox 246 5423 436 5473; x_wconf 66' lang='lat' dir='ltr'><strong>minos</strong></span> <span class='ocrx_word' id='word_1_519' title='bbox 463 5413 886 5486; x_wconf 88' lang='lat' dir='ltr'><strong>quadringentos</strong></span> <span class='ocrx_word' id='word_1_520' title='bbox 913 5416 1135 5488; x_wconf 83' lang='lat' dir='ltr'><strong>triginta</strong></span> <span class='ocrx_word' id='word_1_521' title='bbox 1155 5421 1783 5489; x_wconf 84' lang='lat' dir='ltr'><strong>ascenderuntChaldaei,</strong></span> <span class='ocrx_word' id='word_1_522' title='bbox 1803 5431 1857 5480; x_wconf 88' lang='lat' dir='ltr'><strong>et</strong></span> 
     </span>
    </p>
   </div>
   <div class='ocr_carea' id='block_1_72' title="bbox 247 5505 1854 5587">
    <p class='ocr_par' dir='ltr' id='par_1_72' title="bbox 247 5505 1854 5587">
     <span class='ocr_line' id='line_1_72' title="bbox 247 5505 1854 5587; baseline 0.006 -24"><span class='ocrx_word' id='word_1_523' title='bbox 247 5505 720 5579; x_wconf 83' lang='lat' dir='ltr'><strong>Jerosolymorum</strong></span> <span class='ocrx_word' id='word_1_524' title='bbox 766 5509 901 5566; x_wconf 87' lang='lat' dir='ltr'><strong>urbe</strong></span> <span class='ocrx_word' id='word_1_525' title='bbox 947 5511 1240 5580; x_wconf 88' lang='lat' dir='ltr'><strong>destructa,</strong></span> <span class='ocrx_word' id='word_1_526' title='bbox 1300 5517 1551 5587; x_wconf 91' lang='lat' dir='ltr'><strong>populum</strong></span> <span class='ocrx_word' id='word_1_527' title='bbox 1604 5517 1768 5574; x_wconf 89' lang='lat' dir='ltr'><strong>Israel</strong></span> <span class='ocrx_word' id='word_1_528' title='bbox 1797 5517 1854 5573; x_wconf 87' lang='lat' dir='ltr'><strong>in</strong></span> 
     </span>
    </p>
   </div>
   <div class='ocr_carea' id='block_1_73' title="bbox 250 5599 1850 5682">
    <p class='ocr_par' dir='ltr' id='par_1_73' title="bbox 250 5599 1850 5682">
     <span class='ocr_line' id='line_1_73' title="bbox 250 5599 1850 5682; baseline 0.006 -25"><span class='ocrx_word' id='word_1_529' title='bbox 250 5599 594 5670; x_wconf 79' lang='lat' dir='ltr'><strong>Babylonem</strong></span> <span class='ocrx_word' id='word_1_530' title='bbox 626 5600 900 5682; x_wconf 80' lang='lat' dir='ltr'><strong>abduxere</strong></span> <span class='ocrx_word' id='word_1_531' title='bbox 925 5605 1196 5674; x_wconf 90' lang='lat' dir='ltr'><strong>captivum</strong></span> <span class='ocrx_word' id='word_1_532' title='bbox 1223 5624 1237 5673; x_wconf 91' lang='lat'><strong>;</strong></span> <span class='ocrx_word' id='word_1_533' title='bbox 1280 5610 1370 5678; x_wconf 87' lang='lat' dir='ltr'><strong>qui</strong></span> <span class='ocrx_word' id='word_1_534' title='bbox 1418 5619 1538 5679; x_wconf 88' lang='lat' dir='ltr'><strong>post</strong></span> <span class='ocrx_word' id='word_1_535' title='bbox 1564 5627 1734 5668; x_wconf 92' lang='lat' dir='ltr'><strong>annos</strong></span> <span class='ocrx_word' id='word_1_536' title='bbox 1763 5627 1850 5666; x_wconf 85' lang='lat' dir='ltr'><strong>se-</strong></span> 
     </span>
    </p>
   </div>
   <div class='ocr_carea' id='block_1_74' title="bbox 250 5693 1854 5772">
    <p class='ocr_par' dir='ltr' id='par_1_74' title="bbox 250 5693 1854 5772">
     <span class='ocr_line' id='line_1_74' title="bbox 250 5693 1854 5772; baseline 0.009 -24"><span class='ocrx_word' id='word_1_537' title='bbox 250 5693 563 5767; x_wconf 86' lang='lat' dir='ltr'><strong>ptuaginta,</strong></span> <span class='ocrx_word' id='word_1_538' title='bbox 591 5695 938 5764; x_wconf 89' lang='lat' dir='ltr'><strong>regnantibus</strong></span> <span class='ocrx_word' id='word_1_539' title='bbox 961 5697 1162 5766; x_wconf 90' lang='lat' dir='ltr'><strong>Persis,</strong></span> <span class='ocrx_word' id='word_1_540' title='bbox 1193 5701 1247 5756; x_wconf 93' lang='lat' dir='ltr'><strong>in</strong></span> <span class='ocrx_word' id='word_1_541' title='bbox 1277 5705 1511 5772; x_wconf 87' lang='lat' dir='ltr'><strong>patriam</strong></span> <span class='ocrx_word' id='word_1_542' title='bbox 1549 5714 1634 5760; x_wconf 90' lang='lat' dir='ltr'><strong>est</strong></span> <span class='ocrx_word' id='word_1_543' title='bbox 1662 5707 1854 5762; x_wconf 89' lang='lat' dir='ltr'><strong>remis-</strong></span> 
     </span>
    </p>
   </div>
   <div class='ocr_carea' id='block_1_75' title="bbox 252 5789 1853 5867">
    <p class='ocr_par' dir='ltr' id='par_1_75' title="bbox 252 5789 1853 5867">
     <span class='ocr_line' id='line_1_75' title="bbox 252 5789 1853 5867; baseline 0.006 -23"><span class='ocrx_word' id='word_1_544' title='bbox 252 5801 382 5854; x_wconf 81' lang='lat' dir='ltr'><strong>sus,</strong></span> <span class='ocrx_word' id='word_1_545' title='bbox 431 5800 725 5855; x_wconf 89' lang='lat' dir='ltr'><strong>rursusque</strong></span> <span class='ocrx_word' id='word_1_546' title='bbox 749 5789 1071 5846; x_wconf 61' lang='lat' dir='ltr'><strong>aediﬁcatum</strong></span> <span class='ocrx_word' id='word_1_547' title='bbox 1121 5801 1204 5848; x_wconf 88' lang='lat' dir='ltr'><strong>est</strong></span> <span class='ocrx_word' id='word_1_548' title='bbox 1247 5794 1504 5865; x_wconf 88' lang='lat' dir='ltr'><strong>templum</strong></span> <span class='ocrx_word' id='word_1_549' title='bbox 1541 5811 1640 5867; x_wconf 91' lang='lat' dir='ltr'><strong>per</strong></span> <span class='ocrx_word' id='word_1_550' title='bbox 1681 5812 1853 5854; x_wconf 90' lang='lat' dir='ltr'><strong>annos</strong></span> 
     </span>
    </p>
   </div>
   <div class='ocr_carea' id='block_1_76' title="bbox 255 5879 1849 5961">
    <p class='ocr_par' dir='ltr' id='par_1_76' title="bbox 255 5879 1849 5961">
     <span class='ocr_line' id='line_1_76' title="bbox 255 5879 1849 5961; baseline 0.009 -27"><span class='ocrx_word' id='word_1_551' title='bbox 255 5879 625 5955; x_wconf 79' lang='lat' dir='ltr'><strong>quadraginta</strong></span> <span class='ocrx_word' id='word_1_552' title='bbox 673 5895 790 5947; x_wconf 84' lang='lat' dir='ltr'><strong>sex,</strong></span> <span class='ocrx_word' id='word_1_553' title='bbox 842 5892 898 5940; x_wconf 92' lang='lat' dir='ltr'><strong>et</strong></span> <span class='ocrx_word' id='word_1_554' title='bbox 942 5886 1105 5942; x_wconf 89' lang='lat' dir='ltr'><strong>tertia</strong></span> <span class='ocrx_word' id='word_1_555' title='bbox 1144 5886 1231 5946; x_wconf 91' lang='lat' dir='ltr'><strong>die</strong></span> <span class='ocrx_word' id='word_1_556' title='bbox 1258 5889 1462 5948; x_wconf 88' lang='lat' dir='ltr'><strong>mensis</strong></span> <span class='ocrx_word' id='word_1_557' title='bbox 1505 5891 1810 5951; x_wconf 90' lang='lat' dir='ltr'><strong>duodecimi</strong></span> <span class='ocrx_word' id='word_1_558' title='bbox 1834 5934 1849 5961; x_wconf 91' lang='lat'><strong>,</strong></span> 
     </span>
    </p>
   </div>
   <div class='ocr_carea' id='block_1_77' title="bbox 554 5977 1036 6043">
    <p class='ocr_par' dir='ltr' id='par_1_77' title="bbox 554 5977 1036 6043">
     <span class='ocr_line' id='line_1_77' title="bbox 554 5977 1036 6043; baseline 0.004 -3"><span class='ocrx_word' id='word_1_559' title='bbox 554 5978 827 6041; x_wconf 71' lang='grc' dir='ltr'><strong>Ριτειοι..</strong></span> <span class='ocrx_word' id='word_1_560' title='bbox 873 5977 1036 6043; x_wconf 84' lang='lat' dir='ltr'><strong>CIX.</strong></span> 
     </span>
    </p>
   </div>
   <div class='ocr_carea' id='block_1_78' title="bbox 1921 1989 3527 2061">
    <p class='ocr_par' dir='ltr' id='par_1_78' title="bbox 1921 1989 3527 2061">
     <span class='ocr_line' id='line_1_78' title="bbox 1921 1989 3527 2061; baseline 0 -15"><span class='ocrx_word' id='word_1_561' title='bbox 1921 1992 2060 2057; x_wconf 89' lang='lat' dir='ltr'><strong>lens,</strong></span> <span class='ocrx_word' id='word_1_562' title='bbox 2092 1990 2457 2060; x_wconf 90' lang='lat' dir='ltr'><strong>persecutioni</strong></span> <span class='ocrx_word' id='word_1_563' title='bbox 2487 1990 2798 2046; x_wconf 66' lang='lat' dir='ltr'><strong>saevissimae</strong></span> <span class='ocrx_word' id='word_1_564' title='bbox 2819 1989 2984 2045; x_wconf 88' lang='lat' dir='ltr'><strong>ﬁnem</strong></span> <span class='ocrx_word' id='word_1_565' title='bbox 3002 1991 3278 2061; x_wconf 89' lang='lat' dir='ltr'><strong>imposuit,</strong></span> <span class='ocrx_word' id='word_1_566' title='bbox 3307 2006 3371 2046; x_wconf 90' lang='lat' dir='ltr'><strong>ac</strong></span> <span class='ocrx_word' id='word_1_567' title='bbox 3393 1999 3527 2046; x_wconf 87' lang='lat' dir='ltr'><strong>tem-</strong></span> 
     </span>
    </p>
   </div>
   <div class='ocr_carea' id='block_1_79' title="bbox 1920 2084 3527 2158">
    <p class='ocr_par' dir='ltr' id='par_1_79' title="bbox 1920 2084 3527 2158">
     <span class='ocr_line' id='line_1_79' title="bbox 1920 2084 3527 2158; baseline 0.001 -19"><span class='ocrx_word' id='word_1_568' title='bbox 1920 2086 2068 2158; x_wconf 91' lang='lat' dir='ltr'><strong>plum</strong></span> <span class='ocrx_word' id='word_1_569' title='bbox 2092 2087 2160 2142; x_wconf 88' lang='lat' dir='ltr'><strong>ab</strong></span> <span class='ocrx_word' id='word_1_570' title='bbox 2181 2085 2448 2142; x_wconf 91' lang='lat' dir='ltr'><strong>idolorum</strong></span> <span class='ocrx_word' id='word_1_571' title='bbox 2476 2085 2800 2157; x_wconf 88' lang='lat' dir='ltr'><strong>imaginibus</strong></span> <span class='ocrx_word' id='word_1_572' title='bbox 2820 2084 3140 2149; x_wconf 89' lang='lat' dir='ltr'><strong>emandans,</strong></span> <span class='ocrx_word' id='word_1_573' title='bbox 3169 2100 3306 2140; x_wconf 88' lang='lat' dir='ltr'><strong>nova</strong></span> <span class='ocrx_word' id='word_1_574' title='bbox 3337 2100 3527 2140; x_wconf 89' lang='lat' dir='ltr'><strong>rursus</strong></span> 
     </span>
    </p>
   </div>
   <div class='ocr_carea' id='block_1_80' title="bbox 1923 2175 3528 2246">
    <p class='ocr_par' dir='ltr' id='par_1_80' title="bbox 1923 2175 3528 2246">
     <span class='ocr_line' id='line_1_80' title="bbox 1923 2175 3528 2246; baseline -0.002 -13"><span class='ocrx_word' id='word_1_575' title='bbox 1923 2179 2118 2234; x_wconf 88' lang='lat' dir='ltr'><strong>altaria</strong></span> <span class='ocrx_word' id='word_1_576' title='bbox 2153 2187 2209 2232; x_wconf 90' lang='lat' dir='ltr'><strong>et</strong></span> <span class='ocrx_word' id='word_1_577' title='bbox 2242 2186 2440 2233; x_wconf 67' lang='lat' dir='ltr'><strong>caetera</strong></span> <span class='ocrx_word' id='word_1_578' title='bbox 2469 2192 2599 2233; x_wconf 84' lang='lat' dir='ltr'><strong>vasa</strong></span> <span class='ocrx_word' id='word_1_579' title='bbox 2629 2177 2714 2232; x_wconf 93' lang='lat' dir='ltr'><strong>vel</strong></span> <span class='ocrx_word' id='word_1_580' title='bbox 2757 2185 3078 2232; x_wconf 87' lang='lat' dir='ltr'><strong>ornamenta</strong></span> <span class='ocrx_word' id='word_1_581' title='bbox 3106 2175 3315 2233; x_wconf 90' lang='lat' dir='ltr'><strong>faciens</strong></span> <span class='ocrx_word' id='word_1_582' title='bbox 3363 2185 3528 2246; x_wconf 90' lang='lat' dir='ltr'><strong>atque</strong></span> 
     </span>
    </p>
   </div>
   <div class='ocr_carea' id='block_1_81' title="bbox 1923 2269 3525 2342">
    <p class='ocr_par' dir='ltr' id='par_1_81' title="bbox 1923 2269 3525 2342">
     <span class='ocr_line' id='line_1_81' title="bbox 1923 2269 3525 2342; baseline -0.002 -16"><span class='ocrx_word' id='word_1_583' title='bbox 1923 2271 1980 2327; x_wconf 90' lang='lat' dir='ltr'><strong>in</strong></span> <span class='ocrx_word' id='word_1_584' title='bbox 2007 2269 2206 2340; x_wconf 87' lang='lat' dir='ltr'><strong>templo</strong></span> <span class='ocrx_word' id='word_1_585' title='bbox 2237 2284 2504 2340; x_wconf 87' lang='lat' dir='ltr'><strong>reponens</strong></span> <span class='ocrx_word' id='word_1_586' title='bbox 2524 2310 2539 2336; x_wconf 98' lang='lat'><strong>,</strong></span> <span class='ocrx_word' id='word_1_587' title='bbox 2571 2269 2840 2325; x_wconf 89' lang='lat' dir='ltr'><strong>dedicavit</strong></span> <span class='ocrx_word' id='word_1_588' title='bbox 2870 2286 2934 2326; x_wconf 90' lang='lat' dir='ltr'><strong>ea</strong></span> <span class='ocrx_word' id='word_1_589' title='bbox 2963 2269 3124 2325; x_wconf 90' lang='lat' dir='ltr'><strong>simul</strong></span> <span class='ocrx_word' id='word_1_590' title='bbox 3153 2285 3276 2325; x_wconf 90' lang='lat' dir='ltr'><strong>cum</strong></span> <span class='ocrx_word' id='word_1_591' title='bbox 3304 2269 3525 2342; x_wconf 91' lang='lat' dir='ltr'><strong>templo.</strong></span> 
     </span>
    </p>
   </div>
   <div class='ocr_carea' id='block_1_82' title="bbox 1923 2360 3527 2432">
    <p class='ocr_par' dir='ltr' id='par_1_82' title="bbox 1923 2360 3527 2432">
     <span class='ocr_line' id='line_1_82' title="bbox 1923 2360 3527 2432; baseline 0 -16"><span class='ocrx_word' id='word_1_592' title='bbox 1923 2360 2078 2429; x_wconf 84' lang='lat' dir='ltr'><strong>Quod</strong></span> <span class='ocrx_word' id='word_1_593' title='bbox 2121 2360 2428 2432; x_wconf 90' lang='lat' dir='ltr'><strong>puriﬁcavit</strong></span> <span class='ocrx_word' id='word_1_594' title='bbox 2474 2371 2530 2416; x_wconf 91' lang='lat' dir='ltr'><strong>et</strong></span> <span class='ocrx_word' id='word_1_595' title='bbox 2573 2362 2859 2417; x_wconf 82' lang='lat' dir='ltr'><strong>renovavit</strong></span> <span class='ocrx_word' id='word_1_596' title='bbox 2902 2363 3161 2418; x_wconf 90' lang='lat' dir='ltr'><strong>vicesima</strong></span> <span class='ocrx_word' id='word_1_597' title='bbox 3203 2364 3393 2432; x_wconf 90' lang='lat' dir='ltr'><strong>quinta</strong></span> <span class='ocrx_word' id='word_1_598' title='bbox 3439 2363 3527 2417; x_wconf 90' lang='lat' dir='ltr'><strong>die</strong></span> 
     </span>
    </p>
   </div>
   <div class='ocr_carea' id='block_1_83' title="bbox 1923 2453 3530 2525">
    <p class='ocr_par' dir='ltr' id='par_1_83' title="bbox 1923 2453 3530 2525">
     <span class='ocr_line' id='line_1_83' title="bbox 1923 2453 3530 2525; baseline 0 -16"><span class='ocrx_word' id='word_1_599' title='bbox 1923 2454 2127 2510; x_wconf 89' lang='lat' dir='ltr'><strong>mensis</strong></span> <span class='ocrx_word' id='word_1_600' title='bbox 2154 2453 2300 2518; x_wconf 90' lang='lat' dir='ltr'><strong>noni,</strong></span> <span class='ocrx_word' id='word_1_601' title='bbox 2331 2453 2424 2523; x_wconf 91' lang='lat' dir='ltr'><strong>qui</strong></span> <span class='ocrx_word' id='word_1_602' title='bbox 2470 2453 2612 2522; x_wconf 89' lang='lat' dir='ltr'><strong>apud</strong></span> <span class='ocrx_word' id='word_1_603' title='bbox 2643 2469 2744 2509; x_wconf 92' lang='lat' dir='ltr'><strong>nos</strong></span> <span class='ocrx_word' id='word_1_604' title='bbox 2777 2453 3074 2525; x_wconf 90' lang='lat' dir='ltr'><strong>appellatur</strong></span> <span class='ocrx_word' id='word_1_605' title='bbox 3100 2455 3417 2520; x_wconf 86' lang='lat' dir='ltr'><strong>December,</strong></span> <span class='ocrx_word' id='word_1_606' title='bbox 3472 2463 3530 2509; x_wconf 91' lang='lat' dir='ltr'><strong>et</strong></span> 
     </span>
    </p>
   </div>
   <div class='ocr_carea' id='block_1_84' title="bbox 1924 2543 3524 2614">
    <p class='ocr_par' dir='ltr' id='par_1_84' title="bbox 1924 2543 3524 2614">
     <span class='ocr_line' id='line_1_84' title="bbox 1924 2543 3524 2614; baseline -0.001 -13"><span class='ocrx_word' id='word_1_607' title='bbox 1924 2545 1991 2601; x_wconf 89' lang='lat' dir='ltr'><strong>ad</strong></span> <span class='ocrx_word' id='word_1_608' title='bbox 2021 2544 2256 2600; x_wconf 88' lang='lat' dir='ltr'><strong>hiemem</strong></span> <span class='ocrx_word' id='word_1_609' title='bbox 2286 2543 2558 2614; x_wconf 88' lang='lat' dir='ltr'><strong>pertinere</strong></span> <span class='ocrx_word' id='word_1_610' title='bbox 2593 2543 2726 2598; x_wconf 76' lang='lat' dir='ltr'><strong>nulli</strong></span> <span class='ocrx_word' id='word_1_611' title='bbox 2758 2544 2979 2600; x_wconf 89' lang='lat' dir='ltr'><strong>dubium</strong></span> <span class='ocrx_word' id='word_1_612' title='bbox 3017 2553 3250 2602; x_wconf 87' lang='lat' dir='ltr'><strong>constat.</strong></span> <span class='ocrx_word' id='word_1_613' title='bbox 3292 2543 3524 2600; x_wconf 90' lang='lat' dir='ltr'><strong>Statuit-</strong></span> 
     </span>
    </p>
   </div>
   <div class='ocr_carea' id='block_1_85' title="bbox 1925 2636 3530 2707">
    <p class='ocr_par' dir='ltr' id='par_1_85' title="bbox 1925 2636 3530 2707">
     <span class='ocr_line' id='line_1_85' title="bbox 1925 2636 3530 2707; baseline 0 -16"><span class='ocrx_word' id='word_1_614' title='bbox 1925 2651 2030 2707; x_wconf 88' lang='lat' dir='ltr'><strong>quc</strong></span> <span class='ocrx_word' id='word_1_615' title='bbox 2060 2637 2361 2701; x_wconf 90' lang='lat' dir='ltr'><strong>decretum,</strong></span> <span class='ocrx_word' id='word_1_616' title='bbox 2410 2644 2470 2690; x_wconf 90' lang='lat' dir='ltr'><strong>ut</strong></span> <span class='ocrx_word' id='word_1_617' title='bbox 2497 2636 2869 2706; x_wconf 63' lang='lat' dir='ltr'><strong>praediximus,</strong></span> <span class='ocrx_word' id='word_1_618' title='bbox 2900 2637 3151 2692; x_wconf 89' lang='lat' dir='ltr'><strong>omnibus</strong></span> <span class='ocrx_word' id='word_1_619' title='bbox 3199 2636 3356 2692; x_wconf 90' lang='lat' dir='ltr'><strong>annis</strong></span> <span class='ocrx_word' id='word_1_620' title='bbox 3384 2637 3530 2692; x_wconf 87' lang='lat' dir='ltr'><strong>diem</strong></span> 
     </span>
    </p>
   </div>
   <div class='ocr_carea' id='block_1_86' title="bbox 1924 2719 3530 2796">
    <p class='ocr_par' dir='ltr' id='par_1_86' title="bbox 1924 2719 3530 2796">
     <span class='ocr_line' id='line_1_86' title="bbox 1924 2719 3530 2796; baseline -0.001 -9"><span class='ocrx_word' id='word_1_621' title='bbox 1924 2719 2334 2796; x_wconf 66' lang='lat' dir='ltr'><strong>Encaeniorum,</strong></span> <span class='ocrx_word' id='word_1_622' title='bbox 2394 2729 2448 2784; x_wconf 92' lang='lat' dir='ltr'><strong>id</strong></span> <span class='ocrx_word' id='word_1_623' title='bbox 2481 2737 2597 2795; x_wconf 91' lang='lat' dir='ltr'><strong>est,</strong></span> <span class='ocrx_word' id='word_1_624' title='bbox 2648 2729 3016 2785; x_wconf 88' lang='lat' dir='ltr'><strong>iunovationis</strong></span> <span class='ocrx_word' id='word_1_625' title='bbox 3064 2739 3121 2784; x_wconf 88' lang='lat' dir='ltr'><strong>et</strong></span> <span class='ocrx_word' id='word_1_626' title='bbox 3171 2729 3530 2786; x_wconf 86' lang='lat' dir='ltr'><strong>dedicationis</strong></span> 
     </span>
    </p>
   </div>
   <div class='ocr_carea' id='block_1_87' title="bbox 1926 2825 3531 2896">
    <p class='ocr_par' dir='ltr' id='par_1_87' title="bbox 1926 2825 3531 2896">
     <span class='ocr_line' id='line_1_87' title="bbox 1926 2825 3531 2896; baseline 0 -14"><span class='ocrx_word' id='word_1_627' title='bbox 1926 2825 2148 2896; x_wconf 88' lang='lat' dir='ltr'><strong>templi,</strong></span> <span class='ocrx_word' id='word_1_628' title='bbox 2193 2825 2334 2882; x_wconf 89' lang='lat' dir='ltr'><strong>festa</strong></span> <span class='ocrx_word' id='word_1_629' title='bbox 2364 2825 2648 2882; x_wconf 86' lang='lat' dir='ltr'><strong>devotione</strong></span> <span class='ocrx_word' id='word_1_630' title='bbox 2689 2825 2987 2893; x_wconf 86' lang='lat' dir='ltr'><strong>celebrari,</strong></span> <span class='ocrx_word' id='word_1_631' title='bbox 3035 2825 3178 2882; x_wconf 91' lang='lat' dir='ltr'><strong>sicut</strong></span> <span class='ocrx_word' id='word_1_632' title='bbox 3222 2825 3376 2883; x_wconf 90' lang='lat' dir='ltr'><strong>locus</strong></span> <span class='ocrx_word' id='word_1_633' title='bbox 3427 2827 3531 2883; x_wconf 89' lang='lat' dir='ltr'><strong>iste</strong></span> 
     </span>
    </p>
   </div>
   <div class='ocr_carea' id='block_1_88' title="bbox 1927 2926 2344 2974">
    <p class='ocr_par' dir='ltr' id='par_1_88' title="bbox 1927 2926 2344 2974">
     <span class='ocr_line' id='line_1_88' title="bbox 1927 2926 2344 2974; baseline 0.002 -2"><span class='ocrx_word' id='word_1_634' title='bbox 1927 2934 2072 2973; x_wconf 89' lang='lat' dir='ltr'><strong>nunc</strong></span> <span class='ocrx_word' id='word_1_635' title='bbox 2098 2926 2344 2974; x_wconf 89' lang='lat' dir='ltr'><strong>testatur.</strong></span> 
     </span>
    </p>
   </div>
   <div class='ocr_carea' id='block_1_89' title="bbox 2001 3008 3529 3084">
    <p class='ocr_par' dir='ltr' id='par_1_89' title="bbox 2001 3008 3529 3084">
     <span class='ocr_line' id='line_1_89' title="bbox 2001 3008 3529 3084; baseline 0.001 -22"><span class='ocrx_word' id='word_1_636' title='bbox 2001 3008 2132 3077; x_wconf 79' lang='lat' dir='ltr'><strong>Quae</strong></span> <span class='ocrx_word' id='word_1_637' title='bbox 2157 3008 2401 3078; x_wconf 90' lang='lat' dir='ltr'><strong>profecto</strong></span> <span class='ocrx_word' id='word_1_638' title='bbox 2425 3008 2632 3075; x_wconf 89' lang='lat' dir='ltr'><strong>omnia,</strong></span> <span class='ocrx_word' id='word_1_639' title='bbox 2658 3008 2799 3065; x_wconf 92' lang='lat' dir='ltr'><strong>sicut</strong></span> <span class='ocrx_word' id='word_1_640' title='bbox 2822 3008 3114 3080; x_wconf 84' lang='lat' dir='ltr'><strong>Apostolus</strong></span> <span class='ocrx_word' id='word_1_641' title='bbox 3139 3009 3298 3066; x_wconf 90' lang='lat' dir='ltr'><strong>docet</strong></span> <span class='ocrx_word' id='word_1_642' title='bbox 3325 3008 3378 3084; x_wconf 88' lang='grc' dir='ltr'><strong>(ι</strong></span> <span class='ocrx_word' id='word_1_643' title='bbox 3402 3008 3529 3065; x_wconf 87' lang='lat' dir='ltr'><strong>Cor.</strong></span> 
     </span>
    </p>
   </div>
   <div class='ocr_carea' id='block_1_90' title="bbox 1930 3099 3534 3174">
    <p class='ocr_par' dir='ltr' id='par_1_90' title="bbox 1930 3099 3534 3174">
     <span class='ocr_line' id='line_1_90' title="bbox 1930 3099 3534 3174; baseline 0.002 -18"><span class='ocrx_word' id='word_1_644' title='bbox 1930 3100 2011 3173; x_wconf 72' lang='grc' dir='ltr'><strong>χ),</strong></span> <span class='ocrx_word' id='word_1_645' title='bbox 2044 3101 2099 3155; x_wconf 90' lang='lat' dir='ltr'><strong>in</strong></span> <span class='ocrx_word' id='word_1_646' title='bbox 2124 3100 2294 3171; x_wconf 87' lang='lat' dir='ltr'><strong>ﬁgura</strong></span> <span class='ocrx_word' id='word_1_647' title='bbox 2320 3099 2462 3156; x_wconf 85' lang='lat' dir='ltr'><strong>facta</strong></span> <span class='ocrx_word' id='word_1_648' title='bbox 2493 3109 2618 3156; x_wconf 91' lang='lat' dir='ltr'><strong>sunt</strong></span> <span class='ocrx_word' id='word_1_649' title='bbox 2646 3102 2854 3170; x_wconf 90' lang='lat' dir='ltr'><strong>nostri,</strong></span> <span class='ocrx_word' id='word_1_650' title='bbox 2886 3111 2942 3158; x_wconf 89' lang='lat' dir='ltr'><strong>et</strong></span> <span class='ocrx_word' id='word_1_651' title='bbox 2969 3111 3192 3174; x_wconf 91' lang='lat' dir='ltr'><strong>propter</strong></span> <span class='ocrx_word' id='word_1_652' title='bbox 3218 3119 3319 3160; x_wconf 91' lang='lat' dir='ltr'><strong>nos</strong></span> <span class='ocrx_word' id='word_1_653' title='bbox 3344 3103 3534 3174; x_wconf 87' lang='lat' dir='ltr'><strong>utique</strong></span> 
     </span>
    </p>
   </div>
   <div class='ocr_carea' id='block_1_91' title="bbox 1933 3193 3532 3266">
    <p class='ocr_par' dir='ltr' id='par_1_91' title="bbox 1933 3193 3532 3266">
     <span class='ocr_line' id='line_1_91' title="bbox 1933 3193 3532 3266; baseline 0 -16"><span class='ocrx_word' id='word_1_654' title='bbox 1933 3193 2160 3264; x_wconf 87' lang='lat' dir='ltr'><strong>scripta,</strong></span> <span class='ocrx_word' id='word_1_655' title='bbox 2204 3193 2420 3262; x_wconf 90' lang='lat' dir='ltr'><strong>imoque</strong></span> <span class='ocrx_word' id='word_1_656' title='bbox 2444 3193 2600 3248; x_wconf 87' lang='lat' dir='ltr'><strong>nobis</strong></span> <span class='ocrx_word' id='word_1_657' title='bbox 2634 3194 2886 3250; x_wconf 91' lang='lat' dir='ltr'><strong>solertius</strong></span> <span class='ocrx_word' id='word_1_658' title='bbox 2925 3195 3154 3266; x_wconf 89' lang='lat' dir='ltr'><strong>spiritali</strong></span> <span class='ocrx_word' id='word_1_659' title='bbox 3182 3195 3390 3250; x_wconf 88' lang='lat' dir='ltr'><strong>ratione</strong></span> <span class='ocrx_word' id='word_1_660' title='bbox 3420 3195 3532 3250; x_wconf 92' lang='lat' dir='ltr'><strong>dis-</strong></span> 
     </span>
    </p>
   </div>
   <div class='ocr_carea' id='block_1_92' title="bbox 1931 3285 3543 3361">
    <p class='ocr_par' dir='ltr' id='par_1_92' title="bbox 1931 3285 3543 3361">
     <span class='ocr_line' id='line_1_92' title="bbox 1931 3285 3543 3361; baseline 0 -19"><span class='ocrx_word' id='word_1_661' title='bbox 1931 3287 2202 3342; x_wconf 87' lang='lat' dir='ltr'><strong>cutienda.</strong></span> <span class='ocrx_word' id='word_1_662' title='bbox 2253 3285 2507 3342; x_wconf 89' lang='lat' dir='ltr'><strong>Salomon</strong></span> <span class='ocrx_word' id='word_1_663' title='bbox 2539 3287 2737 3358; x_wconf 90' lang='lat' dir='ltr'><strong>quippe</strong></span> <span class='ocrx_word' id='word_1_664' title='bbox 2765 3303 2886 3355; x_wconf 87' lang='lat' dir='ltr'><strong>rex,</strong></span> <span class='ocrx_word' id='word_1_665' title='bbox 2917 3289 3009 3358; x_wconf 87' lang='lat' dir='ltr'><strong>qui</strong></span> <span class='ocrx_word' id='word_1_666' title='bbox 3033 3288 3422 3361; x_wconf 88' lang='lat' dir='ltr'><strong>interpretatur</strong></span> <span class='ocrx_word' id='word_1_667' title='bbox 3448 3305 3543 3357; x_wconf 87' lang='lat' dir='ltr'><strong>pa-</strong></span> 
     </span>
    </p>
   </div>
   <div class='ocr_carea' id='block_1_93' title="bbox 1933 3378 3539 3453">
    <p class='ocr_par' dir='ltr' id='par_1_93' title="bbox 1933 3378 3539 3453">
     <span class='ocr_line' id='line_1_93' title="bbox 1933 3378 3539 3453; baseline 0.001 -21"><span class='ocrx_word' id='word_1_668' title='bbox 1933 3378 2147 3448; x_wconf 81' lang='lat' dir='ltr'><strong>ciﬁcus,</strong></span> <span class='ocrx_word' id='word_1_669' title='bbox 2194 3378 2371 3447; x_wconf 85' lang='lat' dir='ltr'><strong>ipsum</strong></span> <span class='ocrx_word' id='word_1_670' title='bbox 2413 3378 2835 3449; x_wconf 81' lang='lat' dir='ltr'><strong>Rcdemptorem</strong></span> <span class='ocrx_word' id='word_1_671' title='bbox 2890 3387 3137 3435; x_wconf 89' lang='lat' dir='ltr'><strong>nostrum</strong></span> <span class='ocrx_word' id='word_1_672' title='bbox 3170 3381 3349 3453; x_wconf 88' lang='lat' dir='ltr'><strong>typice</strong></span> <span class='ocrx_word' id='word_1_673' title='bbox 3395 3380 3539 3436; x_wconf 81' lang='lat' dir='ltr'><strong>desi-</strong></span> 
     </span>
    </p>
   </div>
   <div class='ocr_carea' id='block_1_94' title="bbox 1935 3471 3542 3547">
    <p class='ocr_par' dir='ltr' id='par_1_94' title="bbox 1935 3471 3542 3547">
     <span class='ocr_line' id='line_1_94' title="bbox 1935 3471 3542 3547; baseline 0.003 -23"><span class='ocrx_word' id='word_1_674' title='bbox 1935 3478 2094 3543; x_wconf 88' lang='lat' dir='ltr'><strong>gnat;</strong></span> <span class='ocrx_word' id='word_1_675' title='bbox 2142 3471 2340 3541; x_wconf 89' lang='lat' dir='ltr'><strong>dequo</strong></span> <span class='ocrx_word' id='word_1_676' title='bbox 2375 3471 2542 3527; x_wconf 83' lang='lat' dir='ltr'><strong>Isaias</strong></span> <span class='ocrx_word' id='word_1_677' title='bbox 2570 3473 2678 3528; x_wconf 88' lang='lat' dir='ltr'><strong>ait:</strong></span> <span class='ocrx_word' id='word_1_678' title='bbox 2729 3472 3175 3544; x_wconf 81' lang='lat' dir='ltr'><strong>Multiplicabitur</strong></span> <span class='ocrx_word' id='word_1_679' title='bbox 3216 3475 3332 3547; x_wconf 87' lang='lat' dir='ltr'><strong>ejus</strong></span> <span class='ocrx_word' id='word_1_680' title='bbox 3375 3476 3542 3546; x_wconf 84' lang='lat' dir='ltr'><strong>impe-</strong></span> 
     </span>
    </p>
   </div>
   <div class='ocr_carea' id='block_1_95' title="bbox 1934 3564 3543 3640">
    <p class='ocr_par' dir='ltr' id='par_1_95' title="bbox 1934 3564 3543 3640">
     <span class='ocr_line' id='line_1_95' title="bbox 1934 3564 3543 3640; baseline 0.002 -22"><span class='ocrx_word' id='word_1_681' title='bbox 1934 3565 2092 3628; x_wconf 83' lang='lat' dir='ltr'><strong>rium,</strong></span> <span class='ocrx_word' id='word_1_682' title='bbox 2116 3571 2164 3617; x_wconf 89' lang='lat' dir='ltr'><strong>et</strong></span> <span class='ocrx_word' id='word_1_683' title='bbox 2184 3564 2328 3634; x_wconf 90' lang='lat' dir='ltr'><strong>pacis</strong></span> <span class='ocrx_word' id='word_1_684' title='bbox 2351 3581 2455 3620; x_wconf 86' lang='lat' dir='ltr'><strong>non</strong></span> <span class='ocrx_word' id='word_1_685' title='bbox 2483 3566 2582 3621; x_wconf 87' lang='lat' dir='ltr'><strong>erit</strong></span> <span class='ocrx_word' id='word_1_686' title='bbox 2605 3566 2747 3635; x_wconf 81' lang='lat' dir='ltr'><strong>ﬁnis.</strong></span> <span class='ocrx_word' id='word_1_687' title='bbox 2778 3566 3057 3639; x_wconf 89' lang='lat' dir='ltr'><strong>Templum</strong></span> <span class='ocrx_word' id='word_1_688' title='bbox 3085 3569 3226 3640; x_wconf 91' lang='lat' dir='ltr'><strong>quod</strong></span> <span class='ocrx_word' id='word_1_689' title='bbox 3252 3568 3543 3627; x_wconf 63' lang='lat' dir='ltr'><strong>aediﬁcavit</strong></span> 
     </span>
    </p>
   </div>
   <div class='ocr_carea' id='block_1_96' title="bbox 1935 3656 3537 3732">
    <p class='ocr_par' dir='ltr' id='par_1_96' title="bbox 1935 3656 3537 3732">
     <span class='ocr_line' id='line_1_96' title="bbox 1935 3656 3537 3732; baseline 0.003 -20"><span class='ocrx_word' id='word_1_690' title='bbox 1935 3656 2199 3712; x_wconf 88' lang='lat' dir='ltr'><strong>catholica</strong></span> <span class='ocrx_word' id='word_1_691' title='bbox 2231 3657 2349 3728; x_wconf 91' lang='lat' dir='ltr'><strong>ejus</strong></span> <span class='ocrx_word' id='word_1_692' title='bbox 2375 3657 2618 3715; x_wconf 87' lang='lat' dir='ltr'><strong>Ecclesia</strong></span> <span class='ocrx_word' id='word_1_693' title='bbox 2669 3667 2790 3726; x_wconf 90' lang='lat' dir='ltr'><strong>est,</strong></span> <span class='ocrx_word' id='word_1_694' title='bbox 2833 3674 2996 3730; x_wconf 85' lang='lat' dir='ltr'><strong>quam</strong></span> <span class='ocrx_word' id='word_1_695' title='bbox 3037 3661 3104 3714; x_wconf 89' lang='lat' dir='ltr'><strong>de</strong></span> <span class='ocrx_word' id='word_1_696' title='bbox 3141 3661 3413 3718; x_wconf 90' lang='lat' dir='ltr'><strong>universis</strong></span> <span class='ocrx_word' id='word_1_697' title='bbox 3438 3677 3537 3732; x_wconf 91' lang='lat' dir='ltr'><strong>per</strong></span> 
     </span>
    </p>
   </div>
   <div class='ocr_carea' id='block_1_97' title="bbox 1933 3749 3539 3824">
    <p class='ocr_par' dir='ltr' id='par_1_97' title="bbox 1933 3749 3539 3824">
     <span class='ocr_line' id='line_1_97' title="bbox 1933 3749 3539 3824; baseline 0.003 -19"><span class='ocrx_word' id='word_1_698' title='bbox 1933 3749 2122 3806; x_wconf 90' lang='lat' dir='ltr'><strong>orbem</strong></span> <span class='ocrx_word' id='word_1_699' title='bbox 2152 3750 2520 3818; x_wconf 89' lang='lat' dir='ltr'><strong>credentibus,</strong></span> <span class='ocrx_word' id='word_1_700' title='bbox 2547 3752 2702 3822; x_wconf 90' lang='lat' dir='ltr'><strong>quasi</strong></span> <span class='ocrx_word' id='word_1_701' title='bbox 2726 3753 2792 3808; x_wconf 91' lang='lat' dir='ltr'><strong>de</strong></span> <span class='ocrx_word' id='word_1_702' title='bbox 2816 3753 2956 3810; x_wconf 90' lang='lat' dir='ltr'><strong>vivis</strong></span> <span class='ocrx_word' id='word_1_703' title='bbox 2975 3753 3264 3824; x_wconf 89' lang='lat' dir='ltr'><strong>lapidibus,</strong></span> <span class='ocrx_word' id='word_1_704' title='bbox 3292 3755 3348 3810; x_wconf 92' lang='lat' dir='ltr'><strong>in</strong></span> <span class='ocrx_word' id='word_1_705' title='bbox 3374 3771 3539 3810; x_wconf 86' lang='lat' dir='ltr'><strong>unam</strong></span> 
     </span>
    </p>
   </div>
   <div class='ocr_carea' id='block_1_98' title="bbox 1936 3842 3541 3920">
    <p class='ocr_par' dir='ltr' id='par_1_98' title="bbox 1936 3842 3541 3920">
     <span class='ocr_line' id='line_1_98' title="bbox 1936 3842 3541 3920; baseline 0.004 -23"><span class='ocrx_word' id='word_1_706' title='bbox 1936 3857 2047 3898; x_wconf 75' lang='lat' dir='ltr'><strong>sua:</strong></span> <span class='ocrx_word' id='word_1_707' title='bbox 2090 3842 2215 3898; x_wconf 87' lang='lat' dir='ltr'><strong>ﬁdei</strong></span> <span class='ocrx_word' id='word_1_708' title='bbox 2267 3850 2322 3898; x_wconf 93' lang='lat' dir='ltr'><strong>et</strong></span> <span class='ocrx_word' id='word_1_709' title='bbox 2359 3843 2645 3900; x_wconf 89' lang='lat' dir='ltr'><strong>charitatis</strong></span> <span class='ocrx_word' id='word_1_710' title='bbox 2688 3860 3006 3918; x_wconf 89' lang='lat' dir='ltr'><strong>compagem</strong></span> <span class='ocrx_word' id='word_1_711' title='bbox 3054 3856 3327 3920; x_wconf 79' lang='lat' dir='ltr'><strong>aggregat.</strong></span> <span class='ocrx_word' id='word_1_712' title='bbox 3384 3849 3541 3916; x_wconf 86' lang='lat' dir='ltr'><strong>Quod</strong></span> 
     </span>
    </p>
   </div>
   <div class='ocr_carea' id='block_1_99' title="bbox 1935 3937 3537 4013">
    <p class='ocr_par' dir='ltr' id='par_1_99' title="bbox 1935 3937 3537 4013">
     <span class='ocr_line' id='line_1_99' title="bbox 1935 3937 3537 4013; baseline 0.003 -23"><span class='ocrx_word' id='word_1_713' title='bbox 1935 3942 2117 3992; x_wconf 90' lang='lat' dir='ltr'><strong>autem</strong></span> <span class='ocrx_word' id='word_1_714' title='bbox 2145 3943 2353 4007; x_wconf 91' lang='lat' dir='ltr'><strong>septem</strong></span> <span class='ocrx_word' id='word_1_715' title='bbox 2382 3937 2540 3992; x_wconf 91' lang='lat' dir='ltr'><strong>annis</strong></span> <span class='ocrx_word' id='word_1_716' title='bbox 2574 3937 2904 3994; x_wconf 63' lang='lat' dir='ltr'><strong>aediﬁcatum</strong></span> <span class='ocrx_word' id='word_1_717' title='bbox 2930 3948 3014 3995; x_wconf 90' lang='lat' dir='ltr'><strong>est</strong></span> <span class='ocrx_word' id='word_1_718' title='bbox 3049 3939 3330 4009; x_wconf 88' lang='lat' dir='ltr'><strong>templum,</strong></span> <span class='ocrx_word' id='word_1_719' title='bbox 3361 3940 3537 4013; x_wconf 85' lang='lat' dir='ltr'><strong>signi-</strong></span> 
     </span>
    </p>
   </div>
   <div class='ocr_carea' id='block_1_100' title="bbox 1937 4031 3548 4106">
    <p class='ocr_par' dir='ltr' id='par_1_100' title="bbox 1937 4031 3548 4106">
     <span class='ocr_line' id='line_1_100' title="bbox 1937 4031 3548 4106; baseline 0.003 -18"><span class='ocrx_word' id='word_1_720' title='bbox 1937 4031 2067 4088; x_wconf 90' lang='lat' dir='ltr'><strong>ﬁcat</strong></span> <span class='ocrx_word' id='word_1_721' title='bbox 2114 4032 2242 4102; x_wconf 88' lang='lat' dir='ltr'><strong>quia</strong></span> <span class='ocrx_word' id='word_1_722' title='bbox 2271 4047 2369 4102; x_wconf 91' lang='lat' dir='ltr'><strong>per</strong></span> <span class='ocrx_word' id='word_1_723' title='bbox 2397 4041 2567 4087; x_wconf 90' lang='lat' dir='ltr'><strong>totum</strong></span> <span class='ocrx_word' id='word_1_724' title='bbox 2595 4033 2757 4105; x_wconf 91' lang='lat' dir='ltr'><strong>hujus</strong></span> <span class='ocrx_word' id='word_1_725' title='bbox 2806 4033 2986 4091; x_wconf 60' lang='lat' dir='ltr'><strong>saeculi</strong></span> <span class='ocrx_word' id='word_1_726' title='bbox 3021 4042 3254 4106; x_wconf 90' lang='lat' dir='ltr'><strong>tempus,</strong></span> <span class='ocrx_word' id='word_1_727' title='bbox 3287 4037 3434 4106; x_wconf 88' lang='lat' dir='ltr'><strong>quod</strong></span> <span class='ocrx_word' id='word_1_728' title='bbox 3459 4051 3548 4093; x_wconf 80' lang='lat' dir='ltr'><strong>se-</strong></span> 
     </span>
    </p>
   </div>
   <div class='ocr_carea' id='block_1_101' title="bbox 1935 4125 3546 4196">
    <p class='ocr_par' dir='ltr' id='par_1_101' title="bbox 1935 4125 3546 4196">
     <span class='ocr_line' id='line_1_101' title="bbox 1935 4125 3546 4196; baseline 0.004 -16"><span class='ocrx_word' id='word_1_729' title='bbox 1935 4133 2086 4196; x_wconf 90' lang='lat' dir='ltr'><strong>ptem</strong></span> <span class='ocrx_word' id='word_1_730' title='bbox 2134 4125 2323 4181; x_wconf 92' lang='lat' dir='ltr'><strong>diebus</strong></span> <span class='ocrx_word' id='word_1_731' title='bbox 2363 4125 2664 4194; x_wconf 89' lang='lat' dir='ltr'><strong>evolvitur,</strong></span> <span class='ocrx_word' id='word_1_732' title='bbox 2719 4135 2922 4183; x_wconf 83' lang='lat' dir='ltr'><strong>sanctae</strong></span> <span class='ocrx_word' id='word_1_733' title='bbox 2972 4134 3245 4184; x_wconf 88' lang='lat' dir='ltr'><strong>structura</strong></span> <span class='ocrx_word' id='word_1_734' title='bbox 3286 4129 3546 4187; x_wconf 68' lang='lat' dir='ltr'><strong>Ecclesiae</strong></span> 
     </span>
    </p>
   </div>
   <div class='ocr_carea' id='block_1_102' title="bbox 1938 4217 3544 4287">
    <p class='ocr_par' dir='ltr' id='par_1_102' title="bbox 1938 4217 3544 4287">
     <span class='ocr_line' id='line_1_102' title="bbox 1938 4217 3544 4287; baseline 0.002 -16"><span class='ocrx_word' id='word_1_735' title='bbox 1938 4231 2216 4287; x_wconf 88' lang='lat' dir='ltr'><strong>nunquam</strong></span> <span class='ocrx_word' id='word_1_736' title='bbox 2262 4231 2510 4272; x_wconf 87' lang='lat' dir='ltr'><strong>crescere</strong></span> <span class='ocrx_word' id='word_1_737' title='bbox 2548 4217 2764 4272; x_wconf 88' lang='lat' dir='ltr'><strong>desinit.</strong></span> <span class='ocrx_word' id='word_1_738' title='bbox 2817 4218 2970 4284; x_wconf 94' lang='lat' dir='ltr'><strong>Quod</strong></span> <span class='ocrx_word' id='word_1_739' title='bbox 2996 4228 3190 4274; x_wconf 90' lang='lat' dir='ltr'><strong>octavo</strong></span> <span class='ocrx_word' id='word_1_740' title='bbox 3215 4236 3358 4275; x_wconf 88' lang='lat' dir='ltr'><strong>anno</strong></span> <span class='ocrx_word' id='word_1_741' title='bbox 3389 4221 3544 4275; x_wconf 87' lang='lat' dir='ltr'><strong>dedi-</strong></span> 
     </span>
    </p>
   </div>
   <div class='ocr_carea' id='block_1_103' title="bbox 1941 4311 3548 4378">
    <p class='ocr_par' dir='ltr' id='par_1_103' title="bbox 1941 4311 3548 4378">
     <span class='ocr_line' id='line_1_103' title="bbox 1941 4311 3548 4378; baseline 0.003 -12"><span class='ocrx_word' id='word_1_742' title='bbox 1941 4319 2120 4368; x_wconf 91' lang='lat' dir='ltr'><strong>catum</strong></span> <span class='ocrx_word' id='word_1_743' title='bbox 2142 4319 2248 4378; x_wconf 92' lang='lat' dir='ltr'><strong>est,</strong></span> <span class='ocrx_word' id='word_1_744' title='bbox 2276 4319 2332 4367; x_wconf 91' lang='lat' dir='ltr'><strong>et</strong></span> <span class='ocrx_word' id='word_1_745' title='bbox 2359 4311 2714 4368; x_wconf 89' lang='lat' dir='ltr'><strong>celeberrima</strong></span> <span class='ocrx_word' id='word_1_746' title='bbox 2762 4311 2853 4366; x_wconf 91' lang='lat' dir='ltr'><strong>illa</strong></span> <span class='ocrx_word' id='word_1_747' title='bbox 2875 4328 2939 4368; x_wconf 89' lang='lat' dir='ltr'><strong>ac</strong></span> <span class='ocrx_word' id='word_1_748' title='bbox 2964 4313 3200 4368; x_wconf 86' lang='lat' dir='ltr'><strong>maxima</strong></span> <span class='ocrx_word' id='word_1_749' title='bbox 3230 4313 3548 4371; x_wconf 87' lang='lat' dir='ltr'><strong>solemnitas</strong></span> 
     </span>
    </p>
   </div>
   <div class='ocr_carea' id='block_1_104' title="bbox 1942 4404 3544 4478">
    <p class='ocr_par' dir='ltr' id='par_1_104' title="bbox 1942 4404 3544 4478">
     <span class='ocr_line' id='line_1_104' title="bbox 1942 4404 3544 4478; baseline 0.001 -16"><span class='ocrx_word' id='word_1_750' title='bbox 1942 4423 1975 4462; x_wconf 92' lang='lat' dir='ltr'><strong>a</strong></span> <span class='ocrx_word' id='word_1_751' title='bbox 1999 4404 2288 4463; x_wconf 90' lang='lat' dir='ltr'><strong>Salomone</strong></span> <span class='ocrx_word' id='word_1_752' title='bbox 2342 4421 2468 4478; x_wconf 87' lang='lat' dir='ltr'><strong>rege</strong></span> <span class='ocrx_word' id='word_1_753' title='bbox 2513 4407 2725 4462; x_wconf 89' lang='lat' dir='ltr'><strong>cunctis</strong></span> <span class='ocrx_word' id='word_1_754' title='bbox 2755 4406 2880 4462; x_wconf 91' lang='lat' dir='ltr'><strong>ﬁliis</strong></span> <span class='ocrx_word' id='word_1_755' title='bbox 2906 4406 3073 4462; x_wconf 89' lang='lat' dir='ltr'><strong>Israel</strong></span> <span class='ocrx_word' id='word_1_756' title='bbox 3123 4416 3364 4478; x_wconf 90' lang='lat' dir='ltr'><strong>tempore</strong></span> <span class='ocrx_word' id='word_1_757' title='bbox 3390 4424 3544 4464; x_wconf 86' lang='lat' dir='ltr'><strong>com-</strong></span> 
     </span>
    </p>
   </div>
   <div class='ocr_carea' id='block_1_105' title="bbox 1941 4498 3544 4574">
    <p class='ocr_par' dir='ltr' id='par_1_105' title="bbox 1941 4498 3544 4574">
     <span class='ocr_line' id='line_1_105' title="bbox 1941 4498 3544 4574; baseline 0.001 -21"><span class='ocrx_word' id='word_1_758' title='bbox 1941 4499 2099 4572; x_wconf 77' lang='lat' dir='ltr'><strong>plelae</strong></span> <span class='ocrx_word' id='word_1_759' title='bbox 2127 4498 2487 4556; x_wconf 91' lang='lat' dir='ltr'><strong>dedicationis</strong></span> <span class='ocrx_word' id='word_1_760' title='bbox 2528 4500 2770 4556; x_wconf 80' lang='lat' dir='ltr'><strong>exhibita</strong></span> <span class='ocrx_word' id='word_1_761' title='bbox 2791 4540 2807 4564; x_wconf 90' lang='lat'><strong>,</strong></span> <span class='ocrx_word' id='word_1_762' title='bbox 2859 4500 3100 4556; x_wconf 91' lang='lat' dir='ltr'><strong>insinuat</strong></span> <span class='ocrx_word' id='word_1_763' title='bbox 3139 4501 3366 4573; x_wconf 87' lang='lat' dir='ltr'><strong>mystice</strong></span> <span class='ocrx_word' id='word_1_764' title='bbox 3390 4501 3544 4574; x_wconf 85' lang='lat' dir='ltr'><strong>quia,</strong></span> 
     </span>
    </p>
   </div>
   <div class='ocr_carea' id='block_1_106' title="bbox 1867 4591 3539 4692">
    <p class='ocr_par' dir='ltr' id='par_1_106' title="bbox 1867 4591 3539 4692">
     <span class='ocr_line' id='line_1_106' title="bbox 1867 4591 3539 4692; baseline 0.003 -47"><span class='ocrx_word' id='word_1_765' title='bbox 1867 4629 1922 4692; x_wconf 69' lang='grc' dir='ltr'>Β</span> <span class='ocrx_word' id='word_1_766' title='bbox 1944 4591 2186 4665; x_wconf 91' lang='lat' dir='ltr'><strong>perfecto</strong></span> <span class='ocrx_word' id='word_1_767' title='bbox 2211 4592 2266 4648; x_wconf 91' lang='lat' dir='ltr'><strong>in</strong></span> <span class='ocrx_word' id='word_1_768' title='bbox 2297 4591 2404 4648; x_wconf 83' lang='lat' dir='ltr'><strong>ﬁne</strong></span> <span class='ocrx_word' id='word_1_769' title='bbox 2429 4592 2616 4648; x_wconf 92' lang='lat' dir='ltr'><strong>mundi</strong></span> <span class='ocrx_word' id='word_1_770' title='bbox 2656 4608 2884 4650; x_wconf 89' lang='lat' dir='ltr'><strong>numero</strong></span> <span class='ocrx_word' id='word_1_771' title='bbox 2926 4593 3244 4659; x_wconf 89' lang='lat' dir='ltr'><strong>electorum,</strong></span> <span class='ocrx_word' id='word_1_772' title='bbox 3271 4592 3365 4649; x_wconf 90' lang='lat' dir='ltr'><strong>diu</strong></span> <span class='ocrx_word' id='word_1_773' title='bbox 3399 4594 3539 4650; x_wconf 88' lang='lat' dir='ltr'><strong>desi-</strong></span> 
     </span>
    </p>
   </div>
   <div class='ocr_carea' id='block_1_107' title="bbox 1946 4685 3548 4757">
    <p class='ocr_par' dir='ltr' id='par_1_107' title="bbox 1946 4685 3548 4757">
     <span class='ocr_line' id='line_1_107' title="bbox 1946 4685 3548 4757; baseline 0.002 -16"><span class='ocrx_word' id='word_1_774' title='bbox 1946 4685 2149 4742; x_wconf 83' lang='lat' dir='ltr'><strong>deratae</strong></span> <span class='ocrx_word' id='word_1_775' title='bbox 2182 4685 2610 4741; x_wconf 90' lang='lat' dir='ltr'><strong>immortalitatis</strong></span> <span class='ocrx_word' id='word_1_776' title='bbox 2645 4701 2835 4743; x_wconf 90' lang='lat' dir='ltr'><strong>secura</strong></span> <span class='ocrx_word' id='word_1_777' title='bbox 2876 4685 3144 4743; x_wconf 88' lang='lat' dir='ltr'><strong>festivitas</strong></span> <span class='ocrx_word' id='word_1_778' title='bbox 3173 4686 3297 4753; x_wconf 92' lang='lat' dir='ltr'><strong>erit,</strong></span> <span class='ocrx_word' id='word_1_779' title='bbox 3326 4695 3382 4743; x_wconf 89' lang='lat' dir='ltr'><strong>et</strong></span> <span class='ocrx_word' id='word_1_780' title='bbox 3425 4702 3548 4757; x_wconf 90' lang='lat' dir='ltr'><strong>per-</strong></span> 
     </span>
    </p>
   </div>
   <div class='ocr_carea' id='block_1_108' title="bbox 1950 4777 3548 4846">
    <p class='ocr_par' dir='ltr' id='par_1_108' title="bbox 1950 4777 3548 4846">
     <span class='ocr_line' id='line_1_108' title="bbox 1950 4777 3548 4846; baseline 0.001 -11"><span class='ocrx_word' id='word_1_781' title='bbox 1950 4787 2073 4835; x_wconf 90' lang='lat' dir='ltr'><strong>acto</strong></span> <span class='ocrx_word' id='word_1_782' title='bbox 2099 4777 2429 4834; x_wconf 86' lang='lat' dir='ltr'><strong>universalis</strong></span> <span class='ocrx_word' id='word_1_783' title='bbox 2455 4779 2881 4836; x_wconf 90' lang='lat' dir='ltr'><strong>resurrectionis</strong></span> <span class='ocrx_word' id='word_1_784' title='bbox 2901 4779 3185 4846; x_wconf 86' lang='lat' dir='ltr'><strong>miraculo,</strong></span> <span class='ocrx_word' id='word_1_785' title='bbox 3204 4795 3329 4835; x_wconf 81' lang='lat' dir='ltr'><strong>mox</strong></span> <span class='ocrx_word' id='word_1_786' title='bbox 3357 4794 3548 4836; x_wconf 90' lang='lat' dir='ltr'><strong>omnes</strong></span> 
     </span>
    </p>
   </div>
   <div class='ocr_carea' id='block_1_109' title="bbox 1949 4867 3548 4942">
    <p class='ocr_par' dir='ltr' id='par_1_109' title="bbox 1949 4867 3548 4942">
     <span class='ocr_line' id='line_1_109' title="bbox 1949 4867 3548 4942; baseline 0.001 -17"><span class='ocrx_word' id='word_1_787' title='bbox 1949 4869 2041 4941; x_wconf 90' lang='lat' dir='ltr'><strong>qui</strong></span> <span class='ocrx_word' id='word_1_788' title='bbox 2069 4869 2134 4924; x_wconf 92' lang='lat' dir='ltr'><strong>ad</strong></span> <span class='ocrx_word' id='word_1_789' title='bbox 2157 4867 2369 4941; x_wconf 89' lang='lat' dir='ltr'><strong>paciﬁci</strong></span> <span class='ocrx_word' id='word_1_790' title='bbox 2401 4870 2543 4940; x_wconf 88' lang='lat' dir='ltr'><strong>regis</strong></span> <span class='ocrx_word' id='word_1_791' title='bbox 2567 4870 2702 4937; x_wconf 91' lang='lat' dir='ltr'><strong>veri,</strong></span> <span class='ocrx_word' id='word_1_792' title='bbox 2729 4871 2938 4926; x_wconf 89' lang='lat' dir='ltr'><strong>scilicet</strong></span> <span class='ocrx_word' id='word_1_793' title='bbox 2959 4869 3283 4935; x_wconf 92' lang='lat' dir='ltr'><strong>Salomonis,</strong></span> <span class='ocrx_word' id='word_1_794' title='bbox 3316 4885 3548 4942; x_wconf 88' lang='lat' dir='ltr'><strong>regnum</strong></span> 
     </span>
    </p>
   </div>
   <div class='ocr_carea' id='block_1_110' title="bbox 1949 4960 3549 5035">
    <p class='ocr_par' dir='ltr' id='par_1_110' title="bbox 1949 4960 3549 5035">
     <span class='ocr_line' id='line_1_110' title="bbox 1949 4960 3549 5035; baseline 0 -17"><span class='ocrx_word' id='word_1_795' title='bbox 1949 4962 2244 5033; x_wconf 88' lang='lat' dir='ltr'><strong>pertinent,</strong></span> <span class='ocrx_word' id='word_1_796' title='bbox 2276 4969 2481 5018; x_wconf 77' lang='lat' dir='ltr'><strong>:eterna</strong></span> <span class='ocrx_word' id='word_1_797' title='bbox 2502 4978 2626 5018; x_wconf 92' lang='lat' dir='ltr'><strong>cum</strong></span> <span class='ocrx_word' id='word_1_798' title='bbox 2655 4977 2721 5020; x_wconf 92' lang='lat' dir='ltr'><strong>eo</strong></span> <span class='ocrx_word' id='word_1_799' title='bbox 2750 4964 2945 5035; x_wconf 87' lang='lat' dir='ltr'><strong>gaudia</strong></span> <span class='ocrx_word' id='word_1_800' title='bbox 2987 4963 3178 5034; x_wconf 73' lang='lat' dir='ltr'><strong>patriae</strong></span> <span class='ocrx_word' id='word_1_801' title='bbox 3202 4960 3440 5020; x_wconf 63' lang='lat' dir='ltr'><strong>caelestis</strong></span> <span class='ocrx_word' id='word_1_802' title='bbox 3467 4962 3549 5018; x_wconf 90' lang='lat' dir='ltr'><strong>in-</strong></span> 
     </span>
    </p>
   </div>
   <div class='ocr_carea' id='block_1_111' title="bbox 1952 5055 2191 5112">
    <p class='ocr_par' dir='ltr' id='par_1_111' title="bbox 1952 5055 2191 5112">
     <span class='ocr_line' id='line_1_111' title="bbox 1952 5055 2191 5112; baseline -0.013 0"><span class='ocrx_word' id='word_1_803' title='bbox 1952 5055 2191 5112; x_wconf 86' lang='lat' dir='ltr'><strong>trahunt.</strong></span> 
     </span>
    </p>
   </div>
   <div class='ocr_carea' id='block_1_112' title="bbox 2028 5147 3552 5220">
    <p class='ocr_par' dir='ltr' id='par_1_112' title="bbox 2028 5147 3552 5220">
     <span class='ocr_line' id='line_1_112' title="bbox 2028 5147 3552 5220; baseline 0.001 -18"><span class='ocrx_word' id='word_1_804' title='bbox 2028 5147 2162 5203; x_wconf 85' lang='lat' dir='ltr'><strong>Nam</strong></span> <span class='ocrx_word' id='word_1_805' title='bbox 2191 5148 2317 5219; x_wconf 88' lang='lat' dir='ltr'><strong>quia</strong></span> <span class='ocrx_word' id='word_1_806' title='bbox 2344 5148 2605 5205; x_wconf 90' lang='lat' dir='ltr'><strong>Dominus</strong></span> <span class='ocrx_word' id='word_1_807' title='bbox 2639 5156 2824 5206; x_wconf 89' lang='lat' dir='ltr'><strong>noster</strong></span> <span class='ocrx_word' id='word_1_808' title='bbox 2845 5156 3041 5206; x_wconf 90' lang='lat' dir='ltr'><strong>octava</strong></span> <span class='ocrx_word' id='word_1_809' title='bbox 3075 5147 3180 5216; x_wconf 92' lang='lat' dir='ltr'><strong>die,</strong></span> <span class='ocrx_word' id='word_1_810' title='bbox 3216 5147 3270 5203; x_wconf 91' lang='lat' dir='ltr'><strong>id</strong></span> <span class='ocrx_word' id='word_1_811' title='bbox 3299 5155 3404 5215; x_wconf 88' lang='lat' dir='ltr'><strong>est,</strong></span> <span class='ocrx_word' id='word_1_812' title='bbox 3426 5157 3552 5220; x_wconf 86' lang='lat' dir='ltr'><strong>post</strong></span> 
     </span>
    </p>
   </div>
   <div class='ocr_carea' id='block_1_113' title="bbox 1956 5242 3552 5314">
    <p class='ocr_par' dir='ltr' id='par_1_113' title="bbox 1956 5242 3552 5314">
     <span class='ocr_line' id='line_1_113' title="bbox 1956 5242 3552 5314; baseline 0.001 -14"><span class='ocrx_word' id='word_1_813' title='bbox 1956 5244 2243 5314; x_wconf 90' lang='lat' dir='ltr'><strong>septimam</strong></span> <span class='ocrx_word' id='word_1_814' title='bbox 2285 5243 2532 5310; x_wconf 89' lang='lat' dir='ltr'><strong>sabbati,</strong></span> <span class='ocrx_word' id='word_1_815' title='bbox 2566 5243 2880 5299; x_wconf 85' lang='lat' dir='ltr'><strong>resuscitari</strong></span> <span class='ocrx_word' id='word_1_816' title='bbox 2921 5259 2954 5298; x_wconf 92' lang='lat' dir='ltr'><strong>a</strong></span> <span class='ocrx_word' id='word_1_817' title='bbox 2978 5252 3152 5300; x_wconf 89' lang='lat' dir='ltr'><strong>morte</strong></span> <span class='ocrx_word' id='word_1_818' title='bbox 3173 5242 3363 5309; x_wconf 90' lang='lat' dir='ltr'><strong>voluit,</strong></span> <span class='ocrx_word' id='word_1_819' title='bbox 3401 5252 3552 5301; x_wconf 87' lang='lat' dir='ltr'><strong>recte</strong></span> 
     </span>
    </p>
   </div>
   <div class='ocr_carea' id='block_1_114' title="bbox 1958 5337 3552 5408">
    <p class='ocr_par' dir='ltr' id='par_1_114' title="bbox 1958 5337 3552 5408">
     <span class='ocr_line' id='line_1_114' title="bbox 1958 5337 3552 5408; baseline -0.001 -14"><span class='ocrx_word' id='word_1_820' title='bbox 1958 5352 2218 5394; x_wconf 87' lang='lat' dir='ltr'><strong>numerus</strong></span> <span class='ocrx_word' id='word_1_821' title='bbox 2266 5337 2579 5392; x_wconf 90' lang='lat' dir='ltr'><strong>octonarius</strong></span> <span class='ocrx_word' id='word_1_822' title='bbox 2625 5345 2822 5391; x_wconf 72' lang='lat' dir='ltr'><strong>nostrae</strong></span> <span class='ocrx_word' id='word_1_823' title='bbox 2869 5351 3086 5408; x_wconf 90' lang='lat' dir='ltr'><strong>quoque</strong></span> <span class='ocrx_word' id='word_1_824' title='bbox 3132 5337 3552 5393; x_wconf 86' lang='lat' dir='ltr'><strong>resurrectionis</strong></span> 
     </span>
    </p>
   </div>
   <div class='ocr_carea' id='block_1_115' title="bbox 1959 5426 3554 5499">
    <p class='ocr_par' dir='ltr' id='par_1_115' title="bbox 1959 5426 3554 5499">
     <span class='ocr_line' id='line_1_115' title="bbox 1959 5426 3554 5499; baseline -0.001 -15"><span class='ocrx_word' id='word_1_825' title='bbox 1959 5428 2095 5486; x_wconf 87' lang='lat' dir='ltr'><strong>festa</strong></span> <span class='ocrx_word' id='word_1_826' title='bbox 2118 5436 2344 5483; x_wconf 88' lang='lat' dir='ltr'><strong>ventura</strong></span> <span class='ocrx_word' id='word_1_827' title='bbox 2387 5427 2653 5499; x_wconf 87' lang='lat' dir='ltr'><strong>designat.</strong></span> <span class='ocrx_word' id='word_1_828' title='bbox 2700 5426 2854 5496; x_wconf 89' lang='lat' dir='ltr'><strong>Quod</strong></span> <span class='ocrx_word' id='word_1_829' title='bbox 2882 5426 3139 5498; x_wconf 90' lang='lat' dir='ltr'><strong>templum</strong></span> <span class='ocrx_word' id='word_1_830' title='bbox 3187 5427 3256 5484; x_wconf 89' lang='lat' dir='ltr'><strong>ab</strong></span> <span class='ocrx_word' id='word_1_831' title='bbox 3301 5427 3554 5484; x_wconf 85' lang='lat' dir='ltr'><strong>hostibus</strong></span> 
     </span>
    </p>
   </div>
   <div class='ocr_carea' id='block_1_116' title="bbox 1963 5521 3544 5584">
    <p class='ocr_par' dir='ltr' id='par_1_116' title="bbox 1963 5521 3544 5584">
     <span class='ocr_line' id='line_1_116' title="bbox 1963 5521 3544 5584; baseline -0.003 -6"><span class='ocrx_word' id='word_1_832' title='bbox 1963 5524 2245 5579; x_wconf 91' lang='lat' dir='ltr'><strong>incensum</strong></span> <span class='ocrx_word' id='word_1_833' title='bbox 2297 5539 2511 5578; x_wconf 89' lang='lat' dir='ltr'><strong>rursum</strong></span> <span class='ocrx_word' id='word_1_834' title='bbox 2565 5521 2794 5577; x_wconf 91' lang='lat' dir='ltr'><strong>Domino</strong></span> <span class='ocrx_word' id='word_1_835' title='bbox 2843 5522 3138 5578; x_wconf 86' lang='lat' dir='ltr'><strong>miserante</strong></span> <span class='ocrx_word' id='word_1_836' title='bbox 3171 5521 3544 5584; x_wconf 87' lang='lat' dir='ltr'><strong>construitur;</strong></span> 
     </span>
    </p>
   </div>
   <div class='ocr_carea' id='block_1_117' title="bbox 1962 5614 3552 5687">
    <p class='ocr_par' dir='ltr' id='par_1_117' title="bbox 1962 5614 3552 5687">
     <span class='ocr_line' id='line_1_117' title="bbox 1962 5614 3552 5687; baseline -0.002 -18"><span class='ocrx_word' id='word_1_837' title='bbox 1962 5615 2106 5687; x_wconf 91' lang='lat' dir='ltr'><strong>quod</strong></span> <span class='ocrx_word' id='word_1_838' title='bbox 2143 5615 2212 5670; x_wconf 90' lang='lat' dir='ltr'><strong>ab</strong></span> <span class='ocrx_word' id='word_1_839' title='bbox 2247 5614 2543 5671; x_wconf 90' lang='lat' dir='ltr'><strong>idololatris</strong></span> <span class='ocrx_word' id='word_1_840' title='bbox 2590 5615 2999 5685; x_wconf 86' lang='lat' dir='ltr'><strong>coinquinatum</strong></span> <span class='ocrx_word' id='word_1_841' title='bbox 3043 5616 3252 5680; x_wconf 82' lang='lat' dir='ltr'><strong>.denuo,</strong></span> <span class='ocrx_word' id='word_1_842' title='bbox 3301 5625 3552 5683; x_wconf 67' lang='lat' dir='ltr'><strong>supernae</strong></span> 
     </span>
    </p>
   </div>
   <div class='ocr_carea' id='block_1_118' title="bbox 1960 5701 3546 5778">
    <p class='ocr_par' dir='ltr' id='par_1_118' title="bbox 1960 5701 3546 5778">
     <span class='ocr_line' id='line_1_118' title="bbox 1960 5701 3546 5778; baseline -0.003 -16"><span class='ocrx_word' id='word_1_843' title='bbox 1960 5707 2172 5778; x_wconf 90' lang='lat' dir='ltr'><strong>pietatis</strong></span> <span class='ocrx_word' id='word_1_844' title='bbox 2202 5707 2422 5774; x_wconf 78' lang='lat' dir='ltr'><strong>auxilio,</strong></span> <span class='ocrx_word' id='word_1_845' title='bbox 2465 5707 2794 5774; x_wconf 87' lang='lat' dir='ltr'><strong>mundatur;</strong></span> <span class='ocrx_word' id='word_1_846' title='bbox 2842 5708 3024 5763; x_wconf 90' lang='lat' dir='ltr'><strong>varios</strong></span> <span class='ocrx_word' id='word_1_847' title='bbox 3062 5714 3262 5763; x_wconf 79' lang='lat' dir='ltr'><strong>sanctae</strong></span> <span class='ocrx_word' id='word_1_848' title='bbox 3289 5701 3546 5758; x_wconf 62' lang='lat' dir='ltr'><strong>Ecclesiae</strong></span> 
     </span>
    </p>
   </div>
   <div class='ocr_carea' id='block_1_119' title="bbox 1961 5793 3552 5871">
    <p class='ocr_par' dir='ltr' id='par_1_119' title="bbox 1961 5793 3552 5871">
     <span class='ocr_line' id='line_1_119' title="bbox 1961 5793 3552 5871; baseline -0.003 -16"><span class='ocrx_word' id='word_1_849' title='bbox 1961 5800 2199 5855; x_wconf 84' lang='lat' dir='ltr'><strong>insinuat</strong></span> <span class='ocrx_word' id='word_1_850' title='bbox 2221 5808 2470 5867; x_wconf 89' lang='lat' dir='ltr'><strong>eventus,</strong></span> <span class='ocrx_word' id='word_1_851' title='bbox 2509 5814 2629 5871; x_wconf 68' lang='lat' dir='ltr'><strong>quae</strong></span> <span class='ocrx_word' id='word_1_852' title='bbox 2654 5814 2802 5856; x_wconf 88' lang='lat' dir='ltr'><strong>nunc</strong></span> <span class='ocrx_word' id='word_1_853' title='bbox 2829 5798 3124 5854; x_wconf 89' lang='lat' dir='ltr'><strong>inﬁdelium</strong></span> <span class='ocrx_word' id='word_1_854' title='bbox 3172 5793 3552 5866; x_wconf 84' lang='lat' dir='ltr'><strong>persecutione</strong></span> 
     </span>
    </p>
   </div>
   <div class='ocr_carea' id='block_1_120' title="bbox 1959 5886 3550 5968">
    <p class='ocr_par' dir='ltr' id='par_1_120' title="bbox 1959 5886 3550 5968">
     <span class='ocr_line' id='line_1_120' title="bbox 1959 5886 3550 5968; baseline -0.003 -17"><span class='ocrx_word' id='word_1_855' title='bbox 1959 5893 2243 5968; x_wconf 86' lang='lat' dir='ltr'><strong>premitur,</strong></span> <span class='ocrx_word' id='word_1_856' title='bbox 2284 5909 2430 5953; x_wconf 88' lang='lat' dir='ltr'><strong>nunc</strong></span> <span class='ocrx_word' id='word_1_857' title='bbox 2476 5903 2678 5967; x_wconf 85' lang='lat' dir='ltr'><strong>autem,</strong></span> <span class='ocrx_word' id='word_1_858' title='bbox 2710 5892 3154 5968; x_wconf 83' lang='lat' dir='ltr'><strong>persecutoribus</strong></span> <span class='ocrx_word' id='word_1_859' title='bbox 3177 5887 3389 5948; x_wconf 84' lang='lat' dir='ltr'><strong>reddita</strong></span> <span class='ocrx_word' id='word_1_860' title='bbox 3409 5886 3550 5947; x_wconf 76' lang='lat' dir='ltr'><strong>libo~</strong></span> 
     </span>
    </p>
   </div>
   <div class='ocr_carea' id='block_1_121' title="bbox 2950 5978 3044 6050">
    <p class='ocr_par' dir='ltr' id='par_1_121' title="bbox 2950 5978 3044 6050">
     <span class='ocr_line' id='line_1_121' title="bbox 2950 5978 3044 6050; baseline -0.096 0"><span class='ocrx_word' id='word_1_861' title='bbox 2950 5978 3044 6050; x_wconf 85' lang='lat'><strong>37</strong></span> 
     </span>
    </p>
   </div>
  </div>
