4028 6464
565 356 723 421 1165

1203 351 1268 410 Β.
1309 348 1566 409 RABANI
1598 349 1826 408 MAURI
1858 344 2182 407 ARCHIEP.
2224 340 2535 402 MOGUNT.
2573 342 2862 402 OPERUH
2897 342 3082 403 PARS
3114 344 3160 402 ί.

3669 354 3776 413 μοι

561 472 698 537 ﬂor,
740 466 1107 542 tranquillius,
1138 470 1377 526 instante
1402 467 1654 535 Domino,
1696 466 1958 524 servitute
1983 463 2158 521 famu-
2179 465 2237 539 Α
2260 468 2350 517 tur
2394 475 2461 516 ac
2507 467 2909 531 perseququ
2955 474 3141 517 servos
3177 460 3293 527 Dei,
3335 462 3406 520 ad
3457 464 3660 523 nihilum
3707 485 3782 530 eo.

563 563 735 621 latur:
768 577 911 616 nilne
935 561 989 617 in
1017 559 1340 631 quibusdam
1372 561 1489 616 suis
1512 560 1775 619 membris
1800 558 1973 615 hostis
2011 556 2155 612 anti-

559 654 655 729 qui
683 653 1020 725 periclitatur
1039 652 1271 718 insidiis,
1300 667 1445 708 nunc
1469 651 1706 709 instante
1730 649 1950 706 solertia
1980 649 2159 704 docto-

561 761 684 805 rum
727 744 994 810 ﬁdelium,
1042 760 1180 815 quos
1220 745 1289 803 ad
1334 744 1527 800 horam
1571 743 1800 813 perdere
1849 740 2156 805 videbatur,

559 854 658 911 per
684 838 1061 911 pmuitentiam
1076 836 1193 908 jam
1219 837 1513 908 castigatos
1538 836 1749 907 recipit.

631 931 786 999 Quod
834 946 963 987 vero
999 930 1253 1002 templum
1280 930 1576 986 secundum
1599 926 1954 1000 quadraginta
1976 932 2035 981 et
2060 938 2158 980 sex

560 1024 719 1079 annis
753 1022 1079 1080 aadificatmn
1118 1028 1242 1090 est,
1292 1023 1362 1077 ad
1410 1020 1859 1093 signiﬁcationem
1890 1015 2157 1072 Dominici

556 1113 805 1185 corporis
833 1113 976 1185 quod
1007 1113 1073 1169 de
1103 1113 1322 1184 Virgine
1342 1111 1633 1183 assumpsit
1654 1107 1969 1181 spiritaliter
1994 1106 2158 1181 respi-

557 1207 669 1273 cit;
711 1208 777 1262 de
815 1223 923 1278 quo
952 1207 1066 1279 ipse
1105 1205 1306 1262 ludatis
1338 1224 1348 1259 :
1400 1204 1612 1267 Solvite,
1658 1202 1857 1272 inquit,
1908 1199 2158 1268 templum

558 1299 654 1351 hoc
686 1308 733 1353 et
754 1299 809 1353 iu
835 1298 1000 1353 tribus
1024 1298 1207 1353 diebus
1234 1295 1505 1366 aediﬁcabo
1528 1293 1661 1348 illud
1684 1293 1867 1365 (Joan.
1901 1290 1999 1361 ll);
2029 1289 2159 1360 quia

558 1388 811 1445 videlicet
824 1390 1061 1445 solutum
1081 1389 1333 1461 passione
1353 1403 1550 1459 corpus
1569 1402 1727 1442 suum
1748 1386 1864 1456 ipse
1885 1384 1972 1440 die
1994 1382 2158 1437 tertia

506 1508 509 1511 <
559 1483 906 1537 resuscitavit
930 1482 999 1539 ad
1027 1483 1215 1537 vitam.
1244 1482 1449 1537 Ferunt
1488 1480 1757 1550 siquidem
1784 1478 1999 1551 physici
2029 1477 2159 1549 quia

559 1588 759 1642 corpus
798 1573 1033 1628 hominis
1070 1572 1487 1643 quadragesimo
1513 1579 1669 1627 sexto
1708 1571 1795 1626 die
1816 1576 1939 1641 post
1960 1582 2157 1625 conce-

556 1665 756 1734 ptionis
781 1665 990 1721 initium
1022 1666 1075 1722 in
1098 1667 1465 1721 membrorum
1494 1663 1839 1721 distinctione
1864 1661 2159 1746 formetur;

555 1765 718 1828 atque
748 1774 853 1814 non
902 1773 1029 1815 casu
1056 1767 1273 1829 gestum
1295 1798 1312 1825 ,
1363 1758 1459 1814 sed
1503 1757 1764 1814 divinitus
1802 1762 2156 1828 procuratum

2260 554 2509 625 redigere
2545 552 2809 619 volentes,
2840 554 3058 624 quando
3098 556 3442 613 considerant
3461 572 3551 613 eos
3585 560 3633 613 in
3657 562 3783 622 allati

2259 656 2424 704 recta:
2437 645 2561 702 ﬁdei
2582 647 2848 702 bonorum
2869 661 3094 717 cperam
3116 646 3251 705 velle
3270 648 3665 708 observantiam.
3685 654 3785 714 bide

2261 739 2457 795 dicitur
2481 737 2625 809 quod
2650 739 2953 809 cogitarent
2973 739 3165 795 tollere
3184 754 3359 811 genus
3378 739 3542 797 Jaeob
3565 744 3646 813 qui
3664 757 3788 802 erant

2260 832 2403 895 inter
2414 840 2604 901 eos,et
2620 840 2909 903 (imperant
2931 830 3048 902 ejus
3070 832 3340 900 occidere,
3358 835 3482 906 quia
3506 836 3789 898 clarescente

2259 926 2315 985 in
2347 929 2550 984 mundo
2596 927 2890 999 Evangelio
2928 927 3151 994 Christi,
3181 935 3238 984 et
3264 928 3516 986 omnibus
3555 930 3694 987 ﬁdem
3715 933 3790 990 Dei

2259 1021 2648 1094 recipientibus
2671 1062 2685 1086 ,
2725 1020 3118 1091 torquebantur
3140 1029 3517 1091 persecutores
3539 1063 3553 1089 ,
3582 1032 3631 1079 ct
3653 1027 3792 1095 pinnis

2259 1128 2354 1171 eos
2392 1121 2695 1170 mactantes
2732 1113 2858 1169 inde
2888 1122 3136 1169 avertere
3162 1112 3471 1170 studebant.
3506 1112 3793 1172 Similiteret

2259 1206 2445 1264 hostes
2479 1205 2752 1277 spiritales
2774 1220 2897 1261 cum
2921 1206 3231 1263 inciderunt
3253 1205 3531 1279 [viderint]
3553 1205 3790 1277 aliquosex

2261 1300 2465 1357 desidia
2500 1310 2559 1357 et
2590 1300 2918 1373 negligentia
2968 1314 3027 1356 se
3070 1308 3382 1357 restaurare
3417 1300 3553 1356 velle
3600 1302 3651 1356 in
3679 1303 3792 1357 cultu

2260 1394 2497 1464 pietatis,
2526 1393 2824 1451 moliuntur
2852 1408 2948 1450 eos
2972 1393 3151 1465 gladio
3172 1393 3474 1465 impietatis
3499 1392 3794 1457 occidamac

2260 1501 2360 1556 pro
2384 1496 2561 1543 morte
2590 1494 2937 1557 peccatorum
2966 1486 3258 1542 trucidare.
3292 1485 3403 1543 Sed
3424 1485 3599 1549 Iudas,
3627 1485 3795 1542 fortiter

2262 1594 2385 1635 cum
2407 1586 2560 1635 scuto
2586 1578 2712 1634 ﬁdei
2722 1579 2972 1634 hostibus
2993 1577 3276 1643 resistens,
3290 1577 3528 1634 debellat
3548 1576 3672 1632 ﬁlios
3688 1576 3795 1633 Esau

2264 1671 2319 1727 in
2345 1671 2598 1737 ldumaaa,
2637 1672 2765 1744 quia
2793 1672 2995 1727 chorus
3024 1678 3343 1727 sanctorum
3373 1671 3644 1727 doctorum
3667 1669 3795 1725 idolo-

2264 1763 2454 1831 latras,
2474 1764 2565 1835 qui
2586 1763 2812 1835 spinetis
2824 1764 3077 1819 vitiorum
3094 1770 3222 1819 sunt
3234 1763 3541 1835 asperrimi,
3554 1770 3606 1817 et
3615 1760 3795 1817 funestis

555 1855 658 1911 est,
702 1855 759 1901 ut
805 1862 869 1901 eo
916 1863 1182 1903 annorum
1224 1863 1454 1904 numero
1498 1846 1757 1918 templum
1801 1846 2160 1903 aediﬁcaretur
2186 1845 2235 1905 Β
2262 1857 2547 1915 sacriﬁciis
2564 1865 2731 1926 atque
2756 1855 2977 1911 luxuria
3000 1854 3277 1911 mundana
3322 1852 3795 1923 fetidjsshni,gladio

558 1950 665 2005 quo
703 1935 914 1990 dierum
962 1952 1188 1992 numero
1218 1952 1414 2009 corpus
1441 1937 1817 2003 Dominicum,
1870 1934 2014 2007 quod
2062 1948 2160 2005 per

557 2029 817 2100 templum
849 2029 1203 2102 ﬁgurabatur,
1239 2032 1295 2087 in
1318 2040 1475 2088 utero
1501 2030 1749 2104 virginali
1783 2028 1972 2103 perlici
2002 2042 2160 2099 opor-

555 2120 723 2175 tebat.

623 2214 776 2282 Quod
808 2224 989 2272 autem
1026 2216 1279 2274 Encaénia
1316 2230 1415 2287 per
1448 2230 1641 2273 omnes
1678 2228 1851 2271 annos
1880 2210 2157 2269 celebrem

509 2296 527 2305 ’
552 2308 820 2381 sancitum
848 2318 953 2376 est,
991 2310 1098 2366 hoc
1139 2308 1387 2382 profecto
1434 2324 1535 2366 nos
1580 2311 1834 2364 admonet
1859 2316 1919 2361 ut
1947 2320 2162 2361 memo-

550 2397 689 2452 riam
746 2399 1041 2456 Doiuinicae
1085 2399 1539 2465 resurrectionis,
1592 2413 1755 2469 quam
1786 2395 1901 2466 jam
1939 2394 2146 2452 factam

550 2492 849 2558 credimus,
882 2508 1098 2563 semper
1128 2493 1311 2548 animo
1349 2493 1671 2558 retinentes,
1702 2498 1946 2547 nostram
1976 2504 2159 2545 resur-

556 2584 854 2638 rectionem
903 2584 1142 2639 futuram
1173 2585 1441 2657 sperando
1483 2584 1664 2639 taliter
1692 2598 1916 2655 agamus
1961 2591 2154 2638 utnon

552 2674 622 2729 ad
650 2671 938 2744 judicium,
977 2676 1070 2731 sed
1102 2676 1263 2755 _sicut
1303 2676 1567 2731 Dominus
1594 2675 1680 2731 his
1724 2690 1818 2755 qui
1850 2674 1994 2729 bona
2032 2687 2158 2744 ege-

552 2777 679 2823 runt
702 2769 974 2838 promisit,
1009 2785 1296 2842 resurgere
1324 2786 1635 2827 mereamur
1657 2771 1726 2826 ad
1750 2771 1938 2826 vitam.

624 2858 697 2913 Et
720 2859 1116 2929 wdiﬁcaverunt
1147 2861 1201 2915 in
1250 2872 1479 2924 tempore.
1516 2862 1609 2917 illo
1650 2872 1878 2918 montem
1911 2862 2073 2930 Sion,
2105 2871 2156 2918 et

547 2967 642 3021 per
670 2952 950 3008 circuitum
977 2970 1157 3009 muros
1185 2952 1319 3009 altos
1350 2964 1399 3008 et
1414 2964 1599 3011 turres
1625 2956 1832 3026 ﬁrmas,
1860 2964 1966 3012 etc.
1999 2954 2154 3012 ΑΞ(ιὶ-

547 3039 717 3103 ﬁcant
765 3049 944 3105 sancti
981 3049 1235 3107 doctores
1280 3058 1521 3106 montem
1565 3048 1720 3113 Sion,
1760 3047 1977 3119 quando
2026 3062 2155 3103 san-

549 3148 693 3218 ctam
731 3141 1033 3199 Ecclesiam
1068 3145 1234 3199 verbo
1263 3152 1427 3215 atque
1452 3142 1703 3214 exemplo
1740 3142 1807 3196 ad
1842 3138 2148 3212 profectum

548 3214 814 3311 virtutum
842 3242 1174 3308 provocant;
1205 3251 1303 3307 per
1326 3220 1615 3292 circuitum
1636 3248 1822 3289 muros
1842 3220 1990 3289 altos
2019 3248 2151 3288 con-
2179 3212 2224 3275 C

548 3333 802 3405 struunt,
859 3329 1075 3401 quando
1121 3344 1243 3384 eam
1295 3326 1534 3389 culmine
1577 3322 1863 3381 catholicae
1906 3322 2029 3378 ﬁdei
2086 3337 2183 3399 ac»

550 3435 716 3497 opere
750 3437 973 3492 precum
1002 3422 1240 3492 undique
1284 3421 1568 3485 muniunt;
1599 3427 1781 3474 turres
1822 3417 2010 3473 ﬁrmas
2038 3416 2149 3471 eri-

553 3524 707 3589 gunt,
743 3517 959 3586 quando
1009 3532 1158 3587 spem
1218 3522 1387 3572 totam
1429 3515 1484 3571 in
1512 3513 1612 3570 Dei
1656 3512 1900 3570 bonitate
1946 3502 2183 3583 ponere.

547 3607 889 3679 praecipiunt.
922 3608 1000 3664 Ne
1029 3608 1246 3680 quando
1273 3592 1462 3683 gentes
1508 3622 1635 3665 eum
1664 3613 1725 3662 ut
1765 3612 2004 3661 montem
2038 3603 2151 3675 pri—

549 3698 755 3753 stinum
802 3701 1147 3768 conculcent;
1190 3710 1252 3758 ut
1294 3716 1404 3757 non
1448 3700 1811 3772 malignorum
1856 3698 2148 3768 spirituum

548 3790 792 3861 nequitia
818 3791 903 3847 vel
930 3807 1223 3864 pravorum
1253 3793 1534 3851 hominum
1560 3792 1767 3853 malitia
1798 3806 1892 3851 eos
1915 3790 2150 3863 amplius

548 3894 752 3961 nocere
780 3882 1093 3951 praevaleat.
1588 3956 1589 3961 η

625 3972 695 4027 Et
724 3970 1028 4041 collocavit,
1068 3975 1283 4047 inquit,
1330 3975 1437 4031 illic
1462 3977 1749 4033 exercitum
1787 3985 1845 4031 ut
1884 3986 2145 4035 servarent

550 4054 691 4143 eum,
722 4074 828 4120 etc.
860 4063 1147 4122 Exercitus
1183 4068 1237 4122 in
1283 4066 1414 4123 Sion
1442 4069 1510 4124 ad
1557 4069 1881 4125 servandum
1912 4082 2034 4123 eum
2065 4067 2148 4123 lo-
2176 4054 2179 4055 ν

551 4165 730 4225 catur,
755 4175 878 4214 cum
907 4160 1278 4217 ministrorum
1312 4152 1471 4217 turba
1494 4162 1774 4218 servanda:
1796 4162 1929 4237 legis
1960 4162 2055 4221 Dei
2079 4161 2150 4219 ad
2176 4232 2179 4237 Α

550 4261 1014 4307 sacramentorum
1046 4253 1348 4311 caelestium
1379 4255 1544 4323 ritum
1574 4255 1630 4310 in
1671 4256 1913 4312 Ecclesia
1946 4255 2150 4312 submi-
2176 4318 2183 4329 ι

549 4342 832 4400 nislratur.
867 4345 924 4399 Μ
929 4346 1117 4400 uniunt
1141 4363 1259 4401 eum
1289 4346 1357 4401 ad
1382 4348 1784 4407 custodiendam
1808 4348 2146 4412 Ret/rsuram,

551 4451 676 4493 cum
721 4436 1191 4494 exhortationibus
1235 4439 1425 4496 validis
1471 4441 1701 4496 incitant
1747 4424 2181 4497 ecclesiasticos-

550 4522 618 4585 ut”
642 4529 967 4602 regulariter
1010 4531 1277 4587 culturam
1324 4526 1545 4590 servent
1593 4534 1830 4590 divinam
1854 4533 2147 4608 (Betbsura

551 4614 697 4677 enim
723 4623 911 4678 domus
942 4623 1142 4679 robusti
1170 4625 1640 4700 interpretantur).
1677 4625 1748 4683 Ut
1774 4627 1962 4683 habeat
1982 4645 2152 4700 popu-

554 4710 638 4766 lus
666 4713 992 4769 munitionen
1033 4727 1215 4771 contra
1246 4717 1436 4786 {aciem
1468 4716 1745 4773 ldumtete.
1789 4717 1904 4774 Hoc
1941 4727 2059 4786 est,
2091 4728 2151 4775 ut

555 4801 683 4859 ﬁdei
708 4806 1071 4862 constantiam
1117 4817 1300 4865 servet
1342 4809 1603 4866 adversus
1630 4811 1816 4869 hostes
1857 4820 1913 4869 et
1960 4821 2148 4869 contra

554 4893 790 4953 furentis
813 4899 997 4954 mundi
1025 4900 1406 4972 pertinaciam.

1182 5014 1411 5073 CAPUT
1449 5016 1513 5072 ν.

553 5104 792 5182 Debellat
816 5107 992 5182 Iudas
1019 5116 1192 5182 gentes
1236 5108 1459 5182 volgatae:
1482 5108 1697 5180 perdere
1720 5108 1912 5167 Israel.
1956 5110 2033 5166 De
2062 5110 2152 5166 Ti-

625 5179 833 5236 motheo
866 5179 998 5234 duce
1014 5178 1265 5253 ᾉηιηιρη.
1294 5178 1492 5253 βίτηοηή
1521 5185 1714 5253 missus
1740 5199 1774 5234 a
1805 5181 1971 5251 fratre
1994 5200 2154 5253 expu-

629 5259 755 5323 gnat
778 5261 973 5323 gentes.
1002 5252 1081 5307 De
1106 5248 1253 5306 bellis
1278 5250 1433 5305 Iuda:
1455 5261 1639 5305 contra
1666 5248 2016 5318 Timotheum,
2041 5248 2147 5309 etc.

2171 4576 2228 4638 D

629 5363 702 5421 Et
733 5364 933 5438 factum
966 5375 1041 5422 est
1066 5375 1123 5421 ut
1167 5366 1411 5422 audirent
1449 5374 1624 5437 gentes
1658 5366 1713 5419 in
1752 5367 2000 5435 circuitu,
2026 5369 2151 5440 quia

557 5456 879 5530 wdiﬁcatum
906 5469 982 5514 est
1006 5458 1176 5514 altare
1196 5470 1245 5515 et
1268 5452 1633 5516 sanctuarium
1658 5458 1794 5514 sicut
1811 5461 1983 5531 prius,
1997 5462 2149 5521 iratte

556 5560 680 5609 sunt
703 5548 874 5617 valde,
896 5558 1004 5606 etc.
1043 5548 1337 5607 lrritantur
1375 5544 1565 5624 gentes
1599 5567 1725 5608 cum
1765 5552 2006 5611 viderint
2030 5542 2168 5614 cul-l

558 5652 696 5699 turne
721 5641 819 5699 Dei
845 5642 1097 5698 renovari
1147 5640 1414 5699 facturam
1441 5686 1456 5712 ,
1487 5645 1759 5719 quia'sive
1797 5648 1985 5707 hostes
2022 5651 2149 5709 visi-

558 5731 699 5807 biles
726 5748 821 5790 seu
856 5726 1173 5803 invisibiles,
1204 5734 1299 5806 qui
1327 5736 1541 5793 invidiae
1561 5738 1783 5798 aestibus
1811 5752 2003 5801 contra
2025 5742 2152 5801 ﬁdei

567 5836 633 5878 ac
648 5824 911 5881 virtutum
925 5823 1225 5898 profectum
1250 5827 1526 5897 anhelant,
1543 5829 1873 5901 irascuntur,
1906 5837 2157 5897 crucian-

2259 1951 2486 2023 spiritus
2515 1950 2857 2015 interimam,
2886 1949 2954 2004 de
2983 1949 3274 2006 contrariis
3300 1946 3469 2005 eﬁicit
3494 1946 3796 2017 sebiedosat

2259 2044 2327 2101 de
2351 2042 2597 2101 hostibus
2624 2041 2759 2098 facit
2776 2042 3002 2099 amicos.

2329 2137 2401 2193 Et
2428 2155 2514 2194 eos
2546 2137 2639 2209 qui
2670 2137 2914 2193 erantin
2958 2136 3375 2200 AW.
3419 2134 3546 2206 quia
3572 2132 3798 2187 circinu-

2258 2229 2451 2285 debent
2480 2226 2777 2299 Israelitica,
2804 2233 2911 2283 etc.
2936 2225 3003 2283 Hi
3020 2226 3118 2298 qui
3142 2226 3201 2282 iri
3230 2223 3553 2283 memoratis
3571 2223 3705 2287 locis,
3721 2221 3796 2277 hoc

2258 2331 2342 2380 est
2368 2322 2752 2385 Acrabathaue
2788 2327 2850 2377 et
2883 2319 3027 2377 Beati
3048 2359 3069 2385 ν
3122 2319 3452 2379 habitabant
3477 2359 3493 2382 ,
3519 2326 3573 2373 et
3614 2318 3798 2372 tirenu-

2260 2416 2513 2474 sedentes
2553 2416 2700 2473 ﬁlios
2722 2414 2888 2475 Israel
2918 2415 2978 2478 in
3006 2413 3259 2485 laqueum
3289 2421 3349 2470 et
3382 2411 3677 2469 scandalum
3700 2410 3797 2464 ﬁunt

2261 2510 2523 2585 [fuerant]
2572 2510 2895 2567 insidiantes
2934 2508 3055 2573 eis,
3101 2506 3415 2576 significant
3443 2506 3645 2565 ludam
3674 2510 3797 2571 atque

2258 2603 2586 2668 haereticos,
2639 2601 2733 2671 qui
2781 2609 2973 2657 contra
3010 2599 3320 2657 Ecclesiam
3365 2599 3463 2654 Dei
3508 2594 3733 2653 scandala
3759 2601 3797 2647 et

2258 2694 2483 2753 insidias
2520 2707 2739 2763 semper
2776 2691 3089 2761 disponunt.
3132 2688 3238 2746 Sed
3270 2689 3415 2749 tales
3449 2697 3619 2745 autem
3648 2683 3796 2740 siuti:

2258 2796 2314 2842 et
2341 2786 2508 2843 sociis
2534 2783 2656 2855 ejus
2686 2785 2743 2839 in
2789 2783 3032 2841 turribus
3056 2783 3173 2839 suis
3201 2782 3617 2844 concluduntur,
3644 2775 3805 2833 cumis

2259 2879 2525 2951 superbiae
2582 2891 2693 2933 suae
2754 2874 3251 2933 machinationibus
3296 2888 3403 2945 per
3440 2873 3701 2929 doctorum
3736 2867 3797 2921 in-

2258 2970 2524 3031 dustriam
2556 2969 2877 3040 capiuntur,
2924 2976 2981 3025 et
3008 2981 3229 3024 errores
3246 2980 3452 3026 eorum
3494 2958 3797 3021 aether-ati-

2258 3072 2484 3130 zantur;
2506 3077 2736 3133 quorum
2756 3070 2936 3117 turres
2948 3058 3317 3117 incenduntur
3336 3058 3453 3129 igni
3466 3071 3585 3113 eum
3603 3052 3799 3111 omnibus

2256 3155 2350 3225 qui
2377 3156 2431 3210 in
2452 3155 2536 3211 eis
2562 3162 2712 3221 sunt,
2742 3151 2962 3224 quando
2995 3157 3245 3207 auctores
3268 3148 3544 3207 scalmum
3578 3154 3630 3203 et
3657 3146 3798 3201 inven-

2254 3253 2404 3303 tores
2432 3260 2683 3301 errorum
2709 3259 2811 3315 pro
2857 3242 3099 3315 peccatis
3136 3242 3252 3299 suis
3278 3250 3338 3299 et
3362 3254 3515 3299 nunc
3553 3243 3798 3295 exuruntur

2255 3341 2454 3397 ardore
2502 3339 2673 3396 divini
2721 3340 3012 3405 sermonis,
3041 3338 3185 3395 etin
3231 3337 3425 3397 futuro
3452 3330 3795 3401 «anuceria

2254 3433 2580 3505 condignam
2606 3433 2983 3504 paenitentiam
3026 3440 3159 3489 ante
3187 3432 3433 3504 egerit,
3476 3431 3598 3503 igne
3622 3438 3796 3485 unae»

2252 3527 2549 3585 mabuntur
2574 3535 2853 3596 perpetua:
2881 3524 3131 3582 ultionis.

2323 3614 2397 3671 Et
2422 3617 2635 3673 transiit
2659 3616 2729 3671 ad
2752 3615 2898 3686 ﬁlios
2916 3616 3162 3682 Ammon,
3187 3623 3239 3672 et
3272 3616 3476 3675 inse-st
3498 3627 3695 3671 mat
3710 3610 3795 3680 for-

2250 3716 2376 3776 tem,
2402 3716 2453 3763 et
2488 3707 2743 3780 populum
2766 3707 3067 3779 copiosum,
3106 3714 3215 3765 etc.
3250 3705 3401 3775 Quid
3432 3720 3530 3778 per
3554 3699 3794 3760 ﬁliosﬁl-

2250 3819 2414 3870 mon,
2468 3802 2563 3874 qui
2620 3802 3012 3871 interpretatur
3070 3799 3219 3871 ﬁlius
3266 3801 3460 3873 populi
3500 3798 3597 3856 mei
3622 3836 3637 3864 ,
3670 3805 3792 3866 qua!

2252 3895 2590 3969 schismatici
2616 3904 2676 3951 et
2699 3895 2945 3953 hzereu'ei
2991 3894 3411 3966 exprimatur,
3448 3893 3542 3965 qui
3576 3887 3791 3962 pendam

2253 3992 2349 4051 filii
2409 4000 2613 4049 sanctae
2664 3989 2923 4049 Ecclesia
2972 3990 3325 4055 videbantur,
3376 3991 3475 4047 sed
3519 3988 3621 4060 iam
3678 3996 3792 4039 rece-

2254 4086 2444 4145 dentes
2484 4093 2545 4143 et
2592 4085 2649 4141 in
2676 4099 2923 4141 errorem
2964 4099 3026 4140 se
3060 4084 3340 4140 mittentes
3364 4125 3383 4149 ,
3415 4082 3539 4139 facti
3583 4085 3689 4137 sunt
3721 4070 3792 4129 lilii

2253 4178 2476 4237 diaboli.
2534 4176 2690 4235 Unde
2731 4175 2972 4233 loarues
3026 4177 3307 4248 apostolus
3368 4177 3507 4232 ait:
3558 4175 3636 4230 Ec
3679 4169 3790 4226 nobis

2253 4272 2516 4337 exierunt,
2565 4269 2657 4326 sed
2695 4287 2801 4325 non
2842 4279 2996 4325 erant
3030 4286 3098 4325 ea:
3140 4269 3326 4336 nobis,
3366 4286 3493 4325 nan
3532 4269 3576 4324 si
3620 4267 3791 4339 («seu

2254 4381 2323 4420 ea:
2354 4363 2524 4428 nobis,
2582 4362 2990 4434 penumiuent
3056 4363 3237 4434 utique
3286 4363 3557 4419 nobiscum
3597 4358 3644 4433 (1
3665 4357 3786 4413 Iul.

2254 4456 2342 4531 ιι).
2381 4456 2449 4513 ili
2498 4457 2704 4513 habent
2743 4454 3087 4511 Timotheum
3136 4456 3354 4521 ducem
3385 4456 3491 4513 hoc
3529 4460 3624 4520 est,
3656 4451 3787 4506 ban-

2256 4549 2519 4613 siarcbas,
2573 4546 2667 4617 qui
2708 4544 2869 4615 juxta
2920 4545 3157 4602 nominis
3198 4546 3285 4601 sui
3349 4542 3785 4617 interpretationem

2259 4640 2399 4711 allud
2427 4654 2523 4695 eos
2562 4638 2877 4705 laudnt",
2925 4637 3022 4697 sed
3045 4638 3203 4708 juxta
3237 4636 3600 4710 intelligentia:
3634 4630 3787 4687 velit:-

2256 4741 2367 4789 tem
2396 4731 2535 4801 apud
2566 4747 2668 4791 nos
2696 4746 3040 4802 nequaquam
3069 4745 3193 4787 «se
3220 4730 3695 4801 deprehenduntur.
3720 4720 3786 4777 τί·

2256 4825 2513 4881 motheus
2530 4841 2652 4881 cum
2680 4823 2943 4893 beneﬁciis
2964 4823 3379 4894 interpretatur;
3400 4823 3497 4879 sed
3521 4822 3629 4876 hac
3644 4812 3786 4888 opinio

2257 4916 2635 4973 lmresiarchis
2680 4916 2822 4985 apud
2869 4914 3124 4985 deceptos
3162 4922 3250 4973 est
3275 4956 3294 4979 ,
3333 4916 3477 4985 apud
3516 4928 3610 4969 nos
3646 4915 3783 4965 auten

2258 5006 2485 5063 veneﬁci
2515 5014 2896 5077 nuncupantur
2918 5047 2933 5069 ,
2963 5005 3090 5076 quia
3133 5005 3417 5063 maleﬁciis
3440 5004 3548 5061 suis
3571 5008 3781 5055 vam

2260 5101 2465 5156 erroris
2497 5100 2834 5156 auditoribus
2857 5098 2971 5157 Suis
3004 5099 3275 5159 miscent:
3304 5107 3494 5157 centre
3515 5110 3637 5167 quos
3658 5088 3783 5146 ³⁸³

2261 5193 2556 5265 consurgit,
2595 5199 2650 5248 et
2675 5192 2925 5263 superior
2951 5193 3194 5248 existens
3218 5192 3503 5249 victoriam
3522 5187 3779 5259 capitur?

2261 5302 2457 5357 resque
2505 5302 2693 5341 eorum
2724 5285 3056 5345 destruendo
3097 5285 3153 5343 in
3197 5283 3436 5342 Iudaeam
3460 5326 3477 5350 ,
3514 5285 3611 5341 hoc
3632 5286 3720 5340 est.
3741 5274 3778 5328 ίι

2261 5377 2656 5436 confessionem
2702 5378 2876 5435 laudis
2914 5377 3042 5444 Dei.
3069 5392 3197 5439 cum
3231 5377 3501 5450 triumpho
3536 5369 3781 5447 regreditur

2259 5470 2521 5531 hostium.

2331 5562 2401 5618 Et
2425 5571 2754 5634 congregata:
2789 5571 2914 5618 sunt
2940 5571 3115 5635 gentes
3136 5580 3256 5635 qua
3278 5572 3397 5620 sunt
3426 5563 3482 5618 in
3502 5555 3684 5616 ϐείω
3707 5548 3778 5605 δέ·

2261 5672 2438 5712 versus
2461 5654 2740 5710 Israelita:
2770 5656 2860 5727 qui
2889 5666 3040 5711 erant
3066 5658 3122 5711 in
3144 5655 3335 5726 ﬁnibus
3359 5670 3532 5712 eorum
3553 5693 3568 5719 ,
3587 5660 3638 5705 et
3659 5642 3775 5705 toll?

2264 5755 2377 5805 rent
2401 5764 2511 5813 eos,
2534 5755 2643 5804 etc.
2683 5745 2885 5804 Gentes
2910 5762 3031 5818 quae
3073 5757 3201 5805 sunt
3232 5749 3288 5805 in
3337 5746 3531 5805 Galaad
3568 5741 3775 5799 adven“

2260 5840 2536 5899 Israelitas
2558 5852 2956 5915 congregantur
2972 5850 3035 5898 ut
3058 5842 3253 5901 tollant
3270 5856 3381 5909 eos,
3403 5854 3522 5897 cum
3540 5825 3774 5895 unum
