4028 6462
291 371 431 431 “65

991 364 1343 427 COMMENT.
1380 369 1449 427 IN
1486 367 1738 428 LIBROS
1775 366 2354 428 MACHABZEORUM.
2394 400 2466 411 —
2501 367 2569 425 IN
2606 366 2737 429 LIB.
2770 367 2816 425 Ι.

3419 368 3562 429 1166

290 482 669 547 lucretloorum
703 500 868 559 atque
898 485 1362 543 schismaticorum
1398 485 1465 541 ad
1491 486 1596 541 hoc
1617 485 1868 541 convenit
1894 490 1948 550 Α
1971 485 2085 540 sive
2126 482 2468 540 circumcisio
2512 482 2645 555 legis
2691 483 3007 556 spiritaliter
3041 482 3402 554 observanda,
3444 486 3563 547 sive

291 588 353 636 ut
371 578 776 650 Scripturarum
804 576 1125 632 testimoniis
1144 574 1435 632 secundum
1465 590 1620 631 suum
1646 592 1864 632 sensum

293 673 616 747 depravatis,
651 681 957 744 expugnent
983 671 1307 729 catholicam
1337 671 1497 728 ﬁdem
1528 713 1542 739 ,
1566 688 1684 743 quae
1708 672 1866 728 estin

292 768 506 824 saecula.
571 767 773 824 Galaad
820 766 965 823 enim
1024 766 1412 837 interpretatur
1459 783 1670 821 acervus
1721 767 1866 821 testi-

292 860 486 926 monii,
517 868 569 914 et
594 874 787 915 nomen
809 859 945 938 bene
962 857 1215 914 convenit
1241 857 1325 913 his
1344 857 1435 928 qui
1464 846 1877 928 Scripturarum’

294 950 627 1006 meditationi
666 950 938 1006 insistunt.

364 1040 471 1097 Sed
498 1041 707 1114 fugiunt
732 1040 986 1097 Israelita:
1019 1039 1074 1094 in
1100 1038 1451 1095 munitionem
1474 1081 1489 1107 ,
1520 1055 1643 1095 cum
1686 1037 1869 1094 ﬁdeles

293 1131 490 1202 quique
517 1132 585 1187 ad
624 1131 748 1188 ﬁdei
793 1130 1108 1204 confugiunt
1143 1133 1455 1199 veritatem;
1501 1131 1869 1202 auxiliumque

292 1224 392 1280 sibi
442 1221 622 1279 afferri
669 1235 951 1295 poscunta
987 1224 1126 1280 Iuda
1168 1232 1221 1280 et
1263 1222 1524 1280 fratribus
1568 1224 1705 1294 ejus,
1743 1223 1869 1294 quia

294 1316 586 1389 Evangelio
615 1316 814 1373 Christi
839 1334 938 1389 per
969 1327 1277 1374 sanctorum
1322 1319 1734 1391 praedicatorum
1763 1316 1867 1372 mi-

291 1410 517 1466 nisteria
561 1410 774 1466 defendi
809 1412 1045 1485 gestiunt
1083 1418 1272 1468 contra
1317 1410 1659 1466 Timotheum
1712 1409 1871 1479 spiri-

292 1500 478 1568 talem,
507 1502 572 1557 de
598 1518 706 1572 quo
735 1518 899 1573 supra
929 1503 1183 1569 diximus,
1213 1510 1268 1558 et
1299 1502 1474 1558 socios
1498 1501 1632 1573 ejus.

362 1592 517 1661 Quod
569 1602 749 1649 autem
811 1603 1215 1665 conqueruntur
1271 1593 1531 1649 Israelita:
1579 1593 1647 1649 de
1700 1588 1871 1648 inter-

210 1732 228 1748 ,
291 1684 525 1742 fectione
553 1686 790 1742 virorum
813 1703 1033 1743 suorum
1055 1696 1111 1744 et
1134 1688 1467 1758 captivitate,
1498 1685 1735 1744 ostendit
1763 1703 1868 1743 non

294 1776 563 1832 modicum
587 1777 729 1849 apud
758 1777 944 1834 ﬁdeles
964 1794 1083 1835 esse
1110 1780 1349 1851 gentium
1378 1779 1868 1851 dolorem,quando

1969 576 2296 633 resurrectio
2320 573 2520 631 Christi
2554 575 2824 632 veraciter
2848 575 3120 631 credenda
3149 590 3271 632 esse
3309 576 3556 635 docetur.

2037 665 2109 724 Et
2130 668 2256 722 abiit
2273 666 2454 724 Simon
2469 670 2524 722 in
2540 666 2839 735 Galilwam,
2857 678 2913 723 et‘
2928 670 3184 725 commisit
3194 669 3378 742 prazlia
3394 670 3563 728 multa

1967 775 2086 813 cum
2138 759 2395 830 gentibus,
2443 767 2549 815 etc.
2598 758 2901 816 Committit
2949 759 3137 818 Simon
3166 762 3349 834 praelia
3390 763 3560 823 multa

1967 865 2091 908 cum
2131 851 2407 921 gentibus,
2450 866 2576 906 cum
2614 852 2998 922 praedicatores
3040 854 3213 909 sancti
3255 866 3353 925 per
3384 864 3559 914 totum

1967 940 2230 997 mundum
2260 940 2618 997 idololatriam
2652 950 2707 996 et
2736 940 2991 999 confusos
3017 944 3256 1016 gentium
3286 945 3561 1005 debellare

1970 1037 2186 1086 certant
2215 1044 2461 1098 errores;
2512 1038 2567 1086 et
2594 1030 2841 1087 contriue
2870 1043 2996 1089 sunt
3026 1042 3212 1105 gentes
3247 1050 3276 1089 a
3307 1034 3445 1091 faeie
3471 1051 3563 1092 θος

1968 1136 2111 1187 rum,
2140 1137 2263 1176 eum
2304 1122 2656 1192 pertinaciam
2703 1122 2989 1180 resistendi
3020 1123 3310 1199 Evangelia
3340 1125 3434 1182 Dei
3465 1124 3558 1183 de-

1968 1220 2199 1284 ponunt.
2231 1208 2543 1267 Persecutus
2575 1223 2651 1268 est
2698 1230 2784 1269 eos
2817 1230 2978 1287 usque
3026 1215 3095 1270 ad
3124 1222 3333 1287 portam
3371 1214 3557 1274 Ptole-

1970 1305 2195 1372 maidis,
2242 1320 2363 1360 cum
2408 1305 2462 1360 in
2510 1305 2621 1361 suis
2669 1304 3173 1373 adinventionibus,
3216 1307 3413 1377 quibus
3459 1323 3565 1381 per

1970 1395 2147 1452 studia
2201 1412 2339 1452 vana
2426 1396 2879 1452 machinabantur
2961 1398 3337 1454 contradicere
3394 1400 3565 1459 verbo

1971 1484 2097 1553 Dei,
2130 1487 2244 1559 ipsa
2274 1488 2502 1543 veritate
2542 1488 2781 1558 superati
2827 1490 3112 1561 capiuntur
3143 1499 3306 1562 atque
3348 1488 3563 1548 confes-

1970 1579 2125 1636 sione
2166 1587 2328 1637 rectae
2372 1579 2498 1637 ﬁdei
2536 1579 2916 1651 subjiciunthr.
2968 1583 3121 1640 Unde
3170 1593 3297 1656 apte
3331 1584 3561 1657 subjun-

1970 1678 2117 1743 gttur
2140 1689 2154 1726 :

2042 1760 2113 1816 Et
2160 1762 2454 1817 ceciderunt
2481 1762 2545 1818 de
2570 1763 2806 1835 gentibus
2834 1764 2943 1834 fere
2966 1765 3069 1820 tria
3106 1764 3277 1821 millia
3301 1768 3557 1825 virorum.

292 1870 543 1926 viderunt
577 1870 786 1943 aliquos
835 1888 1056 1928 suorum
1082 1888 1110 1927 a
1145 1873 1374 1929 veritate
1401 1871 1688 1940 secedere,
1726 1881 1781 1927 et
1812 1870 1864 1925 in

1976 1851 2073 1921 Qui
2118 1852 2184 1909 de
2233 1853 2497 1925 superbia:
2539 1856 2869 1925 nequissimo
2897 1864 3039 1910 statu
3081 1858 3135 1912 in
3180 1859 3559 1928 paenitentiam

292 1977 531 2017 errorem
560 1979 850 2035 pravorum
873 1979 1149 2034 corruere,
1171 1974 1279 2023 etc.

363 2052 433 2106 Et
466 2070 581 2107 ecce
626 2054 721 2109 alii
748 2057 920 2111 nuntii
958 2066 1202 2113 venerunt
1235 2058 1301 2112 de
1335 2054 1558 2113 Galiltea
1594 2056 1870 2113 ronscissis

291 2143 481 2198 tunicis
509 2146 807 2201 nuntiantes
852 2146 1002 2201 verba
1044 2147 1176 2216 lucc,
1202 2156 1310 2206 etc.
1349 2148 1434 2204 Illi
1462 2150 1555 2220 qui
1600 2148 1668 2204 de
1702 2149 1871 2205 variis

290 2233 421 2291 locis
455 2237 768 2310 alienigena:
813 2250 1183 2297 convenerunt
1219 2242 1288 2299 ad
1325 2244 1750 2300 consumendum
1778 2258 1873 2315 po-

288 2326 472 2401 pulum
500 2331 616 2397 Dei,
648 2332 933 2389 manifeste
956 2332 1235 2406 designant
1272 2338 1514 2409 gentium
1544 2337 1748 2409 plebes,
1780 2337 1871 2407 qui

292 2419 346 2475 in
399 2418 716 2481 infidelitate
762 2434 921 2493 sunt,
964 2428 1139 2484 adhuc
1178 2428 1315 2484 bella
1362 2445 1426 2484 ac
1466 2428 1873 2500 persecutiones

292 2515 549 2575 adversus
580 2518 916 2578 Christianos
934 2538 1295 2580 commovere.
1323 2522 1430 2581 Sed
1449 2526 1645 2582 auditis
1670 2538 1873 2582 sermo-

289 2607 448 2665 nibus
492 2626 631 2681 quos
677 2612 905 2670 diversae
952 2613 1248 2688 legationes
1293 2618 1362 2672 ad
1391 2616 1584 2672 Iudam
1615 2629 1668 2673 et
1696 2620 1874 2676 socios

290 2700 407 2772 ejus
457 2702 795 2773 detulerunt,
844 2708 1075 2761 convenit
1118 2707 1335 2763 ecclesia
1401 2725 1592 2780 magna
1646 2710 1874 2781 cogitare

289 2792 414 2863 quid
437 2792 662 2862 facerent
686 2795 751 2851 de
771 2796 1024 2867 fratribus
1044 2800 1153 2854 suis
1178 2802 1265 2873 qui
1283 2802 1337 2854 in
1351 2802 1687 2856 tribulatione
1700 2813 1872 2870 erant,

289 2892 337 2937 et
368 2885 803 2955 expugnabantur
849 2888 913 2942 ab
960 2888 1193 2944 inimicis
1244 2891 1414 2962 :quia
1472 2892 1635 2947 totius
1676 2902 1875 2949 sanctae

291 2969 547 3031 Ecclesia:
585 2976 888 3033 sollicitudo
914 2994 979 3034 ac
1023 2995 1155 3035 cura
1200 2989 1283 3036 est
1310 2982 1567 3050 maxima,
1607 2986 1876 3055 quomodo

291 3072 479 3119 contra
516 3066 758 3124 diversos
803 3068 1019 3137 hostes,
1049 3072 1152 3127 hoc
1199 3082 1283 3129 est
1319 3072 1533 3131 Iudaeos
1561 3117 1577 3143 ,
1615 3092 1875 3148 paganos,

291 3152 578 3215 hzereticos
623 3168 783 3232 atque
836 3162 1234 3232 schismaticos,
1266 3164 1406 3223 ﬁlios
1446 3184 1573 3225 suos
1602 3170 1872 3227 defendat.

290 3244 392 3306 Hie
422 3266 637 3324 quoque
672 3254 922 3325 prudenti
967 3258 1192 3312 consilio
1235 3276 1299 3315 ac
1329 3268 1443 3316 toto
1468 3262 1587 3318 nisu
1634 3279 1757 3319 cum
1786 3265 1874 3322 his

291 3343 383 3413 qui
412 3344 738 3402 eruditiores
777 3362 843 3402 ac
865 3345 1119 3403 fortiores
1150 3350 1396 3406 videntur
1430 3367 1549 3409 esse
1590 3355 1643 3410 in
1673 3354 1779 3412 fide
1807 3372 1873 3413 ac

290 3430 551 3486 virtutum
586 3449 749 3505 opere
797 3435 907 3508 agit
938 3478 953 3503 ,
990 3438 1221 3509 qualiter
1261 3439 1506 3499 hostibus
1553 3445 1792 3514 resistat,
1819 3456 1876 3504 et

292 3537 420 3579 suos
445 3534 742 3596 opportune
763 3528 1033 3585 defendat.

361 3610 610 3687 Dixitque
641 3616 812 3675 Iudas
855 3618 1058 3675 Simoni
1095 3621 1251 3691 fratri
1290 3640 1386 3679 suo
1413 3666 1428 3691 ,
1468 3632 1576 3682 etc.
1612 3626 1766 3684 Sicut
1787 3630 1873 3686 di-

292 3720 463 3763 versae
491 3719 619 3766 sunt
656 3711 1087 3785 impugnationes
1127 3715 1381 3773 Ecclesiae
1404 3720 1472 3775 ab
1504 3720 1769 3789 hostibus,
1795 3722 1876 3780 sic

292 3805 348 3853 et
376 3798 628 3857 distincta
656 3801 853 3859 debent
886 3821 1005 3862 esse
1028 3806 1211 3877 praelia
1251 3809 1612 3881 spiritualium
1651 3813 1876 3870 bellato-

291 3906 432 3946 rum.
455 3892 498 3948 lt
520 3894 681 3965 igitur
708 3894 892 3953 Simon
915 3898 969 3954 in
992 3898 1265 3956 Galilazam
1291 3918 1415 3957 cum
1441 3903 1610 3960 tribus
1636 3904 1875 3962 millibus

291 3986 443 4051 viris,
500 3989 642 4044 sicut
688 3990 745 4045 in
787 3994 1139 4061 sequentibus
1184 3996 1489 4052 ostenditur
1515 4037 1532 4065 ,
1578 4006 1637 4053 ut
1682 3999 1875 4055 liberet

292 4075 489 4132 fratres
513 4094 669 4148 suos;
695 4079 861 4136 Iudas
891 4091 1068 4139 autem
1092 4094 1145 4139 et
1164 4084 1425 4144 Jonathas
1448 4096 1576 4144 eunt
1596 4090 1653 4151 in
1678 4088 1875 4145 Galaa-

293 4170 448 4227 ditim
484 4189 605 4229 cum
637 4185 759 4230 octo
785 4176 1038 4231 millibus.
1068 4178 1130 4233 Et
1166 4179 1291 4247 quid
1328 4195 1425 4250 per
1457 4178 1756 4249 Simonem,
1781 4183 1874 4252 qui

292 4265 349 4321 in
380 4263 675 4335 Galilmam,
700 4268 801 4325 hoc
835 4276 919 4323 est
943 4278 1138 4336 rotam,
1169 4270 1434 4337 mittitur,
1482 4273 1585 4328 nisi
1614 4274 1876 4344 praedica-

295 4368 443 4416 tores
472 4361 525 4415 in
553 4370 741 4434 gentes
780 4360 970 4417 directi
1018 4363 1387 4431 insinuantur;
1419 4366 1511 4434 qui
1552 4381 1672 4420 cum
1706 4366 1877 4422 tribus

294 4451 551 4519 millibus,
576 4453 678 4509 hoc
706 4462 810 4517 est,
841 4470 962 4509 cum
990 4464 1188 4510 sanctae
1226 4454 1503 4510 Trinitatis
1533 4456 1655 4522 ﬁde,
1688 4465 1875 4512 contra

1970 1956 2318 2015 peccatorum
2346 1948 2678 2014 decidentes,
2710 1949 2902 2004 melius
2926 1965 3024 2022 per
3052 1950 3210 2006 ﬁdem
3240 1962 3446 2010 rectam
3478 1970 3565 2010 re-

1971 2039 2262 2110 surgendo,
2288 2038 2343 2093 in
2373 2037 2637 2095 bonorum
2659 2056 2885 2112 operum
2907 2049 3052 2097 statu
3088 2043 3221 2116 erigi
3259 2053 3559 2102 merentur.

1972 2124 2213 2201 Quorum
2261 2132 2430 2204 spolia
2472 2134 2669 2205 accipit
2703 2135 2920 2201 Simon,
2961 2151 3085 2191 cum
3126 2136 3388 2208 quidquid
3417 2137 3565 2194 litte-

1971 2239 2158 2281 rarum
2203 2226 2429 2282 scientia
2456 2226 2540 2283 vel
2576 2228 2987 2299 investigatione
3015 2229 3266 2287 veritatis
3310 2228 3561 2287 elabora-

1970 2318 2170 2384 verint,
2203 2326 2375 2375 totum
2421 2320 2477 2375 in
2531 2320 2844 2377 servitutem
2893 2322 2987 2377 Dei
3033 2321 3223 2379 doctor
3259 2322 3562 2382 catholicus

1972 2420 2289 2468 convertere
2344 2412 2561 2479 studet;
2616 2415 2755 2470 unde
2793 2412 3013 2485 plurimi
3064 2432 3250 2474 eorum
3295 2419 3388 2491 qui
3427 2419 3563 2475 libe-

1974 2502 2178 2558 ralibus
2218 2504 2425 2559 artibus
2469 2503 2569 2559 sub
2618 2504 2801 2575 gentili
2855 2509 3269 2567 conversatione
3328 2510 3565 2568 instituti

1973 2592 2241 2650 fueruntl
2429 2596 2553 2652 Illos
2596 2608 2778 2654 autem
2823 2601 2916 2670 qui
2963 2600 3180 2657 fuerunt
3227 2602 3564 2673 in'Galilaea,

1975 2702 2098 2742 cum
2127 2688 2384 2745 uxoribus
2410 2696 2465 2744 et
2512 2689 2654 2745 natis
2682 2698 2737 2744 et
2774 2691 3026 2748 omnibus
3070 2708 3191 2764 qute
3238 2704 3396 2751 erant
3436 2712 3561 2752 cum

1975 2780 2074 2844 eis,
2124 2780 2347 2837 adduxit
2392 2783 2443 2836 in
2497 2780 2737 2838 Indicam
2783 2800 2904 2839 cum
2954 2785 3140 2842 laetitia
3186 2804 3406 2859 magna,
3440 2806 3564 2846 cum

1975 2864 2275 2928 catholicos
2352 2873 2658 2945 quoslibet.
2732 2876 2913 2932 saaculi
2991 2880 3201 2936 actibus
3275 2883 3566 2953 implicitos

1976 2956 2076 3035 per
2144 2966 2441 3023 doctrinam
2508 2966 2787 3039 Evangelii
2850 2970 2973 3026 inde
3037 2988 3269 3041 eruens,
3318 2990 3384 3030 ea
3446 2989 3569 3046 quae

1980 3064 2106 3114 sunt
2147 3058 2243 3115 Dei
2295 3067 2405 3116 tota
2456 3059 2818 3117 sollicitudine
2866 3070 3088 3135 totoque
3136 3066 3257 3122 nisu
3310 3076 3568 3140 appetere

1982 3150 2158 3207 docet.

1903 3220 1950 3285 ο
2050 3242 2120 3298 Et
2169 3243 2340 3300 Iudas
2390 3243 2727 3304 Machabwus
2774 3258 2822 3304 et
2857 3248 3117 3309 Ionathas
3144 3262 3193 3309 et
3229 3253 3396 3326 frater
3448 3258 3565 3328 ejus

1976 3338 2293 3393 transierunt
2327 3337 2638 3408 Iordanem,
2666 3350 2770 3397 etc.
2814 3341 3015 3399 Contra
3059 3362 3155 3402 eos
3199 3348 3290 3417 qui
3321 3349 3564 3420 captivos

1972 3428 2187 3487 Iudaeos
2214 3430 2270 3485 in
2298 3428 2631 3488 Galaaditide
2654 3432 3001 3490 detinuerunt
3029 3434 3193 3492 Iudas
3222 3437 3563 3495 Macbabteus

1974 3528 2031 3576 et
2057 3518 2225 3578 frater
2262 3521 2379 3594 ejus
2423 3518 2685 3579 Ion‘athas
2713 3539 2837 3579 cum
2866 3527 3153 3583 comitibus
3200 3529 3315 3584 suis
3343 3529 3563 3597 directi,

1976 3613 2306 3667 transierunt
2350 3609 2641 3669 Iordanem
2685 3622 2739 3670 et
2784 3615 3035 3672 abierunt
3067 3617 3211 3673 viam
3254 3618 3418 3674 trium
3454 3619 3569 3676 die-

1975 3716 2095 3757 rum
2134 3716 2231 3772 per
2256 3704 2528 3759 desertum
2554 3721 2567 3758 :
2599 3704 2672 3759 ita
2699 3706 3087 3775 praedicatores
3130 3711 3307 3766 sancti
3338 3712 3406 3767 ad
3437 3726 3569 3767 con-

1975 3794 2245 3849 vocandos
2288 3794 2534 3851 homines
2577 3796 2643 3851 ad
2692 3795 2855 3853 ﬁdem
2903 3790 3137 3866 Christi,
3183 3808 3238 3856 et
3285 3801 3352 3857 ad
3398 3817 3567 3874 expu-

1977 3885 2218 3955 gnandos
2274 3884 2528 3942 Iudaicos
2587 3895 2750 3958 atque
2816 3888 3194 3947 schismaticos
3241 3907 3459 3949 errores
3507 3893 3561 3949 in

1976 3978 2235 4032 mundum
2286 3978 2508 4045 directi,
2552 3980 2786 4049 primum
2835 3987 3117 4037 transeunt
3149 3980 3471 4051 Iordanem,
3516 3985 3570 4040 id

1975 4072 2095 4133 est,
2140 4083 2237 4137 per
2264 4068 2514 4139 baptismi
2543 4082 2944 4127 sacramentum
2977 4074 3042 4127 de
3075 4075 3312 4130 tenebris
3341 4076 3569 4132 inﬁdeli-

1977 4152 2106 4216 tatis
2146 4161 2200 4215 in
2250 4162 2479 4231 gratiam
2522 4159 2723 4217 Christi
2768 4164 3001 4233 primum
3051 4170 3437 4223 transeundum
3470 4171 3562 4223 do-

1977 4260 2118 4313 cent,
2159 4258 2449 4306 attestante
2483 4251 2598 4321 ipsa
2630 4250 2872 4307 Veritate
2900 4256 3041 4323 quod
3071 4257 3172 4311 nisi
3199 4261 3315 4329 quis
3351 4270 3564 4315 renatus

1977 4344 2135 4417 fuerit
2163 4362 2225 4399 ea:
2250 4357 2297 4400 et
2327 4362 2466 4417 aqua
2503 4343 2702 4415 Spiritu
2724 4357 2903 4401 sancto
2937 4364 3040 4403 non
3081 4361 3247 4421 potest
3267 4353 3483 4409 introire
3514 4358 3570 4411 in

1979 4452 2193 4510 regnum
2243 4438 2355 4493 Dei.
2402 4438 2605 4493 Deinde
2646 4440 2785 4493 viam
2817 4441 2980 4495 trium
3011 4441 3225 4499 dierum
3259 4461 3357 4517 per
3384 4447 3569 4502 deser-

294 4549 633 4605 adveharios
657 4565 783 4606 suos
811 4551 887 4606 ire
920 4560 1193 4621 parantes,
1221 4567 1317 4622 per
1346 4552 1711 4622 evangvlicam
1742 4566 1877 4622 pm,
1903 4569 1955 4629 Β
1980 4533 2360 4629 tumabetnit:
2375 4531 2499 4629 quia
2533 4539 2731 4629 sanctae
2766 4529 3049 4629 Trinitatis
3092 4535 3274 4601 ﬁdem,
3312 4552 3472 4606 quam
3515 4537 3567 4591 in

295 4638 618 4698 dicationem
649 4641 831 4698 hostes
860 4642 1093 4712 dejicere
1115 4650 1169 4697 et
1202 4642 1483 4697 credentes
1523 4641 1753 4696 liberare
1780 4641 1875 4695 de-

295 4741 525 4790 certant.
553 4730 718 4789 Iudas
743 4742 923 4788 autem
949 4743 1004 4789 et
1037 4731 1297 4788 Jonatbas
1344 4733 1462 4787 illos
1509 4732 1759 4787 doctores
1783 4746 1875 4785 ex-

295 4826 538 4899 primunt
560 4826 671 4895 qui,
696 4827 750 4879 in
777 4825 958 4881 Iudaa
985 4827 1207 4881 verbum
1236 4825 1330 4880 Dei
1358 4824 1734 4895 praedicantes,
1763 4824 1879 4880 sive

295 4918 530 4988 Iudaeos,
559 4921 672 4975 sive
698 4929 751 4975 et
776 4922 1059 4976 haereticos
1078 4960 1093 4987 ,
1119 4918 1520 4990 Scripturarum
1554 4917 1880 4973 testimoniis

296 5015 600 5080 abutentes,
638 5028 734 5083 per
781 5014 1066 5068 veritatem
1108 5013 1224 5068 sani
1265 5010 1569 5067 intellectus
1611 5009 1880 5065 debellare

296 5109 535 5165 student.
576 5106 643 5160 Et
665 5113 790 5160 nota
825 5104 967 5174 quod
996 5113 1184 5159 contra
1210 5102 1437 5174 gentiles
1472 5101 1646 5157 solum
1689 5100 1876 5156 Simon

299 5216 420 5255 cum
447 5200 559 5253 suis
586 5197 859 5261 mittitur,
908 5203 1097 5250 contra
1142 5192 1355 5250 ιῐιιιιίεοε
1402 5203 1582 5248 autem
1627 5201 1681 5249 et
1705 5194 1877 5247 haere-

298 5295 437 5351 tieos
472 5293 578 5346 duo
614 5304 840 5361 pergere
864 5303 987 5343 cum
1024 5287 1269 5359 pluribus
1297 5286 1591 5341 moliuntur
1621 5302 1636 5338 :
1673 5284 1799 5355 quia
1822 5283 1877 5339 iii

297 5378 548 5459 gentibus
574 5380 688 5438 sola
716 5379 1019 5436 idololatria
1048 5391 1170 5432 cum
1199 5391 1384 5433 errore
1405 5375 1667 5446 paganica
1697 5374 1879 5430 debel-

297 5474 458 5532 landa
514 5481 671 5538 erat,
719 5472 773 5527 in
819 5470 1019 5526 Iudaeis
1066 5484 1195 5524 vero
1261 5477 1316 5525 et
1377 5467 1647 5524 haereticis
1681 5466 1877 5538 partim

299 5577 583 5625 veteranus
611 5579 759 5629 usus,
782 5562 979 5636 partim
1002 5577 1138 5616 nova
1170 5560 1501 5631 superstitio,
1533 5574 1628 5630 per
1650 5559 1877 5616 duorum

302 5654 763 5717 Testamentorum
778 5656 1076 5727 spiritalem
1102 5654 1382 5723 scientiam
1429 5652 1745 5725 corrigenda
1769 5651 1880 5709 fue-

301 5762 445 5813 runt.
486 5753 588 5810 Ubi
627 5762 749 5809 octo
795 5752 958 5807 millia
1005 5752 1242 5807 virorum
1291 5755 1597 5814 sumuntur,
1628 5749 1752 5818 quia
1804 5748 1876 5802 ibi

377 5884 401 5915 ιι
430 5868 591 5931 Deest
627 5867 841 5941 aliquid.

1980 4621 2301 4689 baptismate
2330 4620 2515 4676 ﬁdeles
2540 4623 2738 4692 quique
2788 4624 3130 4694 proﬁtentur,
3179 4635 3292 4682 toto
3324 4635 3569 4698 tempore

1978 4714 2245 4770 incolatus
2273 4715 2429 4770 istius
2459 4717 2643 4771 mundi
2668 4733 2790 4772 cum
2812 4719 2969 4774 bonis
2992 4718 3248 4789 operibus
3278 4722 3560 4776 observan-

1981 4807 2104 4861 dam
2143 4819 2262 4861 esse
2306 4807 2593 4863 affirmant.
2634 4807 2789 4877 Quod
2831 4818 3012 4865 autem
3055 4810 3335 4868 Nabuthaai
3371 4828 3567 4868 occur-

1980 4904 2169 4951 rerunt
2214 4898 2292 4953 eis
2335 4898 2579 4969 paciﬁce,
2623 4908 2678 4955 et
2708 4910 3211 4972 narraVeruntquaa
3252 4902 3570 4959 acciderunt

1981 4985 2240 5044 fratribus
2266 4992 2316 5044 in
2345 4990 2697 5057 Galaaditide,
2740 4993 3010 5064 significat
3060 4995 3201 5064 quod
3232 4996 3390 5050 dicta
3440 5010 3569 5051 san-

1983 5092 2193 5139 ctorum
2238 5085 2622 5156 prophetarum
2665 5073 2978 5142 doctoribus
3021 5087 3224 5143 sanctis
3264 5096 3566 5158 opportune

1984 5177 2233 5233 solatium
2292 5179 2609 5245 conferunt,
2658 5193 2780 5233 cum
2841 5182 3023 5236 omnia
3066 5197 3186 5252 qure
3231 5179 3566 5237 credentium

1985 5267 2315 5345 [credentes]
2364 5271 2417 5325 in
2458 5268 2733 5326 Christum
2772 5272 2979 5341 passuri
3009 5280 3135 5327 sunt
3182 5278 3449 5328 tormenta
3483 5279 3569 5329 at-

1985 5362 2271 5422 testatione
2320 5380 2417 5421 sua
2476 5363 2759 5419 manifesta
2816 5364 3039 5421 faciunt.
3094 5360 3374 5423 Nabuthtci
3420 5365 3568 5424 enim

1982 5459 2348 5531 prophetantes
2400 5457 2857 5527 interpretantur,
2904 5473 3228 5531 erroresque
3276 5462 3437 5530 quos
3465 5453 3565 5514 ﬁlii

1982 5550 2301 5622 perditionis
2330 5559 2516 5606 contra
2547 5550 2835 5609 veritatem
2861 5550 3135 5624 Evangelii
3172 5550 3373 5608 Christi
3398 5560 3569 5622 oppo-

1982 5660 2115 5700 nere
2165 5645 2543 5700 machinantur
2585 5660 2712 5701 vero
2757 5645 3008 5702 vaticinia
3050 5645 3365 5717 przedicunt.
3405 5640 3566 5702 Unde

1982 5735 2119 5793 Osee
2149 5748 2343 5793 vaccas
2378 5721 2615 5792 Bethave
2654 5744 2707 5792 et
2751 5732 3083 5795 habitatores
3126 5730 3386 5793 Samariae
3420 5728 3565 5796 inse-
