4028 6536
524 335 666 395 116⁸1

1162 329 1224 385 Β.
1265 326 1521 386 RABANI
1555 325 1778 385 MAURI
1810 324 2133 385 ARCHIEP.
2170 326 2484 388 MOGUNT.
2523 326 2810 388 OPERUM
2848 325 3030 388 PARS
3061 327 3104 385 1.

3620 330 3750 389 ’1168

408 511 433 529 ,η
525 455 710 527 quitur
730 449 877 524 (Ose.
903 446 1002 522 tv),
1028 454 1083 504 et
1106 446 1273 502 Amos
1301 445 1669 503 sacriﬁcantes
1692 446 1758 501 de
1786 444 2111 501 fermentato
2136 453 2190 513 Α
2217 422 2398 520 agnita
2421 447 2624 503 virtute
2648 454 2705 503 et
2729 447 2963 503 veritate
2989 445 3199 504 Domini
3220 446 3401 505 nostri
3424 445 3548 504 Iesu
3565 447 3753 518 Christi,

525 543 740 600 laudem
781 540 1084 611 vituperat,
1112 553 1215 592 nec
1259 552 1369 592 non
1408 552 1503 593 cos
1540 537 1636 606 qui
1679 543 2005 593 convertunt
2050 534 2107 591 in

523 635 896 709 parasiuthum
911 645 936 673 ει
954 630 1220 704 judicium
1240 636 1295 685 et
1310 629 1598 701 justitiam,
1619 636 1675 684 et
1693 627 1970 699 accipiunt
1990 643 2111 683 mu-

523 743 626 783 nus
649 725 1062 797 deprimuntque
1086 735 1350 795 pauperes
1377 721 1431 776 in
1449 728 1606 793 porta
1628 720 1808 793 (Amos
1836 720 1936 793 tv),
1961 719 2110 777 dete-

522 828 720 876 statur.
747 815 904 885 Quod
930 823 1111 870 autem
1138 813 1561 883 comprehensos
1590 827 1710 867 esse
1744 811 2009 883 quosdam
2038 826 2108 866 ex

521 912 723 970 Judteis
750 910 804 966 in
845 909 1044 964 Barasa
1070 916 1125 963 et
1151 906 1338 972 Bosor,
1362 904 1646 961 Nabuthzei
1682 904 1944 970 indicant,
1970 902 2111 959 bene

522 1002 759 1060 nominis
785 1016 976 1057 eorum
1002 998 1377 1069 interpretatio
1403 995 1656 1053 effectum
1705 996 1781 1050 rei
1807 994 2102 1066 exprimit;

522 1098 912 1170 interpretatur
944 1093 1093 1150 enim
1118 1092 1323 1147 Barasa
1368 1099 1423 1146 et
1467 1091 1636 1147 Bosor
1666 1088 2027 1144 tributatioues
2055 1096 2112 1143 et

521 1192 788 1265 angustia,
821 1188 949 1261 quia
977 1202 1178 1253 omnes,
1208 1182 1364 1253 juxta
1386 1183 1540 1238 Pauli
1568 1196 1777 1247 vocem,
1812 1181 1905 1251 qui
1934 1178 2110 1234 volunt

518 1284 605 1357 pie
646 1284 812 1338 vivere
848 1281 905 1335 in
949 1277 1190 1345 Christo,
1231 1276 1637 1348 persecutionem
1675 1274 1963 1346 patientur,
2007 1286 2110 1327 nec

521 1373 741 1447 effugiet
789 1371 1172 1430 hzereticorum
1213 1369 1491 1440 injuriam,
1518 1368 1612 1438 qui
1658 1382 1803 1423 sanae
1841 1364 1963 1421 ﬁdei
1994 1380 2102 1420 ser-

520 1482 651 1523 vare
674 1467 950 1523 contendit
975 1465 1295 1522 doctrinam.
1321 1464 1468 1533 Quos
1491 1462 1728 1519 Joannes
1753 1461 2027 1533 apostolus
2053 1460 2109 1515 in

518 1555 845 1628 Apocalypsi
876 1571 974 1613 sua
999 1555 1298 1612 cruciatum
1323 1554 1524 1618 facere,
1549 1553 1689 1609 sicut
1717 1553 1992 1608 cruciatus
2024 1559 2109 1607 est

518 1651 861 1721 scorpionum
901 1665 1026 1705 cum
1054 1647 1290 1719 percutit
1331 1647 1630 1713 hominem,
1660 1645 1945 1710 describit;
1980 1644 2109 1715 quia

516 1742 661 1799 sicut
688 1741 1001 1812 scorpiones
1028 1754 1294 1797 venenum
1328 1738 1383 1794 in
1423 1737 1595 1794 cauda
1618 1744 1861 1808 portant,
1894 1736 1970 1791 ita
2000 1736 2109 1790 hae-

517 1837 674 1899 retici
703 1837 760 1892 in
788 1832 1255 1892 consummatione
1282 1829 1491 1885 fraudis
1518 1828 1782 1884 malitiam
1806 1828 2109 1896 occultant,

515 1944 626 2001 quo
649 1926 822 1996 magis
842 1926 1092 1981 incautos
1115 1937 1224 1978 non
1250 1928 1438 1993 aperta
1466 1917 1666 1987 fronte,
1694 1920 1789 1976 sed
1813 1918 2107 1975 latentibus

516 2020 732 2078 insidiis
763 2023 1035 2076 noceant.'

587 2111 658 2166 Et
687 2111 937 2166 convertit
968 2106 1142 2163 Iudas
1179 2114 1228 2162 et
1257 2106 1515 2161 exercitus
1550 2105 1689 2177 ejus,
1717 2112 1821 2162 etc.
1854 2105 1912 2160 In
1949 2121 2109 2177 supe-

517 2202 753 2260 rioribus
814 2207 1004 2256 narrat
1054 2197 1306 2255 civitates
1362 2195 1750 2263 Galaaditidis,
1797 2197 1854 2252 in
1910 2198 2109 2269 quibus

515 2297 894 2372 comprehensi
922 2303 1050 2353 sunt
1083 2293 1273 2361 Judaei,
1311 2293 1549 2350 munitas
1586 2292 1755 2349 fuisse
1777 2300 1833 2349 et
1861 2308 2103 2363 magnas,

514 2406 652 2463 quas
682 2390 866 2466 [quos]
890 2389 1056 2446 ludas
1083 2388 1278 2445 statuit
1301 2388 1357 2442 in
1386 2402 1493 2443 una
1534 2387 1623 2443 die
1648 2385 2108 2456 comprehendere

515 2493 571 2542 et
600 2485 790 2541 tollere
824 2502 839 2540 :
886 2483 1014 2554 quia
1059 2498 1157 2553 per
1196 2480 1466 2536 unitatem
1504 2479 1887 2550 praedicatores
1935 2478 2107 2534 sancti

516 2577 801 2633 destruere
854 2576 1150 2645 disponunt
1204 2586 1396 2628 omnes
1453 2570 1784 2626 munitiones
1846 2568 2109 2625 falsarum

516 2669 885 2725 doctrinarum
914 2682 1051 2737 quas
1090 2664 1331 2721 haeretici
1362 2664 1694 2720 constituunt
1730 2663 1798 2717 ad
1826 2661 2109 2732 decipien-

517 2762 615 2817 das
659 2761 869 2816 animas
916 2757 1288 2814 innocentium
1334 2765 1389 2812 et
1435 2756 1787 2828 captivandas
1831 2755 2109 2812 erroribus

516 2852 648 2910 suis.
678 2850 833 2908 Nunc
873 2857 1057 2907 autem
1095 2850 1227 2906 dicit
1260 2847 1455 2904 Judam
1484 2847 1540 2903 in
1567 2848 1785 2903 deserto
1818 2845 1990 2903 Bosor
2017 2860 2111 2902 oc-

515 2959 745 3016 cupasse
772 2942 944 3001 Bosor
976 2942 1271 3005 civitatem,
1296 2948 1351 2996 et
1376 2939 1625 2996 occidere
1645 2953 1863 2994 omnem
1893 2953 2110 2995 mascu-

515 3035 630 3091 lum
662 3037 718 3092 in
747 3050 843 3091 ore
869 3034 1067 3108 gladii,
1104 3040 1162 3090 et
1196 3031 1414 3090 auferre
1458 3031 1628 3103 spolia
1657 3047 1868 3098 eorum,
1895 3040 1953 3087 et
1979 3045 2105 3087 suc-

515 3129 747 3185 cendere
798 3143 921 3184 eam
971 3126 1121 3199 igni;
1169 3126 1296 3197 quia
1351 3126 1455 3181 hoc
1511 3139 1837 3197 magnopere
1892 3123 2108 3179 student

2208 540 2485 611 perterriti
2529 538 2771 611 fugiunt;
2817 548 2876 597 et
2918 539 3296 610 percutiuntur
3326 541 3330 545 ’
3363 555 3557 610 magna
3608 540 3755 612 plaga,

2207 633 2335 704 quia
2364 632 2420 688 in
2445 634 2526 689 eis
2550 632 2845 689 secundum
2867 632 3135 705 justitiam
3163 648 3260 703 per
3299 633 3552 688 doctores
3577 644 3760 693 sanctos

2208 735 2496 783 exercetur
2521 725 2884 781 anathematis
2910 724 3181 790 vindicta;
3222 726 3538 796 caduntque
3571 741 3635 781 ex
3676 728 3762 784 illis

2210 816 2327 876 fere
2348 827 2472 875 octo
2497 818 2664 873 millia
2690 818 2951 884 virorum,
2980 831 3104 873 cum
3133 818 3315 873 omnis
3337 816 3585 873 cumulus
3607 832 3763 875 eorum

2209 928 2346 983 quos
2374 920 2565 968 contra
2592 925 2840 967 veracem
2886 910 3215 966 intellectum
3256 910 3526 982 spiritalis
3563 910 3765 966 circum-

2211 1004 2453 1069 cisionis,
2479 1019 2577 1059 seu
2607 1011 2793 1059 contra
2819 1000 2980 1057 ﬁdem
3009 1001 3435 1058 resurrectionis
3461 999 3667 1056 Domini
3697 1017 3766 1058 no-

2210 1096 2307 1151 stri
2354 1093 2482 1151 Jesu
2528 1093 2732 1151 Christi
2776 1102 2832 1150 et
2876 1093 3244 1149 membrorum
3288 1092 3435 1163 ejus,
3481 1093 3768 1150 contrahere

2210 1185 2601 1253 moliebantur,
2641 1186 2760 1256 ipsa
2806 1184 3057 1241 vincente
3108 1185 3493 1240 destrueretur
3544 1181 3767 1239 Veritate.

2212 1281 2350 1337 Hinc
2389 1290 2473 1338 est
2509 1281 2654 1352 quod
2695 1279 2946 1336 Salvator
2974 1280 3027 1337 in
3064 1280 3364 1351 Evangelio
3410 1279 3623 1335 solvens
3655 1281 3767 1352 typi-

2211 1388 2333 1428 cum
2372 1372 2688 1438 sabbatum,
2733 1372 2907 1442 prima
2955 1373 3186 1439 sabbati,
3215 1386 3341 1443 qua:
3371 1378 3430 1427 et
3471 1379 3653 1427 octava
3679 1371 3771 1427 dies

2210 1476 2331 1539 post
2375 1465 2680 1536 septimam,
2725 1464 3139 1522 resurrectionis
3188 1481 3300 1521 sua:
3348 1464 3511 1521 nobis
3555 1464 3774 1535 patefecit

2212 1565 2633 1615 sacramentum.
2665 1554 2802 1612 Hinc
2842 1564 2898 1613 et
2929 1555 3131 1612 Paulus
3159 1555 3445 1627 apostolus
3484 1554 3638 1610 docet
3679 1553 3774 1627 (Co-

2211 1652 2337 1707 loss.
2365 1651 2428 1723 u)
2473 1650 2940 1708 circumcisionem
2988 1665 3098 1705 non
3144 1665 3313 1704 manu
3367 1647 3570 1704 factam
3610 1648 3660 1703 in
3696 1663 3772 1703 ex-

2212 1742 2535 1815 spoliatione
2580 1740 2827 1812 corporis
2880 1741 3095 1807 carnis,
3136 1740 3235 1796 sed
3272 1738 3513 1811 Spiritu
3559 1737 3650 1793 Dei
3689 1736 3773 1793 viti
3816 1746 3826 1759 '

2138 1834 2186 1896 B
2214 1837 2269 1892 in
2313 1835 2568 1892 cordibus
2612 1833 2950 1890 credentium
2994 1834 3080 1908 agi
3127 1834 3372 1901 debere;
3427 1832 3571 1888 unde
3609 1841 3658 1887 et
3706 1831 3772 1886 lex

2208 1936 2365 1984 vetus
2410 1927 2735 2000 praeputium
2779 1926 2960 1983 cordis
3003 1926 3187 1982 docuit
3229 1940 3362 1982 esse
3415 1924 3773 1981 circumciden-

2207 2020 2359 2077 dum.

2280 2109 2409 2166 Post
2434 2112 2546 2167 lucc
2571 2119 2746 2166 autem
2769 2109 2921 2167 verba
2947 2111 3280 2182 congregavit
3323 2107 3629 2164 Timotheus
3652 2123 3771 2162 eser-

2208 2205 2370 2259 citum
2413 2204 2609 2269 alium,
2658 2212 2708 2258 et
2746 2211 2920 2258 castra
2963 2202 3137 2272 posuit
3181 2211 3369 2257 contra
3417 2199 3663 2271 Raphan,
3688 2208 3771 2255 etc.

2206 2296 2502 2368 Postquam
2530 2295 2847 2351 Timotheus
2873 2294 3041 2351 semel
3068 2301 3231 2365 atque
3260 2294 3470 2348 iterum
3495 2293 3662 2347 victus
3689 2298 3771 2355 est,

2208 2404 2317 2445 non
2362 2388 2598 2444 cessavit
2653 2402 2852 2459 augere
2898 2387 3229 2459 nequitiam,
3281 2386 3386 2442 sed
3443 2382 3774 2456 multiplicavit

2208 2483 2491 2539 malitiam.
2534 2482 2722 2538 Denuo
2752 2482 3017 2537 instaurat
3041 2480 3347 2536 exercitum
3392 2486 3585 2535 contra
3618 2476 3775 2532 ludant

2208 2584 2267 2631 et
2297 2576 2472 2632 socios
2506 2575 2659 2647 ejus:
2700 2575 2824 2647 quia
2865 2573 3138 2631 hzereticis
3180 2589 3289 2630 non
3335 2573 3477 2631 satis
3518 2580 3598 2629 est
3640 2568 3772 2627 semel

2209 2677 2374 2739 atque
2400 2669 2595 2725 iterum
2637 2668 2691 2723 in
2722 2684 2889 2740 parvo
2930 2682 3157 2723 numero
3200 2667 3589 2724 contentiones
3626 2678 3771 2734 agere,

2211 2761 2305 2817 sed
2334 2776 2473 2815 nova
2508 2760 2769 2816 adversus
2795 2759 3094 2816 Ecclesiam
3119 2775 3339 2830 semper
3368 2759 3608 2816 excitant
3643 2753 3766 2819 bella,

2210 2866 2275 2907 ac
2299 2852 2538 2923 perﬁdia:
2563 2867 2673 2908 sua:
2700 2851 3018 2924 multiplicia
3040 2850 3324 2913 effundunt
3359 2865 3591 2907 venena.
3614 2847 3770 2903 Castra

2208 2951 2416 3014 ponunt
2444 2954 2626 2999 contra
2657 2943 2882 3015 Raphou
2917 2954 3064 3000 trans
3093 2954 3400 3010 torrentem,
3434 2943 3561 3016 quia
3600 2953 3769 2998 summo

2210 3035 2333 3092 nisu
2363 3036 2628 3108 superbize
2653 3051 2766 3092 suae
2792 3037 3033 3093 excitant
3058 3035 3299 3092 furorem
3329 3045 3654 3104 moventque
3682 3028 3767 3086 hel-

2210 3127 2389 3184 lorum
2419 3136 2819 3199 tempestatem;
2850 3144 2952 3185 nec
2980 3144 3089 3184 non
3132 3136 3187 3184 et
3226 3129 3481 3197 Arabas,
3514 3126 3603 3199 qui
3639 3125 3772 3180 inter-

516 3222 689 3278 sancti
713 3222 963 3278 doctores
984 3228 1066 3288 ut,
1087 3228 1351 3292 occupata
1378 3218 1678 3274 munitione
1702 3218 2107 3284 haereticorum,
2134 3206 2182 3271 C
2212 3231 2499 3292 pretantur
2537 3232 2869 3294 campestres,
2914 3224 3118 3279 ducunt
3160 3222 3215 3278 in
3243 3221 3534 3287 auxilium,
3566 3218 3678 3289 quia
3701 3231 3772 3271 vo-

513 3330 733 3372 omuem
772 3314 1012 3385 vigorem
1072 3312 1384 3383 iniquarum
1439 3318 1741 3374 sectarum,
1793 3324 1959 3380 quam
2010 3324 2110 3380 per

515 3406 702 3463 mundi
749 3404 1146 3477 philosophiam
1191 3412 1248 3460 et
1304 3404 1521 3459 inanem
1577 3402 1847 3458 fallaciam
1909 3402 2112 3458 consti-

518 3507 694 3565 tuunt,
731 3498 910 3571 gladio
952 3497 1191 3571 Spiritus
1218 3499 1415 3564 sancti,
1444 3497 1589 3569 quod
1616 3505 1704 3554 est
1735 3497 1965 3552 verbum
2012 3497 2107 3552 Dei

518 3589 734 3661 (Ep/tes.
761 3589 860 3662 vt),
888 3588 1201 3657 destruant;
1233 3598 1502 3662 quatBnus
1544 3590 1599 3645 id
1627 3589 1771 3660 quod
1802 3603 1899 3658 per
1927 3596 2111 3645 osten-

516 3683 778 3738 tationem
809 3697 962 3738 suam
1002 3682 1079 3737 illi
1124 3682 1397 3739 ﬁnxerunt
1437 3698 1560 3739 esse
1601 3684 1971 3754 praecipuum,
2018 3681 2110 3737 isti

516 3771 892 3830 demonstrent
931 3789 1102 3846 nugas
1146 3788 1269 3831 esse
1301 3782 1358 3830 et
1398 3774 1672 3830 frivolum.
1702 3774 1992 3845 Accipiunt
2017 3791 2111 3832 au-

517 3874 625 3923 tem
651 3865 823 3938 spolia
841 3881 1052 3933 eorum,
1076 3883 1200 3923 cum
1220 3868 1528 3923 testimonia
1556 3868 1963 3938 Scripturarum
1989 3882 2113 3922 sau-

515 3965 752 4024 ctarum,
779 3958 977 4029 quibus
1005 3958 1160 4015 abusi
1204 3967 1351 4025 sunt,
1379 3958 1448 4013 ab
1475 3960 1556 4015 eis
1596 3959 1753 4030 quasi
1790 3959 1860 4014 ab
1894 3958 2112 4029 injustis

515 4050 923 4122 possessoribus
949 4053 1223 4118 auferunt,
1252 4052 1533 4122 ipsamque
1558 4052 1952 4108 confessionem
1983 4068 2114 4107 ana-

517 4143 760 4198 themate
792 4151 1054 4214 perpetuo
1097 4143 1445 4199 comburunt.
1474 4142 1628 4211 Quod
1656 4152 1839 4199 autem
1862 4144 2141 4215 sequitur‘

518 4233 644 4307 quia
673 4243 1013 4289 surrexerunt
1048 4235 1102 4289 in
1147 4244 1314 4297 nocte.
1357 4236 1693 4291 demonstrat
1725 4248 1819 4292 eos
1853 4235 2020 4292 fuisse
2055 4235 2111 4292 in

518 4326 761 4382 tenebris
785 4328 991 4383 erroris
1019 4328 1103 4384 sui
1130 4328 1371 4384 relictos.

593 4421 656 4475 Et
693 4420 893 4491 factum
922 4431 996 4476 est
1022 4420 1258 4477 diluculo
1284 4438 1403 4476 cum
1434 4420 1719 4477 elevasseut
1747 4419 1927 4476 oculos
1961 4437 2106 4487 suos,

517 4522 622 4570 etc.
655 4513 795 4582 Quid
839 4529 938 4585 per
970 4513 1146 4571 scalas
1172 4523 1336 4585 atque
1366 4515 1647 4571 machinas
1692 4514 1954 4586 gentium,
2004 4515 2111 4570 nisi

2214 3312 2493 3381 luptuosos
2538 3312 2629 3383 qui
2675 3311 2940 3367 luxuriam
2989 3310 3149 3381 hujus
3188 3311 3376 3368 saeculi
3421 3316 3700 3382 sequuntur
3727 3306 3768 3360 in

2214 3403 2479 3459 auxilium
2508 3404 2711 3460 erroris
2752 3403 2837 3459 sui
2880 3412 3181 3459 assumunt.
3213 3402 3373 3460 Unde
3400 3411 3459 3458 et
3498 3413 3671 3458 omnes
3701 3395 3767 3450 isti

2214 3509 2322 3549 non
2370 3494 2702 3551 mediocrem
2744 3502 2931 3551 contra
2978 3493 3279 3550 Ecclesiam
3336 3492 3547 3550 erroris
3585 3488 3658 3544 sui
3700 3499 3770 3541 ex-

2214 3595 2464 3642 struxere
2491 3586 2810 3658 nequitiam.
2845 3584 2952 3642 Sed
2982 3584 3151 3641 Judas
3192 3586 3394 3640 horum
3422 3581 3587 3639 mittit
3614 3590 3765 3650 specu-

2215 3677 2315 3732 lari
2353 3678 2676 3745 exercitum,
2709 3694 2832 3734 cum
2870 3678 3121 3734 doctores
3162 3677 3336 3733 sancti
3370 3675 3637 3732 auditores
3669 3682 3768 3726 suos

2215 3768 2507 3825 admovent
2528 3784 2821 3840 pravorum
2851 3783 3161 3841 praecavere
3192 3768 3485 3824 tumultum
3511 3781 3578 3822 ne
3603 3759 3766 3819 fraudis

2214 3875 2327 3917 suae
2364 3869 2543 3916 actum
2576 3860 2645 3916 ad
2692 3860 3126 3916 internecionem
3155 3858 3488 3932 simplicium
3518 3856 3767 3930 perducant

2216 3955 2542 4011 animarum.
2571 3953 2725 4022 Quod
2768 3962 2951 4009 autem
2990 3953 3326 4019 Timotheus,
3358 3953 3517 4025 quasi
3557 3947 3765 4006 collectu-

2216 4064 2335 4103 ram
2365 4046 2590 4113 faciens,
2621 4048 2699 4102 ait
2725 4045 3060 4118 principibus
3087 4046 3364 4102 exercitus
3395 4045 3517 4101 sui:
3549 4041 3665 4098 Cum
3689 4053 3765 4107 ap-

2213 4140 2634 4213 propinquaverit
2660 4138 2833 4194 ludas
2858 4147 2908 4193 et
2947 4138 3203 4193 exercitus
3248 4138 3365 4209 ejus
3418 4138 3487 4193 ad
3528 4141 3761 4191 torrentem

2216 4244 2410 4303 aqum:
2440 4232 2486 4286 si
2514 4230 2784 4284 transierit
2822 4230 2891 4283 ad
2920 4246 3014 4283 uos
3040 4230 3205 4300 prior,
3239 4246 3340 4284 non
3367 4229 3637 4301 poterimus
3669 4235 3760 4276 stu-

2214 4324 2379 4379 tinere
2429 4339 2581 4389 eum,
2635 4305 2986 4394 quia'potens
3033 4322 3223 4393 poterit
3264 4321 3538 4376 adversum
3584 4330 3693 4378 nos;
3723 4308 3759 4363 εἰ

2214 4435 2331 4474 vero
2363 4419 2593 4474 timuerit
2623 4419 2850 4474 transire
2874 4427 2924 4472 et
2949 4419 3179 4490 posuerit
3207 4426 3385 4473 castra
3415 4426 3558 4473 extra
3581 4414 3756 4484 ﬂumen,

2215 4513 2612 4583 transfretemus
2662 4512 2731 4566 ad
2766 4528 2873 4580 eos,
2922 4521 2969 4567 et
3008 4513 3290 4583 potetimus
3338 4512 3580 4567 adversus
3622 4503 3753 4559 illum-

518 4604 806 4661 cxsultatio
839 4582 1002 4676 atque
1052 4582 1392 4661 contumacia
1443 4582 1801 4677 superborum
1849 4607 2111 4679 exprimi-
2135 4582 2190 4643 Ῑ)
2216 4582 2464 4661 Ostendit
2499 4605 2643 4677 quod
2687 4621 2877 4662 omnes
2921 4605 3161 4661 haeretici
3197 4604 3451 4661 ﬁduciam
3490 4611 3637 4673 atque
3659 4609 3756 4652 con-

520 4702 632 4760 tur,
673 4708 770 4764 per
794 4709 957 4765 quam
992 4694 1293 4751 Ecclesiam
1325 4694 1528 4752 Christi
1566 4712 1875 4769 expugnare
1905 4705 1960 4754 et
1986 4698 2115 4755 sub-

518 4793 736 4842 vertere
776 4785 1035 4856 cupiunt?
1078 4786 1186 4843 Sed
1218 4785 1387 4843 ludas
1429 4797 1637 4855 noster,
1678 4791 1772 4860 qui
1815 4798 1983 4846 totum
2016 4806 2113 4862 ap-

518 4884 770 4949 paratum
794 4875 920 4933 belli
944 4876 999 4932 in
1019 4876 1138 4934 luce
1158 4877 1415 4950 disponit,
1434 4879 1604 4935 tribus
1618 4880 1901 4937 ordinibus
1921 4890 2112 4937 contra

521 4985 619 5030 cos
644 4979 873 5044 pugnat,
903 4972 1008 5028 hoc
1029 4979 1132 5038 est,
1159 4973 1274 5027 sive
1297 4981 1498 5028 sanctae
1534 4974 1815 5031 Trinitatis
1842 4973 1968 5041 ﬁde,
1998 4976 2112 5031 sive

520 5065 722 5139 duplici
765 5066 1037 5143 dogmate,
1067 5066 1120 5122 id
1151 5074 1235 5121 est
1255 5106 1268 5131 ,
1298 5066 1578 5132 historico,
1612 5067 1901 5139 allegorico
1947 5077 2112 5141 atque

525 5158 886 5228 tropologico;
931 5167 988 5213 et
1027 5157 1229 5213 clamat
1273 5157 1416 5214 tubis
1458 5157 1512 5212 in
1543 5158 1771 5225 caelum,
1810 5160 1937 5231 quia
1982 5159 2112 5215 forti

520 5246 910 5317 praedicatione
970 5247 1208 5304 exsultat
1261 5263 1491 5316 vocem,
1553 5261 1608 5305 et
1673 5249 1866 5307 intimo
1930 5250 2113 5307 cordis

521 5338 764 5397 clamore
828 5339 1001 5398 Deum
1064 5341 1443 5400 auxiliatorem
1499 5344 1727 5400 advocat
1789 5344 1847 5401 in
1907 5344 2113 5400 oratio-

523 5446 671 5489 nent.

594 5524 666 5582 Et
698 5536 1046 5599 cognoverunt
1087 5538 1263 5586 castra
1308 5528 1565 5586 Timothei
1606 5531 1732 5603 quia
1774 5530 2114 5591 Machameus

524 5626 624 5687 est,
651 5627 700 5674 et
738 5618 1048 5693 refugerunt
1070 5638 1103 5676 a
1126 5621 1262 5692 facie
1288 5623 1425 5693 ejus.
1455 5622 1648 5679 Castra
1677 5623 1981 5693 Timothei,
2021 5641 2117 5684 co-

525 5711 679 5784 gnito
697 5710 1030 5781 Machabm,
1050 5711 1304 5786 fugerunt
1318 5728 1351 5770 a
1372 5713 1510 5771 facie
1531 5715 1670 5787 ejus,
1696 5717 1825 5788 quia
1843 5717 2108 5786 haeretici,

601 5834 630 5865 ι
649 5821 744 5881 Sic
769 5823 936 5883 habet
951 5822 1124 5882 codex
1141 5822 1241 5881 Ms.
1270 5836 1368 5894 pro
1397 5824 1735 5885 absinthium.

2216 4696 2473 4753 stantiam
2501 4696 2895 4767 pertimescunt
2940 4706 3089 4752 recte
3126 4696 3399 4752 credentis
3426 4690 3614 4767 p0puli,
3642 4694 3687 4742 et
3707 4696 3754 4737 eo

2217 4806 2276 4849 se
2308 4791 2634 4847 inﬁrmiores
2666 4800 2996 4862 agnoscunt,
3037 4805 3144 4860 quo
3175 4789 3295 4846 illos
3325 4790 3382 4844 in
3428 4788 3621 4845 unitate
3660 4775 3752 4834 ﬁdei

2215 4882 2564 4939 considerant
2594 4881 2849 4938 fortiores
2878 4900 2889 4936 :
2928 4882 2973 4938 si
3021 4890 3203 4937 autem
3249 4880 3484 4953 reliquos
3512 4878 3572 4935 de
3605 4871 3755 4930 catlw'

2213 4978 2334 5034 licis
2361 4979 2735 5050 perspexeriut
2778 4980 2832 5034 in
2862 4979 3189 5049 cogitatione
3232 4979 3368 5052 legis
3413 4978 3505 5034 Dei
3545 4965 3749 5043 atquein

2217 5072 2480 5129 exercitio
2526 5073 2653 5128 boni
2712 5073 2893 5144 operis
2944 5072 3061 5127 ﬁeri
3112 5073 3408 5138 tardiores,
3461 5072 3632 5127 horum
3671 5056 3747 5115 sibi

2217 5166 2550 5237 triumphum
2577 5174 2740 5236 atque
2769 5164 3144 5237 captivitatem
3170 5163 3490 5237 pollicentur
3516 5159 3746 5227 congralu'

2218 5256 2412 5313 lantes.

2303 5347 2370 5404 Ut
2434 5358 2610 5405 autem
2663 5342 3127 5421 appropinquavit'
3161 5347 3334 5404 ludas
3370 5334 3375 5337 ’
3405 5347 3471 5402 ad
3519 5344 3741 5398 torrentem

2219 5458 2374 5516 aqua:
2392 5484 2408 5510 ,
2455 5450 2563 5499 etc.
2597 5440 2896 5499 Transiens
2920 5439 3089 5499 ludas
3119 5450 3414 5499 torrentem
3439 5451 3576 5511 aqua:
3599 5424 3743 5489 statuit

2220 5536 2429 5594 scribas
2456 5536 2637 5609 p0puli
2668 5536 2760 5608 qui
2796 5535 3015 5592 turbam
3056 5545 3179 5609 post
3198 5550 3257 5593 se
3287 5534 3665 5593 exhortareutur
3679 5520 3738 5575 ire

2218 5631 2275 5687 in
2303 5630 2566 5703 prarlium,
2592 5646 2714 5686 cum
2760 5630 3089 5702 Redemptor
3133 5638 3342 5696 noster,
3386 5628 3557 5685 adiens
3577 5612 3739 5691 passio'

2217 5736 2342 5781 nem
2369 5723 2566 5791 crucis,
2596 5723 2871 5795 apostolos
2896 5723 3188 5792 ordinavit,
3226 5722 3320 5797 qui
3356 5721 3606 5781 credentes
3629 5709 3671 5767 in
3690 5714 3733 5761 9°
