4028 6508
295 431 431 488 “69

1003 429 1351 492 COMMENT.
1391 429 1459 491 ΓΝ
1497 429 1742 489 LIBROS
1781 427 2357 489 MACHABEORUM.
2395 461 2466 472 —
2497 427 2566 486 IN
2605 429 2732 487 LIB.
2774 427 2817 483 l.

3418 425 3478 485 l-i
3489 425 3556 485 7O

293 549 547 604 docerem
574 558 920 608 contemnere
949 561 1276 608 tormentum
1306 568 1580 624 corporeae
1605 552 1799 607 mortis
1821 559 1876 607 et
1903 563 1957 625 Α
1982 550 2036 606 in
2070 549 2344 617 Carnaim,
2400 551 2597 608 iterum
2645 548 2722 605 illi
2752 547 2843 617 qui
2867 545 3086 602 fuerunt
3131 545 3185 602 in
3214 543 3432 617 Ephron
3465 561 3556 602 re-

293 642 564 698 cunﬁdere
593 643 657 698 de
681 646 918 714 potentia
949 660 1194 715 superna:
1224 647 1488 702 veritatis.
1517 645 1671 701 Unde
1691 652 1774 700 cst
1809 644 1869 698 il-

294 731 422 786 lud:
456 731 634 787 Nolite
676 734 854 790 timere
894 752 978 791 eos
1004 738 1093 805 qui
1120 737 1359 792 occidunt
1395 754 1604 807 corpus,
1636 737 1866 790 animam

295 837 468 881 autem
508 844 609 882 non
641 837 856 898 possunt
895 830 1128 884 occidere
1157 847 1174 884 :
1208 832 1298 885 sed
1341 832 1510 902 potius
1553 847 1670 884 eum
1696 831 1869 884 timete

295 917 383 988 qui
421 927 584 988 potest
627 919 858 972 animam
897 928 945 973 et
1001 937 1186 991 corpus
1233 921 1443 992 perdere
1504 922 1556 974 in
1585 921 1870 991 gehennam

297 1008 512 1080 (Matth.
541 1011 636 1084 x);
667 1019 722 1068 et
750 1012 948 1068 iterum
974 1031 988 1068 :
1019 1012 1086 1068 In
1109 1015 1361 1085 patientia
1394 1025 1560 1069 vestra
1589 1011 1873 1083 possidebi-

297 1103 363 1156 tis
412 1104 616 1158 animas
660 1115 857 1161 vestras
880 1121 900 1162 :
944 1107 1033 1178 qui
1060 1115 1244 1180 ,autem
1282 1107 1679 1178 perseveraverit
1710 1121 1872 1175 usque

296 1194 352 1248 in
388 1195 570 1264 ﬁnem,
608 1197 693 1252 hic
718 1197 892 1253 salvus
914 1199 1010 1254 erit
1040 1198 1191 1272 (Luc.
1220 1199 1350 1271 xu);
1385 1208 1439 1253 et
1479 1199 1602 1253 alibi
1636 1217 1648 1251 :
1693 1197 1868 1262 Beati,

296 1285 395 1352 ait,
426 1287 516 1358 qui
563 1290 975 1359 persecutionem
1007 1293 1280 1361 patiuntur
1325 1300 1534 1361 propter
1561 1289 1827 1361 justitiam
1853 1327 1871 1355 ,

297 1379 543 1448 quoniam
591 1380 824 1450 ipsorum
873 1391 946 1436 est
993 1399 1208 1453 regnum
1256 1382 1502 1437 caelorum
1543 1381 1760 1452 (Matth.
1793 1379 1871 1452 v).

299 1469 438 1527 Hinc
466 1473 602 1529 bene
627 1473 970 1546 subjungitur
994 1494 1006 1529 :

370 1559 748 1632 Transfretavit
791 1565 859 1618 ad
888 1563 1006 1618 illos
1049 1567 1198 1635 prior
1241 1574 1289 1620 et
1322 1581 1489 1620 omnis
1516 1563 1736 1636 populus
1761 1572 1874 1635 post

296 1669 436 1717 eum,
468 1654 592 1722 quia
631 1657 935 1725 oportebat,
983 1666 1042 1712 ut
1070 1657 1336 1712 mediator
1386 1657 1481 1712 Dei
1517 1664 1571 1712 et
1599 1656 1876 1711 hominum

1971 642 2164 699 sistere
2195 640 2345 697 Iuda:
2373 651 2428 697 et
2471 641 2634 697 sociis
2670 638 2786 708 ejus
2820 637 3156 694 moliuntur:
3199 635 3324 706 quia
3352 637 3558 694 contri-

1972 734 2043 787 tis
2061 733 2288 788 diversis
2316 730 2812 798 h2eretieis,'adhuc
2838 729 2914 784 illi
2936 727 3027 799 qui
3054 727 3292 783 litteram
3318 741 3556 799 sequun-

1973 836 2060 882 tur
2085 826 2296 883 Veteris
2357 825 2687 881 Testamenti
2735 824 2915 880 aditus
2959 820 3216 892 spiritalis
3252 820 3558 878 intellectus

1973 917 2183 988 aperire
2222 917 2427 972 nolunt.
2463 915 2601 984 Quid
2629 915 2774 970 enim
2819 928 2917 984 per
2949 912 3168 984 Ephron
3188 952 3203 978 ,
3245 927 3361 983 qua:
3389 910 3558 982 pulvis

1973 1008 2230 1073 mmroris,
2263 1007 2378 1064 sive
2402 1006 2568 1078 pulvis
2599 1014 2654 1060 et
2677 1005 2881 1060 inutilis
2908 1005 3318 1075 interpretatur,
3346 1001 3450 1058 uisi
3476 1017 3562 1058 su-

1972 1113 2241 1170 pervacua
2271 1097 2618 1153 observantia
2660 1095 2794 1166 legis
2825 1095 3158 1164 temporibus
3195 1093 3384 1164 gratia:
3422 1092 3560 1146 insi-

1973 1199 2172 1246 nuatur
2199 1191 2254 1244 in
2287 1204 2393 1260 qua
2421 1188 2591 1244 Judaei
2627 1187 2952 1243 conﬁtentes
2980 1200 3040 1241 se
3068 1184 3350 1239 includunt
3382 1191 3440 1238 et
3463 1183 3562 1238 ob-

1973 1289 2189 1339 struunt
2212 1291 2395 1351 portas
2420 1280 2716 1350 lapidibus;
2752 1279 2843 1348 qui
2884 1279 3090 1332 umbrae,
3133 1277 3298 1332 dediti
3338 1277 3562 1332 histori-

1975 1389 2094 1427 cam
2129 1373 2496 1439 traditionem,
2525 1388 2645 1443 quae
2679 1371 2810 1444 legis
2838 1371 2892 1425 in
2923 1369 3190 1441 lapidibus
3225 1371 3425 1442 scripta
3453 1379 3558 1436 est,

1976 1464 2252 1534 Evangelii
2308 1463 2757 1534 praedicatoribus
2818 1471 3119 1533 opponunt,
3183 1477 3284 1517 nec
3336 1478 3566 1518 consen-

1976 1557 2119 1611 tiunt
2171 1557 2238 1612 ab
2279 1557 2368 1612 illa
2412 1556 2522 1611 ullo
2561 1556 2720 1611 modo
2763 1555 2962 1620 divelli,
2991 1570 3089 1609 nec
3136 1571 3235 1611 nos
3277 1557 3562 1612 rectiorcm

1979 1663 2197 1704 sensum
2241 1649 2546 1714 concedunt
2591 1648 2762 1717 sequi.
2811 1647 2965 1704 Unde
3010 1664 3084 1701 va:
3117 1647 3256 1702 vobis
3296 1648 3564 1719 Iegisperi-

295 1743 532 1812 primum
577 1745 842 1814 passionis
879 1761 988 1800 sua:
1028 1746 1268 1817 expleret
1311 1747 1652 1818 mysterium,
1697 1755 1754 1802 et
1799 1746 1879 1802 sic
1980 1741 2069 1805 tis,
2105 1740 2194 1811 qui
2218 1739 2410 1795 tulistis
2438 1739 2631 1795 clavem
2661 1741 2912 1804 scientiw,
2944 1741 3041 1810 ipsi
3070 1757 3172 1794 non
3208 1740 3486 1808 introistis,
3514 1749 3564 1795 et

299 1832 416 1903 eius
467 1835 711 1905 exemplo
750 1836 1043 1892 confortati
1073 1853 1169 1908 pro
1198 1839 1313 1908 ipso
1357 1839 1607 1909 patiendo
1648 1846 1880 1894 mortem
1981 1849 2066 1886 eos
2093 1834 2181 1905 qui
2211 1834 2492 1887 introibant
2516 1832 2854 1904 prohibuistis
2875 1830 3024 1903 (Luc.
3056 1830 3155 1901 x1).
3177 1830 3284 1885 Sed
3313 1831 3478 1885 mittit
3497 1830 3565 1884 ad

299 1934 646 1982 contemnere
683 1927 953 1984 discerent
993 1945 1060 1985 ex.
1092 1931 1356 1985 universis
1393 1931 1640 2000 gentibus
1674 1929 1877 1985 ﬁdeles.
1908 1921 1957 1982 B
1985 1939 2077 1979 eos
2109 1922 2276 1979 Judas
2319 1925 2496 1980 verbis
2523 1923 2785 1995 pacificis,
2810 1923 2994 1978 dicens
3032 1939 3044 1976 :
3083 1921 3443 1977 Transibimus
3476 1939 3570 1993 per

370 2016 439 2070 Et
465 2020 702 2074 contrita:
727 2031 847 2077 sunt
876 2031 996 2075 ante
1043 2022 1229 2091 faciem
1258 2039 1437 2076 eorum
1464 2039 1639 2077 omnes
1682 2032 1878 2094 gentes,

297 2105 432 2161 Cum
477 2109 673 2164 diversi
717 2111 993 2166 hominum
1039 2113 1279 2182 potentia
1307 2113 1524 2168 virtutis
1564 2113 1660 2168 Dei
1696 2121 1883 2168 conte-

299 2208 493 2254 l‘lllltlll'
521 2216 753 2258 errores.

376 2291 716 2363 Projecerunt
759 2311 909 2350 arma
947 2313 1046 2350 sua
1088 2305 1136 2350 et
1160 2296 1405 2367 fugerunt
1431 2296 1500 2351 ad
1529 2296 1714 2367 fanum
1743 2295 1882 2368 quod

301 2393 377 2440 est
414 2386 468 2439 in
517 2385 786 2441 Carnaim.
820 2387 955 2442 Cum
984 2388 1214 2444 desertis
1257 2390 1661 2444 contentionum
1705 2389 1886 2443 obsta-

303 2475 457 2541 culis,
486 2486 862 2545 persecutores
892 2479 1138 2534 veritatis
1175 2479 1428 2534 resistere
1455 2494 1562 2534 non
1589 2479 1884 2545 audentes,

308 2566 361 2620 in
393 2567 631 2622 delubris
658 2569 877 2623 deorum
909 2586 1132 2626 suorum
1161 2587 1219 2627 se
1246 2572 1547 2638 condendo,
1579 2572 1720 2628 unde
1740 2587 1886 2642 quae-

307 2667 436 2712 runt
479 2660 720 2726 tutelam,
762 2661 886 2716 inde
917 2663 1116 2718 habent
1144 2663 1376 2718 ruinam.
1409 2662 1662 2718 Carnaim
1704 2671 1887 2719 autem

308 2749 695 2820 interpretatur
746 2769 974 2818 cornua;
1022 2769 1222 2810 cornua
1251 2769 1379 2810 vero
1408 2764 1531 2825 apte
1573 2770 1674 2825 pro
1719 2769 1887 2824 regno

308 2849 472 2910 atque
505 2842 815 2899 defensione
854 2846 1023 2915 accipi
1058 2853 1301 2917 possunt.
1351 2847 1456 2901 Sed
1482 2860 1586 2901 non
1609 2845 1749 2914 juvit
1795 2861 1889 2901 eo-

311 2948 433 2987 rum
459 2933 658 3003 opinio,
686 2936 794 2990 imo
821 2935 1046 3003 fefellit;
1078 2938 1202 3007 quia
1227 2939 1497 3008 occupavit
1523 2936 1696 2992 Judas
1719 2937 1887 3008 ipsam

307 3023 568 3078 civitatem
608 3034 657 3079 et
688 3027 869 3096 fanum
919 3028 1183 3082 succendit
1216 3029 1325 3100 igni
1363 3045 1482 3082 cum
1521 3017 1759 3082 omnibus
1797 3029 1888 3099 qui

310 3123 458 3167 erant
507 3114 561 3168 in
606 3117 752 3185 ipso;
801 3118 1016 3186 quando
1061 3134 1168 3173 non
1211 3118 1383 3174 solum
1433 3118 1886 3173 machinationem

311 3225 526 3264 omnem
549 3212 748 3267 erroris
782 3213 1155 3268 haereticorum
1178 3221 1337 3283 atque
1358 3220 1762 3283 persecuturum
1790 3211 1888 3266 de-

1983 2027 2182 2072 terram
2206 2027 2450 2084 vestram,
2480 2027 2533 2071 ut
2559 2033 2737 2071 eamus
2768 2017 2821 2070 in
2845 2025 3039 2070 terram
3072 2025 3324 2076 nostram.
3349 2026 3394 2069 et
3419 2031 3567 2069 nemo

1983 2108 2128 2162 nobis
2170 2109 2388 2162 nocebit.
2419 2109 2554 2176 Quia
2581 2107 2964 2178 praedicatores
3003 2104 3370 2175 saneti,juxta
3408 2121 3564 2161 man-

1983 2202 2168 2256 datum
2203 2202 2412 2257 Domini
2458 2202 2649 2267 nostri,
2696 2203 2929 2272 primum
2967 2215 3155 2271 pacem
3199 2197 3434 2256 oll‘erunt
3478 2199 3571 2254 ad-

1981 2310 2152 2352 versae
2191 2296 2356 2365 parti,
2396 2303 2455 2350 ut
2496 2295 2590 2350 ﬁat
2654 2295 2786 2350 illud
2826 2295 2969 2364 quod
3015 2295 3275 2365 scriptum
3317 2303 3401 2350 cst
3456 2313 3469 2348 :
3513 2292 3572 2349 Si

1985 2385 2142 2457 fuerit
2171 2387 2240 2440 ibi
2263 2387 2406 2456 ﬁlius
2440 2387 2607 2458 pacis,
2667 2387 2942 2458 requiescet
2971 2404 3127 2458 super
3156 2387 3307 2443 illum
3344 2404 3450 2458 pax
3490 2403 3577 2441 ve-

1984 2487 2128 2544 stra;
2173 2479 2257 2532 sin
2298 2487 2491 2543 autem,
2525 2478 2721 2549 inquit,
2771 2478 2840 2531 ad
2868 2495 2954 2532 vos
2987 2487 3269 2532 revertetur
3306 2477 3456 2550 (Luc.
3491 2476 3571 2549 ι).

1989 2568 2357 2632 Transiemus,
2395 2568 2668 2638 inquiunt,
2700 2568 2754 2623 in
2813 2577 3019 2622 terram
3061 2577 3324 2633 vestram,
3373 2577 3432 2622 ut
3477 2583 3575 2623 ea-

1987 2678 2109 2718 mus
2160 2663 2214 2717 in
2257 2671 2461 2718 terram
2507 2669 2784 2727 nostram;
2829 2677 2893 2716 ac
2934 2660 2980 2716 si
3030 2661 3255 2716 dicant:
3308 2659 3576 2730 Legamus

1990 2753 2254 2810 librorum
2289 2761 2594 2810 vestrorum
2652 2753 2936 2808 historiam
2973 2793 2988 2818 ,
3046 2759 3105 2805 ut
3163 2752 3236 2806 ibi
3290 2750 3578 2823 allegorica

1991 2862 2150 2903 sensu
2191 2848 2518 2918 promissam
2574 2846 2630 2900 in
2686 2846 2841 2901 cmlis
2885 2843 3224 2914 reperiamus
3282 2842 3439 2896 nobis
3483 2857 3580 2913 pa-

1991 2941 2186 3005 triam;
2217 2948 2272 2996 et
2302 2955 2461 2995 nemo
2497 2940 2649 2994 vobis
2672 2938 2910 3004 nocebit,
2938 2937 3064 3007 quia
3094 2942 3282 2991 noster
3314 2933 3574 2989 transitus

1989 3029 2240 3085 innoxius
2267 3030 2418 3085 vobis
2451 3030 2593 3096 erit;
2645 3037 2854 3083 tantum
2905 3026 3132 3097 pedibus
3183 3024 3576 3091 transibimus,

1991 3126 2206 3194 quando
2249 3140 2433 3196 gressu
2473 3125 2737 3180 bonorum
2767 3137 2991 3193 operum
3023 3134 3246 3190 regnum
3285 3133 3579 3189 supernum

1993 3217 2143 3270 adire
2173 3216 2437 3286 cupimus.
2461 3216 2564 3282 Qui
2600 3214 2854 3270 nolebant
2879 3213 3122 3283 aperire,
3147 3226 3270 3265 cum
3294 3210 3348 3264 in
3381 3210 3582 3268 tradita

313 3305 492 3370 struit,
557 3305 663 3360 imo
705 3321 893 3362 omnes
953 3308 1044 3376 qui
1084 3307 1136 3361 in
1194 3322 1260 3367 eo
1319 3306 1594 3368 conﬁdunt
1639 3295 1963 3368 Salvator-Ct
1995 3310 2094 3373 sibi
2147 3310 2262 3386 lege
2314 3309 2570 3364 nolebant
2620 3323 2740 3362 cum
2782 3305 3058 3375 Evangelii
3119 3302 3572 3380 praedicatoribus

315 3405 503 3456 noster
544 3397 666 3473 igne
704 3393 867 3471 iusta:
914 3399 1182 3460 conrburit
1221 3405 1457 3460 ultionis.
1521 3404 1675 3461 Unde
1711 3405 1891 3459 Domi-

312 3509 413 3548 nus
455 3493 507 3547 in
552 3494 965 3551 Deuteronomio
992 3497 1246 3568 praecepit
1277 3497 1506 3552 dicens:
1551 3495 1612 3552 Si
1661 3497 1892 3552 audieris

310 3583 366 3636 in
388 3600 495 3637 una
527 3584 734 3640 urbium
766 3596 999 3653 tuarum,
1026 3603 1154 3659 quas
1182 3588 1439 3643 Dominus
1478 3588 1618 3642 Deus
1649 3599 1769 3642 tuus
1796 3588 1894 3643 da-

311 3671 386 3727 bit
412 3674 505 3728 tibi
534 3676 603 3729 ad
627 3676 991 3744 habitandum,
1016 3677 1243 3734 dicentes
1269 3679 1470 3750 aliquos
1494 3695 1512 3734 :
1537 3679 1747 3750 Egressi
1773 3689 1894 3735 sunt

311 3763 411 3833 ﬁlii
437 3765 606 3820 Belial
635 3768 699 3821 de
729 3768 898 3822 medio
926 3769 1003 3822 tui
1044 3779 1091 3824 et
1130 3770 1426 3826 averterunt
1452 3771 1770 3825 habitatores
1797 3787 1892 3824 ur-

313 3856 390 3911 bis
429 3875 539 3915 sua:
566 3870 720 3932 atque
749 3860 995 3917 dixerunt
1023 3877 1042 3915 :
1067 3862 1267 3918 Eamus
1291 3872 1444 3934 atque
1479 3863 1764 3918 serviamus
1790 3864 1893 3918 diis

311 3947 496 4004 alienis
523 3967 649 4021 quos
676 3952 950 4022 ignoratis,
982 3969 1156 4025 qurere
1178 3952 1398 4008 sollicite
1424 3961 1470 4008 et
1500 3953 1794 4024 diligenter,
1820 3955 1895 4008 rei

310 4041 528 4095 veritate
553 4053 838 4113 perspecta,
865 4045 912 4098 si
951 4044 1202 4099 inveneris
1230 4054 1426 4099 certum
1460 4061 1569 4099 esse
1591 4045 1730 4116 quod
1755 4045 1892 4099 dici-

309 4139 414 4196 tur,
445 4140 490 4184 et
533 4133 968 4189 abominationem
1006 4136 1142 4189 hanc
1188 4153 1338 4206 opere
1368 4145 1747 4207 perpetratum,
1787 4146 1896 4190 sta-

311 4223 404 4275 tim
430 4224 684 4293 percuties
714 4225 1030 4279 habitatores
1059 4226 1203 4280 urbis
1241 4225 1386 4281 illius
1415 4227 1469 4280 in
1507 4243 1595 4281 ore
1621 4227 1806 4297 gladii,
1847 4236 1895 4282 et

310 4313 502 4369 delebis
530 4332 667 4382 eam,
699 4318 974 4389 omniaque
1011 4335 1128 4389 qua:
1159 4321 1214 4374 in
1235 4319 1330 4374 illa
1358 4329 1478 4374 sunt
1505 4337 1668 4392 usque
1705 4320 1774 4374 ad
1807 4337 1897 4391 pe-

312 4421 457 4459 cora.
486 4403 755 4478 Quidquid
800 4409 956 4462 etiam
999 4408 1332 4480 supellectilis
1361 4410 1520 4480 fuerit
1561 4410 1896 4482 congregabis

311 4496 370 4549 in
414 4497 584 4552 medio
613 4497 911 4569 platearum
949 4501 1086 4572 ejus,
1133 4510 1182 4556 et
1223 4519 1342 4556 cum
1379 4504 1493 4573 ipsa
1533 4503 1737 4558 civitate
1770 4519 1894 4558 suc-

313 4588 523 4656 cendes,
568 4591 644 4644 ita
670 4601 730 4646 ut
769 4593 1011 4648 universa
1041 4611 1318 4650 consumas
1365 4594 1590 4651 Domino
1619 4596 1728 4651 Deo
1769 4597 1893 4665 tuo',

314 4688 362 4733 et
391 4680 455 4732 sit
482 4680 714 4736 tumulus
735 4684 1075 4754 sempiternus
1119 4683 1296 4757 (Deut.
1327 4685 1468 4759 xm).

386 4772 457 4826 Et
494 4777 819 4847 congregavit
855 4776 892 4831 Ι
896 4778 1029 4833 udas
1050 4779 1315 4834 universos
1340 4779 1614 4835 lsraelitas
1638 4782 1727 4852 qui
1749 4789 1896 4836 erant

315 4872 373 4926 in
397 4869 752 4941 Galaaditide,
801 4884 904 4930 etc.
939 4874 1106 4932 Judas
1158 4876 1431 4932 lsraelitas
1461 4877 1527 4932 de
1561 4877 1898 4934 Galaaditide

316 4972 623 5034 congregat,
662 4979 784 5019 cum
814 4964 1141 5037 Redemptor
1171 4977 1357 5022 noster
1379 4983 1476 5038 per
1498 4969 1749 5024 doctores
1772 4984 1898 5025 suos

316 5054 482 5108 verbo
511 5054 785 5125 Evangelii
831 5071 924 5112 eos
950 5059 1042 5128 qui
1083 5057 1151 5112 ab
1176 5059 1446 5115 haereticis
1479 5061 1621 5131 capti
1667 5069 1794 5116 sunt
1829 5060 1899 5116 ad

319 5145 638 5202 catholicam
691 5147 850 5204 ﬁdem
897 5162 1146 5216 revocat;
1195 5151 1298 5207 hoc
1327 5161 1412 5207 est
1445 5153 1589 5208 enim
1636 5154 1821 5209 venire
1844 5153 1899 5210 in

321 5248 522 5296 terram
550 5238 710 5309 Juda,
739 5250 890 5298 recta
921 5243 1022 5300 ﬁde
1052 5252 1108 5300 et
1130 5245 1286 5301 bonis
1315 5246 1570 5317 operibus
1613 5246 1899 5302 Dominum

321 5331 564 5389 laudare.

394 5423 465 5478 Et
517 5435 764 5481 venerunt
811 5441 973 5500 usque
1032 5427 1280 5500 Ephron,
1321 5438 1369 5485 et
1422 5430 1533 5485 hwc
1570 5431 1751 5486 civitas
1779 5447 1899 5486 ma-

324 5533 450 5588 gna,
484 5523 589 5572 etc.
642 5516 904 5573 Universa
944 5520 1184 5588 gentium
1226 5519 1411 5590 praelia
1456 5522 1606 5576 varia
1645 5523 1899 5578 vitiorum

321 5615 488 5679 atque
511 5623 758 5664 errorum
788 5608 1097 5680 significant
1125 5610 1282 5666 bella.
1321 5611 1562 5667 Diximus
1600 5614 1740 5682 quod
1769 5628 1901 5684 gen-

328 5709 410 5758 tes
440 5701 543 5756 illa:
572 5717 691 5771 quae
733 5699 950 5758 fuerunt
1003 5702 1057 5757 in
1104 5710 1250 5757 terra
1279 5701 1484 5758 Galaad
1534 5712 1588 5757 et
1629 5704 1901 5760 lsraelitas

327 5795 600 5867 captivare
629 5795 1042 5860 contendebant,
1081 5793 1452 5866 signiﬁcarent
1492 5795 1776 5852 haereticos
1821 5805 1903 5852 at-

328 5900 432 5956 que
469 5883 714 5954 Judaeos;
753 5883 850 5942 sed
897 5885 1059 5944 modo
1103 5886 1189 5945 his
1215 5885 1492 5959 oppressis
1544 5887 1638 5960 qui
1684 5886 1904 5946 fuerunt

1997 3411 2418 3467 communicare.

2067 3502 2136 3557 Et
2166 3503 2408 3575 pra'cepit
2452 3501 2624 3556 Judas
2655 3499 2943 3570 praedicare
2984 3498 3039 3551 in
3062 3498 3268 3563 castris,
3308 3501 3414 3551 etc.
3443 3492 3584 3563 Quid

1996 3601 2080 3651 est
2126 3594 2270 3664 quod
2317 3593 2480 3650 Judas
2530 3592 2826 3663 praedicare
2855 3591 3115 3662 praecepit
3167 3592 3220 3645 in
3266 3588 3470 3646 castris
3521 3596 3584 3644 ut

1997 3683 2330 3754 applicarent
2377 3684 2443 3738 ad
2481 3683 2759 3738 civitatem
2799 3683 3172 3757 unusquisque
3220 3682 3274 3737 in
3304 3696 3412 3751 quo
3462 3687 3584 3736 erat

1995 3774 2135 3841 loco,
2167 3775 2270 3830 nisi
2313 3776 2456 3846 quod
2485 3775 2738 3830 doctores
2778 3774 2951 3830 sancti
2983 3773 3319 3829 auditoribus
3361 3771 3474 3828 suls
3518 3771 3586 3826 li-

1996 3869 2185 3923 beram
2214 3869 2268 3923 in
2299 3867 2597 3939 Scripturis
2645 3869 2820 3923 sacris
2857 3867 3097 3922 tribuunt
3127 3866 3536 3939 intelligentiam
3566 3907 3583 3934 ,

1997 3969 2057 4015 ut
2097 3960 2469 4030 unusquisque
2511 3960 2654 4030 quod
2708 3959 2763 4014 in
2809 3957 3038 4013 lectione
3095 3956 3294 4022 divina,
3342 3956 3456 4011 sive
3489 3970 3589 4027 per

2001 4052 2336 4123 allegoriam,
2395 4052 2509 4107 sive
2554 4067 2651 4123 per
2677 4051 3058 4122 tropologiam,
3105 4050 3218 4104 sive
3246 4064 3343 4121 per
3386 4063 3588 4119 anago-

1999 4146 2140 4217 gian,
2167 4146 2320 4216 juxta
2364 4153 2555 4200 votum
2584 4144 2843 4200 desiderii
2876 4143 2960 4198 sui
2993 4143 3095 4198 sibi
3134 4141 3334 4212 aperiri
3369 4141 3583 4211 quaerit,

1998 4257 2231 4312 superna
2263 4240 2435 4312 gratia
2471 4246 2766 4304 annuente,
2811 4237 3049 4292 intrandi
3097 4236 3330 4305 accipiat
3359 4234 3587 4288 faculta-

1997 4341 2127 4388 tem.
2175 4333 2240 4387 Et
2283 4341 2410 4386 nota
2439 4330 2579 4400 quod
2607 4332 2705 4385 viri
2731 4329 2933 4384 virtutis
2977 4329 3050 4384 ibi
3086 4327 3358 4398 applicare
3395 4326 3585 4381 dicun-

1997 4433 2087 4480 tur
2114 4432 2170 4480 et
2205 4439 2514 4494 oppugnare
2543 4422 2819 4478 civitatem
2849 4427 2960 4475 tota
3010 4419 3102 4474 die
3127 4427 3183 4474 et
3217 4426 3330 4474 tota
3370 4426 3531 4472 nocte
3559 4431 3578 4471 :

1999 4515 2125 4587 quia
2170 4515 2272 4568 nisi
2320 4513 2443 4584 quis
2471 4513 2553 4567 vir
2578 4512 2795 4567 virtutis
2847 4511 2938 4578 sit,
2967 4519 3028 4565 ut
3071 4510 3124 4566 id
3151 4524 3314 4580 opere
3358 4508 3586 4579 implere.

1999 4605 2271 4661 desideret
2300 4605 2442 4676 quod
2482 4603 2735 4660 didicerit
2755 4603 3141 4675 magistrorum
3186 4600 3496 4667 traditione,
3532 4608 3590 4656 et

1924 4686 1980 4749 D
2006 4697 2271 4752 instanter
2301 4695 2473 4766 legem
2502 4696 2596 4751 Dei
2624 4695 2917 4750 meditetur
2938 4702 3051 4749 tota
3073 4693 3159 4750 die
3183 4701 3238 4748 et
3261 4701 3374 4748 tota
3401 4699 3586 4758 nocte,

1999 4787 2104 4843 hoc
2131 4795 2234 4852 est,
2257 4787 2406 4842 omni
2429 4795 2691 4858 tempore,
2722 4787 2896 4842 victor
2923 4785 3198 4856 praedictae
3219 4784 3453 4839 civitatis
3479 4798 3586 4838 non

1999 4881 2120 4936 erit.
2143 4880 2296 4936 Unde
2314 4879 2601 4936 Psalmista
2633 4879 2837 4934 beatum
2863 4881 3031 4933 virum
3053 4879 3128 4932 ait
3153 4877 3242 4949 qui
3260 4876 3316 4931 in
3342 4875 3451 4947 lege
3483 4875 3590 4929 Do-

2001 4972 2130 5027 mini
2155 4972 2440 5027 meditatur
2464 4971 2548 5025 die
2575 4987 2637 5024 ac
2663 4980 2829 5036 nocte,
2858 4979 2905 5024 et
2938 4986 3041 5023 non
3071 4969 3198 5023 abiit
3230 4984 3349 5022 cum
3370 4967 3587 5021 consilio

2000 5065 2303 5134 impiorum,
2327 5076 2374 5120 et
2402 5065 2457 5118 in
2485 5065 2568 5120 via
2590 5073 2921 5135 peccatorum
2947 5080 3049 5118 non
3071 5062 3211 5118 stetit
3234 5069 3389 5133 atque
3419 5061 3474 5115 in
3500 5078 3589 5114 ca-

2002 5157 2186 5213 thedra
2215 5157 2523 5230 pestilentia:
2570 5175 2674 5212 non
2707 5157 2838 5212 sedit
2871 5154 3042 5228 (Psal.
3091 5154 3154 5228 l).
3207 5153 3360 5222 Quod
3405 5161 3589 5207 autem

2001 5248 2133 5305 dicit
2155 5249 2452 5319 peremisse
2480 5264 2574 5304 eos
2621 5264 2838 5304 omnem
2884 5247 3187 5304 masculum
3231 5247 3288 5301 in
3325 5261 3421 5302 ore
3473 5244 3590 5317 gla-
3671 5284 3677 5289 ι

2005 5343 2079 5398 dii
2106 5350 2162 5398 et
2195 5343 2504 5398 eradicasse
2531 5341 2834 5407 civitatem,
2883 5341 3071 5412 sicque
3107 5338 3382 5410 accepisse
3417 5337 3590 5409 spolia

2002 5435 2120 5506 ejus
2143 5451 2267 5491 cum
2293 5435 2550 5490 transiret
2576 5449 2675 5504 per
2697 5442 2865 5488 totam
2897 5433 3172 5489 civitatem
3221 5447 3388 5503 super
3421 5431 3592 5488 inter-

2005 5525 2195 5591 fectos,
2227 5534 2282 5580 et
2322 5524 2515 5580 deinde
2544 5524 2846 5594 transgredi
2883 5522 3193 5591 Iordanem,
3225 5523 3469 5579 ostendit
3492 5535 3590 5576 no-

2007 5618 2092 5672 bis
2120 5625 2180 5670 ut
2215 5617 2260 5671 si
2289 5616 2420 5685 legis
2465 5617 2679 5672 Domini
2708 5615 2936 5672 velimus
2960 5631 3080 5673 esse
3114 5628 3454 5688 possessores
3476 5656 3491 5680 ,
3533 5623 3592 5671 et

2006 5709 2124 5779 ejus
2153 5708 2321 5777 spolia
2350 5750 2363 5774 ,
2407 5711 2510 5765 hoc
2538 5717 2639 5774 est,
2670 5709 2909 5764 diversos
2941 5708 3264 5772 intellectus,
3293 5707 3589 5762 secundum

2007 5799 2168 5853 ﬁdem
2197 5807 2400 5853 rectam
2441 5801 2740 5869 percipere,
2781 5801 3090 5855 Studeamus
3133 5797 3367 5868 primum
3402 5806 3593 5854 conte-

2008 5904 2130 5948 rere
2175 5890 2516 5962 superﬁcicm
2560 5890 2774 5961 litterae,
2798 5898 2852 5947 et
2886 5891 3244 5948 condemnare
3266 5903 3453 5946 omnes
3479 5888 3593 5948 hicn
