4028 6478
568 368 702 449 mi

1207 368 1269 423 Β.
1306 366 1561 439 BABANI
1588 366 1821 431 .MAUBI
1854 363 2177 425 ARCHIEP.
2219 362 2537 421 uocum.
2579 359 2870 421 orsnuu
2906 322 3089 419 ms
3126 363 3171 419 1.

3677 370 3792 425 “7%

567 478 863 538 reticorum
900 492 1143 544 errores;
1182 478 1370 548 sicque
1410 476 1878 549 transgrediamur.
1908 475 1961 530 in
2014 491 2161 531 cam-
2187 478 2243 551 A
2266 481 2427 529 rectae
2450 472 2571 528 fidei
2593 473 2866 529 veramita
2888 482 3072 530 tenent
3095 474 3487 534 confessionem
3510 485 3565 533 ut
3582 477 3795 552 impleant

560 585 697 649 pum
749 587 1025 645 magnum,
1078 572 1182 627 hoc
1234 579 1320 628 est
1376 584 1476 642 per
1535 571 1863 641 baptismum
1920 568 2161 624 mundati

567 676 757 730 onere,
794 663 851 719 in
895 663 1205 719 libertatem
1243 663 1430 736 gloria:
1460 669 1824 727 transeamus,
1870 660 1961 715 ubi
2006 657 2163 715 nobis

566 757 750 816 breast
781 755 863 813 sol
886 756 1131 829 iustitia},
1163 756 1216 810 in
1244 754 1399 826 cujus
1424 755 1618 826 pennis
1642 770 1771 810 vera
1801 761 1884 808 est
1932 751 2160 818 sanitas,

566 853 663 925 qui
698 850 969 908 illuminat
1003 849 1278 918 tenebras,
1328 851 1644 906 abscondita
1693 849 2039 906 tenebrarum
2066 888 2082 914 ,
2108 855 2163 904 ct

567 940 771 1002 revelat
796 941 1010 1000 occulta
1031 945 1417 1016 mysteriorum
1440 944 1526 999 his
1555 943 1647 1014 qui
1672 957 1794 998 eum
1817 957 1924 996 non
1941 939 2165 996 simula-

571 1037 738 1093 tionis
784 1037 1026 1105 llctione,
1068 1037 1164 1093 sed
1207 1037 1356 1111 ﬁdei,
1390 1038 1670 1112 requirunt
1714 1036 1963 1092 veritate.
2011 1032 2166 1092 Unde

567 1125 846 1198 Sapientia
863 1129 1120 1185 admonet
1149 1128 1337 1184 dicens
1361 1147 1373 1183 :
1393 1126 1592 1184 Sentite
1613 1129 1677 1183 de
1699 1127 1926 1183 Domino
1941 1127 1996 1181 in
2022 1126 2167 1181 boni-

566 1228 690 1284 tate,
715 1228 767 1274 et
794 1219 1128 1291 simplicitate
1157 1220 1331 1275 cordis
1353 1222 1571 1293 quterite
1606 1220 1779 1286 illum,
1806 1220 2057 1292 quoniam
2085 1220 2168 1274 in-

565 1311 771 1366 venitur
814 1312 878 1366 ab
907 1311 989 1367 his
1014 1312 1106 1384 qui
1157 1328 1263 1367 non
1287 1321 1487 1369 tentant
1514 1312 1685 1377 illum,
1744 1321 1961 1385 apparet
1992 1320 2166 1366 autem

567 1405 642 1460 eis
686 1406 777 1477 qui
801 1405 961 1477 ﬁdem
998 1407 1190 1463 habent
1238 1409 1295 1463 in
1332 1408 1504 1464 illum.
1538 1407 1818 1480 .Perversce
1847 1410 1985 1463 enim
2026 1408 2168 1480 cogi-

569 1497 793 1552 tationes
839 1507 1087 1569 separant
1141 1516 1174 1554 a
1229 1499 1357 1566 Deo,
1399 1509 1448 1554 et
1490 1502 1711 1572 probata
1757 1501 1919 1556 virtus
1953 1499 2166 1570 corripit

565 1588 887 1660 insipientes.
922 1588 1188 1657 Quoniam
1234 1591 1290 1647 in
1324 1589 1638 1646 malevolam
1678 1593 1911 1646 animant
1960 1609 2065 1647 non
2094 1591 2169 1647 in-

567 1682 744 1737 troibit
770 1684 1048 1755 sapientia,
1080 1701 1172 1739 nec
1199 1683 1453 1739 habitabit
1480 1684 1535 1738 in
1569 1700 1785 1756 corpore
1823 1683 2031 1739 subdita
2051 1700 2169 1755 pec-

565 1778 717 1834 catis.
769 1778 1000 1850 Spiritus
1046 1780 1184 1835 enim
1229 1788 1446 1836 sanctus
1503 1768 1802 1851 disciplina:
1864 1779 2074 1851 e/fugiet
2101 1778 2169 1847 ﬁ-

2264 580 2429 635 opere
2454 564 2597 635 quod
2636 564 2934 636 praedicant
2962 579 3090 634 ore,
3118 567 3311 622 merito
3341 567 3576 627 omnium
3604 574 3796 641 gentium

2264 661 2726 725 vocelaudantur;
2744 670 2798 716 et
2813 662 3039 717 veniunt
3067 663 3136 717 ad
3160 679 3255 718 eos
3272 662 3450 720 fausta
3471 664 3797 739 acclamantes,

2264 755 2368 811 hoc
2379 762 2481 820 est,
2497 770 2592 825 per
2605 755 2905 810 custodiam
2924 755 3303 812 mandatorum
3322 755 3443 826 ejus
3460 759 3799 828 beatificantes,

2263 845 2452 903 laudes
2475 844 2625 903 Iudae
2649 846 2893 902 referunt
2934 848 3048 919 regi
3080 847 3311 915 caelesti,
3337 847 3494 919 juxta
3534 849 3655 907 illud
3683 851 3803 909 Psal-

2265 942 2460 1008 mistae,
2502 957 2632 1012 quo,
2661 941 3022 997 consideratis
3063 940 3221 997 bonis
3250 940 3531 1008 Ecclesiae,
3565 944 3674 997 ait:
3702 944 3807 1000 Bea-

2267 1046 2377 1092 tum
2404 1036 2653 1092 dixerunt
2690 1037 2941 1109 populant
2977 1037 3062 1091 cui
3106 1038 3217 1091 haec
3241 1046 3389 1105 sunt,
3422 1037 3595 1092 beatus
3631 1039 3807 1109 populus

2267 1133 2420 1203 cujus
2461 1143 2533 1186 est
2582 1132 2837 1187 Dominus
2865 1131 3007 1186 Deus
3047 1131 3162 1202 ejus
3200 1130 3376 1203 (Psal.
3422 1133 3596 1203 cxnv).
3626 1131 3741 1187 Hinc
3770 1143 3810 1188 et

2268 1220 2518 1278 Salvator
2567 1233 2751 1278 noster
2778 1222 3057 1294 discipulis
3100 1222 3218 1279 suis
3263 1223 3319 1277 in
3349 1222 3635 1294 Evangelio
3655 1239 3809 1294 priete-

2266 1313 2367 1391 pit,
2396 1314 2579 1371 dicens
2606 1331 2618 1367 :
2655 1312 2745 1369 Sic
2775 1314 2944 1368 luceat
2986 1312 3080 1368 lux
3117 1323 3289 1368 vestra
3330 1329 3513 1368 coram
3541 1313 3806 1379 hominibus,

2269 1413 2326 1458 ut
2364 1404 2571 1459 videant
2618 1421 2775 1475 opera
2824 1414 2991 1459 vestra
3031 1407 3198 1471 bona,
3247 1414 3295 1460 et
3325 1404 3613 1477 gloriﬁcent
3651 1403 3810 1460 Patrem

2268 1506 2495 1552 vestrum
2522 1498 2610 1570 qui
2645 1498 2702 1552 in
2728 1498 2867 1562 oculis
2894 1508 2966 1552 est
2999 1498 3215 1569 (Matth.
3244 1498 3322 1569 v).

2342 1588 2409 1642 Et
2436 1590 2592 1644 exivit
2618 1587 2790 1644 ludas
2817 1600 2866 1645 et
2893 1589 3083 1659 fratres
3110 1590 3245 1661 ejus,
3274 1599 3320 1644 et
3343 1589 3696 1662 expugnabant
3712 1588 3812 1659 ﬁlius

2269 1682 2419 1738 Esau
2472 1684 2527 1737 in
2576 1693 2716 1737 terra
2752 1700 2869 1752 qua:
2896 1683 2964 1739 ad
3012 1694 3252 1737 austrum
3300 1692 3400 1749 est,
3455 1693 3559 1736 etc.
3592 1681 3712 1748 Quid
3746 1696 3812 1749 per

2270 1776 2412 1833 Esau
2453 1776 2789 1849 intelligitur,
2832 1776 2922 1846 qui
2957 1791 3056 1846 per
3078 1775 3436 1847 cupiditatem
3463 1788 3601 1829 escae
3623 1771 3808 1827 vendidit

565 1883 708 1929 ctum
733 1917 749 1942 ,
796 1884 845 1930 et
891 1875 1095 1946 auferet
1139 1893 1196 1931 se
1236 1894 1271 1931 a
1303 1877 1708 1950 cogitationibus
1754 1893 1871 1949 qua:
1901 1885 2021 1932 sunt
2056 1876 2169 1931 sine
2196 1854 2245 1915 Β
2272 1871 2635 1943 primogenita
2666 1886 2762 1926 sua
2794 1871 2990 1926 minori
3020 1869 3178 1924 fratri
3212 1869 3405 1935 Jacob,
3457 1868 3561 1924 nisi
3599 1868 3814 1938 priorpo-

567 1963 835 2020 intellectu
868 1964 1023 2038 (Sap.
1068 1966 1132 2040 ἰ).

641 2056 710 2112 Ει
723 2067 835 2114 erat
849 2059 885 2113 J
888 2063 1021 2114 udas
1038 2075 1359 2132 congregans
1372 2069 1629 2116 extremos
1642 2070 1687 2114 et
1703 2059 2076 2114 exhortabatur
2087 2076 2175 2131 po-

572 2150 755 2223 pulum
781 2170 873 2224 per
887 2162 1050 2208 totam
1064 2154 1222 2219 viam,
1239 2161 1345 2209 etc.
1371 2153 1524 2223 Quod
1543 2153 1571 2207 J
1578 2155 1710 2210 udas
1724 2153 2036 2225 regrediens
2048 2169 2171 2209 cum

566 2244 811 2300 exercitu
832 2260 930 2300 suo
944 2245 997 2299 in
1014 2255 1159 2300 terra
1173 2243 1201 2299 J
1208 2244 1311 2299 uda
1329 2261 1649 2316 congregans
1660 2256 1917 2299 extremos
1932 2246 2174 2301 exhorta-

569 2334 727 2389 batur
754 2334 1007 2407 populum
1040 2352 1131 2407 per
1157 2345 1318 2390 totam
1345 2336 1480 2390 viam
1513 2334 1676 2389 donec
1700 2344 1947 2389 venerunt
1985 2335 2040 2389 in
2070 2345 2174 2390 ter-

566 2440 684 2481 ram
704 2424 872 2493 Iuda,
906 2425 1159 2482 doctores
1181 2436 1384 2483 sanctae
1413 2425 1667 2485 Ecclesiae
1696 2425 1945 2495 exemplo
1967 2440 2065 2481 suo
2091 2426 2173 2480 in-

572 2519 756 2586 struit,
805 2519 1018 2591 qualem
1060 2520 1477 2577 sollicitudinem
1527 2528 1898 2590 quantumque
1935 2519 2173 2574 studium

570 2608 772 2665 debent
827 2612 1028 2667 habere
1058 2627 1187 2682 erga
1234 2610 1529 2680 subjectos,
1566 2621 1625 2666 ut
1678 2613 1731 2666 in
1757 2610 1843 2665 via
1890 2610 2174 2683 praesentis
2212 2666 2216 2668 γ

565 2703 693 2759 vitae
719 2702 945 2759 verbum
972 2704 1370 2759 exhortationis
1398 2703 1503 2759 illis
1529 2704 1842 2775 impendere
1875 2718 1983 2757 non
2009 2702 2175 2774 negli-

567 2802 717 2869 gant,
768 2797 861 2852 sed
904 2794 1167 2865 docendo,
1213 2798 1578 2864 admonendo,
1627 2798 1976 2869 increpando,
2013 2804 2173 2867 atque

567 2888 919 2957 consolando,
942 2906 1159 2963 semper
1178 2891 1260 2947 eis
1284 2891 1545 2963 prodesse
1571 2891 1840 2957 studeant,
1859 2875 2173 2958 n'ulluinque

565 2981 739 3039 relabi
770 2999 801 3038 a
840 3000 939 3040 suo
970 2983 1231 3039 comitatu
1287 2992 1449 3055 atque
1497 2982 1767 3054 deperire,
1810 2990 2072 3052 quantum
2117 2981 2171 3036 in

568 3074 701 3147 ipsis
730 3083 836 3143 est,
863 3077 1214 3147 permittant;
1250 3077 1344 3133 sed
1372 3077 1544 3148 magis
1578 3075 1834 3130 festinent
1862 3082 1919 3129 ut
1945 3088 2169 3129 conser-

570 3176 699 3222 vato
744 3183 974 3224 numero
1022 3168 1077 3223 in
1107 3184 1260 3224 suam
1291 3184 1479 3224 curam
1516 3176 1911 3238 susceptorum,
1962 3164 2071 3220 lani
2116 3164 2168 3218 in

570 3263 773 3313 terram
803 3255 965 3325 Juda,
991 3259 1148 3331 juxta
1177 3258 1333 3314 Pauli
1372 3235 1697 3314 sententiam
1738 3254 1925 3328 (Hebr.
1957 3254 2056 3326 χιι)
2100 3254 2170 3307 ad
2199 3235 2244 3301 C

567 3350 798 3406 montem
826 3348 958 3407 Sion
981 3360 1029 3406 et
1058 3352 1319 3406 civitatem
1352 3349 1452 3405 Dei
1480 3350 1694 3405 viventis
1740 3346 2038 3403 Jerusalem
2073 3362 2173 3401 cae—

568 3440 748 3498 lestem
760 3460 824 3499 ac
850 3442 1384 3505 multorummillium
1406 3442 1710 3514 angelorum
1729 3441 2101 3514 frequentiam,
2122 3449 2172 3495 et

567 3530 863 3589 Ecclesium
887 3534 1293 3605 primitivorum,
1322 3534 1414 3606 qui
1439 3533 1720 3605 conscripti
1750 3544 1867 3587 sunt
1898 3534 1952 3587 in
1989 3530 2129 3587 caelis
2154 3572 2170 3598 ,

567 3633 618 3680 et
637 3625 872 3695 judicem
893 3628 1127 3682 omnium
1156 3627 1443 3683 Dominum
1471 3634 1832 3692 revertantur,
1864 3626 2020 3697 eique
2042 3633 2171 3682 tunc

569 3717 748 3788 dignis
778 3717 1029 3776 laudibus
1055 3720 1258 3792 gratias
1299 3726 1464 3793 agant
1507 3718 1660 3789 cujus
1699 3720 1840 3775 dono
1886 3718 1955 3774 ad
1985 3717 2169 3777 sedem

569 3809 769 3879 quietis
796 3825 861 3865 ac
894 3812 1045 3881 pacis
1079 3812 1367 3882 pervenire
1394 3820 1709 3883 potuerunt.

641 3898 713 3955 Et
732 3900 789 3956 in
799 3900 979 3957 diebus
992 3902 1179 3974 quibus
1193 3910 1304 3956 erat
1322 3899 1493 3961 ludas
1505 3910 1553 3955 et
1564 3900 1601 3955 Ι
1605 3902 1827 3956 onathas
1840 3903 1897 3956 in
1911 3911 2052 3955 terra
2066 3899 2170 3969 Ga-

570 3992 719 4061 laad,
742 4003 844 4051 etc.
871 3995 1011 4064 Quid
1037 4011 1135 4066 per
1159 3996 1258 4051 bos
1272 3995 1407 4051 duos
1438 3995 1732 4067 principes,
1755 3992 2049 4066 Josepbum
2065 3996 2169 4051 sci-

570 4082 764 4140 licetet
774 4086 1027 4141 Azariam
1038 4127 1053 4153 ,
1065 4087 1157 4157 qui
1177 4085 1519 4141 aemulatione
1532 4086 1791 4141 virtutum
1803 4084 1955 4141 Iudae
1968 4102 2166 4157 provo-

572 4176 702 4242 cati,
731 4191 830 4248 per
859 4175 1180 4247 iactantiam
1221 4178 1327 4235 sibi
1356 4194 1554 4234 nomen
1586 4179 1640 4234 in
1666 4178 1865 4251 proeliis
1887 4178 2168 4250 acquirere

568 4266 877 4336 voluerunt,
915 4269 1020 4325 nisi
1061 4270 1469 4342 hypocritarum
1522 4286 1754 4341 persona
1806 4271 2121 4342 designatur
2148 4312 2163 4339 ,

570 4360 665 4430 qui
717 4376 828 4417 non
859 4361 1086 4432 simplici
1143 4363 1464 4428 intentione,
1514 4362 1610 4418 sed
1659 4361 1798 4418 fastu
1841 4363 2166 4435 arrogantiae

569 4452 800 4509 virtutes
829 4461 1141 4510 sanctorum
1188 4456 1389 4511 imitari
1434 4453 1854 4526 appetunt.'Sed
1893 4456 2033 4510 sicut
2059 4454 2165 4510 illis

570 4562 679 4603 non
714 4562 972 4620 prospere
999 4558 1298 4604 evenerunt
1323 4566 1444 4621 quae
1487 4565 1595 4605 non
1636 4549 1780 4605 bono
1827 4548 2008 4605 animo
2044 4563 2164 4620 ges-

2274 1962 2454 2035 pulus,
2504 1962 2598 2032 qui
2625 1970 2847 2031 propter
2875 1961 3231 2031 cupiditatem
3271 1969 3545 2016 terrenam
3593 1957 3813 2028 indignum

2275 2071 2334 2111 se
2370 2054 2713 2126 printogeniti
2753 2054 2959 2109 honore
2999 2053 3257 2119 ostendit,
3294 2059 3353 2107 et
3402 2053 3473 2107 ob
3513 2051 3609 2106 hoc
3633 2048 3814 2120 dignitas

2276 2156 2389 2204 tota
2424 2148 2489 2201 ad
2519 2148 2760 2219 gentium
2808 2146 3064 2219 populum
3105 2144 3373 2199 translata
3402 2152 3506 2199 est.
3550 2142 3614 2197 Et
3640 2142 3752 2196 bene
3777 2140 3815 2193 in

2274 2255 2415 2298 terra
2443 2260 2559 2315 qua:
2587 2242 2657 2296 ad
2687 2251 2928 2296 austrum
2957 2250 3031 2295 est
3062 2239 3158 2295 lilii
3183 2239 3329 2294 Esau
3355 2252 3579 2294 manere
3598 2235 3813 2298 dicuntur,

2275 2337 2404 2408 quia
2448 2333 2704 2389 Iudaicus
2735 2332 2991 2406 populus,
3034 2345 3259 2404 propter
3300 2339 3581 2402 acceptam
3609 2328 3754 2398 legem
3776 2333 3816 2379 et

2277 2430 2474 2500 scripta
2502 2428 2893 2499 prophetarum
2920 2442 3043 2499 qua:
3070 2428 3126 2482 in
3152 2427 3260 2482 illis
3285 2425 3491 2482 tradita
3515 2433 3651 2490 sunt,
3674 2436 3814 2492 appro-

2276 2523 2548 2596 pinquare
2579 2521 2904 2576 videbantur
2936 2519 3125 2574 lumini
3171 2517 3307 2574 solis
3335 2517 3557 2583 aeterni;
3602 2514 3688 2570 sed
3725 2512 3814 2584 quia

2276 2625 2459 2672 mente
2488 2614 2712 2671 excitati
2740 2623 2888 2680 sunt,
2917 2622 2973 2669 et
2993 2611 3153 2682 juxta
3180 2612 3365 2669 lucem
3388 2610 3550 2682 positi
3578 2610 3596 2681 (
3620 2609 3744 2664 illam
3761 2607 3813 2662 vi-

2277 2706 2476 2763 delicet
2497 2704 2674 2761 lucem
2696 2721 2813 2776 qua:
2836 2702 3103 2758 illuminat
3136 2718 3346 2757 omnem
3376 2701 3631 2755 hominem
3652 2697 3811 2752 υοκὶιι-

2277 2808 2378 2854 tem
2418 2798 2637 2852 initum:
2667 2795 2922 2851 mundum
2954 2794 3137 2868 [10am
3168 2793 3232 2867 t],
3264 2809 3391 2850 eam
3416 2808 3596 2848 coram
3635 2789 3811 2862 positam

2278 2894 2520 2963 recipere
2547 2892 2864 2957 noluerunt,
2911 2889 3038 2944 inde
3080 2896 3270 2960 aperte
3305 2903 3407 2959 per
3438 2885 3623 2943 ludam
3657 2893 3705 2938 et
3733 2880 3812 2936 fra-

2276 2992 2394 3043 tres
2420 2985 2537 3052 ejus
2572 2984 2868 3055 expugnati
2898 2991 3294 3038 memorantur.
3322 2980 3461 3048 Quia
3486 2983 3812 3036 doctoressan-

2277 3075 2351 3132 cti
2382 3090 2628 3131 errorem
2676 3074 2888 3133 illorum
2919 3074 3000 3130 eis
3040 3074 3503 3144 improperantes,
3546 3084 3638 3140 pro
3675 3066 3812 3122 inobo-

2276 3167 2480 3223 dicntia
2521 3164 2656 3235 justi
2704 3166 2907 3237 spretis
2955 3174 3121 3236 atque
3169 3166 3468 3231 damnatis,
3520 3162 3583 3219 ad
3627 3159 3811 3233 gentili!!!

2275 3258 2721 3331 prtedicationem
2768 3258 3018 3315 conversi
3060 3268 3215 3325 sunt;
3255 3270 3607 3327 erroremque
3635 3250 3812 3324 perﬁdo-

2277 3368 2400 3406 rum
2449 3360 2557 3407 tam
2607 3352 2661 3406 in
2717 3351 2833 3422 ipsa
2894 3349 3180 3423 Synagoga
3222 3365 3393 3421 quam
3437 3357 3494 3405 et
3548 3348 3596 3402 in
3642 3339 3811 3413 singulis

2273 3442 2525 3513 personis
2565 3457 2826 3497 mucrone
2884 3441 3038 3498 verbi
3093 3440 3194 3497 Dei
3237 3441 3603 3512 percutientes
3627 3476 3642 3503 ,
3682 3444 3811 3489 turres

2275 3536 2564 3609 superbiae,
2602 3551 2738 3606 quas
2797 3534 2875 3590 illi
2925 3536 3188 3591 adversus
3247 3532 3600 3605 Evangelium
3658 3522 3809 3585 Christi

2274 3629 2414 3693 elata
2457 3638 2641 3689 mente
2698 3638 3018 3696 erexerunt,
3085 3629 3213 3700 igne
3270 3627 3472 3687 debita:
3510 3620 3809 3681 damnationis

2274 3721 2603 3781 exurebant.

2350 3811 2416 3866 Et
2470 3811 2631 3869 movit
2688 3820 2865 3869 castra
2925 3820 2980 3866 ut
3037 3811 3138 3866 iret
3201 3812 3263 3865 in
3301 3821 3507 3865 terram
3554 3805 3809 3874 alienigena-

2274 3920 2428 3971 rum,
2486 3913 2592 3961 etc.
2626 3901 2786 3971 Nota,
2844 3902 3033 3970 lector,
3064 3903 3208 3973 quod
3257 3916 3454 3961 omnes
3506 3899 3620 3957 illas
3653 3892 3807 3965 species

2273 3994 2735 4060 adversariorum,
2779 4010 2912 4065 quas
2960 4003 3090 4049 ante
3129 3997 3661 4053 conmemorava
3701 3995 3805 4039 nm

2270 4086 2514 4147 breviter
2542 4087 2855 4156 attingenda
2898 4085 3241 4156 recapitulat,
3291 4086 3403 4142 hoc
3433 4090 3519 4143 est
3559 4079 3803 4141 iudiearem

2266 4180 2554 4261 gentilium
2581 4188 2745 4249 atque
2784 4178 3187 4237 hereticorum.
3218 4175 3363 4239 Nam
3391 4191 3523 4233 cum.
3557 4171 3697 4244 paulo
3712 4173 3802 4223 ante

2272 4282 2608 4347 expugnatos
2656 4288 2787 4333 esse.
2828 4272 2971 4328 ﬁlios
3014 4272 3158 4329 Esau
3206 4271 3475 4337 narravit.
3524 4282 3638 4325 mox
3671 4268 3802 4318 castra

2268 4364 2699 4438 alienigenarum
2722 4364 2885 4425 simul
2909 4380 3035 4427 cum
3060 4363 3171 4421 aris
3194 4372 3252 4421 et
3277 4363 3469 4435 spoliis
3484 4361 3688 4418 deorum
3703 4355 3802 4424 ἱρω-

2271 4472 2394 4512 rum
2424 4472 2687 4514 succensa
2710 4472 2832 4513 esse
2862 4455 3177 4535 subjunxit;
3208 4456 3408 4514 deinde
3434 4448 3799 4527 perambth

2271 4548 2578 4607 Samariam
2605 4568 2617 4606 :
2653 4566 2797 4609 nunc
2822 4550 3125 4611 Samariam
3147 4556 3562 4613 commemorant,
3595 4543 3703 4615 quia
3721 4552 3798 4595 non

572 4648 786 4705 serunt,
830 4639 906 4694 ita
937 4646 991 4695 et
1021 4639 1139 4695 istis
1169 4641 1235 4697 de
1264 4649 1461 4695 conatu
1518 4656 1616 4697 suo
1645 4656 1753 4696 non
1784 4655 1912 4694 vera
1950 4638 2117 4710 gloria
2145 4679 2160 4705 ,
2190 4640 2244 4703 D
2270 4643 2445 4697 solum
2489 4642 2714 4698 Judaica
2765 4643 3099 4714 superstitio,
3152 4642 3246 4701 sed
3295 4650 3353 4699 et
3392 4639 3657 4713 gentilium
3686 4642 3798 4687 emi

571 4729 667 4786 Sed
696 4730 1025 4803 sempiterna
1057 4733 1303 4801 sequitur
1329 4732 1656 4803 ignominia;
1690 4732 1816 4803 quia
1847 4732 1913 4786 de
1943 4747 2166 4791 suorum

570 4838 680 4879 non
709 4835 990 4880 merentur
1016 4826 1242 4881 victoria
1271 4826 1526 4898 gaudere,
1557 4826 1651 4881 sed
1692 4825 1865 4898 magis
1912 4825 2168 4895 lugebant

571 4915 637 4971 de
666 4932 763 4972 sua
789 4932 1120 4989 suorumque
1152 4918 1501 4974 damnatione
1527 4926 1808 4989 perpetua.
1842 4915 1995 4973 Unde
2019 4925 2166 4972 recte

570 5006 911 5082 mlijungitur

643 5100 713 5153 Et
738 5102 880 5172 facta
907 5112 983 5157 est
1008 5103 1133 5175 fuga
1156 5120 1345 5175 magna
1369 5104 1424 5157 in
1446 5102 1656 5174 populo,
1687 5110 1788 5157 etc.
1822 5100 2012 5155 Merito
2033 5115 2161 5172 ergo

571 5205 783 5259 magna:
808 5192 979 5265 plaga:
1007 5195 1212 5265 patitur
1245 5210 1450 5260 casum,
1485 5195 1576 5265 qui
1613 5211 1717 5249 non
1747 5192 1900 5247 Judae
1941 5193 2161 5262 spirita«

573 5280 640 5336 lis
685 5283 902 5341 salubre
945 5288 1095 5341 audit
1141 5288 1460 5351 consilium;
1509 5296 1563 5341 et
1592 5285 1719 5357 quia
1769 5301 1875 5339 non
1908 5296 2067 5339 erant
2093 5283 2161 5339 de

572 5390 801 5459 numero
826 5380 1140 5451 electorum,
1190 5384 1280 5455 qui
1338 5382 1541 5454 Spiritu
1588 5380 1683 5435 Dei
1731 5380 1968 5451 instigati
1997 5394 2161 5449 opera

570 5470 837 5527 virtutum
864 5485 1076 5547 gemat,
1107 5493 1204 5548 pro
1228 5493 1322 5532 sua
1354 5475 1653 5548 impudenti
1682 5475 1910 5531 audacia
1932 5473 2164 5544 turpiter

571 5564 783 5637 confusi
811 5564 866 5621 in
896 5569 1153 5623 extremis
1178 5586 1299 5624 cum
1339 5569 1717 5641 peccatoribus
1763 5575 1942 5624 erunt.

645 5657 714 5711 Et
764 5658 863 5713 viri
903 5657 1051 5714 Juda
1078 5661 1399 5730 magniﬁcati
1441 5670 1561 5716 sunt
1592 5661 1739 5716 valae
1784 5661 1839 5715 in
1885 5668 2159 5730 conspectu

574 5738 768 5817 Israel,
794 5759 901 5809 etc.
934 5752 1079 5807 Bene
1119 5752 1316 5808 dicitur
1344 5755 1486 5823 quod
1527 5756 1631 5809 viri
1656 5752 1792 5810 Juda
1825 5752 2158 5825 magniﬁcati

574 5834 703 5897 sunt
720 5842 873 5911 valde
903 5843 959 5900 in
986 5854 1277 5914 conspectu
1295 5845 1537 5901 omnium
1557 5846 1817 5917 gentium,
1837 5846 2049 5917 quinilli
2064 5845 2161 5917 qui

2273 4742 2437 4803 atque
2482 4734 2743 4789 lueretica
2792 4735 3049 4804 pravitas,
3093 4734 3518 4805 praedicantibus
3562 4722 3792 4800 apostolis.

2270 4843 2369 4899 per
2407 4827 2760 4907 Evangelium
2794 4828 2995 4885 Christi
3040 4840 3350 4900 superatur,
3379 4818 3794 4885 confunditur,de-

2272 4919 2518 4984 struitur,
2553 4930 2716 4991 atque
2744 4922 2811 4977 ad
2857 4922 3086 4979 nihilum
3124 4923 3408 4995 redigitur.
3441 4917 3714 4977 Praesertim
3734 4922 3793 4966 ta-

2272 5026 2396 5067 men
2424 5013 2541 5065 vicit
2574 5011 2652 5066 leo
2679 5012 2743 5067 de
2772 5013 2907 5067 tribu
2932 5013 3079 5069 Juda
3114 5014 3269 5069 rudia:
3296 5013 3465 5069 Dauid
3490 5011 3653 5084 (Apoc.
3678 5004 3792 5075 θνα

2271 5105 2395 5176 quis
2446 5104 2666 5159 resistet
2692 5105 2776 5160 ei?
2822 5108 2896 5160 De
2943 5106 3082 5163 cmlo
3106 5104 3369 5175 judicium
3408 5101 3787 5175 jaculatumest.

2267 5205 2413 5252 terra
2464 5197 2685 5253 tremuit
2713 5204 2769 5251 ct
2817 5198 3019 5267 quievit
3052 5200 3177 5255 dum
3212 5204 3523 5269 exsurgeret
3554 5196 3603 5249 in
3630 5184 3787 5262 ῇυάὶάο

2264 5288 2408 5343 Deus
2429 5296 2483 5342 et
2526 5287 2705 5343 salvos
2741 5287 2947 5344 faceret
2976 5306 3165 5346 omnes
3195 5293 3406 5362 quietos
3452 5300 3601 5345 terra:
3636 5284 3653 5351 (
3672 5273 3781 5333 Ρωέι

2264 5382 2449 5455 Lxxv).
2494 5381 2645 5449 Quod
2684 5390 2861 5437 autem
2903 5384 3044 5439 inter
3080 5384 3186 5439 alia
3229 5384 3427 5441 dicitur
3463 5377 3695 5438 cecidisse
3716 5384 3783 5426 ει·

2267 5478 2515 5535 cerdotes
2557 5477 2612 5531 in
2646 5476 2805 5541 bello,
2836 5476 2962 5532 dum
2998 5478 3112 5533 sine
3147 5478 3366 5533 consilio
3387 5484 3564 5532 mimi
3596 5474 3644 5525 ia
3673 5474 3780 5538 ρίο-

2267 5568 2398 5627 lium
2452 5569 2615 5626 nimis
2644 5568 2982 5629 formidanda
3012 5570 3282 5626 sententia
3311 5579 3408 5627 est.

2985 5781 3142 5801 μ
