4028 6536
493 405 635 464 H75

1128 395 1192 450 B.
1227 391 1486 450 RABANI
1523 389 1746 450 MAURI
1783 389 2102 447 ARCHIEP.
2142 386 2454 447 MOGUNT.
2498 387 2787 447 OPERUM
2825 389 3006 447 PARS
3044 391 3084 447 l.

3620 394 3733 453 H76

465 512 776 590 conatibus
815 507 1012 567 devicti
1035 513 1474 578 prosternuntur.
1525 503 1714 561 Potest
1754 511 1810 559 et
1855 519 1962 560 non
2001 503 2088 558 in-
2115 505 2167 569 Α
2192 504 2604 575 praesumpsisse
2645 505 2954 576 imperium,
3003 515 3059 562 et
3082 521 3199 563 rem
3268 506 3534 578 publicam
3581 512 3738 571 Antio-

495 605 880 664 convenionter
916 602 1034 657 haec
1079 613 1170 655 res
1193 601 1261 654 ad
1296 598 1703 670 hypocritarum
1733 596 2090 668 signiﬁcatio-

493 711 620 753 nem
651 691 953 750 transferri.
992 691 1129 746 Dum
1158 689 1631 762 enimdnypocritae
1683 698 1873 744 contra
1927 689 2087 744 luxu-

493 789 660 854 riam,
685 792 780 841 aut
801 791 992 842 contra
1020 781 1231 854 gulam,
1261 792 1357 836 aut
1405 790 1593 837 contra
1643 780 1942 851 corporalia
1994 781 2088 836 de-

493 884 622 941 licta
672 899 773 955 per
816 879 1194 938 abstinentiam
1247 878 1562 950 conﬂigunt,
1617 892 1944 947 carnemque
1991 891 2090 947 per

488 976 758 1050 jejunium
800 990 896 1032 seu
948 989 1047 1046 per
1108 972 1318 1045 vigilias
1371 983 1427 1028 et
1487 981 1685 1029 caetera
1751 973 2088 1028 abstinentiae

495 1088 666 1145 opera
694 1072 994 1134 domantes,
1027 1084 1134 1124 non
1165 1082 1224 1124 se
1248 1084 1278 1122 a
1330 1067 1666 1137 spiritalibus
1711 1067 1970 1137 nequitiis
1997 1067 2089 1122 be-

495 1182 567 1222 ne
602 1167 914 1228 observant,
945 1164 1020 1217 ita
1058 1170 1118 1216 ut
1161 1169 1254 1216 aut
1283 1161 1350 1216 ab
1377 1161 1630 1226 elatione,
1654 1169 1747 1215 aut
1771 1159 1840 1214 ab
1861 1159 2086 1225 invidia,

497 1266 590 1314 aut
635 1273 668 1312 a
691 1256 989 1328 cupiditate
1035 1269 1143 1309 non
1186 1261 1436 1319 caveant,
1472 1253 1795 1323 quandoque
1820 1251 2087 1308 vincendo

496 1351 812 1413 vincuntur,
849 1348 978 1417 quia
1008 1347 1136 1402 dum
1167 1345 1273 1400 alia
1315 1345 1425 1400 vita
1471 1353 1747 1416 superant,
1777 1346 1831 1400 in
1869 1345 1973 1400 ista
2004 1345 2087 1399 vi-

497 1443 671 1500 ctoria
702 1442 902 1498 incauti
933 1441 1000 1495 ab
1033 1440 1156 1494 aliis
1179 1447 1556 1494 conteruntur.

567 1536 637 1590 Et
657 1534 1018 1607 applicuerunt
1047 1543 1223 1588 castra
1248 1535 1382 1605 regis
1411 1534 1481 1586 ad
1508 1532 1754 1587 Judwam
1786 1541 1835 1587 et
1860 1541 2085 1588 montem

497 1625 648 1692 Sion,
666 1636 714 1680 et
733 1625 850 1694 fecit
865 1641 1043 1696 pacem
1059 1641 1179 1678 cum
1207 1623 1288 1678 his
1313 1625 1403 1696 qui
1427 1634 1575 1678 erant
1600 1625 1656 1678 in
1677 1623 1960 1690 Bethsura,
1977 1633 2084 1680 etc.

495 1717 785 1773 Promovet
803 1717 1064 1789 mysticus
1088 1716 1387 1771 Antiochus
1408 1715 1475 1769 ad
1502 1715 1740 1770 Iudaeam
1774 1724 1830 1770 et
1847 1723 2086 1770 montem

497 1805 792 1877 Sion,quia
816 1815 984 1862 totum
1014 1815 1332 1878 apparatum
1358 1806 1483 1862 belli
1507 1807 1668 1861 vertit
1691 1807 1758 1861 ad
1779 1807 2089 1862 subversio-

2191 595 2280 652 chi
2308 594 2412 652 sibi
2443 595 2582 652 velle
2608 598 2900 669 suscipere,
2933 598 3419 669 praetermittentes
3445 601 3737 664 obsidionem

2191 686 2272 742 ire
2291 687 2551 745 adversus
2573 688 2880 762 Philippum
2907 691 3285 747 decreverunt.
3317 691 3468 760 Quod
3496 697 3740 754 consilium

2139 803 2146 807 -
2193 792 2536 851 nequaquam
2567 779 2916 836 manifestum
2963 782 3173 838 caeteris
3220 783 3456 838 ducibus
3484 782 3647 842 facere
3668 752 3756 844 vo-1

2189 871 2426 940 luerunt,
2451 874 2545 930 sed
2560 872 2723 943 jussit
2746 890 2841 930 rex
2864 875 3081 946 Lysiam
3111 875 3348 932 ducibus
3372 878 3549 934 dicere
3572 880 3745 938 diutur-

2190 980 2316 1020 nam
2342 966 2713 1022 obsessionem
2749 967 2883 1022 nihil
2934 969 3013 1023 eis
3044 984 3202 1039 posse
3233 968 3522 1039 proﬁcere,
3569 975 3746 1042 quando

2189 1065 2245 1113 et
2294 1058 2470 1113 locum
2523 1059 2957 1115 adversariorum
3017 1067 3302 1116 constaret
3363 1075 3483 1117 esse
3519 1064 3746 1120 munitum

2190 1162 2247 1208 et
2299 1154 2399 1209 sibi
2444 1153 2756 1210 victualium
2803 1155 3102 1210 necessitas
3143 1156 3507 1227 irrogaretur,
3540 1164 3593 1210 et
3621 1173 3748 1228 cxpe-

2190 1244 2331 1300 diret
2377 1261 2565 1317 pacem
2601 1244 2782 1302 facere
2816 1261 2937 1301 cum
2984 1246 3203 1313 Iudmis,
3246 1261 3456 1318 eosque
3488 1247 3748 1318 relinquere

2189 1339 2424 1410 propriis
2451 1339 2532 1394 uti
2560 1341 2917 1407 caeremoniis,
2957 1341 3100 1396 unde
3126 1341 3400 1396 hactenus
3426 1356 3456 1394 a
3485 1342 3631 1395 nobis
3652 1357 3749 1411 pro-

2190 1430 2368 1496 hibiti,
2382 1431 2616 1485 existere
2630 1431 2881 1487 videntur
2895 1433 3090 1487 aversi.
3111 1431 3240 1487 Haec
3252 1433 3465 1497 dicens,
3487 1433 3550 1488 de
3562 1431 3750 1505 Philippi

2192 1522 2477 1594 tyrannide
2529 1521 2816 1578 tacendum
2841 1539 2961 1579 esse
3003 1524 3266 1589 decrevit,
3305 1539 3377 1578 ne
3415 1526 3667 1580 exercitus
3687 1527 3750 1581 sui

2191 1613 2351 1668 dubia
2367 1613 2532 1669 corda
2547 1615 2866 1685 perciperet.
2888 1614 3012 1669 llaec
3025 1615 3186 1687 Lysia
3203 1616 3448 1680 dicente,
3462 1616 3694 1671 exercitui
3711 1627 3751 1672 et

2177 1704 2416 1760 ducibus
2438 1705 2705 1761 sententia
2727 1706 2946 1776 placuit.
2963 1706 3115 1760 Tunc
3137 1708 3367 1762 mittens
3390 1723 3488 1762 rex
3517 1709 3580 1762 ad
3597 1706 3752 1762 Iudam

2192 1811 2379 1866 pacem
2409 1799 2660 1867 promisit
2681 1799 3009 1864 obsessis,et
3032 1800 3225 1870 patriis
3251 1799 3468 1870 legibus
3497 1815 3584 1856 eos
3607 1802 3752 1862 vivere

495 1914 618 1954 nem
641 1897 1110 1955 EcclesiaeChristi
1138 1907 1193 1953 et
1213 1898 1342 1954 facit
1366 1912 1556 1968 pacem
1577 1914 1698 1953 cum
1722 1897 1914 1967 hisqui
1937 1905 2094 1952 erant
2119 1891 2167 1952 B
2194 1890 2496 1960 pollicetur.
2532 1891 2598 1946 Hi
2645 1907 2776 1946 vero
2812 1894 3170 1963 suscipientes
3233 1894 3433 1958 verba,
3486 1903 3540 1950 et
3591 1901 3754 1953 L‘Onﬁr-

496 1990 552 2044 in
574 1989 859 2056 Bethsura,
876 2006 998 2046 cum
1025 2005 1134 2045 non
1158 2006 1342 2045 veram
1369 2005 1578 2060 pacem,
1596 1990 1689 2046 sed
1719 1989 1910 2045 falsam
1933 1987 2092 2044 oll‘ert

499 2083 587 2139 his
614 2098 749 2154 quos
776 2083 890 2139 vult
918 2083 1168 2155 decipere
1205 2092 1261 2139 et
1289 2099 1386 2155 per
1429 2083 1827 2140 simulationem
1883 2082 2087 2139 fallere.

500 2175 608 2231 Sed
629 2176 706 2231 illi
727 2176 1100 2232 tantummodo
1126 2177 1194 2232 ad
1220 2193 1345 2233 eum
1373 2186 1573 2234 exeunt
1595 2178 1661 2233 de
1693 2177 1939 2244 civitate,
1969 2177 2091 2248 qui-

497 2266 600 2322 bus
647 2281 753 2321 non
779 2276 934 2323 erant
967 2267 1223 2324 alimenta
1258 2268 1529 2325 conclusis
1556 2286 1570 2335 ;
1615 2270 1742 2340 quia
1767 2269 1856 2324 illi
1887 2269 2091 2325 solum-

494 2358 658 2413 modo
692 2357 760 2412 de
808 2357 1064 2414 Ecclesiae
1104 2359 1404 2414 munimine
1439 2358 1646 2414 seducti
1677 2358 1965 2430 receduntf,
1998 2359 2092 2429 qui

497 2465 606 2504 non
636 2449 836 2504 habent
860 2449 1117 2521 pabulum
1162 2450 1404 2507 scientiae
1430 2458 1595 2521 atque
1639 2449 1949 2518 charitatis,
1983 2464 2092 2520 quo

498 2541 554 2596 in
579 2542 761 2596 animo
804 2550 1116 2612 pascantur.
1164 2539 1267 2608 Qui
1297 2549 1352 2594 et
1376 2539 1518 2595 male
1550 2539 1891 2596 sabbatizant
1920 2579 1936 2605 ,
1964 2555 2091 2595 cum

498 2647 609 2692 non
637 2632 898 2687 virtutum
927 2631 1186 2697 studium,
1215 2631 1311 2686 sed
1339 2632 1583 2702 segnitiae
1606 2633 1779 2688 otium
1810 2631 2041 2702 diligunt
2073 2648 2086 2685 :

500 2723 716 2794 ipsique
773 2723 841 2779 ab
891 2723 1046 2778 hoste
1085 2721 1396 2792 captivante
1425 2723 1479 2777 in
1509 2722 1627 2794 ejus
1657 2723 1961 2778 dominium
2006 2738 2095 2779 re-

503 2817 691 2883 deunt,
724 2817 818 2888 qui
855 2831 1165 2888 prtecavere
1190 2817 1308 2888 ejus
1335 2817 1562 2873 insidias
1588 2817 1799 2873 nolunt.
1822 2816 1977 2885 Quod
1997 2831 2094 2872 au-

500 2917 612 2966 tem
661 2909 858 2967 dicitur
899 2907 1043 2980 quod
1092 2909 1364 2966 convertit
1409 2917 1588 2966 castra
1639 2925 1736 2965 rex
1783 2911 1853 2965 ad
1910 2909 2090 2965 locum

498 3000 946 3058 sanctiﬁcationis
994 3001 1110 3058 dies
1136 3001 1355 3068 multos,
1411 3002 1683 3072 signiﬁcat
1711 3010 2092 3072 persecutores

499 3093 740 3148 ﬁdelium
789 3108 898 3149 non
927 3091 1083 3148 facile
1124 3107 1341 3149 cessare
1366 3108 1398 3147 a
1427 3092 1824 3163 persecutionis
1859 3092 2093 3149 crudeli-

503 3195 636 3252 tate,
665 3187 758 3243 sed
779 3187 1030 3243 omnibus
1056 3188 1246 3245 diebus
1273 3203 1445 3259 usque
1470 3187 1540 3242 ad
1568 3190 2089 3246 consummationem

2193 1986 2358 2041 matis
2387 1986 2748 2042 sacramentis
2773 1995 2826 2041 et
2855 1986 2980 2052 ﬁde,
3005 1988 3307 2045 exierunta
3340 1991 3559 2062 templo.
3579 1993 3751 2048 latrans

2191 2092 2322 2135 vero
2348 2077 2651 2136 Antiochus
2676 2086 2726 2134 et
2761 2077 3030 2151 aspiciens
3058 2083 3335 2137 munitum
3393 2083 3585 2148 locum,
3615 2084 3753 2154 impu-

2194 2175 2388 2230 denter
2410 2183 2749 2231 sacramenta
2767 2183 3140 2247 transgressus
3161 2185 3266 2240 est,
3283 2177 3555 2247 jussitque
3577 2192 3748 2232 omnem

2192 2267 2496 2323 exercitum
2520 2267 2575 2322 in
2597 2268 2827 2323 circuitu
2845 2275 3079 2323 stantem
3111 2269 3390 2340 deponere
3417 2284 3593 2324 muros
3617 2283 3751 2338 usque

2193 2358 2263 2412 ad
2316 2357 2511 2413 solum.
2547 2357 2841 2428 Postquam
2884 2359 2999 2414 haec
3025 2357 3174 2424 fecit,
3196 2375 3459 2415 reversus
3487 2368 3566 2415 est
3600 2358 3750 2414 Antio-

2194 2448 2396 2514 chiam,
2428 2448 2631 2504 ducens
2657 2447 2849 2504 Oniam
2877 2449 3178 2520 principem
3205 2450 3551 2506 sacerdotum
3571 2490 3584 2514 ,
3609 2449 3685 2519 qui
3710 2455 3751 2503 et

2193 2538 2469 2595 Menelaus
2489 2539 2790 2596 dicebatur.
2809 2540 2944 2595 Nam
2962 2541 3152 2614 Lysias
3169 2541 3447 2612 persuasit
3469 2540 3575 2614 regi
3599 2538 3746 2596 Mene-

2193 2631 2338 2688 laum
2361 2632 2613 2689 occidere
2637 2634 2683 2690 si
2722 2633 2885 2690 vellet
2913 2643 3137 2705 pacatos
3179 2651 3306 2692 esse
3348 2634 3575 2701 Iudaeos,
3599 2634 3748 2690 dicens

2192 2723 2336 2780 hunc
2362 2722 2529 2779 fuisse
2557 2723 2770 2779 initium
2798 2725 3091 2792 malorum,
3111 2727 3202 2797 qui
3231 2725 3387 2782 ﬂexit
3409 2735 3606 2797 patrem
3625 2739 3743 2780 suum

2194 2810 2390 2887 cogere
2412 2812 2628 2873 Iudaeos
2667 2817 2981 2889 religionem
3023 2819 3260 2888 patriam
3297 2817 3612 2888 relinquere.
3653 2812 3747 2868 blit-

2193 2917 2315 2964 tens
2333 2924 2462 2982 ergo
2484 2923 2580 2965 rex
2610 2909 2909 2966 Menelaum
2943 2911 3012 2966 ad
3037 2910 3256 2966 Neriam
3287 2909 3361 2982 Sy
3373 2911 3465 2965 rim
3493 2909 3742 2972 civitatem,

2197 3002 2473 3059 interfecit
2535 3019 2682 3070 eum,
2731 3011 2855 3075 post
2907 3004 3178 3060 decimum
3212 3020 3418 3061 annum
3462 3005 3744 3075 principatus

2197 3094 2486 3149 sacerdotii
2515 3095 2633 3166 ejus
2662 3111 2676 3161 ;
2732 3103 2786 3151 et
2820 3102 2882 3150 ut
2929 3095 3046 3166 ipse
3074 3097 3442 3167 principatum
3501 3096 3742 3155 obtineret,

2197 3185 2410 3257 impulit
2432 3185 2646 3242 Iudaeos
2676 3187 2982 3259 transgredi
3009 3187 3175 3259 leges.
3205 3187 3471 3258 Princeps
3496 3200 3612 3240 vero
3632 3182 3743 3236 ordi-

500 3278 685 3334 saeculi
739 3278 880 3334 bella
921 3279 1186 3352 ingerere.
1229 3280 1314 3337 Ad
1361 3280 1738 3353 probationem
1767 3281 2092 3353 quihusdam
2121 3265 2168 3330 C
2199 3286 2359 3334 natus
2399 3287 2487 3334 est
2528 3286 2654 3350 post
2711 3278 2936 3335 Menelai
2985 3279 3266 3335 interitum
3315 3279 3567 3343 Alcimus,
3591 3275 3668 3346 qui
3704 3279 3745 3327 et

501 3373 872 3438 credentibus,
909 3374 1234 3445 quihusdam
1281 3376 1350 3431 ad
1378 3376 1775 3447 deceptionem.
1801 3375 1938 3444 Quia
1966 3377 2093 3431 dum

500 3466 730 3538 mystica
752 3465 966 3534 mulier,
981 3482 1101 3539 quae
1120 3483 1218 3539 per
1232 3467 1460 3541 ﬁguram
1477 3469 1602 3525 Evre
1616 3484 1872 3540 expressa
1885 3479 1989 3535 est,
2005 3486 2095 3526 ca-

500 3564 599 3628 put
625 3559 861 3613 conterit
896 3560 1186 3628 serpentis,
1218 3559 1333 3630 ipse
1385 3561 1577 3632 anguis
1615 3571 1913 3618 venenatus
1959 3579 2098 3617 nun-

501 3666 668 3724 quam
695 3653 930 3710 cessabit
959 3653 1205 3709 insidiari
1251 3654 1504 3711 calcaneo
1543 3656 1679 3727 ejus.
1722 3655 1876 3724 Quod
1915 3666 2096 3713 autem

502 3746 890 3817 subjungitur:
929 3746 998 3801 Et
1032 3757 1389 3802 remanserunt
1439 3752 1496 3804 in
1548 3751 1748 3805 sanctis
1788 3751 1889 3806 viri
1915 3752 2095 3822 pauci,

503 3840 754 3911 quoniam
805 3839 1097 3894 obtinuerat
1124 3857 1211 3896 eos
1241 3842 1427 3912 fames,
1458 3853 1505 3897 et
1535 3843 1759 3915 dispersi
1788 3853 1909 3898 sunt
1934 3860 2100 3900 unus-

503 3933 721 4004 quisque
747 3933 804 3986 in
833 3930 1004 3986 locum
1039 3949 1214 4000 suum,
1238 3934 1499 4006 signiﬁcat
1532 3938 1694 4007 quod,
1723 3939 2100 4008 persecutione

506 4024 803 4080 inﬁdelium
849 4024 1108 4090 fervente,
1144 4027 1362 4098 plurimi
1384 4044 1570 4085 eorum
1600 4031 1693 4101 qui
1719 4030 2018 4089 facietenus
2041 4035 2098 4089 in

509 4112 773 4180 Ecclesia,
789 4123 844 4170 et
857 4130 965 4169 non
991 4115 1114 4171 ﬁdei
1135 4117 1459 4183 constantia,
1479 4121 1899 4190 perseverabant
1915 4123 1968 4177 in
1986 4122 2096 4192 illa,

507 4207 892 4278 diSperguntur
919 4217 1142 4279 propter
1166 4210 1417 4267 timorem
1460 4227 1768 4284 poenarum,
1788 4215 1945 4287 juxta
1968 4217 2102 4275 illud

508 4299 652 4369 quod
677 4300 937 4356 Dominus
959 4300 1012 4355 in
1037 4301 1327 4373 Evangelia
1348 4305 1598 4373 praedixit
1625 4307 1933 4364 novissimis
1963 4316 2103 4365 tem—

507 4391 730 4461 poribus
749 4391 990 4448 futurum
1033 4411 1046 4449 :
1084 4393 1204 4449 Erit
1233 4397 1371 4450 enim
1402 4399 1593 4468 inquit,
1622 4417 1868 4470 pressura
1907 4420 2102 4475 magna

508 4499 684 4554 super,
706 4493 900 4538 terram
921 4494 968 4538 et
989 4484 1071 4539 ira
1091 4485 1283 4556 populo
1299 4487 1436 4542 huic.
1455 4489 1523 4543 Et
1538 4491 1725 4545 cadent
1737 4493 1794 4547 in
1807 4509 1896 4547 ore
1912 4492 2099 4565 gladii,

507 4583 554 4626 et
575 4574 761 4644 captivi
779 4573 1034 4628 ducentur
1051 4575 1105 4629 in
1136 4591 1311 4631 omnes
1336 4587 1531 4648 gentes,
1546 4589 1593 4634 et
1621 4579 1919 4638 Jerusalem
1943 4600 2098 4638 coar-

405 4664 410 4669 “
510 4665 735 4718 ctabitur
769 4682 800 4718 α
835 4665 1090 4734 gentibus,
1117 4666 1281 4722 donec
1309 4669 1628 4740 impleantur
1657 4683 1893 4746 tempora
1924 4679 2099 4732 natio-

511 4769 657 4807 num.
692 4753 759 4807 Et
804 4755 905 4809 nisi
935 4755 1151 4811 breviati
1185 4758 1404 4827 fuissent
1424 4761 1536 4817 dies
1562 4763 1663 4830 illi,
1695 4782 1798 4821 non
1819 4767 1965 4836 ﬁeret
1991 4769 2100 4824 sal-

510 4866 575 4902 va
621 4849 789 4903 omnis
818 4865 962 4917 caro,
1002 4851 1095 4907 sed
1118 4862 1330 4925 prapter
1355 4855 1545 4914 electos
1574 4859 1949 4919 breviabuntur
1983 4866 2097 4923 dies

509 4942 590 4997 illi
618 4940 770 5014 (Luc.
797 4944 935 5017 xxi).

585 5035 652 5090 Et
680 5037 878 5092 audivit
934 5037 1119 5110 Lysias
1153 5041 1294 5112 quod
1323 5039 1622 5114 Philippus,
1648 5063 1802 5116 quem
1828 5051 2102 5106 constituit

513 5143 606 5182 rex
643 5127 931 5184 Antiochus
957 5147 1076 5184 cum
1107 5131 1280 5187 adhuc
1300 5133 1508 5202 viveret,
1535 5145 1640 5192 etc.
1664 5138 1804 5204 Quid
1834 5138 2104 5213 Iosephus

514 5220 642 5276 hinc
675 5219 874 5276 referat
915 5237 1022 5278 non
1050 5221 1330 5295 indignum
1364 5227 1579 5283 videtur
1611 5231 1738 5286 huic
1763 5233 1918 5303 operi
1949 5236 2100 5293 inse-

512 5327 668 5378 rere;
700 5328 802 5368 nec
839 5330 1001 5385 grave
1031 5315 1190 5371 debet
1226 5317 1397 5372 videri
1447 5318 1636 5375 lectori
1682 5322 1727 5376 si
1757 5323 2100 5381 diversarum

512 5403 862 5458 historiarum
910 5405 1142 5461 invicem
1171 5405 1525 5463 conferuntur
1565 5413 1931 5480 narrationes,
1975 5417 2103 5486 quia

511 5493 832 5548 alterutrum
859 5510 918 5550 se
935 5496 1128 5566 juvare
1139 5497 1388 5554 videntur
1402 5501 1469 5554 ad
1489 5502 1886 5571 explanandam
1913 5509 1992 5562 rei
2017 5524 2101 5565 re-

513 5585 584 5640 cti
594 5585 832 5642 tudinem
853 5587 1108 5645 historice
1122 5599 1368 5647 retexere
1381 5594 1691 5650 veritatem.
1707 5595 1905 5653 Narrat
1919 5609 2101 5658 autem

512 5677 780 5751 Iosephus
835 5682 939 5737 hoc
989 5683 1148 5738 modo
1199 5682 1346 5754 (Lib.
1409 5702 1485 5741 xu
1546 5687 1724 5760 Antiq.
1781 5708 1897 5761 cap.
1948 5693 2095 5764 M):

521 5791 539 5820 ε
581 5771 765 5842 Lysias
800 5773 907 5828 dux
935 5782 990 5829 et
1015 5789 1110 5829 rex
1131 5774 1431 5830 Antiochus
1456 5793 1576 5832 cum
1607 5779 1886 5852 Philippus
1911 5799 1943 5838 a
1971 5784 2101 5840 Per-

517 5861 632 5915 side
672 5863 895 5918 veniens
941 5867 1218 5920 nuntiatus
1275 5874 1357 5919 est
1398 5868 1476 5922 eis
1519 5873 1951 5930 commendatum
1997 5877 2098 5933 sibi

2197 3372 2444 3429 Ioachim
2490 3381 2716 3428 vocatus
2755 3379 2858 3427 est.
2899 3371 3013 3427 Rex
3042 3381 3225 3429 autem
3281 3371 3590 3434 Antiochus,
3621 3368 3739 3422 inve-

2199 3464 2354 3520 niens
2390 3463 2694 3534 Philippum
2733 3464 2895 3520 rebus
2919 3465 3303 3537 imperantem,
3327 3462 3738 3521 debellabateum,

2199 3570 2361 3626 quem
2392 3555 2491 3610 sub
2519 3571 2615 3611 sua
2642 3553 2846 3611 faciens
2869 3564 3138 3626 potestate
3169 3557 3393 3614 occidit.
3417 3555 3572 3611 Filius
3595 3561 3736 3607 autem

2198 3649 2462 3720 principis
2482 3648 2782 3704 sacerdotis
2803 3646 2978 3715 Oniaa,
3001 3648 3068 3706 de
3091 3665 3199 3719 quo
3222 3649 3583 3720 praediximus,
3603 3643 3738 3698 adhuc

2199 3741 2457 3814 puerulus
2485 3740 2741 3796 defuncto
2773 3749 2930 3811 patre
2971 3742 3215 3808 relictus,
3246 3743 3438 3797 videns
3461 3739 3591 3811 quod
3607 3749 3737 3790 avuno

2199 3833 2380 3890 culum
2404 3848 2558 3888 suum
2574 3830 2870 3887 Menelaum
2886 3846 2984 3887 rex
2998 3832 3361 3889 interfecisset
3372 3841 3424 3888 et
3434 3829 3735 3903 principatum

2202 3922 2490 3979 sacerdotii
2528 3921 2741 3978 Alcimo
2769 3920 3029 3988 dedisset,
3071 3929 3128 3978 et
3173 3938 3285 3978 non
3317 3919 3557 3978 existenti
3587 3920 3641 3974 de
3669 3929 3736 3986 ge-

2201 4033 2332 4073 nere
2377 4017 2741 4081 sacerdotum,
2773 4016 2870 4072 sed
2889 4015 3052 4088 Lysia
3096 4015 3290 4084 ﬂexus,
3317 4026 3378 4074 ut
3420 4017 3735 4086 transponeret

2202 4110 2465 4165 honorem
2512 4109 2580 4164 ab
2625 4123 2689 4164 ea
2721 4106 2925 4164 familia
2972 4109 3039 4164 ad
3068 4109 3230 4166 aliam
3267 4111 3512 4176 domum;
3553 4106 3665 4177 fugit
3683 4103 3731 4157 ad

2202 4201 2555 4257 Ptolommum
2611 4216 2792 4272 regem
2841 4201 3079 4274 .‘Egypti,
3113 4211 3169 4258 et
3213 4205 3472 4261 honorem
3495 4199 3662 4258 meruit
3683 4195 3731 4250 ab

2204 4296 2321 4366 ipso
2347 4303 2405 4351 et
2429 4293 2712 4365 Cleopatra
2745 4310 2914 4350 uxore
2940 4295 3078 4365 ejus,
3108 4296 3396 4370 locumque
3422 4297 3565 4371 petiit
3603 4295 3646 4349 in
3669 4304 3731 4344 re

2204 4387 2362 4458 gione
2394 4384 2813 4456 Heliopolitana,
2844 4387 2936 4442 ubi
2964 4387 3604 4463 simile'Ierosolymorum
3633 4380 3728 4438 adi-

2204 4480 2394 4536 ﬁcaret
2419 4479 2700 4551 templum.
2732 4501 2752 4534 ι
2781 4480 3053 4538 Hactenus
3073 4482 3360 4556 Iosephus.

2275 4573 2430 4640 Quod
2461 4581 2642 4629 autem
2674 4574 2974 4631 Antiochus
2997 4575 3173 4632 fasdus
3194 4579 3397 4648 pepigit
3428 4591 3539 4633 cum
3564 4569 3727 4629 Israeli-

2206 4669 2298 4734 tis,
2325 4677 2383 4724 et
2418 4667 2626 4738 juravit
2650 4668 2741 4724 ille
2765 4677 2820 4725 et
2847 4671 3118 4741 principes
3142 4671 3281 4741 ejus,
3305 4691 3406 4731 nec
3430 4682 3590 4728 tamen
3606 4667 3725 4738 jura-

2203 4769 2448 4818 mentum
2483 4762 2740 4828 servavit,
2771 4763 2866 4818 sed
2893 4763 3050 4819 solvit
3072 4765 3448 4836 jusjurandum
3483 4775 3531 4822 et
3553 4760 3723 4818 violavit

2202 4862 2418 4926 pactum
2452 4871 2466 4921 ;
2499 4854 2765 4925 signiﬁcat
2791 4855 2935 4925 quod
2960 4871 3082 4911 cum
3108 4859 3378 4917 hzereticis
3395 4868 3446 4916 et
3473 4854 3720 4915 inﬁdelibus

2203 4946 2352 5002 nullo
2384 4946 2546 5002 modo
2574 4945 2728 5002 ﬁrma
2763 4947 2868 5002 erit
2890 4948 3070 5017 pactio
3110 4948 3354 5020 foederis,
3403 4953 3516 5024 quia
3561 4960 3718 5016 nequa-

2203 5055 2366 5112 quam
2403 5040 2540 5110 apud
2567 5053 2661 5095 eos
2699 5038 2803 5094 ﬁxa
2831 5047 2916 5095 est
2953 5041 3256 5097 observatio
3276 5045 3429 5115 juris.
3457 5041 3588 5099 Unde
3607 5033 3717 5092 nullo

2207 5133 2368 5190 modo
2395 5148 2517 5188 cum
2547 5132 2694 5187 vitiis
2717 5140 2773 5188 et
2797 5133 3055 5188 vitiorum
3093 5143 3314 5193 auctore
3353 5135 3614 5194 feriendum
3652 5133 3715 5182 est

2205 5225 2403 5291 foedus,
2431 5224 2558 5280 licet
2600 5239 2785 5295 pacem
2823 5225 3139 5295 promittant
3175 5236 3230 5283 et
3269 5230 3640 5302 prosperitatem
3663 5220 3716 5274 si-

2207 5318 2414 5375 mulent
2440 5336 2455 5385 ;
2485 5318 2581 5374 sed
2617 5318 2759 5374 omni
2785 5326 3023 5390 tempore
3059 5321 3328 5380 instanter
3371 5333 3537 5383 contra
3561 5333 3635 5375 eos
3657 5313 3710 5368 di-

2206 5411 2515 5469 micandum
2539 5427 2660 5468 cum
2703 5420 2858 5467 scuto
2887 5412 3007 5468 ﬁdei
3048 5422 3104 5469 et
3152 5419 3320 5476 armis
3365 5417 3591 5491 iustitiae:
3617 5419 3710 5466 tunc

2207 5516 2388 5564 autem
2430 5508 2750 5563 cessandum
2798 5524 2828 5562 a
2869 5507 3073 5580 praelio,
3105 5511 3323 5580 quando
3377 5512 3527 5570 hostis
3562 5503 3706 5562 Antio-

2206 5603 2339 5658 chus
2369 5617 2476 5657 non
2498 5601 2647 5658 siluit
2673 5601 2724 5656 in
2751 5601 2969 5669 mundo,
2996 5601 3089 5658 sed
3117 5603 3394 5664 demersus
3413 5592 3705 5664 retruditurin

2206 5693 2441 5751 inferno.

2886 5815 3114 5836 ——--—’
