4028 6466
263 378 402 438 ΗΠ

859 492 1084 551 CAPUT
1124 494 1235 549 VII.

262 584 579 658 Demetrius,
604 585 789 658 occisis
810 583 1064 658 Antiocho
1085 596 1133 640 et
1157 583 1338 658 Lysia,
1356 587 1579 642 obtinuit
1599 603 1834 658 regnum.

328 655 406 709 De
440 654 639 710 Alcimo
665 664 712 709 et
726 654 988 710 Bacchide
1016 666 1064 710 et
1096 654 1297 711 malitia
1325 675 1544 722 eorum;
1604 654 1673 712 tle
1722 675 1841 712 san-

328 726 485 808 guine
519 726 704 810 ‘e/fuso
741 726 802 780 'in
834 726 1053 810 circuitu
1100 725 1414 810 Jerusalem.
1466 728 1610 810 blisit
1646 728 1836 810 Deme-1

328 798 462 880 trists
509 795 827 852 Nicanorem
868 808 1050 852 contra
1096 796 1314 853 Israel:
1368 800 1533 853 oravit
1572 799 1745 854 Judas
1789 807 1839 854 et

326 877 470 923 vicit.

330 958 475 1013 Anno
519 959 797 1015 centesimo
823 961 1250 1032 quinquagesimo
1286 961 1456 1031 primo
1495 961 1624 1016 exiit
1642 960 1837 1017 Deme-

254 1051 386 1106 trius
414 1049 622 1108 Seleuci
646 1052 788 1122 ﬁlius
819 1054 882 1108 ab
926 1053 1052 1109 urbe
1078 1052 1271 1121 Roma,
1297 1062 1403 1110 etc.
1431 1055 1507 1110 De
1532 1055 1639 1111 hoc
1657 1063 1837 1111 autem

213 1141 223 1152 ’
252 1140 527 1199 Demetrio
549 1143 838 1216 Pompeius
852 1145 1060 1217 Trogus
1088 1146 1142 1201 in
1165 1162 1262 1202 sua
1295 1146 1532 1203 Historia
1560 1147 1632 1202 ita
1650 1154 1838 1203 narrat

252 1234 477 1305 dicens;
523 1234 659 1293 Cum
709 1237 1012 1294 Antiochus
1056 1237 1262 1295 recedit
1316 1238 1594 1313 [decedit],
1646 1241 1837 1297 relicto

248 1326 476 1396 parvulo
500 1327 792 1384 admodum
819 1328 950 1395 ﬁlio,
984 1330 1069 1385 cui
1093 1337 1300 1386 tutores
1320 1346 1351 1384 a
1378 1331 1574 1402 populo
1607 1331 1717 1387 dati
1745 1346 1835 1388 es-

248 1425 393 1483 sent,
422 1425 649 1489 patruus
673 1416 790 1490 ejus
816 1420 1138 1487 Demetrius,
1168 1421 1261 1493 qui
1287 1422 1447 1478 obses
1476 1422 1664 1479 Romae
1691 1433 1833 1491 erat,

245 1510 459 1581 cognita
490 1520 668 1567 morte
693 1512 879 1569 fratris
919 1512 1199 1581 Antiochi,
1228 1525 1476 1572 senatum
1504 1518 1657 1585 adiit,
1688 1519 1834 1575 obsi-

244 1599 369 1655 dem
398 1614 459 1656 se
490 1600 615 1657 vivo
638 1600 809 1659 fratre
842 1603 1076 1671 venisse,
1123 1621 1231 1676 quo
1254 1615 1470 1663 mortuo
1491 1608 1646 1679 cujus
1673 1611 1834 1666 obses

242 1694 316 1749 sit
344 1709 402 1750 se
438 1694 692 1766 ignorare
717 1712 733 1764 ;
793 1696 991 1754 dimitti
1028 1700 1191 1771 igitur
1214 1716 1273 1757 se
1299 1702 1367 1757 ad
1394 1717 1617 1774 regnum
1665 1705 1833 1775 impe-

240 1789 464 1844 tendum
494 1805 709 1862 aequum
744 1807 889 1860 esse,
915 1796 1061 1863 quod
1090 1794 1215 1866 jure
1235 1797 1476 1866 gentium
1502 1798 1694 1869 majori
1722 1797 1832 1853 fra-

980 380 1332 440 COMMENT.
1372 381 1438 438 lN
1477 382 1722 442 LIBROS
1758 378 2331 445 MACHABEORUM.
2359 418 2428 429 -—
2464 387 2532 445 IN
2568 387 2695 446 LIB.
2735 390 2777 446 Ι.

3374 395 3514 454 1178

1865 499 1914 559 Α
1940 497 2282 566 postmodum
2326 498 2503 570 dignis
2539 500 2813 572 impendat
2854 507 3032 573 poenis
3075 505 3220 577 quod
3263 507 3519 580 operibus

1940 598 2261 645 meruerunt
2284 591 2506 663 iniquis.

2007 679 2081 735 Et
2113 681 2254 735 misit
2284 698 2377 738 rex
2420 681 2759 752 Nicanorem,
2796 702 2959 740 unum
2981 703 3045 741 ea:
3062 689 3383 762 principibus
3408 690 3519 745 suis

1938 770 2303 841 nobilioribus,
2344 777 2434 847 qui
2474 786 2584 831 erat
2620 778 2925 833 inimicitias
2955 796 3197 835 exercens
3222 791 3405 837 contra
3428 780 3516 837 ls-

1937 865 2070 931 rael,
2103 874 2209 923 etc.
2250 867 2357 924 Per
2397 869 2722 926 Nicanorem
2766 871 2952 939 istum,
2998 861 3159 944 quem
3189 874 3241 929 in
3269 874 3373 929 alio
3399 874 3520 932 loco

1935 959 2286 1029 praepositum
2340 961 2752 1031 elephantorum
2807 963 3300 1036 fuisse.legimus,
3354 965 3519 1023 falsos

1937 1051 2210 1121 apostolos
2253 1052 2369 1107 sive
2410 1052 2926 1125 pseudoprophetas,
2959 1056 3051 1126 qui
3088 1071 3156 1111 ex
3195 1054 3395 1112 Judaeis
3426 1072 3518 1113 su-

1935 1144 2266 1214 pcrhiarsuae
2291 1145 2550 1201 functioni
2579 1147 2893 1203 incedentes
2912 1148 2975 1221 (ἲ)
2994 1149 3062 1204 ad
3076 1148 3371 1205 Ecclesiam
3389 1167 3518 1223 gen-

1936 1234 2067 1290 tium
2104 1237 2411 1301 veniebant,
2454 1254 2745 1309 possumus
2791 1240 3113 1311 intelligere.
3144 1240 3208 1296 Hi
3234 1258 3333 1313 per
3352 1243 3519 1299 simu-
3560 1242 3561 1245 “

1935 1325 2191 1384 lationem
2241 1328 2296 1382 in
2350 1328 2590 1384 Ecclesia
2633 1328 2837 1385 Christi
2882 1346 3123 1387 errorem
3174 1332 3516 1390 introducere

1933 1419 2241 1487 molientes,
2266 1420 2537 1492 ﬁngebant
2557 1436 2615 1476 se
2630 1436 2750 1477 esse
2766 1421 3040 1492 paciﬁcos,
3062 1422 3158 1479 sed
3186 1432 3245 1478 ut
3266 1424 3318 1477 in
3351 1423 3515 1479 ﬁnem

1933 1514 2233 1586 apparebit,
2281 1522 2438 1570 erant
2480 1515 2664 1570 hostes
2692 1515 2993 1570 saevissimi.
3027 1516 3104 1571 De
3129 1516 3327 1586 quibus
3354 1514 3518 1570 Joan-

1933 1618 2030 1659 nes
2071 1603 2345 1674 apostolus
2379 1604 2432 1659 in
2473 1604 2796 1677 Apocalypsi
2835 1619 2931 1660 sua
2968 1605 3214 1661 scribens
3246 1604 3397 1678 (Cap.
3427 1604 3514 1678 ιι),

1932 1696 2010 1751 ait
2037 1713 2050 1750 :
2079 1695 2183 1762 Qui
2211 1696 2392 1751 dicunt
2420 1714 2475 1751 se
2504 1696 2724 1752 Judccos
2749 1714 2878 1763 esse,
2909 1707 2957 1752 et
2984 1715 3088 1753 non
3113 1708 3254 1765 sunt,
3280 1699 3371 1753 sed
3394 1707 3515 1753 sunt

1931 1805 2196 1859 synagoga
2220 1787 2438 1843 Satana:
2453 1806 2472 1855 ;
2490 1804 2627 1859 quos
2648 1790 2908 1861 magister
2926 1791 3166 1863 gentium
3196 1791 3248 1846 in
3276 1791 3516 1861 Epistula

239 1886 311 1939 tri
338 1886 566 1942 cesserit
593 1927 607 1952 ,
632 1888 708 1943 ita
736 1902 882 1944 nunc
908 1887 1031 1955 sibi,
1064 1889 1157 1959 qui
1187 1891 1447 1961 pupillum
1478 1893 1832 1950 antecedebat
1857 1871 1905 1933 Β
1932 1881 2139 1951 sua‘lll
2160 1880 2281 1936 Cor-
2313 1881 2412 1956 ιιι),
2429 1884 2632 1953 pseudo
2653 1883 2926 1953 apostolos
2945 1884 3211 1949 nominat,
3236 1885 3515 1953 operarios

233 1984 400 2034 aetate
429 1976 632 2034 deberi.
658 1976 794 2034 Cum
834 1994 894 2034 se
924 1994 1031 2035 non
1069 1980 1266 2036 dimitti
1314 1983 1766 2039 animadverteret
1795 1999 1829 2039 a

234 2076 434 2124 senatu
460 2109 475 2135 ,
531 2070 694 2125 tacito
737 2070 942 2141 judicio
991 2072 1161 2128 tutius
1187 2076 1327 2144 apud
1356 2075 1619 2145 pupillum
1665 2092 1827 2147 quam

233 2162 379 2231 apud
407 2176 529 2217 eum
562 2177 785 2233 regnum
814 2162 1053 2219 futurum
1079 2167 1399 2233 arbitrante,
1419 2169 1599 2238 specie
1624 2184 1827 2225 venan—

230 2252 289 2307 di
327 2253 395 2308 ab
425 2250 570 2309 Urbe
601 2253 895 2325 profectus,
926 2254 1091 2312 Ostiae
1117 2257 1312 2314 tacitus
1340 2273 1463 2313 cum
1491 2260 1630 2330 fuga:
1651 2262 1826 2316 comi-

231 2345 381 2401 tibus
407 2360 603 2402 navem
651 2348 914 2404 ascendit.
964 2348 1182 2405 Delatus
1236 2351 1292 2406 in
1329 2349 1542 2422 Syriam
1588 2354 1826 2409 secundo

231 2436 420 2494 favore
446 2438 691 2494 omnium
714 2439 996 2512 accipitur,
1050 2457 1385 2514 regnumque
1414 2443 1487 2510 ei,
1519 2434 1702 2501 occiso
1720 2461 1824 2517 pu-

229 2527 386 2599 pillo,
424 2543 456 2583 a
481 2529 752 2586 tutoribus
779 2531 1031 2587 traditur.

305 2616 375 2672 Et
406 2628 658 2677 uenerunt
698 2621 769 2676 ad
803 2638 922 2677 eum
958 2624 1057 2678 viri
1094 2623 1260 2696 iniqui
1288 2633 1337 2679 et
1364 2625 1512 2698 impii
1537 2643 1602 2681 ea:
1627 2625 1822 2695 Israel,

227 2718 279 2764 et
329 2710 564 2767 Alcimus
611 2713 724 2769 dua:
761 2730 965 2783 eorum,
1011 2724 1116 2772 etc.
1168 2714 1308 2783 Quid
1348 2732 1447 2789 per
1485 2717 1823 2775 Demetrium

228 2818 439 2875 regem,
491 2805 598 2861 nisi
644 2806 921 2879 principes
968 2810 1215 2881 gentium
1255 2813 1349 2883 qui
1388 2813 1822 2884 persecutionem

231 2902 459 2951 movent
481 2904 671 2951 contra
694 2897 991 2955 Ecclesiam
1016 2898 1239 2967 Christi,
1269 2902 1638 2975 designantur.
1666 2902 1822 2970 Quod

230 2988 374 3044 bene
418 2988 656 3047 nominis
704 2991 1080 3063 interpretatio
1105 2994 1179 3049 ita
1208 2994 1499 3067 explanat;
1552 2996 1819 3067 interpre-

233 3087 384 3135 tatur
412 3080 559 3136 enim
580 3082 905 3138 uehementer
928 3084 1215 3152 innectens,
1247 3086 1362 3142 sive
1389 3086 1609 3142 nimium
1641 3104 1821 3159 perse-

229 3190 417 3246 quens.
469 3174 553 3232 Ad
592 3176 737 3233 hunc
773 3191 903 3249 ergo
928 3177 1229 3248 principem
1266 3179 1491 3235 veniunt
1522 3180 1619 3235 viri
1652 3182 1820 3253 iniqui

232 3276 284 3324 et
309 3267 456 3338 impii
476 3284 543 3323 ea;
564 3267 758 3336 Israel,
785 3278 833 3324 et
857 3268 1091 3324 Alcimus
1113 3270 1224 3325 dua:
1243 3286 1444 3338 eorum,
1474 3287 1600 3327 cum
1627 3271 1703 3326 illi
1729 3272 1824 3343 qui

233 3370 361 3432 post
389 3360 550 3417 ﬁdem
572 3361 776 3418 Christi
819 3371 1129 3434 perceptam
1169 3364 1237 3420 ad
1276 3366 1605 3437 apostasiam
1648 3366 1825 3423 redie-

235 3458 390 3519 runt,
425 3451 739 3523 religionem
775 3451 1143 3510 Christianam
1170 3454 1551 3527 blasphemant
1573 3465 1629 3513 et
1652 3457 1825 3513 eccle-

128 3584 136 3591 .
233 3545 460 3601 siastico
483 3546 776 3613 detrahunt
797 3547 996 3616 cultui;
1038 3565 1269 3619 quorum
1301 3551 1466 3608 duces
1500 3558 1626 3609 sunt
1652 3552 1827 3609 haere-

233 3638 355 3707 tici,
393 3640 487 3712 qui
507 3656 606 3712 per
628 3642 981 3699 ambitionem
1005 3644 1354 3701 sublimitatis
1397 3644 1585 3701 volunt
1614 3646 1680 3701 ab
1708 3660 1825 3701 om-

234 3730 398 3788 nibus
441 3734 625 3807 magni
675 3735 866 3791 videri.
926 3734 1035 3792 Sed
1087 3737 1396 3808 proditione
1451 3737 1824 3808 hujuscemodi

231 3832 488 3896 suscepta
512 3826 683 3882 mittit
706 3826 1012 3884 Demetrius
1040 3828 1214 3900 typice
1237 3830 1585 3898 Bacchidem,
1609 3832 1703 3902 qui
1729 3832 1826 3889 do-

230 3916 545 3973 minabatur
592 3925 738 3972 trans
786 3920 983 3989 flumen
1018 3920 1074 3975 in
1118 3935 1304 3993 regno,
1337 3930 1396 3978 ut
1420 3922 1690 3980 Alcimum
1724 3926 1826 3981 im-

229 4008 384 4079 pium
414 4010 708 4064 constituat
735 4009 791 4064 in
817 4011 1178 4079 sacerdotem,
1203 4021 1261 4068 et
1284 4013 1545 4070 ultionem
1573 4015 1739 4071 faciat
1768 4017 1824 4071 in

230 4098 375 4155 ﬁlios
416 4098 582 4155 Israel
607 4117 621 4154 :
646 4115 771 4155 cum
798 4116 895 4171 per
921 4117 1159 4174 paganos
1187 4104 1458 4174 quoslibet
1481 4107 1623 4176 apud
1654 4122 1825 4164 saecu-

229 4196 347 4251 lum
372 4204 643 4267 potentes,
683 4197 777 4268 qui
821 4199 1052 4254 necdum
1075 4209 1408 4257 meruerunt
1448 4201 1652 4258 Christi
1694 4203 1824 4274 bap-

231 4288 452 4344 tismate
490 4288 622 4361 tingi
660 4296 716 4345 et
745 4289 802 4345 in
839 4306 1066 4347 numero
1094 4290 1334 4348 ﬁdelium
1359 4294 1686 4364 computari,
1712 4294 1825 4350 hae-

231 4380 425 4437 reticis
464 4379 642 4437 fastus
681 4382 766 4438 sui
810 4383 1130 4454 praebebunt
1166 4383 1573 4452 adminiculum,
1602 4393 1656 4442 et
1676 4387 1823 4443 veris

233 4472 644 4532 confessoribus
668 4473 874 4531 Christi
912 4483 1308 4532 tormentorum
1337 4477 1584 4549 ingerent
1611 4479 1821 4534 crucia-

1929 1973 2201 2039 subdolos,
2216 1974 2308 2043 qui
2342 1973 2795 2045 transﬁgurantur
2816 1975 2869 2028 in
2899 1975 3170 2045 apostolos
3191 1974 3430 2041 Christi;
3461 1982 3518 2031 et

1927 2054 2033 2123 non
2073 2069 2269 2124 mirum
2316 2084 2440 2125 cum
2483 2069 2598 2139 ipse
2640 2069 2874 2124 Satanas
2900 2068 3249 2141 transﬁguret
3278 2084 3336 2124 se
3358 2069 3515 2139 quasi

1927 2164 2174 2235 angelum
2206 2164 2372 2231 lucis;
2398 2164 2540 2218 unde
2561 2178 2666 2218 non
2694 2178 2948 2236 magnum
2975 2163 3125 2220 estsi
3153 2163 3379 2217 ministri
3401 2163 3516 2233 ejus

1927 2258 2372 2327 transfigurentur
2409 2254 2544 2311 velut
2589 2256 2816 2311 ministri
2844 2257 3095 2327 justitite,
3130 2273 3353 2328 quorum
3393 2255 3516 2326 ﬁnis

1925 2350 2021 2405 erit
2038 2351 2323 2405 secundum
2350 2366 2505 2421 opera
2531 2351 2783 2422 ipsorum.
2815 2349 2878 2404 Hi
2906 2365 3054 2422 ergo,
3086 2349 3231 2405 velut
3255 2349 3510 2415 Nicanor,

1928 2451 2219 2499 exerentes
2273 2440 2674 2515 [extendentes]
2738 2457 2958 2495 manum
3013 2448 3200 2497 contra
3258 2440 3517 2511 templum

1927 2534 2165 2600 Domini,
2218 2534 2626 2605 hlasphemant;
2679 2534 2807 2603 quia
2854 2533 3109 2603 potentiae
3161 2531 3383 2598 Christi,
3424 2531 3519 2602 qui

1923 2632 2009 2680 est
2032 2625 2087 2679 in
2113 2623 2376 2690 Ecclesia,
2403 2623 2553 2678 velut
2579 2624 2760 2678 minus
2793 2624 2983 2679 validae
3014 2624 3295 2694 derogant,
3324 2624 3537 2678 dicen!

1926 2725 2007 2771 tes
2056 2714 2353 2770 fratribus:
2390 2712 2529 2780 Quia
2582 2714 2685 2769 nisi
2730 2713 3183 2769 circumcidamini
3224 2712 3512 2768 secundum

1922 2822 2119 2861 morem
2154 2805 2324 2877 Moysi
2355 2822 2459 2861 non
2493 2805 2704 2876 potestis
2735 2805 2932 2861 salvari
2975 2805 3076 2877 (sic
3105 2805 3250 2860 enim
3281 2804 3335 2859 in
3363 2804 3515 2860 Acti-

1924 2897 2027 2952 bus
2053 2896 2418 2967 apostolorum
2459 2894 2613 2968 (Cap.
2641 2895 2733 2969 xv)
2768 2912 2861 2952 eos
2886 2896 3135 2952 docuisse
3156 2895 3396 2968 legitur),
3420 2894 3517 2952 sed

1923 2989 2150 3046 victoria
2186 3004 2284 3059 per
2310 2985 2503 3044 ludam
2544 2996 2789 3045 nostrum
2834 2996 2892 3044 et
2933 2977 3110 3045 socios
3148 2987 3263 3057 ejus
3296 2988 3510 3058 adepta,

1925 3090 2089 3153 caput
2134 3080 2508 3151 blasphemum
2538 3081 2665 3136 huic
2704 3079 2879 3135 errori
2903 3078 3061 3135 simul
3097 3094 3219 3135 cum
3243 3077 3510 3134 Nicanore

1928 3182 1986 3229 ct
2002 3175 2222 3230 dextera
2239 3189 2419 3244 pravae
2434 3174 2662 3230 actionis
2675 3173 2993 3239 absciditur,
3007 3189 3076 3229 ne
3090 3171 3228 3228 ultra
3243 3171 3515 3241 majestati

1852 3235 1899 3300 c
1931 3267 2125 3324 divina:
2187 3235 2385 3336 injuria
2444 3267 2566 3323 talis
2632 3235 2988 3338 blaSphemizc'
3029 3235 3513 3337 irrogeturIDicit

1926 3360 2071 3416 enim
2122 3359 2279 3415 nobis
2326 3358 2527 3415 Paulus
2576 3357 2847 3429 apostolus
2889 3355 3106 3428 (Ephes.
3154 3357 3216 3428 ιι)
3263 3373 3277 3410 :
3324 3352 3514 3409 Gratia

1925 3450 2041 3522 ejus
2068 3450 2191 3505 estis
2211 3450 2403 3506 saluati
2434 3466 2527 3521 per
2547 3450 2730 3519 fidem,
2761 3450 2861 3504 hoc
2901 3465 3004 3504 non
3032 3465 3096 3504 ea:
3118 3447 3283 3514 vobis,
3315 3446 3513 3501 donum

1924 3544 2063 3598 enim
2098 3542 2195 3598 Dei
2223 3554 2319 3598 est.
2356 3541 2479 3597 Non
2516 3559 2582 3598 ea:
2626 3540 2890 3613 operibus,
2916 3550 2974 3595 ut
3009 3556 3072 3595 ne
3098 3542 3215 3613 quis
3244 3539 3517 3612 glorietur.

1926 3633 2104 3705 Ipsius
2144 3634 2282 3689 enim
2316 3649 2497 3689 sumus
2540 3634 2750 3705 factura
2794 3635 2851 3689 in
2898 3631 3107 3689 Christo
3145 3633 3273 3689 Iesu
3305 3632 3359 3687 in
3390 3647 3514 3704 opes

1925 3727 2072 3782 ribus
2117 3726 2287 3795 bonis,
2332 3743 2451 3799 qum
2491 3727 2807 3799 prwparauit
2847 3725 2990 3782 Deus
3018 3737 3075 3782 ut
3101 3726 3157 3782 in
3186 3724 3292 3781 illis
3319 3723 3510 3781 ambu-

1926 3818 2115 3875 lemus.

2514 3924 2744 3985 CAPUT
2794 3926 2927 3984 VIII.

1925 4042 2013 4125 De
2034 4041 2390 4125 Romanorum
2429 4042 2575 4114 fama
2608 4051 2655 4098 et
2682 4049 2953 4125 potestate:
2988 4039 3152 4125 Mittit
3164 4039 3349 4125 Iudas
3376 4038 3519 4114 lega-

1996 4114 2334 4239 tqisll'l‘tgmam
2371 4110 2534 4168 causa
2575 4110 2722 4186 pacis
2744 4126 2765 4167 .'
2792 4115 3102 4186 rescriptum
3154 4110 3515 4169 Romanorum

1996 4202 2029 4239 a
2203 4201 2330 4239 reos.

1994 4201 2065 4239 aa
2088 4201 2120 4239 «Ι
2129 4201 2330 4239 ααωοδ.

1995 4312 2068 4366 Et
2109 4311 2305 4366 audiuit
2342 4309 2516 4366 ludas
2558 4328 2745 4366 nomen
2783 4308 3178 4378 Romanorum,
3227 4311 3355 4382 quia
3397 4314 3521 4366 sunt

1924 4412 2156 4478 potentes
2204 4403 2421 4470 viribus,
2451 4410 2559 4459 etc.
2591 4400 2759 4459 Judas
2804 4401 2972 4458 mittit
2996 4400 3278 4475 [[mittens]
3317 4401 3523 4474 legatos
3578 4409 3599 4429 '

1925 4497 1995 4552 ad
2026 4494 2302 4551 Romanos
2328 4493 2661 4549 constituere
2702 4508 2825 4547 cum
2865 4491 2971 4546 illis
3017 4491 3313 4546 amicitiam
3348 4503 3404 4547 ct
3437 4504 3522 4549 so‘

235 4576 396 4635 tum;
442 4567 538 4623 sed
571 4567 699 4625 licet
724 4568 863 4625 tales
888 4583 1134 4641 personae
1161 4569 1313 4626 Judaa
1338 4579 1393 4627 et
1418 4571 1681 4629 fratribus
1704 4572 1823 4643 ejus

1932 4591 2204 4653 cietatem,
2237 4585 2511 4659 signiﬁcat
2542 4584 2962 4654 Redemptorem
2988 4589 3237 4638 nostrum
3264 4597 3361 4653 per
3388 4597 3524 4653 ιιι-τε.

238 4660 423 4717 verbis
447 4659 691 4732 paciﬁcis
727 4661 1020 4734 loquantur
1058 4663 1111 4717 in
1153 4662 1296 4729 dolo,
1327 4679 1434 4719 non
1460 4672 1639 4721 tamen
1671 4681 1825 4723 acce-

238 4753 383 4808 dunt
411 4752 753 4809 sermonibus
785 4768 997 4821 eorum,
1030 4753 1155 4825 quia
1189 4754 1337 4811 nullo
1360 4755 1521 4813 modo
1547 4757 1826 4815 conﬁdunt

236 4842 483 4917 perﬁdia:
511 4860 722 4901 eorum.

311 4934 385 4990 Et
414 4935 543 4991 vidit
566 4935 740 4994 ludas
781 4940 959 4994 omnia
995 4937 1138 4994 mala
1166 4956 1285 5011 qua:
1321 4940 1444 5011 fecit
1483 4940 1739 5010 Alcimus,
1778 4951 1829 4999 et

235 5029 329 5101 qui
357 5043 477 5083 cum
500 5044 561 5084 eo
584 5038 756 5097 erant,
779 5039 886 5088 etc.
920 5029 1061 5098 Quid
1085 5043 1170 5089 est
1205 5035 1351 5106 quod
1371 5036 1541 5094 ludas
1565 5037 1829 5094 ultionem

240 5122 298 5177 in
348 5123 861 5194 praevaricatoribus
917 5124 1087 5194 facit,
1140 5128 1248 5184 nisi
1298 5131 1443 5200 quod
1496 5131 1829 5203 Redemptor

240 5221 429 5269 uoster
460 5214 694 5272 vindicat
716 5216 919 5274 electos
943 5233 1091 5286 suos,
1124 5236 1228 5277 nec
1249 5236 1578 5295 quemquam
1605 5240 1827 5282 suorum

241 5309 299 5364 in
344 5322 574 5363 vacuum
614 5310 795 5380 perire
824 5311 1111 5381 permittit.
1140 5311 1248 5368 Sed
1269 5313 1480 5370 duobus
1509 5317 1683 5373 modis
1705 5318 1828 5374 vin-

241 5397 446 5454 dictam
480 5399 536 5454 in
568 5399 653 5456 his
678 5401 768 5470 qui
805 5411 1104 5469 merentur,
1135 5412 1355 5460 exercet
1381 5422 1395 5461 :
1428 5406 1563 5462 alios
1588 5408 1732 5463 enim
1763 5410 1830 5467 de

243 5487 394 5543 fonte
417 5502 626 5562 magna:
649 5491 869 5562 pictatis
896 5507 1009 5548 sua:
1029 5493 1097 5548 ad
1118 5494 1497 5564 ptenitentiam
1523 5498 1729 5553 erroris
1743 5499 1828 5555 sui

241 5595 571 5651 provocans,
611 5582 742 5639 facit
773 5597 867 5641 eos
887 5586 1150 5641 adversus
1171 5585 1827 5663 scmetipsos'exsurgerc,

244 5678 309 5724 ut
345 5674 571 5743 puniant
612 5674 864 5731 lamentis
890 5678 1032 5748 quod
1057 5680 1208 5748 prius
1233 5682 1539 5737 commissis
1564 5694 1826 5754 egerunt;

243 5760 383 5820 alios
402 5779 533 5821 vero
558 5766 704 5836 justo
727 5770 933 5839 judicio
965 5778 1089 5842 post
1121 5780 1432 5843 perpetrata
1479 5776 1705 5844 scelera,
1746 5778 1830 5832 in-

237 5866 528 5919 Correctos
561 5861 619 5919 in
643 5863 841 5923 duritia
876 5881 973 5923 sua
1013 5882 1368 5937 perseverare
1391 5870 1636 5940 dimittit,
1666 5881 1725 5929 ut
1748 5874 1831 5931 eis

1936 4684 2207 4740 dicatores
2234 4694 2361 4736 suos
2396 4676 2748 4749 Evangelium
2783 4675 2938 4747 pacis
2969 4675 3222 4748 gentibus
3243 4673 3440 4729 olferre
3467 4681 3525 4730 et

1936 4789 2236 4832 convocare
2264 4787 2359 4827 eas
2391 4771 2459 4826 ad
2489 4769 2646 4825 ﬁdem
2679 4784 2852 4825 suam.
2882 4767 3088 4835 Quibus
3130 4765 3206 4822 illi
3242 4766 3521 4838 rescripse-

1936 4876 2058 4922 runt
2080 4867 2137 4921 in
2162 4864 2355 4920 tabulis
2380 4865 2550 4930 cereis,
2584 4862 2728 4934 quod
2755 4860 3009 4931 postulati
3044 4860 3296 4926 fuerunt,
3337 4868 3385 4914 et
3418 4860 3521 4914 mi-

1937 4968 2114 5016 serunt
2145 4959 2199 5013 in
2231 4956 2550 5024 Jerusalem,
2590 4966 2644 5010 ut
2687 4965 2818 5010 esset
2846 4954 2919 5009 ibi
2948 4952 3090 5025 apud
3116 4970 3202 5009 eos
3222 4952 3524 5009 memoriale

1939 5053 2083 5123 pacis
2139 5063 2187 5105 et
2238 5050 2503 5105 societatis
2544 5065 2562 5104 :
2613 5048 2738 5120 quia
2794 5053 2983 5119 gentes
3030 5044 3099 5101 ad
3148 5044 3523 5101 credulitatem

1931 5141 2134 5199 Christi
2179 5157 2481 5207 conversae,
2516 5140 2685 5194 ﬁrma:
2722 5138 2844 5193 ﬁdei
2872 5152 2982 5193 suae
3007 5143 3254 5193 statuunt
3282 5146 3521 5208 pactum,

1931 5234 2077 5304 quod
2121 5233 2392 5305 signiﬁcat
2432 5232 2597 5302 longo
2647 5240 2887 5300 tempore
2934 5228 3276 5293 duraturum,
3304 5235 3358 5281 et
3381 5241 3525 5283 verte

1934 5323 2295 5381 confessionis
2341 5331 2752 5378 monumentum
2798 5317 3018 5374 tradunt
3059 5318 3115 5374 in
3157 5317 3401 5375 Ecclesia
3429 5333 3523 5375 ca-

1935 5418 2159 5485 tholica,
2184 5426 2244 5473 ut
2270 5418 2343 5474 ibi
2373 5418 2445 5473 sit
2468 5415 2782 5472 memoriale
2811 5414 3084 5471 societatis
3105 5429 3293 5471 eorum
3321 5413 3376 5469 in
3399 5429 3526 5485 per-

1935 5517 2175 5580 petuum.
2218 5508 2370 5565 Unde
2406 5523 2505 5579 per
2543 5509 2859 5580 prophetam
2900 5506 3137 5563 dicitur:
3170 5504 3307 5560 Ecce
3343 5503 3526 5559 Domi-

1938 5618 2035 5655 nus
2078 5600 2318 5655 auditum
2360 5600 2504 5670 fecit,
2544 5608 2593 5653 et
2628 5598 2824 5671 legatos
2867 5598 2935 5652 ad
2969 5606 3145 5669 gentes
3193 5596 3337 5651 misit
3386 5590 3518 5665 (εἷεν.

1938 5690 2107 5763 XLIX).
2162 5689 2295 5746 [tem
2320 5709 2332 5746 :
2358 5690 2429 5745 Et
2473 5692 2691 5763 angelus
2727 5689 2883 5760 faciei
2928 5689 3042 5762 ejus
3072 5687 3295 5743 saluabit
3326 5701 3435 5751 eos,
3464 5684 3520 5739 in

1938 5782 2214 5838 dilectione
2256 5802 2355 5839 sua
2398 5793 2446 5839 et
2482 5783 2807 5856 indulgentia
2852 5801 2951 5839 sua
2990 5783 3141 5851 :ipse
3174 5779 3388 5835 redemit
3434 5791 3524 5832 eos

1938 5875 2073 5942 (lsa.
2100 5875 2277 5948 txnl).
2316 5875 2385 5935 Et
2411 5876 2539 5934 item
2564 5894 2578 5933 :
2606 5875 2842 5932 Parvum
2862 5884 2961 5944 est,
2992 5873 3187 5946 inquit,
3215 5880 3272 5929 ut
3298 5870 3371 5927 sis
3392 5867 3527 5945 milis
