4028 6494
614 394 758 457 H79

1252 392 1314 447 Β.
1356 390 1614 448 RABANI
1650 390 1873 447 MAU‘RI
1904 389 2223 447 ARCHIEP.
2263 388 2571 448 MOGUNT.
2612 384 2899 447 OPERUM
2935 387 3118 445 PARS
3151 389 3193 445 Ι.

3698 380 3803 456 nio

611 523 792 563 seruus
832 505 903 560 ad
931 505 1263 560 suscitandas
1300 501 1476 556 tribus
1515 500 1682 555 Iacob
1732 508 1780 555 et
1825 500 1981 569 [τινας
2024 499 2195 555 Israel
2221 502 2664 572 Apraedestinati
2722 508 2848 557 sunt
2893 500 2962 556 ad
3010 509 3269 556 mternam
3323 502 3680 562 beatitudinem
3715 528 3806 581 ρει».

614 601 981 656 conuertendas
1014 599 1150 671 (Isa.
1180 597 1354 669 nix),
1389 598 1512 651 dedi
1549 607 1598 651 te
1630 599 1687 651 in
1733 597 1902 652 lucem
1930 600 2190 669 gentium,

612 702 672 749 ut
696 694 769 748 sis
788 693 935 748 salus
956 709 1071 748 mea
1096 709 1263 763 usque
1282 692 1350 746 ad
1372 702 1659 746 extremum
1683 701 1837 746 terrm
1858 691 2014 763 (lsai.
2035 691 2191 763 XLII).

610 786 685 845 Et
707 785 905 843 iterum
931 804 946 840 :
972 784 1109 841 Dedi
1129 792 1178 838 te
1196 784 1255 839 in
1284 783 1452 851 [rudus
1484 782 1683 854 populi,
1721 785 2059 838 utsuscitares
2090 792 2195 838 ter-

615 894 734 937 ra.
781 886 831 934 et
860 876 1148 950 possideres
1181 876 1512 933 hereditates
1552 874 1835 947 dissipatas
1862 874 1997 947 (Isa.
2022 874 2194 945 χιιι).

615 972 689 1033 Et
712 972 843 1044 quid
880 980 966 1029 est
997 970 1145 1043 quod
1171 969 1340 1027 ludas
1380 970 1516 1025 duos
1561 971 1768 1042 legatos
1814 969 2200 1055 componendas

616 1064 771 1136 pacis
809 1063 984 1134 gratia
1010 1064 1079 1119 ad
1105 1061 1385 1119 Romanos
1419 1061 1587 1125 misit,
1620 1062 1725 1117 nisi
1754 1063 1896 1131 quod
1926 1061 2196 1131 Redemp-

613 1161 707 1217 tor
742 1164 951 1224 noster,
994 1156 1065 1213 ad
1106 1156 1485 1212 convocandas
1508 1156 1576 1210 ad
1605 1154 1763 1211 tidem
1801 1167 1856 1210 et
1882 1155 2197 1210 societatem

612 1248 768 1319 pacis
801 1255 1012 1319 gentes,
1043 1247 1151 1303 duo
1196 1247 1541 1302 Testamenta
1578 1246 1643 1301 in
1674 1246 1943 1301 mundum
1982 1245 2197 1311 direxit,

616 1336 734 1394 sive
761 1335 923 1392 aliter
963 1337 1122 1392 binos
1150 1336 1375 1392 nuntios
1416 1336 1585 1390 mittit
1625 1345 1845 1407 propter
1886 1352 2198 1392 sacramen-

618 1436 735 1487 tum
756 1427 1061 1493 charitatis,
1085 1428 1211 1497 quia
1243 1428 1348 1484 duo
1371 1436 1495 1483 sunt
1522 1436 1792 1498 praicepta
1818 1429 2117 1493 charitatis,
2149 1437 2203 1484 et

620 1521 859 1579 clamitas
903 1523 1084 1578 mitius
1117 1537 1281 1592 quam
1328 1523 1472 1578 inter
1516 1522 1651 1578 duos
1696 1523 1885 1579 haberi
1944 1540 2051 1580 non
2098 1518 2194 1595 pol-

622 1619 747 1670 test.
789 1611 963 1669 Nemo
992 1612 1139 1669 enim
1179 1614 1398 1683 proprie
1436 1615 1503 1669 ad
1544 1614 1780 1685 seipsum
1803 1615 2001 1672 habere
2025 1617 2204 1671 chari-

621 1712 787 1760 tate
815 1703 1035 1768 dicitur,
1060 1704 1157 1759 sed
1179 1703 1467 1760 dilectione
1498 1719 1557 1760 se
1583 1705 1635 1759 in
1658 1706 1888 1761 alterum
1916 1707 2105 1771 tendit,
2146 1716 2206 1762 ut

618 1809 740 1853 esse
769 1794 1009 1851 cbaritas
1030 1795 1223 1865 possit.
1254 1794 1417 1852 Binos
1437 1797 1504 1851 ad
1527 1796 1931 1867 praedicandum
1956 1798 2011 1853 in
2029 1799 2206 1854 Evan-

2300 593 2625 663 eipiendam,
2652 593 2707 648 in
2723 590 3019 671 stabilitate
3034 606 3181 647 sana:
3194 592 3315 647 ﬁdei
3338 596 3711 666 pennanebunt,
3727 611 3806 659 etc.

2371 683 2440 738 Et
2471 685 2631 738 movit
2659 684 2918 738 exercitus
2967 683 3032 737 de
3066 684 3253 739 castris
3285 693 3333 738 et
3378 695 3616 740 steteram
3648 688 3714 745 illi
3741 694 3809 747 ob-

2296 775 2437 830 uiam
2466 787 2514 830 et
2553 776 2706 830 divisi
2732 785 2855 830 sunt
2895 776 3089 847 equites
3118 778 3176 830 in
3218 777 3353 832 duas
3393 789 3581 847 partes.
3605 780 3721 848 Quid
3754 795 3812 841 est

2302 867 2445 935 quod
2472 874 2722 937 promoto
2750 866 2993 922 exercitu
3039 868 3105 923 de
3157 869 3351 924 castris
3399 871 3598 941 equites
3628 873 3681 928 in
3718 876 3815 933 duas

2302 967 2486 1028 partes
2513 958 2670 1014 divisi
2695 966 3010 1027 narrantur,
3056 960 3161 1015 nisi
3191 961 3337 1031 quod
3366 961 3508 1017 inter
3542 965 3816 1033 superboset

2303 1059 2623 1120 arrogantes
2666 1064 2943 1120 nunquam
2986 1050 3169 1106 unitas
3192 1060 3246 1106 et
3289 1050 3444 1107 ﬁrma
3468 1055 3720 1109 concordia
3739 1073 3817 1113 ser-

2305 1144 2422 1198 vari
2452 1144 2672 1214 potest?
2720 1150 2956 1200 testante
3007 1142 3310 1214 Scriptura,
3366 1159 3485 1213 qum
3524 1143 3675 1199 dicit:
3716 1135 3819 1202 nm

2305 1237 2551 1307 superbos
2579 1254 2779 1307 semper
2795 1238 2981 1308 jurgia
3007 1246 3126 1292 sunt
3157 1235 3340 1310 (Prov.
3369 1236 3511 1308 mu).

2380 1329 2447 1382 Et
2479 1328 2847 1399 fundibularii,
2875 1329 3071 1399 inquit,
3109 1338 3156 1383 et
3177 1329 3443 1400 sagittarii
3468 1329 3697 1398 prwibant
3719 1346 3819 1385 eaer—

2305 1424 2488 1477 citum.
2519 1422 2656 1490 Quid
2686 1437 2785 1493 per
2821 1421 3213 1477 fundibularios
3239 1430 3295 1476 et
3341 1421 3654 1492 sagittarios,
3691 1423 3766 1477 nisi
3783 1424 3818 1478 hi

2308 1514 2401 1585 qui
2438 1517 2505 1570 ad
2531 1514 2831 1569 illiciendas
2858 1514 3137 1569 hominum
3176 1522 3393 1569 mentes
3434 1513 3503 1567 ad
3541 1513 3819 1569 idololatrian

2309 1611 2425 1667 sive
2454 1610 2799 1681 apostasiam,
2833 1619 2927 1665 aut
2968 1611 3125 1665 vanis
3164 1610 3541 1681 prosperitatis
3579 1610 3820 1680 promissio-

2310 1705 2470 1760 nibus
2506 1704 2846 1769 blandiendo,
2891 1704 3040 1760 velut
3078 1712 3261 1759 rotatu
3306 1702 3503 1767 fundae,
3553 1703 3709 1759 fideles
3740 1720 3818 1775 pet-

2312 1805 2523 1852 vertere
2546 1797 2787 1867 cupiunt,
2827 1805 2921 1852 aut
2953 1796 3116 1852 minis
3153 1806 3547 1851 tormentorum
3579 1811 3679 1862 eos,
3714 1798 3819 1866 quasi

618 1888 761 1958 pelio
781 1887 1077 1959 discipulos
1102 1889 1363 1947 Dominus
1389 1890 1574 1957 mittit,
1604 1900 1874 1962 quatenus
1910 1893 2014 1948 hoc
2050 1893 2203 1949 nobis
2233 1877 2280 1938 Β
2304 1889 2629 1960 sagittarum
2678 1890 2876 1945 ictibus
2895 1931 2910 1957 ,
2961 1889 3217 1945 terrendo
3256 1888 3510 1958 decipere
3549 1888 3819 1942 contendunt-

612 1979 819 2039 iaeitus
841 1980 1052 2047 innuat,
1076 1982 1203 2051 quia
1225 1982 1317 2053 qui
1340 1984 1667 2040 cliaritatem
1691 2001 1818 2057 erga
1840 1986 2069 2041 alterum
2097 2003 2204 2064 non

614 2069 807 2138 habet,
836 2071 1241 2143 praedicationis
1286 2072 1521 2130 cilicium
1570 2078 1849 2148 suscipere
1897 2078 2204 2135 nullatenus

614 2160 800 2218 debet.
849 2162 993 2220 Bene
1042 2171 1223 2220 autem
1263 2165 1462 2221 dicitur
1498 2168 1640 2237 quod
1672 2169 1824 2224 misit
1852 2185 1947 2225 eos
1976 2177 2102 2224 ante
2126 2170 2204 2224 fa-

616 2253 760 2315 ciem
807 2270 967 2314 suam
998 2257 1055 2312 in
1082 2272 1300 2315 omnem
1341 2259 1615 2315 civitatem
1646 2269 1701 2317 et
1731 2262 1909 2317 locum
1945 2268 2055 2333 quo
2084 2273 2204 2317 erat

618 2345 737 2418 ipse
766 2358 1031 2405 venturus
1057 2348 1209 2421 (Luc.
1238 2349 1326 2424 x);
1359 2353 1746 2422 praedicatores
1769 2357 1915 2411 enim
1952 2371 2082 2412 suos
2105 2355 2206 2411 Do-

616 2437 806 2497 minus
846 2441 1113 2510 sequitur,
1156 2443 1284 2511 quia
1320 2444 1635 2513 praedicatio
1678 2449 1959 2517 praevenit,
1989 2457 2045 2503 et
2075 2457 2203 2505 tunc

617 2527 693 2587 ad
714 2530 915 2587 mentis
933 2540 1134 2589 nostra:
1157 2534 1527 2592 habitaculum
1554 2537 1815 2595 Dominus
1843 2541 2011 2606 venit,
2036 2543 2201 2596 verba

1238 2838 1469 2899 CAPUT
1504 2842 1595 2899 IX.

618 2940 1110 3019 HittitqDemetrius
1135 2955 1420 3009 exercitum
1443 2965 1626 3013 contra
1658 2958 1896 3016 Judteos.
1935 2961 2013 3017 De
2040 2972 2203 3019 morte

691 3015 867 3100 (uda:
880 3018 1197 3100 Machabtei.
1222 3024 1300 3100 lie
1325 3027 1447 3082 viris
1474 3029 1649 3100 impiis
1675 3042 1723 3085 et
1754 3015 1956 3087 malitia
1981 3015 2203 3089 Bacchi:-

689 3088 793 3144 dis.
820 3089 899 3162 De
925 3093 1120 3162 nuptiis
1149 3095 1209 3148 in
1237 3094 1436 3152 luctum
1468 3088 1748 3156 conuersis.
1780 3100 2041 3159 Jonathas
2073 3106 2205 3160 obti-

692 3167 776 3233 net
805 3161 1189 3233 principatum;
1242 3166 1477 3226 Alcimus
1530 3171 1703 3228 uolens
1765 3173 2031 3231 destruere
2073 3187 2204 3231 tem-

689 3228 859 3299 plum,
884 3228 1295 3303 obmutuit,'etc.

692 3361 905 3420 Interea
931 3365 1022 3421 ubi
1041 3368 1240 3424 audiuit
1263 3371 1580 3442 Demetrius,
1603 3380 1729 3449 quia
1749 3381 1936 3435 cecidit
1973 3381 2209 3439 Nicanor

620 3461 673 3510 et
696 3456 957 3512 exercitus
982 3458 1099 3529 ejus
1122 3459 1179 3514 in
1195 3462 1399 3531 praelia,
1430 3474 1535 3521 etc.
1566 3467 1839 3526 lnstaurat
1869 3488 2083 3528 rursum
2106 3474 2209 3529 De-

621 3546 854 3604 metrius
896 3548 1094 3606 bellum
1141 3567 1239 3622 per
1276 3554 1599 3615 Bacchidem
1635 3569 1691 3616 et
1715 3560 1983 3619 Alcimum
2017 3574 2206 3621 contra

618 3634 836 3706 ludum,
875 3642 1004 3712 quia
1052 3658 1152 3713 per
1186 3661 1427 3718 paganos
1474 3661 1637 3721 atque
1684 3654 1969 3711 hmreticos
2007 3658 2074 3713 de
2103 3657 2208 3715 ﬁde

619 3728 825 3790 Christi
861 3733 1124 3805 relapsos,
1166 3741 1351 3794 mundi
1396 3743 1650 3815 princeps
1679 3757 1867 3801 contra
1909 3748 2209 3804 Ecclesiam

622 3823 866 3894 quotidie
893 3827 1051 3883 novis
1077 3830 1285 3885 artibus
1306 3840 1521 3889 veteres
1550 3835 1779 3892 insidias
1807 3839 1874 3892 ad
1903 3841 2209 3895 nocendum

619 3914 922 3987 instaurat;
949 3935 1072 3977 cum
1107 3922 1304 3992 quibus
1331 3934 1386 3980 et
1410 3926 1651 3983 dextrum
1683 3946 1846 3984 cornu
1879 3932 2045 3996 misit,
2080 3948 2205 3989 cum

619 4006 694 4064 ad
733 4008 840 4065 tale
888 4010 1043 4069 nefas
1082 4018 1503 4085 perpetrandum
1544 4020 1779 4076 validam
1822 4024 2207 4083 auxiliatorum

618 4113 845 4159 manum
890 4103 1163 4173 tradidit;
1218 4117 1404 4165 contra
1449 4125 1585 4180 quos
1639 4111 1810 4171 ludas
1857 4130 1980 4170 cum
2033 4117 2206 4174 tribus

618 4191 862 4249 millibus
884 4194 1054 4264 vadit,
1079 4196 1206 4268 quia
1236 4207 1425 4255 contra
1450 4201 1637 4259 hostes
1666 4219 1858 4261 omnes
1878 4205 2003 4263 ﬁdei
2032 4218 2206 4266 cretus

619 4284 903 4351 doctorum
946 4304 1070 4347 cum
1119 4290 1366 4351 ﬁdelibus
1412 4297 1648 4368 praeliari
1698 4301 1957 4371 disponit,
2002 4312 2065 4359 ut
2107 4319 2206 4375 per

620 4387 824 4436 sanctae
861 4378 1140 4441 Trinitatis
1171 4386 1332 4443 ﬁdem
1381 4389 1615 4446 hostium
1645 4401 1922 4450 catervam
1972 4405 2201 4467 sternat,

618 4484 738 4543 quae
790 4474 1210 4544 praesumptione
1266 4480 1628 4548 superbiendo
1676 4492 1868 4541 contra
1924 4496 2216 4549 auctorem,

617 4578 774 4619 suum
805 4580 864 4621 se
891 4566 1098 4641 erigere
1123 4569 1302 4633 audet.
1329 4570 1437 4631 Sed
1460 4573 1740 4635 videamus
1758 4579 1892 4649 quid
1917 4580 2043 4637 hinc
2069 4584 2203 4639 scri-

616 4661 769 4725 ptum
800 4657 1046 4726 sequitur
1069 4678 1083 4713 :

689 4746 761 4799 Et
798 4747 1037 4814 viderunt
1062 4749 1444 4810 multitudinem
1470 4761 1726 4817 exercitus
1756 4765 1883 4834 quia
1906 4766 2058 4821 multi
2080 4779 2207 4826 sunt

617 4847 666 4893 et
697 4839 979 4897 timuerunt
1010 4841 1183 4911 ualde,
1223 4853 1329 4901 etc.
1372 4846 1506 4914 Quia
1546 4851 1675 4907 licet
1701 4855 1856 4909 multi
1901 4856 1956 4912 in
1993 4860 2208 4916 confesé

618 4932 770 4989 sione
798 4934 1076 4993 catholicae
1116 4936 1240 4996 ﬁdei
1269 4940 1555 4999 videantur
1583 4961 1825 5016 manere,
1856 4958 2039 5009 tamen
2081 4970 2206 5024 per-

616 5027 895 5085 secutione
928 5029 1335 5101 exardescente,
1362 5037 1641 5105 apparebit
1670 5040 1763 5110 qui
1803 5042 1895 5097 ﬁxi
1918 5042 2121 5101 fuerint
2148 5048 2205 5104 in

616 5117 743 5185 ﬁde,
776 5128 831 5176 et
874 5121 966 5191 qui
1006 5119 1305 5181 facietenus
1348 5126 1404 5181 in
1433 5141 1496 5182 ea
1530 5143 1651 5186 esse
1678 5132 2016 5191 videbantur.
2050 5136 2204 5197 Unde

618 5209 880 5301 scriptum
918 5219 1002 5268 est
1046 5213 1103 5269 in
1146 5216 1453 5286 evangelica
1497 5220 1754 5289 parabola
1791 5221 2008 5294 (Matth.
2056 5227 2201 5301 xm),

619 5300 766 5371 quod
789 5312 978 5359 exorto
1021 5303 1133 5369 sole
1175 5319 1437 5365 aruerunt
1466 5318 1678 5383 segetes
1724 5329 1844 5383 quae
1878 5314 2095 5375 fuerant
2143 5321 2211 5377 in.

617 5399 835 5485 petrosa
871 5403 927 5453 et
956 5404 1160 5456 terram
1182 5401 1405 5459 multam
1446 5419 1557 5460 non
1586 5406 1893 5464 habuerunt
1917 5427 1932 5477 ;
1957 5413 2081 5482 quia
2109 5415 2204 5485 qui

619 5482 806 5542 ﬁrmas
839 5485 895 5541 in
920 5491 1083 5548 corde
1111 5493 1446 5552 credulitatis
1491 5500 1705 5558 radices
1743 5520 1851 5559 non
1900 5512 2105 5573 tenent,
2126 5482 2203 5562 ad

622 5583 837 5648 tempus
865 5580 1147 5639 credentes
1187 5585 1241 5640 in
1289 5595 1530 5659 tempore
1566 5594 1881 5651 tentau‘onis
1923 5598 2201 5653 recedunt.

619 5668 895 5763 Detribus
920 5687 1051 5747 ergo
1077 5675 1312 5734 millibus
1338 5697 1448 5737 non
1476 5700 1852 5745 remanserunt
1896 5708 2017 5747 cum
2042 5691 2201 5763 Juda,

619 5758 1120 5853 Bisitantummodo
1167 5771 1458 5842 octingenti
1501 5777 1643 5842 viri;
1695 5781 1819 5848 quia
1864 5783 2109 5853 rcprobis
2133 5758 2203 5840 ali

620 5847 882 5931 Ecclesiae
926 5855 1281 5919 societatibus
1324 5847 1729 5937 deﬂuentibus,"
1757 5870 1857 5931 soli
1901 5847 2080 5942 eiecti,
2109 5879 2198 5948 qui

2300 1981 2547 2054 Apteth
2574 1984 2630 2038 hi
2659 1985 2852 2055 praeire
2879 1985 3176 2041 exercitum
3202 1984 3595 2047 describuntur,
3629 1982 3821 2051 quiamos

2302 2075 2407 2130 fuit
2429 2092 2643 2147 semper
2690 2087 3104 2147 persecutorum
3138 2077 3345 2132 talibus
3384 2077 3573 2133 studiis
3597 2076 3821 2147 praevenire

2301 2171 2640 2226 exactionem
2671 2179 3086 2227 tormentorum.

2376 2265 2445 2318 Et
2467 2275 2729 2320 commota
2763 2274 2839 2319 est
2889 2276 3032 2319 terra
3070 2282 3102 2319 α
3134 2281 3256 2321 voce
3283 2265 3620 2329 exercituum,
3659 2270 3741 2318 etc.
3776 2260 3818 2314 Et

2303 2370 2560 2414 commota
2591 2369 2689 2426 est,
2736 2359 2931 2428 inquit,
2977 2368 3118 2413 terra
3157 2378 3191 2413 a
3231 2376 3355 2414 uoce
3400 2358 3724 2421 exercituum;
3755 2355 3820 2409 hoc

2302 2462 2405 2521 est,
2434 2436 2733 2509 carnalium
2778 2452 2941 2508 corda
2988 2467 3251 2508 concussa
3305 2460 3433 2507 sunt
3482 2464 3662 2523 pavore
3693 2461 3819 2506 uerse-

2303 2555 2814 2674 cuiiinc‘iiiiimissum
2855 2628 2932 2673 est
2967 2616 3213 2687 prcelium
3237 2632 3273 2669 a
3314 2631 3472 2670 mane
3506 2627 3652 2685 usque
3671 2624 3816 2662 uates-

2302 2726 2504 2782 perum.
2531 2708 2667 2765 Cum
2695 2709 2762 2764 ab
2783 2716 2905 2763 ortu
2933 2707 3260 2764 luccsceutis
3283 2706 3411 2762 ﬁdei
3451 2702 3685 2774 usquead
3707 2700 3818 2753 inea

2304 2803 2493 2858 mundi
2539 2808 2717 2857 castra
2759 2800 2959 2857 diaboli
3002 2801 3269 2855 adversus
3311 2797 3600 2855 Ecclesium
3625 2792 3704 2848 Dei
3734 2804 3817 2845 cutt-

2301 2894 2491 2967 ﬁigere
2543 2910 2651 2950 non
2705 2901 2942 2959 cessant,
3002 2903 3059 2951 et
3109 2893 3445 2950 adversitas
3495 2886 3817 2945 tribulationum

2304 3003 2581 3059 nunquam
2606 2989 2781 3044 bonos
2821 3001 3040 3043 movere
3060 2988 3354 3043 desistunt.
3397 2985 3551 3053 Quia,
3566 2980 3696 3052 juxta
3716 2972 3815 3032 Pauli

2304 3081 2627 3137 sententiam
2652 3099 2667 3134 :
2698 3078 2889 3135 Omnes
2918 3081 3009 3151 qui
3054 3080 3137 3151 pie
3176 3082 3348 3135 viuere
3376 3078 3546 3135 vetant
3583 3077 3633 3129 in
3654 3072 3816 3128 Cum,

2304 3174 2717 3245 persecutionem
2736 3174 3013 3243 patiuntur
3041 3172 3094 3243 (Ι
3128 3172 3264 3229 Tim.
3294 3173 3402 3245 ιιι).

2229 3257 2275 3320 C
2388 3276 2531 3332 Vidit
2560 3275 2736 3331 Iudas
2760 3278 2885 3348 quia
2925 3277 3132 3347 ﬁrmior
3170 3286 3287 3332 erat
3322 3292 3449 3348 pars
3475 3272 3703 3330 exercitus
3722 3265 3814 3321 Bac-

2309 3369 2479 3425 chidis
2514 3371 2571 3424 in
2613 3370 2835 3436 dextris,
2876 3378 2932 3426 et
2975 3371 3295 3426 coadunatis
3325 3382 3508 3425 secum
3535 3363 3741 3422 omnibus
3757 3358 3815 3427 qui

2309 3462 2526 3518 fuerant
2555 3472 2869 3519 constantes
2890 3465 3075 3529 corde,
3115 3463 3376 3519 contrivit
3401 3461 3579 3516 illam:
3614 3457 3815 3512 domum

2302 3553 2506 3625 junctis
2533 3555 2854 3625 opportunis
2901 3555 3138 3611 ﬁdelium
3189 3553 3418 3619 solatiis,
3465 3552 3681 3606 doctores
3699 3540 3812 3599 nacti

2309 3644 2586 3716 gentilium
2644 3647 2903 3716 impetum
2966 3648 3133 3702 verbo
3190 3645 3316 3699 ﬁdei
3368 3651 3661 3713 expugnare
3700 3646 3743 3689 et
3772 3629 3812 3683 ad

2309 3735 2761 3805 tranquillitatem
2811 3736 2936 3792 ﬁdei
2984 3737 3287 3807 perducere
3337 3739 3598 3804 satagunt.
3646 3722 3811 3783 Firmior

2308 3826 2454 3881 enim
2482 3826 2696 3883 illorum
2725 3842 2855 3898 pars
2895 3842 3017 3885 esse
3056 3827 3372 3894 videbatur,
3416 3826 3535 3897 quia
3568 3839 3597 3878 a
3618 3827 3813 3891 ωηερε·

2310 3918 2503 3989 ganico
2532 3934 2723 3975 errore
2741 3934 2840 3991 per
2860 3929 3258 3977 tormentorum
3293 3918 3665 3977 immanitatem
3682 3915 3809 3967 contr!

2309 4010 2609 4068 Ecclesium
2645 4013 2956 4079 fervebant,
3002 4029 3165 4084 quam
3210 4013 3425 4069 illorum
3470 4010 3601 4067 ﬁctis
3632 3999 3810 4060 amicitiis

2310 4105 2493 4162 dolose
2519 4105 2780 4163 fratribus
2806 4104 3032 4165 insidias
3054 4108 3435 4179 disponebant.
3483 4104 3581 4161 Sed
3606 4095 3808 4156 Bacchidis

2308 4201 2609 4257 exercitum
2632 4200 2801 4258 ludas
2828 4216 3011 4273 usque
3041 4202 3110 4256 ad
3150 4193 3313 4256 ﬁdem
3343 4200 3495 4255 Arcti
3529 4190 3807 4269 persequitur.

2309 4307 2433 4349 cum
2461 4293 2744 4364 gentilium
2792 4294 3031 4351 furorem
3082 4293 3466 4363 praedicatores
3506 4281 3730 4355 Evangelii
3759 4275 3805 4329 ad

2308 4384 2618 4441 incendium
2662 4386 2737 4456 pii
2775 4386 2977 4440 amoris
3016 4383 3315 4456 perducere
3353 4372 3807 4468 contendentium:

2306 4486 2556 4549 pretatur
2579 4481 2729 4534 enim
2750 4480 2956 4535 Azocns
2989 4481 3126 4552 ignis
3149 4479 3422 4552 patruelis.
3469 4476 3618 4531 Amor
3638 4466 3723 4527 ille,
3747 4466 3805 4529 qui

2313 4571 2369 4626 in
2397 4572 2834 4642 Patriamharum
2858 4573 3115 4630 cordibus
3132 4572 3380 4629 fervebat
3402 4569 3502 4627 dici
3521 4567 3802 4638 potestque!“

2310 4662 2365 4718 in
2394 4662 2628 4719 ﬁliorum
2674 4666 2948 4721 mentibus
2989 4665 3281 4721 Strenuitas
3331 4665 3596 4720 doctorum
3640 4653 3804 4707 fama"

2310 4754 2604 4822 desiderat,
2646 4766 2705 4811 ut
2750 4758 2845 4813 ﬁat
2884 4758 3013 4814 illud
3056 4759 3202 4829 quod
3245 4759 3310 4813 de
3340 4757 3456 4813 Elia
3484 4752 3701 4820 scriptum
3719 4744 3798 4829 est"

2314 4846 2381 4902 Ut
2413 4858 2676 4903 conuertat
2720 4850 2880 4904 corda
2908 4826 3115 4921 patrum
3152 4852 3207 4905 in
3236 4850 3376 4920 ﬁlios
3421 4856 3471 4903 et
3504 4826 3801 4899 intrabit?!“

2308 4941 2642 5012 prudentiam
2661 4941 2964 5010 Justorum,
3010 4951 3270 5015 praeparet
3299 4942 3518 4997 Domino
3548 4930 3705 5005 piem
3724 4935 3799 4994 ΡΨ

2309 5034 2500 5105 factam
2521 5034 2674 5109 (Luc.
2696 5035 2761 5109 ι).

2379 5136 2448 5192 Et
2470 5138 2561 5209 qui
2600 5138 2654 5191 in
2678 5137 2888 5193 sinistro
2925 5153 3088 5191 cornu
3120 5146 3289 5205 erant,
3319 5136 3546 5190 aderunt
3574 5122 3686 5199 quod
3712 5130 3795 5209 εοπς

2306 5199 2494 5283 tritum.
2513 5238 2589 5283 est
2613 5228 2856 5282 dextrum
2899 5244 3081 5295 cornu,
3136 5235 3242 5284 etc.
3275 5199 3481 5283 'Dextro
3510 5230 3664 5279 cornu,
3701 5199 3796 5277 quod

2305 5312 2537 5379 validius
2565 5323 2684 5391 fuit,
2712 5324 3011 5391 decidente,
3039 5324 3321 5380 sinistrum
3356 5335 3511 5379 cornu
3543 5332 3569 5371 ει
3594 5298 3791 5410 mia}:

2306 5418 2430 5473 dum
2450 5418 2793 5488 persequitur
2814 5435 2828 5484 ;
2857 5418 2982 5489 quia
3006 5418 3179 5488 sopita
3200 5410 3571 5488 quodaminodo
3592 5395 3791 5477 gentilium

2314 5511 2466 5583 ετθνί
2490 5510 2887 5580 Persecutione,
2919 5509 3158 5565 haeretici
3204 5508 3421 5564 sinistra
3445 5496 3691 5561 intentione
3706 5497 3789 5581 san:

2311 5613 2452 5663 ctam
2481 5602 2779 5659 Ecclesium
2802 5601 2985 5657 dolose
3006 5601 3311 5657 insidiando
3332 5608 3481 5670 atque
3495 5586 3665 5650 οοαιηθ
3685 5586 3788 5670 ἚῘῘ¹³Ῠ¹

2307 5704 2459 5766 tergo
2490 5694 2729 5750 laedendo
2758 5706 3097 5763 nequaquam
3142 5662 3654 5749 oerseuuidesinunt.
3685 5662 3785 5725 Unde

2305 5787 2550 5857 sequitur
2571 5803 2585 5837 :

2466 5838 2816 5949 ingrauatttm
2838 5881 2917 5933 est
2940 5872 3185 5948 prauum
3209 5880 3262 5931 et
3278 5868 3563 5951 tm
3574 5838 3786 5917 MM»
