4028 6456
311 381 450 451 “Si

1041 389 1390 449 COMMENT.
1427 393 1497 448 IN
1536 391 1784 449 LIBROS
1822 391 2396 452 MACHABEORUM.
2438 425 2510 436 —
2545 394 2614 450 IN
2651 393 2762 450 LIB
2798 393 2840 450 I.

3446 391 3588 448 1182

321 511 488 566 nerati
510 527 574 566 ea:
607 518 711 573 his,
745 519 850 566 etc.
893 514 1235 582 Ingravatum
1275 521 1352 565 est
1385 510 1647 582 prrelium,
1683 512 1898 584 quando
1924 507 1979 570 Α
2001 510 2167 578 solus,
2197 522 2246 565 et
2278 513 2600 568 benedictum
2644 529 2832 566 nomen
2871 509 3163 581 majestatis
3199 508 3316 579 ejus
3347 507 3404 563 in
3432 516 3588 564 teter-

317 605 533 672 pagani,
563 610 746 671 aperta
781 603 1174 672 persecutione,
1203 610 1258 659 et
1286 603 1524 658 haeretici
1569 603 1790 658 subdola
1818 618 1902 658 se-

319 693 610 759 ductione,
665 693 957 750 Ecclesiam
1002 693 1202 749 Christi
1255 693 1535 765 impetunt.
1587 693 1902 763 Caduntque

319 783 473 838 multi
497 783 763 840 vulnerati
788 799 855 840 ex
885 784 969 841 his
1001 794 1056 840 et
1098 785 1222 851 illis,
1265 801 1387 840 cum
1416 785 1564 852 mali,
1603 785 1902 842 invidentes

318 876 493 942 bonis,
530 876 783 948 nequitiae
811 891 921 932 sum
947 876 1069 934 telis
1090 877 1313 931 sauciati
1352 877 1604 932 decidunt
1625 892 1848 932 numero
1883 895 1896 930 :

319 966 605 1024 tormentis
617 967 880 1022 malorum
893 967 1065 1023 coacti
1085 967 1457 1038 blasphemare
1479 968 1900 1040 compelluntur,

319 1056 462 1126 quod
489 1056 562 1112 ibi
605 1057 898 1128 saepissime
943 1059 1126 1115 evenit
1153 1059 1240 1116 ubi
1289 1058 1468 1130 plebes
1509 1059 1708 1114 auxilio
1739 1058 1903 1132 magi-

318 1156 555 1202 strorum
587 1147 971 1206 destituuntur.
999 1150 1153 1206 Unde
1189 1149 1566 1223 subiungitur:
1616 1151 1685 1205 Et
1731 1149 1902 1205 ludas

319 1239 526 1305 cecidit,
551 1247 602 1295 et
625 1242 799 1296 cwteri
824 1242 1092 1313 fugerunt.
1121 1241 1254 1311 Quia
1285 1244 1564 1300 trucidatis
1598 1244 1904 1316 pastoribus

306 1319 510 1403 greges
545 1332 602 1386 in
629 1333 840 1388 diversa
867 1332 1050 1404 fuget'e
1075 1343 1360 1405 coguntur,
1389 1336 1528 1390 sicut
1554 1337 1605 1391 in
1641 1335 1904 1391 Zacharia

318 1424 583 1493 propheta
612 1425 667 1478 in
695 1426 952 1496 praesagio
982 1427 1244 1496 passionis
1271 1425 1468 1482 Christi
1499 1428 1757 1498 scriptum
1782 1435 1900 1483 est:

320 1512 562 1580 Psrcute,
597 1515 788 1584 inquit,
833 1527 1089 1586 pastorem
1127 1527 1174 1571 et
1204 1518 1559 1589 dispergentur
1595 1535 1712 1572 oves
1737 1517 1904 1590 gregis

322 1601 508 1673 (Zacli.
541 1605 682 1677 xm).
724 1605 876 1673 Quod
908 1608 1236 1678 evangelista
1284 1609 1337 1663 in
1387 1610 1636 1679 passione
1668 1611 1900 1677 Domini,

319 1697 413 1752 ubi
449 1696 565 1768 ipso
591 1701 984 1769 comprehenso
1012 1716 1043 1755 a
1092 1701 1260 1757 turbis
1301 1703 1546 1774 discipuli
1575 1719 1782 1771 omnes,
1815 1719 1903 1758 re-

321 1790 448 1847 licto
472 1807 560 1858 eo,
589 1791 856 1864 fugerunt,
889 1796 957 1850 ad
986 1796 1349 1850 testimonium
1397 1795 1726 1860 introduxit;
1777 1796 1908 1867 quia

2005 621 2151 670 nunt,
2182 616 2230 660 et
2253 606 2308 660 in
2333 605 2585 660 siccatum
2609 605 2792 660 sa’culi
2828 601 3004 675 (Psal.
3023 601 3138 673 xv).

2075 697 2141 751 Et
2169 697 2366 766 factum
2387 707 2461 752 est
2487 706 2604 768 post
2629 696 2825 750 obitum
2855 693 3033 757 Judtv,
3073 700 3394 747 emerserunt
3422 689 3591 762 iniqui

2002 789 2059 844 in
2082 789 2319 844 omnibus
2359 789 2550 859 ﬁnibus
2605 786 2800 854 Israel,
2839 797 2944 842 etc.
2990 785 3050 840 In
3090 785 3382 856 prioribus,
3406 783 3497 839 ubi
3526 783 3594 839 de

2002 876 2313 934 Mathathiae
2347 886 2520 934 morte
2563 862 3042 932 commemoratum
3069 884 3178 942 est,
3219 875 3480 945 scriptum
3508 889 3595 930 re-

2001 971 2212 1040 peritur
2240 969 2384 1040 quod
2430 970 2541 1040 ipse
2570 969 2866 1024 centesimo
2903 977 2958 1024 et
2986 968 3396 1038 quadragesimo
3439 976 3594 1024 sexto

2005 1075 2150 1114 anno
2181 1059 2467 1116 defunctus
2499 1061 2590 1116 sit.
2633 1059 2692 1114 In
2735 1059 2890 1131 cuius
2923 1059 3100 1117 locum
3145 1059 3382 1116 surrexit
3427 1058 3594 1116 ludas

2005 1148 2150 1204 ﬁlius
2176 1149 2292 1220 ejus
2321 1159 2376 1206 et
2417 1150 2765 1220 praeliabatur
2811 1150 3056 1222 praelium
3103 1149 3289 1206 Israel.
3333 1149 3596 1208 Similiter

2005 1239 2138 1296 etin
2171 1239 2524 1310 sequentibus
2564 1241 2826 1311 scriptum
2855 1240 3129 1296 invenitur
3153 1242 3298 1311 quod
3334 1239 3595 1299 Ionathas

2003 1339 2127 1402 post
2150 1330 2344 1386 ludam
2389 1329 2616 1386 fratrem
2665 1346 2823 1386 suum
2876 1331 3170 1402 sumpserit
3211 1331 3591 1402 principatum.

2006 1420 2134 1477 Post
2160 1438 2317 1492 quem
2343 1421 2583 1478 Alcimus
2630 1438 2772 1478 anno
2811 1423 3104 1480 centesimo
3153 1423 3596 1495 qnhiquagesimo

2007 1515 2170 1570 tertio
2197 1513 2452 1586 praecepit
2471 1513 2678 1570 destrui
2704 1530 2888 1570 muros
2916 1514 3112 1574 domus
3131 1522 3334 1570 sanctae
3357 1523 3412 1569 et
3431 1528 3593 1583 opera

2005 1607 2410 1679 prophetarum,
2441 1607 2532 1678 qui
2557 1615 2802 1662 mortuus
2828 1615 2911 1662 est
2935 1614 3174 1676 tempore
3193 1605 3306 1663 illo.
3329 1604 3597 1674 Iosephus

2008 1707 2190 1753 autem
2220 1706 2405 1752 narrat
2449 1698 2591 1767 quod
2639 1705 2924 1768 postquam
2968 1696 3230 1760 Alcimus,
3267 1696 3362 1767 qui
3388 1705 3446 1750 et
3471 1695 3598 1750 Joa-

2009 1789 2174 1854 chim,
2208 1797 2398 1843 tenens
2427 1787 2791 1858 principatum
2835 1785 3124 1842 sacerdotii
3169 1793 3400 1854 quatuor
3421 1785 3595 1851 annis,

322 1883 464 1952 quod
494 1885 768 1953 pmcessit
797 1886 850 1940 in
885 1886 1078 1957 capite,
1110 1902 1330 1943 necesse
1370 1896 1453 1943 es;
1489 1895 1547 1943 ιιι
1575 1897 1830 1958 sequatur
1850 1889 1907 1944 in
1935 1872 1984 1932 B
2011 1874 2192 1934 inierit
2214 1876 2595 1940 sacerdotium,
2617 1874 2766 1931 Judae
2785 1875 3012 1945 populus
3033 1874 3378 1940 contradixit,
3404 1874 3601 1944 ipsum-

322 1989 568 2046 corpore.

393 2105 462 2162 Et
485 2105 744 2166 Jonatnas
767 2118 815 2164 et
835 2108 1013 2168 Simon
1032 2111 1260 2167 tulerunt
1279 2113 1476 2168 ludam
1494 2112 1711 2183 fratrem
1731 2130 1904 2180 suum,

325 2208 374 2253 et
402 2199 712 2271 sepelierunt
751 2218 868 2256 eum
899 2202 952 2256 in
998 2203 1234 2276 sepulcro
1275 2215 1484 2275 patrum
1511 2223 1725 2262 suorum
1750 2210 1806 2262 in
1833 2209 1908 2264 ci-

322 2289 479 2344 vitate
510 2287 714 2355 Modin,
745 2300 848 2345 etc.
889 2291 1008 2346 Non
1051 2301 1231 2364 potest
1269 2297 1500 2352 transire
1527 2297 1644 2352 sine
1667 2297 1906 2368 discipu-

322 2378 497 2436 lorum
531 2381 748 2436 tristitia
777 2382 1039 2440 bonorum
1084 2387 1466 2458 magistrorum
1512 2405 1610 2459 per
1654 2406 1907 2446 occasum

321 2472 512 2527 mortis
542 2473 848 2544 temporalis
877 2476 1032 2530 ruina
1059 2495 1071 2530 :
1107 2477 1230 2534 inde
1258 2479 1456 2534 dicitur
1490 2481 1631 2550 quod
1673 2480 1910 2538 ﬂevisset

321 2561 513 2618 Judam
561 2565 726 2620 omnis
771 2565 994 2636 populus
1042 2565 1213 2622 Israel
1256 2568 1467 2639 planctu
1511 2589 1719 2643 magno.
1770 2573 1906 2628 Huic

324 2670 540 2724 quoque
581 2655 754 2712 simile
803 2657 860 2712 in
909 2659 1158 2728 passione
1211 2659 1474 2731 Stephani
1517 2663 1779 2735 scriptum
1820 2664 1907 2720 in-

324 2745 576 2800 venitur:
625 2743 948 2802 Curarerunt
980 2749 1302 2819 Stephanum
1334 2753 1426 2806 viri
1465 2753 1698 2810 timorati
1737 2765 1783 2809 et
1827 2756 1906 2824 fe-

327 2848 507 2894 cerunt
547 2856 702 2912 super
745 2857 803 2896 eo
849 2841 1114 2911 planctum
1159 2861 1404 2914 magnum
1452 2845 1752 2918 (Act.vm).
1803 2846 1909 2902 Sed

324 2928 452 2985 licet
484 2930 635 2986 dolor
663 2932 914 2987 abscessu
945 2949 1164 2988 suorum
1214 2945 1400 3007 tangat
1435 2937 1670 2994 fidelium
1700 2947 1909 2994 mentes

325 3033 422 3090 per
463 3021 908 3092 compassionem,
943 3033 1119 3080 tamen
1169 3042 1273 3082 non
1306 3027 1456 3084 deest
1497 3029 1576 3084 eis
1614 3029 1910 3085 consolatio

327 3129 487 3184 quam
517 3114 718 3170 habent
738 3115 803 3172 de
828 3115 1005 3172 futura
1032 3118 1334 3176 animarum
1363 3121 1548 3190 requie
1583 3137 1682 3192 per
1706 3131 1910 3178 certam

328 3221 498 3277 spem.
537 3208 844 3265 Tristantur
889 3212 1032 3266 enim
1067 3213 1239 3268 sancti
1287 3213 1466 3284 aliquo
1500 3217 1659 3271 modo
1688 3215 1744 3270 in
1784 3230 1908 3271 cor-

327 3300 477 3370 poris
505 3301 588 3357 sui
627 3301 827 3369 dolore,
861 3303 954 3360 sed
995 3304 1300 3364 minimum.
1326 3306 1578 3364 laetantur
1617 3309 1798 3366 animo
1845 3310 1911 3366 de

329 3393 642 3466 consignata
665 3396 765 3450 sibi
788 3396 844 3451 in
867 3397 1070 3453 caelesti
1116 3414 1282 3471 regno
1313 3402 1578 3458 mercede.
1613 3401 1764 3459 Unde
1796 3402 1916 3459 Sal-

333 3493 485 3540 vator
507 3486 783 3558 discipulis
825 3491 938 3547 suis
963 3491 1028 3546 de
1055 3495 1320 3562 passionis
1367 3497 1734 3565 magnitudine
1769 3509 1828 3554 et
1847 3500 1915 3556 de

333 3575 588 3648 triumphi
612 3580 693 3632 sui
734 3590 882 3636 certa
914 3585 1348 3641 remuneratione
1378 3587 1429 3640 in
1459 3587 1749 3658 Evangelia
1779 3604 1915 3659 prte—

331 3665 537 3734 dicans,
565 3671 672 3724 ait:
716 3669 867 3727 Beati
905 3675 1025 3729 estis
1052 3691 1171 3730 cum
1198 3676 1560 3732 maledixerint
1585 3679 1725 3734 vobis
1748 3680 1916 3734 homi-

332 3773 439 3824 nes,
469 3769 516 3812 et
542 3763 797 3829 persecuti
828 3781 912 3816 vos
955 3764 1151 3834 fuerint
1181 3776 1230 3820 et
1271 3767 1496 3822 dixerint
1523 3784 1674 3823 omne
1716 3769 1912 3824 malum

331 3848 606 3905 adversum
636 3867 722 3906 vos
752 3855 1075 3920 mentientes,
1095 3865 1302 3927 propter
1327 3874 1513 3913 nomen
1542 3875 1734 3914 meum.
1765 3857 1914 3914 Gau-

332 3939 446 3993 dete
467 3939 522 3993 in
560 3939 655 3996 illa
700 3941 784 3997 die
816 3952 878 4020 _et
912 3944 1188 4013 exsultate,
1222 3948 1471 4020 quoniam
1513 3965 1705 4004 merces
1749 3957 1915 4004 vestra

230 4088 236 4094 _
333 4027 500 4083 multa
523 4037 599 4085 est
623 4031 680 4086 in
705 4016 845 4087 ctelis
873 4031 1090 4105 (Matth.
1115 4035 1189 4108 ν).

409 4159 474 4214 Et
498 4170 688 4224 cetera
714 4162 876 4220 verba
900 4163 1151 4221 bellorum
1193 4166 1352 4226 δείδω
1393 4178 1440 4222 et
1481 4167 1752 4236 virtutum,
1783 4187 1917 4244 quas

335 4252 485 4324 fecit,
511 4261 614 4309 etc.
653 4252 816 4310 Multa
847 4263 974 4314 sunt
1014 4257 1156 4314 bella
1194 4266 1250 4315 et
1278 4259 1505 4315 virtutes
1537 4276 1673 4332 quas
1715 4263 1920 4320 faciunt

336 4343 532 4410 sancti,
553 4343 663 4400 imo
690 4343 950 4404 Dominus
977 4347 1032 4403 in
1063 4349 1166 4415 eis,
1211 4359 1442 4421 quarum
1491 4355 1731 4410 omnium
1778 4357 1919 4412 noti-

337 4433 470 4491 tiam
508 4448 670 4490 nemo
715 4436 992 4507 percipere
1039 4446 1237 4508 potest,
1283 4441 1378 4496 sed
1422 4441 1480 4496 in
1506 4441 1618 4498 sola
1649 4444 1919 4514 agnitione

336 4534 656 4595 permanent
673 4525 930 4587 auctoris.
966 4527 1114 4584 Unde
1139 4529 1206 4586 de
1233 4530 1366 4600 ipsis
1381 4529 1640 4588 Dominus
1659 4534 1713 4588 in
1743 4534 1920 4592 Evam

337 4617 479 4690 gelio
503 4617 619 4674 ait:
673 4617 806 4676 Oves
855 4637 982 4678 mete
1025 4638 1201 4678 vocent
1246 4639 1415 4678 meam
1457 4625 1700 4694 audiunt,
1749 4637 1798 4682 et
1826 4645 1919 4700 ego

337 4710 593 4767 Dominus
621 4727 847 4782 agnosco
878 4730 966 4767 eas
1001 4711 1182 4786 (Joan.
1205 4714 1259 4785 ι)
1285 4732 1300 4781 ;
1332 4724 1390 4771 et
1409 4716 1535 4772 item
1565 4736 1578 4771 :
1617 4716 1849 4774 Gaudete
1872 4730 1920 4775 et

337 4802 616 4870 exsultate,
646 4802 841 4874 inquit,
875 4806 1121 4876 quoniam
1143 4809 1353 4864 nomina
1373 4819 1544 4864 vestra
1574 4811 1768 4882 scripta
1797 4820 1919 4865 sunt

337 4897 394 4952 in
421 4895 580 4963 ctelo,
629 4899 816 4952 etenim
845 4899 1016 4964 vestri,
1055 4901 1153 4964 ait,
1191 4901 1370 4971 capilli
1407 4902 1593 4974 capitis
1623 4919 1798 4958 omnes
1824 4920 1922 4958 nuo

340 4990 525 5044 merati
549 4999 691 5055 sunt,
739 4999 786 5044 et
831 4989 1050 5060 capillus
1074 4993 1139 5046 de
1187 4995 1354 5062 capite
1397 5005 1561 5049 vestro
1590 5013 1694 5051 non
1737 4999 1922 5068 peribit

343 5079 494 5152 (Luc.
522 5077 599 5152 ι).
631 5078 708 5136 De
732 5096 838 5149 quo
879 5089 934 5136 et
977 5082 1100 5138 alibi
1129 5083 1388 5153 scriptum
1413 5103 1425 5139 :
1473 5084 1633 5140 Novit
1661 5087 1919 5143 Dominus

341 5173 430 5244 qui
459 5181 579 5228 sunt
603 5174 718 5244 ejus
757 5173 969 5247 (Matth.
995 5176 1050 5248 ι)
1077 5193 1092 5242 ;
1139 5185 1193 5232 et
1221 5177 1350 5232 item
1376 5196 1390 5232 :
1443 5178 1562 5248 Ipse
1605 5181 1748 5234 solus
1787 5182 1922 5236 novit

345 5263 504 5318 corda
551 5266 783 5318 omnium
829 5266 1059 5334 ﬁliorum
1108 5269 1280 5326 Adam
1327 5269 1477 5340 (Luc.
1520 5271 1656 5343 xxi).
1695 5271 1830 5327 Hinc
1869 5273 1923 5327 in

345 5353 552 5424 psalmo
597 5353 861 5424 PrOpheta
915 5359 1021 5413 ait:
1083 5358 1186 5425 Qui
1242 5369 1477 5414 numerat
1539 5361 1923 5418 multitudinem

346 5444 634 5512 stellarum,
662 5458 712 5504 et
740 5449 974 5506 omnibus
999 5453 1071 5506 eis
1099 5455 1310 5508 nomina
1337 5464 1484 5510 vocat
1519 5454 1691 5526 (Psal.
1709 5456 1922 5529 exul);

347 5544 405 5593 et
432 5535 556 5592 item
582 5579 596 5592 .
632 5536 914 5606 Mirabilis,
942 5540 1132 5610 inquit,
1173 5541 1432 5598 Dominus
1472 5545 1528 5600 in
1551 5546 1742 5600 sanctis
1773 5547 1924 5610 suis;

351 5625 462 5698 ipse
491 5628 633 5686 dabit
670 5630 910 5686 virtutem
947 5641 994 5686 et
1036 5633 1395 5702 fortitudinem
1429 5635 1563 5706 plebi
1609 5655 1719 5694 sua:
1752 5637 1923 5706 (Psal.

349 5717 538 5792 L'xvn).
569 5719 722 5778 Unde
748 5735 968 5778 necesse
1007 5732 1091 5779 est
1119 5733 1176 5778 ut
1199 5725 1380 5780 dicant
1424 5726 1639 5797 singuli,
1667 5729 1851 5785 dicant
1875 5739 1930 5785 et

349 5825 569 5870 omnes:
598 5812 905 5870 Benedictus
932 5814 1184 5872 Dominus
1201 5817 1291 5888 qui
1317 5816 1435 5888 fecit
1458 5818 1718 5877 mirabilia
1741 5839 1927 5890 ttwgtm

2011 1983 2116 2040 que
2143 1967 2293 2032 dicit,
2346 1976 2632 2038 postquam
2680 1965 3040 2036 principatum
3089 1964 3377 2020 sacerdotii
3429 1965 3600 2020 tribus

2006 2061 2164 2117 annis
2191 2059 2598 2123 ministraverit,
2631 2074 2752 2113 esse
2778 2057 3110 2112 defunctum.
3155 2056 3212 2111 In
3235 2056 3320 2112 his
3349 2057 3602 2112 omnibus

2007 2153 2380 2208 consideratur
2427 2151 2568 2220 quod
2617 2149 2783 2206 Judas
2827 2157 2948 2219 post
2992 2157 3222 2204 mortem
3281 2146 3590 2202 Matlnathite

2005 2248 2180 2320 patris
2207 2248 2290 2302 sui
2320 2247 2575 2300 ducatum
2602 2243 2782 2315 populi
2825 2250 3036 2314 gereret
3075 2250 3279 2312 septem
3318 2241 3511 2305 annis;
3546 2239 3599 2294 in

2009 2339 2207 2411 quibus
2231 2335 2646 2408 quadriennium
2670 2333 2922 2390 Antiochi
2955 2333 3118 2388 duces
3145 2333 3200 2386 in
3223 2329 3408 2388 Iudaea
3445 2331 3601 2385 dimi-

2009 2430 2184 2486 cando
2211 2427 2506 2499 expellens,
2557 2435 2612 2481 et
2659 2425 2920 2495 templum
2966 2422 3232 2478 idolorum
3280 2421 3604 2493 imaginibus

2007 2520 2330 2582 emundans,
2374 2517 2580 2590 patrias
2618 2516 2764 2586 leges
2805 2525 2926 2585 post
2955 2515 3069 2568 haec
3095 2513 3206 2568 suis
3235 2513 3444 2570 civibus
3482 2510 3603 2566 red-

2009 2616 2164 2679 didit,
2211 2612 2513 2686 olympiade
2549 2609 2846 2668 centesima
2886 2615 3077 2677 quarta
3121 2603 3365 2678 [prima],
3416 2603 3602 2674 sicque

2009 2707 2217 2778 accepit
2243 2706 2606 2776 principatum
2657 2698 2951 2757 sacerdotii
2985 2705 3040 2752 et
3085 2704 3197 2752 tres
3243 2711 3414 2752 annos
3457 2695 3510 2750 in
3539 2708 3604 2748 co

2009 2799 2264 2870 explevit.
2308 2797 2460 2852 Unde
2504 2801 2560 2849 et
2608 2793 2661 2847 in
2705 2791 2989 2847 Chronicis
3027 2788 3299 2843 invenitur
3343 2785 3605 2840 Jonathas

2011 2897 2165 2947 sexto
2195 2903 2337 2942 anno
2368 2883 2628 2940 Demetrii
2652 2881 2860 2938 Soteris
2894 2877 3200 2936 .lud:eorum
3224 2879 3476 2933 ducatum
3508 2891 3598 2932 ac-

2011 2980 2239 3050 cepisse,
2287 2993 2448 3047 quem
2504 2975 2676 3031 tenuit
2718 2974 2903 3028 decem
2941 2979 2996 3026 et
3038 2985 3230 3025 novem
3278 2968 3454 3034 annis,
3482 2973 3606 3036 post

2009 3080 2241 3128 mortem
2271 3069 2522 3126 videlicet
2548 3067 2724 3138 patris
2759 3066 2844 3122 sui
2870 3063 3182 3124 Inthethia:
3217 3061 3376 3118 annis
3395 3061 3604 3127 decem,

2009 3162 2313 3234 Olympiade
2337 3160 2632 3217 centesima
2653 3157 3100 3230 quinquagesima
3121 3154 3330 3226 quinta.
3358 3153 3452 3208 Illa
3476 3166 3607 3224 ergo

1937 3241 1982 3304 C
2011 3269 2304 3326 pravorum
2337 3251 2636 3318 infestatio,
2681 3265 2801 3322 qum
2827 3258 2954 3321 post
2977 3249 3184 3308 obitum
3217 3246 3370 3302 Iudae
3393 3246 3607 3317 inquie-

2015 3357 2228 3404 taverat
2253 3347 2392 3403 ﬁlios
2414 3345 2601 3411 Israel,
2629 3345 2855 3416 mystice
2900 3341 3172 3414 signiﬁcat
3203 3340 3372 3411 quod,
3413 3338 3608 3394 dilatis

2012 3438 2173 3498 bonis
2197 3435 2530 3502 doctoribus,
2562 3433 2902 3504 dispendium
2949 3447 3057 3488 nou
3096 3430 3382 3491 minimum
3421 3429 3608 3488 ﬁdeles

2014 3531 2254 3587 sentiant
2309 3529 2620 3595 auditores,
2675 3542 2799 3583 cum
2849 3523 3136 3582 occasione
3188 3528 3442 3594 percepta
3498 3534 3608 3577 non

2015 3623 2210 3687 solum,
2239 3621 2433 3694 pagani
2465 3620 2559 3676 sed
2605 3627 2661 3674 et
2709 3616 2946 3674 haeretici
2994 3615 3248 3687 gravibus
3277 3613 3609 3686 persecutio-

2015 3716 2176 3772 nibus
2209 3715 2435 3786 fatigent
2476 3711 2772 3770 Ecclesiae!
2815 3711 2931 3768 Dei.
2970 3708 3108 3766 Hinc
3157 3707 3358 3764 Paulus
3395 3705 3610 3762 Jemov

2015 3805 2216 3878 lymam
2269 3813 2614 3876 perrecturus
2639 3841 2656 3870 ,
2713 3801 3025 3859 convocatis
3077 3796 3376 3867 majoribus
3428 3796 3606 3866 Ephe-

2017 3898 2246 3965 siorum,
2275 3897 2416 3954 inter
2468 3896 2572 3950 alia
2621 3893 2793 3950 dixit:
2853 3891 3010 3958 Nunc
3057 3906 3171 3945 ecce
3209 3905 3304 3960 ego
3333 3887 3442 3943 scio
3483 3886 3610 3957 quia

2018 3989 2244 4061 amplius
2293 4004 2399 4044 non
2427 3987 2660 4042 uidebitis
2699 3985 2894 4055 facient-
2937 3998 3107 4038 meam
3156 3997 3244 4036 vos
3277 3995 3476 4044 omnes,
3518 3992 3612 4049 per

2017 4099 2148 4154 quos
2177 4078 2394 4136 transivi
2413 4078 2710 4150 pradicans
2736 4089 2950 4146 regnum
2979 4071 3096 4128 Dei.
3137 4070 3467 4142 Quapropter
3485 4084 3612 4124 con-

2021 4180 2187 4226 testor
2219 4187 2308 4224 vos
2327 4168 2586 4224 hodierna
2613 4167 2698 4222 die
2737 4166 2866 4237 quia
2891 4163 3117 4220 mundus
3155 4177 3272 4218 sum
3299 4179 3335 4216 ιι
3357 4161 3612 4230 sanguine

2021 4260 2272 4316 omnium.
2325 4257 2450 4313 Non
2506 4258 2646 4312 enim
2687 4255 2976 4325 subterfugi
3003 4292 3020 4320 ,
3064 4253 3344 4325 quominus
3397 4257 3608 4311 adnun—

2021 4351 2205 4406 tiarem
2244 4364 2393 4408 omne
2429 4346 2706 4404 consilium
2732 4345 2832 4402 Dei
2880 4344 3044 4400 vobis.
3081 4343 3346 4406 Attendite
3392 4343 3533 4400 vobis
3555 4352 3608 4399 st

2021 4442 2260 4496 universo
2292 4439 2457 4512 gregi,
2511 4439 2568 4492 in
2609 4455 2712 4509 quo
2757 4453 2848 4492 vos
2899 4435 3134 4508 Spiritus
3171 4445 3385 4494 sanctus
3435 4437 3610 4506 possit

2023 4536 2285 4606 episcopos
2322 4548 2494 4603 regere
2518 4528 2808 4586 Ecclesium
2848 4528 2968 4594 Dei,
2990 4545 3147 4600 quam
3193 4529 3462 4601 acquisivit
3487 4546 3610 4584 san-

2025 4627 2182 4700 guine
2207 4642 2324 4681 suo.
2355 4623 2468 4696 Ego
2514 4625 2624 4679 scio
2657 4622 2902 4695 quoniam
2949 4620 3219 4675 intrabunt
3262 4629 3374 4692 post
3413 4622 3605 4677 disces--

2025 4721 2225 4776 sionem
2251 4732 2420 4772 mam
2445 4717 2553 4788 lupi
2575 4731 2788 4787 rapaces
2809 4715 2863 4769 in
2895 4729 3006 4781 vos,
3038 4731 3142 4768 non
3159 4723 3426 4785 parcentes
3446 4716 3609 4786 gregi,

2026 4811 2117 4867 sed
2146 4827 2210 4865 ea:
2238 4810 2378 4864 vobis
2426 4809 2552 4879 ipsis
2599 4815 2876 4876 exsurgant
2918 4807 3011 4861 viri
3059 4805 3324 4878 loquentes
3351 4822 3606 4878 perversa,

2025 4911 2084 4957 ut
2121 4901 2383 4956 abducant
2415 4896 2699 4968 discipulos
2725 4906 2840 4968 post
2873 4913 2944 4951 se.
2971 4894 3195 4968 Propter
3215 4895 3355 4968 quod
3384 4895 3608 4968 vigilate,

2026 4991 2278 5046 memoria
2301 4989 2580 5044 retinentes
2598 4987 2738 5059 quod
2764 5003 2856 5056 per
2877 4988 3157 5041 triennium
3179 4995 3325 5041 nocte
3343 4995 3392 5041 et
3406 4985 3490 5040 die
3509 5001 3613 5040 non

2026 5084 2241 5148 cessavi,
2267 5099 2384 5136 cum
2404 5080 2652 5151 lacrgmis
2672 5095 2886 5135 monens
2925 5093 3338 5150 unumquemque
3365 5087 3608 5132 vestrum.

2027 5179 2099 5234 Et
2122 5196 2257 5233 nunc
2289 5177 2590 5232 commendo
2615 5191 2702 5229 vos
2739 5173 2848 5227 Deo
2875 5181 2925 5226 et
2952 5173 3104 5226 verbo
3139 5172 3324 5242 gratim
3359 5171 3495 5241 ejus,
3521 5171 3612 5242 qui

2027 5281 2209 5344 potens
2235 5280 2307 5324 est
2338 5269 2603 5338 aediﬁcare
2627 5274 2674 5320 et
2695 5264 2824 5318 dare
2850 5263 3207 5318 hereditatem
3231 5263 3285 5317 in
3318 5262 3614 5333 sanctiﬁca-

2031 5363 2261 5418 tionibus
2291 5361 2430 5432 (Act.
2455 5359 2572 5431 xx).

2102 5453 2172 5506 In
2195 5453 2376 5506 diebus
2421 5449 2526 5504 illis
2559 5449 2701 5518 facta
2727 5455 2801 5502 est
2845 5445 3012 5516 fames
3053 5461 3244 5516 magna
3285 5444 3454 5512 valde,
3500 5452 3607 5500 etc.

2031 5543 2196 5599 Fame
2224 5544 2414 5598 oborta
2437 5540 2656 5595 tradidit
2677 5556 2731 5594 se
2773 5537 3026 5592 Bacchidi
3062 5537 3230 5592 omnis
3269 5537 3408 5607 regio
3428 5547 3448 5587 :
3483 5533 3613 5604 quia

2031 5634 2405 5692 deﬁcientibus
2464 5632 2908 5704 praedicatoribus
2950 5639 3172 5702 propter
3217 5629 3417 5684 famem
3457 5626 3612 5684 verbi

2033 5729 2150 5792 Dei,
2176 5727 2315 5781 unde
2361 5725 2554 5780 animae
2603 5725 2836 5796 saginari
2883 5726 3102 5790 debent,
3137 5723 3282 5793 quia,
3313 5723 3612 5780 secundum

2035 5819 2288 5877 Veritatis
2319 5817 2684 5881 sententiam:
2733 5816 2862 5872 Non
2895 5818 2952 5871 in
2991 5816 3100 5870 solo
3125 5829 3262 5888 pane
3284 5814 3404 5872 vivit
3427 5814 3610 5888 homo,
