  <div class='ocr_page' id='page_1' title='image "/cluster/home/n/w/nwhite01/storage/ocr_20150623/109/hvd.32044015466857/595.png"; bbox 0 0 4028 6530; ppageno 0'>
   <div class='ocr_carea' id='block_1_1' title="bbox 506 367 647 429">
    <p class='ocr_par' dir='ltr' id='par_1_1' title="bbox 506 367 647 429">
     <span class='ocr_line' id='line_1_1' title="bbox 506 367 647 429; baseline 0.007 -4"><span class='ocrx_word' id='word_1_1' title='bbox 506 367 647 429; x_wconf 73' lang='grc'><strong>1185</strong></span> 
     </span>
    </p>
   </div>
   <div class='ocr_carea' id='block_1_2' title="bbox 1143 355 3102 422">
    <p class='ocr_par' dir='ltr' id='par_1_2' title="bbox 1143 355 3102 422">
     <span class='ocr_line' id='line_1_2' title="bbox 1143 355 3102 422; baseline -0.003 0"><span class='ocrx_word' id='word_1_2' title='bbox 1143 365 1204 422; x_wconf 89' lang='grc' dir='ltr'><strong>Β.</strong></span> <span class='ocrx_word' id='word_1_3' title='bbox 1241 362 1493 421; x_wconf 76' lang='lat' dir='ltr'><strong>RABANI</strong></span> <span class='ocrx_word' id='word_1_4' title='bbox 1533 360 1754 420; x_wconf 76' lang='lat' dir='ltr'><strong>MAURI</strong></span> <span class='ocrx_word' id='word_1_5' title='bbox 1791 357 2113 418; x_wconf 79' lang='lat' dir='ltr'><strong>ARCHIEP.</strong></span> <span class='ocrx_word' id='word_1_6' title='bbox 2155 355 2471 418; x_wconf 76' lang='lat' dir='ltr'><strong>MOGUNT.</strong></span> <span class='ocrx_word' id='word_1_7' title='bbox 2514 356 2801 418; x_wconf 79' lang='lat' dir='ltr'><strong>OPERUM</strong></span> <span class='ocrx_word' id='word_1_8' title='bbox 2835 358 3019 418; x_wconf 82' lang='lat' dir='ltr'><strong>PARS</strong></span> <span class='ocrx_word' id='word_1_9' title='bbox 3057 358 3102 417; x_wconf 85' lang='grc'><strong>1.</strong></span> 
     </span>
    </p>
   </div>
   <div class='ocr_carea' id='block_1_3' title="bbox 3637 362 3753 426">
    <p class='ocr_par' dir='ltr' id='par_1_3' title="bbox 3637 362 3753 426">
     <span class='ocr_line' id='line_1_3' title="bbox 3637 362 3753 426; baseline 0.043 -5"><span class='ocrx_word' id='word_1_10' title='bbox 3637 362 3753 426; x_wconf 65' lang='lat' dir='ltr'><strong>HM</strong></span> 
     </span>
    </p>
   </div>
   <div class='ocr_carea' id='block_1_4' title="bbox 510 474 3756 555">
    <p class='ocr_par' dir='ltr' id='par_1_4' title="bbox 510 474 3756 555">
     <span class='ocr_line' id='line_1_4' title="bbox 510 474 3756 555; baseline -0.001 -13"><span class='ocrx_word' id='word_1_11' title='bbox 510 486 600 543; x_wconf 84' lang='lat' dir='ltr'><strong>sed</strong></span> <span class='ocrx_word' id='word_1_12' title='bbox 635 484 689 539; x_wconf 88' lang='lat' dir='ltr'><strong>in</strong></span> <span class='ocrx_word' id='word_1_13' title='bbox 719 483 861 539; x_wconf 87' lang='lat' dir='ltr'><strong>omni</strong></span> <span class='ocrx_word' id='word_1_14' title='bbox 886 481 1038 538; x_wconf 85' lang='lat' dir='ltr'><strong>verba</strong></span> <span class='ocrx_word' id='word_1_15' title='bbox 1078 480 1218 553; x_wconf 87' lang='lat' dir='ltr'><strong>quod</strong></span> <span class='ocrx_word' id='word_1_16' title='bbox 1254 479 1485 552; x_wconf 85' lang='lat' dir='ltr'><strong>procedit</strong></span> <span class='ocrx_word' id='word_1_17' title='bbox 1525 478 1590 534; x_wconf 87' lang='lat' dir='ltr'><strong>de</strong></span> <span class='ocrx_word' id='word_1_18' title='bbox 1628 494 1718 533; x_wconf 86' lang='lat' dir='ltr'><strong>ore</strong></span> <span class='ocrx_word' id='word_1_19' title='bbox 1745 476 1842 532; x_wconf 87' lang='lat' dir='ltr'><strong>Dei</strong></span> <span class='ocrx_word' id='word_1_20' title='bbox 1869 474 2086 555; x_wconf 79' lang='lat' dir='ltr'><strong>(Matth.</strong></span> <span class='ocrx_word' id='word_1_21' title='bbox 2117 474 2172 539; x_wconf 74' lang='grc' dir='ltr'><strong>Α</strong></span> <span class='ocrx_word' id='word_1_22' title='bbox 2196 490 2317 537; x_wconf 90' lang='lat' dir='ltr'><strong>mor</strong></span> <span class='ocrx_word' id='word_1_23' title='bbox 2343 474 2707 548; x_wconf 86' lang='lat' dir='ltr'><strong>lacrymarum</strong></span> <span class='ocrx_word' id='word_1_24' title='bbox 2734 476 2803 531; x_wconf 90' lang='lat' dir='ltr'><strong>ab</strong></span> <span class='ocrx_word' id='word_1_25' title='bbox 2828 476 3024 542; x_wconf 90' lang='lat' dir='ltr'><strong>oculis,</strong></span> <span class='ocrx_word' id='word_1_26' title='bbox 3053 474 3118 532; x_wconf 92' lang='lat' dir='ltr'><strong>ad</strong></span> <span class='ocrx_word' id='word_1_27' title='bbox 3144 475 3546 547; x_wconf 80' lang='lat' dir='ltr'><strong>provocandam</strong></span> <span class='ocrx_word' id='word_1_28' title='bbox 3579 480 3756 539; x_wconf 82' lang='lat' dir='ltr'><strong>miscri-</strong></span> 
     </span>
    </p>
   </div>
   <div class='ocr_carea' id='block_1_5' title="bbox 511 567 2106 649">
    <p class='ocr_par' dir='ltr' id='par_1_5' title="bbox 511 567 2106 649">
     <span class='ocr_line' id='line_1_5' title="bbox 511 567 2106 649; baseline -0.008 -17"><span class='ocrx_word' id='word_1_29' title='bbox 511 577 607 649; x_wconf 83' lang='lat' dir='ltr'><strong>rv),</strong></span> <span class='ocrx_word' id='word_1_30' title='bbox 635 574 855 647; x_wconf 88' lang='lat' dir='ltr'><strong>quidam</strong></span> <span class='ocrx_word' id='word_1_31' title='bbox 882 571 1167 628; x_wconf 75' lang='lat' dir='ltr'><strong>tormentis</strong></span> <span class='ocrx_word' id='word_1_32' title='bbox 1188 570 1377 634; x_wconf 90' lang='lat' dir='ltr'><strong>coacti,</strong></span> <span class='ocrx_word' id='word_1_33' title='bbox 1409 569 1625 640; x_wconf 85' lang='lat' dir='ltr'><strong>quidam</strong></span> <span class='ocrx_word' id='word_1_34' title='bbox 1654 582 1784 623; x_wconf 89' lang='lat' dir='ltr'><strong>vero</strong></span> <span class='ocrx_word' id='word_1_35' title='bbox 1803 567 1957 622; x_wconf 89' lang='lat' dir='ltr'><strong>vanis</strong></span> <span class='ocrx_word' id='word_1_36' title='bbox 1986 580 2106 621; x_wconf 86' lang='lat' dir='ltr'><strong>sua-</strong></span> 
     </span>
    </p>
   </div>
   <div class='ocr_carea' id='block_1_6' title="bbox 511 659 2109 731">
    <p class='ocr_par' dir='ltr' id='par_1_6' title="bbox 511 659 2109 731">
     <span class='ocr_line' id='line_1_6' title="bbox 511 659 2109 731; baseline -0.007 -7"><span class='ocrx_word' id='word_1_37' title='bbox 511 667 755 725; x_wconf 81' lang='lat' dir='ltr'><strong>sionibus</strong></span> <span class='ocrx_word' id='word_1_38' title='bbox 781 665 966 731; x_wconf 79' lang='lat' dir='ltr'><strong>illecti,</strong></span> <span class='ocrx_word' id='word_1_39' title='bbox 997 665 1064 721; x_wconf 89' lang='lat' dir='ltr'><strong>de</strong></span> <span class='ocrx_word' id='word_1_40' title='bbox 1090 662 1582 719; x_wconf 89' lang='lat' dir='ltr'><strong>ecclesiasticorum</strong></span> <span class='ocrx_word' id='word_1_41' title='bbox 1631 675 1858 717; x_wconf 89' lang='lat' dir='ltr'><strong>numero</strong></span> <span class='ocrx_word' id='word_1_42' title='bbox 1888 659 2109 715; x_wconf 89' lang='lat' dir='ltr'><strong>tradunt</strong></span> 
     </span>
    </p>
   </div>
   <div class='ocr_carea' id='block_1_7' title="bbox 512 752 2108 832">
    <p class='ocr_par' dir='ltr' id='par_1_7' title="bbox 512 752 2108 832">
     <span class='ocr_line' id='line_1_7' title="bbox 512 752 2108 832; baseline -0.006 -15"><span class='ocrx_word' id='word_1_43' title='bbox 512 776 571 818; x_wconf 89' lang='lat' dir='ltr'><strong>se</strong></span> <span class='ocrx_word' id='word_1_44' title='bbox 599 759 868 832; x_wconf 79' lang='lat' dir='ltr'><strong>gentibus.</strong></span> <span class='ocrx_word' id='word_1_45' title='bbox 916 757 1017 824; x_wconf 92' lang='lat' dir='ltr'><strong>Qui</strong></span> <span class='ocrx_word' id='word_1_46' title='bbox 1046 756 1251 811; x_wconf 89' lang='lat' dir='ltr'><strong>amicos</strong></span> <span class='ocrx_word' id='word_1_47' title='bbox 1295 754 1413 811; x_wconf 89' lang='lat' dir='ltr'><strong>veri</strong></span> <span class='ocrx_word' id='word_1_48' title='bbox 1460 752 1634 819; x_wconf 68' lang='lat' dir='ltr'><strong>Judae,</strong></span> <span class='ocrx_word' id='word_1_49' title='bbox 1665 767 1824 823; x_wconf 92' lang='lat' dir='ltr'><strong>quem</strong></span> <span class='ocrx_word' id='word_1_50' title='bbox 1872 758 2108 807; x_wconf 84' lang='lat' dir='ltr'><strong>testante</strong></span> 
     </span>
    </p>
   </div>
   <div class='ocr_carea' id='block_1_8' title="bbox 514 845 2105 922">
    <p class='ocr_par' dir='ltr' id='par_1_8' title="bbox 514 845 2105 922">
     <span class='ocr_line' id='line_1_8' title="bbox 514 845 2105 922; baseline -0.007 -14"><span class='ocrx_word' id='word_1_51' title='bbox 514 851 795 922; x_wconf 73' lang='lat' dir='ltr'><strong>Scriptura</strong></span> <span class='ocrx_word' id='word_1_52' title='bbox 824 849 1046 905; x_wconf 89' lang='lat' dir='ltr'><strong>laudant</strong></span> <span class='ocrx_word' id='word_1_53' title='bbox 1072 863 1261 904; x_wconf 91' lang='lat' dir='ltr'><strong>omnes</strong></span> <span class='ocrx_word' id='word_1_54' title='bbox 1291 845 1487 901; x_wconf 81' lang='lat' dir='ltr'><strong>fratres</strong></span> <span class='ocrx_word' id='word_1_55' title='bbox 1534 845 1640 911; x_wconf 90' lang='lat' dir='ltr'><strong>sui,</strong></span> <span class='ocrx_word' id='word_1_56' title='bbox 1674 851 2105 916; x_wconf 89' lang='lat' dir='ltr'><strong>perscrutantur,</strong></span> 
     </span>
    </p>
   </div>
   <div class='ocr_carea' id='block_1_9' title="bbox 511 933 2109 1006">
    <p class='ocr_par' dir='ltr' id='par_1_9' title="bbox 511 933 2109 1006">
     <span class='ocr_line' id='line_1_9' title="bbox 511 933 2109 1006; baseline -0.008 -6"><span class='ocrx_word' id='word_1_57' title='bbox 511 953 709 1000; x_wconf 91' lang='lat' dir='ltr'><strong>etcum</strong></span> <span class='ocrx_word' id='word_1_58' title='bbox 755 941 1078 1006; x_wconf 85' lang='lat' dir='ltr'><strong>invenerint,</strong></span> <span class='ocrx_word' id='word_1_59' title='bbox 1132 939 1419 995; x_wconf 88' lang='lat' dir='ltr'><strong>illudentes</strong></span> <span class='ocrx_word' id='word_1_60' title='bbox 1447 936 1744 993; x_wconf 84' lang='lat' dir='ltr'><strong>vindictam</strong></span> <span class='ocrx_word' id='word_1_61' title='bbox 1766 940 2024 992; x_wconf 81' lang='lat' dir='ltr'><strong>exercent</strong></span> <span class='ocrx_word' id='word_1_62' title='bbox 2054 933 2109 988; x_wconf 91' lang='lat' dir='ltr'><strong>in</strong></span> 
     </span>
    </p>
   </div>
   <div class='ocr_carea' id='block_1_10' title="bbox 514 1024 2114 1102">
    <p class='ocr_par' dir='ltr' id='par_1_10' title="bbox 514 1024 2114 1102">
     <span class='ocr_line' id='line_1_10' title="bbox 514 1024 2114 1102; baseline -0.008 -11"><span class='ocrx_word' id='word_1_63' title='bbox 514 1035 652 1091; x_wconf 87' lang='lat' dir='ltr'><strong>illos.</strong></span> <span class='ocrx_word' id='word_1_64' title='bbox 710 1033 862 1089; x_wconf 82' lang='lat' dir='ltr'><strong>Hanc</strong></span> <span class='ocrx_word' id='word_1_65' title='bbox 905 1047 1036 1102; x_wconf 86' lang='lat' dir='ltr'><strong>ergo</strong></span> <span class='ocrx_word' id='word_1_66' title='bbox 1104 1030 1606 1101; x_wconf 82' lang='lat' dir='ltr'><strong>interpretationem</strong></span> <span class='ocrx_word' id='word_1_67' title='bbox 1659 1024 1939 1098; x_wconf 76' lang='lat' dir='ltr'><strong>cognoscit</strong></span> <span class='ocrx_word' id='word_1_68' title='bbox 1986 1038 2114 1079; x_wconf 88' lang='lat' dir='ltr'><strong>eve-</strong></span> 
     </span>
    </p>
   </div>
   <div class='ocr_carea' id='block_1_11' title="bbox 513 1117 2107 1199">
    <p class='ocr_par' dir='ltr' id='par_1_11' title="bbox 513 1117 2107 1199">
     <span class='ocr_line' id='line_1_11' title="bbox 513 1117 2107 1199; baseline -0.008 -15"><span class='ocrx_word' id='word_1_69' title='bbox 513 1128 660 1184; x_wconf 91' lang='lat' dir='ltr'><strong>nisse</strong></span> <span class='ocrx_word' id='word_1_70' title='bbox 684 1126 874 1199; x_wconf 86' lang='lat' dir='ltr'><strong>primis</strong></span> <span class='ocrx_word' id='word_1_71' title='bbox 904 1123 1240 1196; x_wconf 87' lang='lat' dir='ltr'><strong>temporibus</strong></span> <span class='ocrx_word' id='word_1_72' title='bbox 1263 1122 1520 1179; x_wconf 77' lang='lat' dir='ltr'><strong>Ecclesiae</strong></span> <span class='ocrx_word' id='word_1_73' title='bbox 1549 1119 1846 1178; x_wconf 89' lang='lat' dir='ltr'><strong>cultoribus</strong></span> <span class='ocrx_word' id='word_1_74' title='bbox 1885 1117 2107 1184; x_wconf 88' lang='lat' dir='ltr'><strong>Christi,</strong></span> 
     </span>
    </p>
   </div>
   <div class='ocr_carea' id='block_1_12' title="bbox 514 1211 2113 1291">
    <p class='ocr_par' dir='ltr' id='par_1_12' title="bbox 514 1211 2113 1291">
     <span class='ocr_line' id='line_1_12' title="bbox 514 1211 2113 1291; baseline -0.008 -13"><span class='ocrx_word' id='word_1_75' title='bbox 514 1221 693 1278; x_wconf 90' lang='lat' dir='ltr'><strong>omnis</strong></span> <span class='ocrx_word' id='word_1_76' title='bbox 724 1219 823 1291; x_wconf 87' lang='lat' dir='ltr'><strong>qui</strong></span> <span class='ocrx_word' id='word_1_77' title='bbox 878 1216 1308 1274; x_wconf 86' lang='lat' dir='ltr'><strong>ecclesiasticam</strong></span> <span class='ocrx_word' id='word_1_78' title='bbox 1354 1213 1640 1271; x_wconf 90' lang='lat' dir='ltr'><strong>historiam</strong></span> <span class='ocrx_word' id='word_1_79' title='bbox 1689 1212 1858 1284; x_wconf 80' lang='lat' dir='ltr'><strong>legit:</strong></span> <span class='ocrx_word' id='word_1_80' title='bbox 1912 1211 2007 1267; x_wconf 87' lang='lat' dir='ltr'><strong>sed</strong></span> <span class='ocrx_word' id='word_1_81' title='bbox 2058 1217 2113 1265; x_wconf 88' lang='lat' dir='ltr'><strong>et</strong></span> 
     </span>
    </p>
   </div>
   <div class='ocr_carea' id='block_1_13' title="bbox 518 1301 2115 1383">
    <p class='ocr_par' dir='ltr' id='par_1_13' title="bbox 518 1301 2115 1383">
     <span class='ocr_line' id='line_1_13' title="bbox 518 1301 2115 1383; baseline -0.008 -16"><span class='ocrx_word' id='word_1_82' title='bbox 518 1311 815 1383; x_wconf 82' lang='lat' dir='ltr'><strong>spiritales</strong></span> <span class='ocrx_word' id='word_1_83' title='bbox 846 1309 1123 1379; x_wconf 68' lang='lat' dir='ltr'><strong>nequitiac,</strong></span> <span class='ocrx_word' id='word_1_84' title='bbox 1171 1322 1291 1376; x_wconf 85' lang='lat' dir='ltr'><strong>quae</strong></span> <span class='ocrx_word' id='word_1_85' title='bbox 1325 1304 1527 1375; x_wconf 89' lang='lat' dir='ltr'><strong>antiqui</strong></span> <span class='ocrx_word' id='word_1_86' title='bbox 1578 1304 1750 1359; x_wconf 91' lang='lat' dir='ltr'><strong>hostis</strong></span> <span class='ocrx_word' id='word_1_87' title='bbox 1799 1301 2115 1358; x_wconf 86' lang='lat' dir='ltr'><strong>deserviunt</strong></span> 
     </span>
    </p>
   </div>
   <div class='ocr_carea' id='block_1_14' title="bbox 515 1390 2114 1467">
    <p class='ocr_par' dir='ltr' id='par_1_14' title="bbox 515 1390 2114 1467">
     <span class='ocr_line' id='line_1_14' title="bbox 515 1390 2114 1467; baseline -0.006 -11"><span class='ocrx_word' id='word_1_88' title='bbox 515 1401 800 1467; x_wconf 82' lang='lat' dir='ltr'><strong>voluntati,</strong></span> <span class='ocrx_word' id='word_1_89' title='bbox 823 1415 945 1456; x_wconf 90' lang='lat' dir='ltr'><strong>cum</strong></span> <span class='ocrx_word' id='word_1_90' title='bbox 974 1397 1207 1454; x_wconf 83' lang='lat' dir='ltr'><strong>viderint</strong></span> <span class='ocrx_word' id='word_1_91' title='bbox 1234 1398 1443 1453; x_wconf 89' lang='lat' dir='ltr'><strong>animas</strong></span> <span class='ocrx_word' id='word_1_92' title='bbox 1471 1396 1750 1451; x_wconf 88' lang='lat' dir='ltr'><strong>hominum</strong></span> <span class='ocrx_word' id='word_1_93' title='bbox 1792 1409 1931 1466; x_wconf 90' lang='lat' dir='ltr'><strong>pane</strong></span> <span class='ocrx_word' id='word_1_94' title='bbox 1963 1390 2114 1448; x_wconf 83' lang='lat' dir='ltr'><strong>verbi</strong></span> 
     </span>
    </p>
   </div>
   <div class='ocr_carea' id='block_1_15' title="bbox 518 1484 2117 1558">
    <p class='ocr_par' dir='ltr' id='par_1_15' title="bbox 518 1484 2117 1558">
     <span class='ocr_line' id='line_1_15' title="bbox 518 1484 2117 1558; baseline -0.006 -11"><span class='ocrx_word' id='word_1_95' title='bbox 518 1492 614 1547; x_wconf 86' lang='lat' dir='ltr'><strong>Dei</strong></span> <span class='ocrx_word' id='word_1_96' title='bbox 641 1506 852 1558; x_wconf 88' lang='lat' dir='ltr'><strong>carere,</strong></span> <span class='ocrx_word' id='word_1_97' title='bbox 897 1490 1115 1546; x_wconf 85' lang='lat' dir='ltr'><strong>student</strong></span> <span class='ocrx_word' id='word_1_98' title='bbox 1160 1504 1255 1545; x_wconf 90' lang='lat' dir='ltr'><strong>eos</strong></span> <span class='ocrx_word' id='word_1_99' title='bbox 1300 1489 1354 1543; x_wconf 93' lang='lat' dir='ltr'><strong>in</strong></span> <span class='ocrx_word' id='word_1_100' title='bbox 1379 1501 1621 1543; x_wconf 87' lang='lat' dir='ltr'><strong>errorem</strong></span> <span class='ocrx_word' id='word_1_101' title='bbox 1666 1488 1907 1551; x_wconf 84' lang='lat' dir='ltr'><strong>mittere,</strong></span> <span class='ocrx_word' id='word_1_102' title='bbox 1944 1494 2000 1539; x_wconf 91' lang='lat' dir='ltr'><strong>et</strong></span> <span class='ocrx_word' id='word_1_103' title='bbox 2047 1484 2117 1538; x_wconf 84' lang='lat' dir='ltr'><strong>ad</strong></span> 
     </span>
    </p>
   </div>
   <div class='ocr_carea' id='block_1_16' title="bbox 518 1574 2117 1655">
    <p class='ocr_par' dir='ltr' id='par_1_16' title="bbox 518 1574 2117 1655">
     <span class='ocr_line' id='line_1_16' title="bbox 518 1574 2117 1655; baseline -0.007 -15"><span class='ocrx_word' id='word_1_104' title='bbox 518 1585 653 1640; x_wconf 91' lang='lat' dir='ltr'><strong>vitia</strong></span> <span class='ocrx_word' id='word_1_105' title='bbox 677 1574 1013 1655; x_wconf 77' lang='lat' dir='ltr'><strong>pertrahere,</strong></span> <span class='ocrx_word' id='word_1_106' title='bbox 1062 1589 1331 1652; x_wconf 85' lang='lat' dir='ltr'><strong>quatenus</strong></span> <span class='ocrx_word' id='word_1_107' title='bbox 1358 1581 1424 1635; x_wconf 91' lang='lat' dir='ltr'><strong>de</strong></span> <span class='ocrx_word' id='word_1_108' title='bbox 1458 1578 1651 1635; x_wconf 87' lang='lat' dir='ltr'><strong>amicis</strong></span> <span class='ocrx_word' id='word_1_109' title='bbox 1697 1575 1849 1632; x_wconf 72' lang='lat' dir='ltr'><strong>Judze</strong></span> <span class='ocrx_word' id='word_1_110' title='bbox 1877 1574 2117 1631; x_wconf 76' lang='lat' dir='ltr'><strong>efﬁciant</strong></span> 
     </span>
    </p>
   </div>
   <div class='ocr_carea' id='block_1_17' title="bbox 518 1668 2113 1749">
    <p class='ocr_par' dir='ltr' id='par_1_17' title="bbox 518 1668 2113 1749">
     <span class='ocr_line' id='line_1_17' title="bbox 518 1668 2113 1749; baseline -0.007 -17"><span class='ocrx_word' id='word_1_111' title='bbox 518 1676 757 1749; x_wconf 62' lang='lat' dir='ltr'><strong>praedam</strong></span> <span class='ocrx_word' id='word_1_112' title='bbox 793 1675 1027 1742; x_wconf 87' lang='lat' dir='ltr'><strong>Satanae,</strong></span> <span class='ocrx_word' id='word_1_113' title='bbox 1058 1682 1113 1729; x_wconf 90' lang='lat' dir='ltr'><strong>et</strong></span> <span class='ocrx_word' id='word_1_114' title='bbox 1136 1688 1266 1728; x_wconf 88' lang='lat' dir='ltr'><strong>vasa</strong></span> <span class='ocrx_word' id='word_1_115' title='bbox 1311 1673 1408 1729; x_wconf 92' lang='lat' dir='ltr'><strong>Dei</strong></span> <span class='ocrx_word' id='word_1_116' title='bbox 1437 1672 1692 1744; x_wconf 87' lang='lat' dir='ltr'><strong>pabulum</strong></span> <span class='ocrx_word' id='word_1_117' title='bbox 1738 1669 1878 1742; x_wconf 81' lang='lat' dir='ltr'><strong>ignis</strong></span> <span class='ocrx_word' id='word_1_118' title='bbox 1903 1668 2113 1725; x_wconf 65' lang='lat' dir='ltr'><strong>aeterni.</strong></span> 
     </span>
    </p>
   </div>
   <div class='ocr_carea' id='block_1_18' title="bbox 596 1760 2118 1839">
    <p class='ocr_par' dir='ltr' id='par_1_18' title="bbox 596 1760 2118 1839">
     <span class='ocr_line' id='line_1_18' title="bbox 596 1760 2118 1839; baseline -0.007 -15"><span class='ocrx_word' id='word_1_119' title='bbox 596 1768 662 1824; x_wconf 86' lang='lat' dir='ltr'><strong>Et</strong></span> <span class='ocrx_word' id='word_1_120' title='bbox 693 1768 836 1839; x_wconf 84' lang='lat' dir='ltr'><strong>facta</strong></span> <span class='ocrx_word' id='word_1_121' title='bbox 869 1777 943 1823; x_wconf 87' lang='lat' dir='ltr'><strong>est</strong></span> <span class='ocrx_word' id='word_1_122' title='bbox 975 1765 1246 1822; x_wconf 79' lang='lat' dir='ltr'><strong>tribulatio</strong></span> <span class='ocrx_word' id='word_1_123' title='bbox 1271 1782 1461 1837; x_wconf 89' lang='lat' dir='ltr'><strong>magna</strong></span> <span class='ocrx_word' id='word_1_124' title='bbox 1502 1766 1557 1819; x_wconf 89' lang='lat' dir='ltr'><strong>in</strong></span> <span class='ocrx_word' id='word_1_125' title='bbox 1584 1762 1775 1828; x_wconf 77' lang='lat' dir='ltr'><strong>Israel,</strong></span> <span class='ocrx_word' id='word_1_126' title='bbox 1811 1760 1986 1832; x_wconf 86' lang='lat' dir='ltr'><strong>qualis</strong></span> <span class='ocrx_word' id='word_1_127' title='bbox 2013 1777 2118 1815; x_wconf 87' lang='lat' dir='ltr'><strong>non</strong></span> 
     </span>
    </p>
   </div>
   <div class='ocr_carea' id='block_1_19' title="bbox 2209 566 3341 640">
    <p class='ocr_par' dir='ltr' id='par_1_19' title="bbox 2209 566 3341 640">
     <span class='ocr_line' id='line_1_19' title="bbox 2209 566 3341 640; baseline 0 -17"><span class='ocrx_word' id='word_1_128' title='bbox 2209 568 2451 624; x_wconf 91' lang='lat' dir='ltr'><strong>cordiam</strong></span> <span class='ocrx_word' id='word_1_129' title='bbox 2480 568 2597 636; x_wconf 88' lang='lat' dir='ltr'><strong>Dei,</strong></span> <span class='ocrx_word' id='word_1_130' title='bbox 2626 569 2827 640; x_wconf 80' lang='lat' dir='ltr'><strong>largius</strong></span> <span class='ocrx_word' id='word_1_131' title='bbox 2856 566 2989 624; x_wconf 82' lang='lat' dir='ltr'><strong>forts</strong></span> <span class='ocrx_word' id='word_1_132' title='bbox 3021 567 3341 625; x_wconf 78' lang='lat' dir='ltr'><strong>effunditur.</strong></span> 
     </span>
    </p>
   </div>
   <div class='ocr_carea' id='block_1_20' title="bbox 2280 659 3761 736">
    <p class='ocr_par' dir='ltr' id='par_1_20' title="bbox 2280 659 3761 736">
     <span class='ocr_line' id='line_1_20' title="bbox 2280 659 3761 736; baseline 0.003 -22"><span class='ocrx_word' id='word_1_133' title='bbox 2280 660 2351 715; x_wconf 87' lang='lat' dir='ltr'><strong>Et</strong></span> <span class='ocrx_word' id='word_1_134' title='bbox 2375 662 2610 734; x_wconf 81' lang='lat' dir='ltr'><strong>cognovit</strong></span> <span class='ocrx_word' id='word_1_135' title='bbox 2631 659 2943 727; x_wconf 78' lang='lat' dir='ltr'><strong>Bacchides,</strong></span> <span class='ocrx_word' id='word_1_136' title='bbox 2969 669 3017 716; x_wconf 85' lang='lat' dir='ltr'><strong>et</strong></span> <span class='ocrx_word' id='word_1_137' title='bbox 3048 660 3133 715; x_wconf 88' lang='lat' dir='ltr'><strong>die</strong></span> <span class='ocrx_word' id='word_1_138' title='bbox 3153 660 3501 716; x_wconf 78' lang='lat' dir='ltr'><strong>sabbatorum</strong></span> <span class='ocrx_word' id='word_1_139' title='bbox 3519 664 3641 717; x_wconf 73' lang='lat' dir='ltr'><strong>venit</strong></span> <span class='ocrx_word' id='word_1_140' title='bbox 3676 665 3761 736; x_wconf 71' lang='lat' dir='ltr'><strong>ipse</strong></span> 
     </span>
    </p>
   </div>
   <div class='ocr_carea' id='block_1_21' title="bbox 2210 752 3764 824">
    <p class='ocr_par' dir='ltr' id='par_1_21' title="bbox 2210 752 3764 824">
     <span class='ocr_line' id='line_1_21' title="bbox 2210 752 3764 824; baseline 0.004 -16"><span class='ocrx_word' id='word_1_141' title='bbox 2210 761 2259 808; x_wconf 86' lang='lat' dir='ltr'><strong>et</strong></span> <span class='ocrx_word' id='word_1_142' title='bbox 2288 754 2454 807; x_wconf 86' lang='lat' dir='ltr'><strong>omnis</strong></span> <span class='ocrx_word' id='word_1_143' title='bbox 2474 753 2733 808; x_wconf 71' lang='lat' dir='ltr'><strong>exercitus</strong></span> <span class='ocrx_word' id='word_1_144' title='bbox 2755 753 2870 824; x_wconf 86' lang='lat' dir='ltr'><strong>ejus</strong></span> <span class='ocrx_word' id='word_1_145' title='bbox 2890 762 3041 808; x_wconf 89' lang='lat' dir='ltr'><strong>trans</strong></span> <span class='ocrx_word' id='word_1_146' title='bbox 3070 752 3394 819; x_wconf 72' lang='lat' dir='ltr'><strong>Iordanem,</strong></span> <span class='ocrx_word' id='word_1_147' title='bbox 3429 761 3531 808; x_wconf 89' lang='lat' dir='ltr'><strong>etc.</strong></span> <span class='ocrx_word' id='word_1_148' title='bbox 3559 752 3679 821; x_wconf 86' lang='lat' dir='ltr'><strong>Quid</strong></span> <span class='ocrx_word' id='word_1_149' title='bbox 3701 764 3764 814; x_wconf 80' lang='lat' dir='ltr'><strong>est</strong></span> 
     </span>
    </p>
   </div>
   <div class='ocr_carea' id='block_1_22' title="bbox 2210 843 3765 923">
    <p class='ocr_par' dir='ltr' id='par_1_22' title="bbox 2210 843 3765 923">
     <span class='ocr_line' id='line_1_22' title="bbox 2210 843 3765 923; baseline 0.003 -23"><span class='ocrx_word' id='word_1_150' title='bbox 2210 844 2355 916; x_wconf 90' lang='lat' dir='ltr'><strong>quod</strong></span> <span class='ocrx_word' id='word_1_151' title='bbox 2383 845 2680 923; x_wconf 77' lang='lat' dir='ltr'><strong>Bacchides</strong></span> <span class='ocrx_word' id='word_1_152' title='bbox 2710 845 2763 901; x_wconf 90' lang='lat' dir='ltr'><strong>in</strong></span> <span class='ocrx_word' id='word_1_153' title='bbox 2796 845 2885 901; x_wconf 89' lang='lat' dir='ltr'><strong>die</strong></span> <span class='ocrx_word' id='word_1_154' title='bbox 2922 846 3277 901; x_wconf 81' lang='lat' dir='ltr'><strong>sabbatorum</strong></span> <span class='ocrx_word' id='word_1_155' title='bbox 3324 852 3480 901; x_wconf 91' lang='lat' dir='ltr'><strong>trans</strong></span> <span class='ocrx_word' id='word_1_156' title='bbox 3523 843 3765 905; x_wconf 72' lang='lat' dir='ltr'><strong>Iordanem</strong></span> 
     </span>
    </p>
   </div>
   <div class='ocr_carea' id='block_1_23' title="bbox 2212 936 3766 1010">
    <p class='ocr_par' dir='ltr' id='par_1_23' title="bbox 2212 936 3766 1010">
     <span class='ocr_line' id='line_1_23' title="bbox 2212 936 3766 1010; baseline 0.002 -17"><span class='ocrx_word' id='word_1_157' title='bbox 2212 953 2337 994; x_wconf 91' lang='lat' dir='ltr'><strong>cum</strong></span> <span class='ocrx_word' id='word_1_158' title='bbox 2361 939 2606 994; x_wconf 85' lang='lat' dir='ltr'><strong>exercitu</strong></span> <span class='ocrx_word' id='word_1_159' title='bbox 2632 940 2784 995; x_wconf 85' lang='lat' dir='ltr'><strong>venit</strong></span> <span class='ocrx_word' id='word_1_160' title='bbox 2803 948 2994 995; x_wconf 88' lang='lat' dir='ltr'><strong>contra</strong></span> <span class='ocrx_word' id='word_1_161' title='bbox 3022 936 3261 1004; x_wconf 66' lang='lat' dir='ltr'><strong>Iudaeos,</strong></span> <span class='ocrx_word' id='word_1_162' title='bbox 3296 938 3403 993; x_wconf 90' lang='lat' dir='ltr'><strong>nisi</strong></span> <span class='ocrx_word' id='word_1_163' title='bbox 3446 939 3585 1007; x_wconf 89' lang='lat' dir='ltr'><strong>quod</strong></span> <span class='ocrx_word' id='word_1_164' title='bbox 3616 955 3766 1010; x_wconf 85' lang='lat' dir='ltr'><strong>perse-</strong></span> 
     </span>
    </p>
   </div>
   <div class='ocr_carea' id='block_1_24' title="bbox 2213 1029 3750 1107">
    <p class='ocr_par' dir='ltr' id='par_1_24' title="bbox 2213 1029 3750 1107">
     <span class='ocr_line' id='line_1_24' title="bbox 2213 1029 3750 1107; baseline 0.002 -22"><span class='ocrx_word' id='word_1_165' title='bbox 2213 1038 2430 1107; x_wconf 87' lang='lat' dir='ltr'><strong>cutores</strong></span> <span class='ocrx_word' id='word_1_166' title='bbox 2459 1030 2912 1099; x_wconf 90' lang='lat' dir='ltr'><strong>Christianorum,</strong></span> <span class='ocrx_word' id='word_1_167' title='bbox 2943 1031 3065 1103; x_wconf 88' lang='lat' dir='ltr'><strong>paci</strong></span> <span class='ocrx_word' id='word_1_168' title='bbox 3102 1038 3158 1087; x_wconf 91' lang='lat' dir='ltr'><strong>et</strong></span> <span class='ocrx_word' id='word_1_169' title='bbox 3186 1031 3361 1102; x_wconf 88' lang='lat' dir='ltr'><strong>quieti</strong></span> <span class='ocrx_word' id='word_1_170' title='bbox 3398 1029 3640 1086; x_wconf 64' lang='lat' dir='ltr'><strong>Ecclesia:</strong></span> <span class='ocrx_word' id='word_1_171' title='bbox 3666 1032 3750 1088; x_wconf 81' lang='lat' dir='ltr'><strong>invi</strong></span> 
     </span>
    </p>
   </div>
   <div class='ocr_carea' id='block_1_25' title="bbox 2214 1122 3764 1196">
    <p class='ocr_par' dir='ltr' id='par_1_25' title="bbox 2214 1122 3764 1196">
     <span class='ocr_line' id='line_1_25' title="bbox 2214 1122 3764 1196; baseline -0.003 -14"><span class='ocrx_word' id='word_1_172' title='bbox 2214 1126 2422 1193; x_wconf 89' lang='lat' dir='ltr'><strong>dentes,</strong></span> <span class='ocrx_word' id='word_1_173' title='bbox 2471 1141 2594 1181; x_wconf 92' lang='lat' dir='ltr'><strong>cum</strong></span> <span class='ocrx_word' id='word_1_174' title='bbox 2650 1124 2881 1182; x_wconf 89' lang='lat' dir='ltr'><strong>tumultu</strong></span> <span class='ocrx_word' id='word_1_175' title='bbox 2938 1124 3291 1196; x_wconf 89' lang='lat' dir='ltr'><strong>irrumpendo</strong></span> <span class='ocrx_word' id='word_1_176' title='bbox 3320 1122 3574 1194; x_wconf 88' lang='lat' dir='ltr'><strong>baptismi</strong></span> <span class='ocrx_word' id='word_1_177' title='bbox 3617 1137 3764 1187; x_wconf 81' lang='lat' dir='ltr'><strong>sacra-</strong></span> 
     </span>
    </p>
   </div>
   <div class='ocr_carea' id='block_1_26' title="bbox 2214 1217 3768 1277">
    <p class='ocr_par' dir='ltr' id='par_1_26' title="bbox 2214 1217 3768 1277">
     <span class='ocr_line' id='line_1_26' title="bbox 2214 1217 3768 1277; baseline -0.003 0"><span class='ocrx_word' id='word_1_178' title='bbox 2214 1229 2455 1277; x_wconf 89' lang='lat' dir='ltr'><strong>mentum</strong></span> <span class='ocrx_word' id='word_1_179' title='bbox 2482 1222 2806 1277; x_wconf 88' lang='lat' dir='ltr'><strong>conturbare</strong></span> <span class='ocrx_word' id='word_1_180' title='bbox 2837 1228 2895 1276; x_wconf 89' lang='lat' dir='ltr'><strong>et</strong></span> <span class='ocrx_word' id='word_1_181' title='bbox 2945 1220 3069 1275; x_wconf 89' lang='lat' dir='ltr'><strong>fidei</strong></span> <span class='ocrx_word' id='word_1_182' title='bbox 3111 1228 3317 1275; x_wconf 86' lang='lat' dir='ltr'><strong>statum</strong></span> <span class='ocrx_word' id='word_1_183' title='bbox 3359 1217 3659 1273; x_wconf 84' lang='lat' dir='ltr'><strong>subvertere</strong></span> <span class='ocrx_word' id='word_1_184' title='bbox 3684 1226 3768 1273; x_wconf 56' lang='lat' dir='ltr'><strong>stu.</strong></span> 
     </span>
    </p>
   </div>
   <div class='ocr_carea' id='block_1_27' title="bbox 2218 1308 3771 1368">
    <p class='ocr_par' dir='ltr' id='par_1_27' title="bbox 2218 1308 3771 1368">
     <span class='ocr_line' id='line_1_27' title="bbox 2218 1308 3771 1368; baseline -0.004 -1"><span class='ocrx_word' id='word_1_185' title='bbox 2218 1312 2365 1367; x_wconf 88' lang='lat' dir='ltr'><strong>dent.</strong></span> <span class='ocrx_word' id='word_1_186' title='bbox 2406 1311 2489 1367; x_wconf 86' lang='lat' dir='ltr'><strong>Ad</strong></span> <span class='ocrx_word' id='word_1_187' title='bbox 2518 1311 2619 1368; x_wconf 90' lang='lat' dir='ltr'><strong>hoc</strong></span> <span class='ocrx_word' id='word_1_188' title='bbox 2658 1311 2981 1367; x_wconf 64' lang='lat' dir='ltr'><strong>Nabuthaeos</strong></span> <span class='ocrx_word' id='word_1_189' title='bbox 3027 1312 3234 1367; x_wconf 89' lang='lat' dir='ltr'><strong>amicos</strong></span> <span class='ocrx_word' id='word_1_190' title='bbox 3290 1326 3424 1366; x_wconf 88' lang='lat' dir='ltr'><strong>suos</strong></span> <span class='ocrx_word' id='word_1_191' title='bbox 3467 1309 3522 1364; x_wconf 92' lang='lat' dir='ltr'><strong>in</strong></span> <span class='ocrx_word' id='word_1_192' title='bbox 3565 1308 3771 1363; x_wconf 77' lang='lat' dir='ltr'><strong>auxilium</strong></span> 
     </span>
    </p>
   </div>
   <div class='ocr_carea' id='block_1_28' title="bbox 2215 1400 3771 1474">
    <p class='ocr_par' dir='ltr' id='par_1_28' title="bbox 2215 1400 3771 1474">
     <span class='ocr_line' id='line_1_28' title="bbox 2215 1400 3771 1474; baseline -0.003 -16"><span class='ocrx_word' id='word_1_193' title='bbox 2215 1412 2532 1474; x_wconf 90' lang='lat' dir='ltr'><strong>provocant,</strong></span> <span class='ocrx_word' id='word_1_194' title='bbox 2560 1403 2685 1473; x_wconf 88' lang='lat' dir='ltr'><strong>quia</strong></span> <span class='ocrx_word' id='word_1_195' title='bbox 2728 1404 3013 1459; x_wconf 71' lang='lat' dir='ltr'><strong>hmreticos</strong></span> <span class='ocrx_word' id='word_1_196' title='bbox 3043 1404 3109 1459; x_wconf 89' lang='lat' dir='ltr'><strong>ad</strong></span> <span class='ocrx_word' id='word_1_197' title='bbox 3151 1402 3540 1459; x_wconf 85' lang='lat' dir='ltr'><strong>contritiuncm</strong></span> <span class='ocrx_word' id='word_1_198' title='bbox 3584 1400 3771 1455; x_wconf 82' lang='lat' dir='ltr'><strong>ﬁdelium</strong></span> 
     </span>
    </p>
   </div>
   <div class='ocr_carea' id='block_1_29' title="bbox 2218 1496 3773 1570">
    <p class='ocr_par' dir='ltr' id='par_1_29' title="bbox 2218 1496 3773 1570">
     <span class='ocr_line' id='line_1_29' title="bbox 2218 1496 3773 1570; baseline -0.001 -17"><span class='ocrx_word' id='word_1_199' title='bbox 2218 1506 2384 1570; x_wconf 88' lang='lat' dir='ltr'><strong>atque</strong></span> <span class='ocrx_word' id='word_1_200' title='bbox 2408 1497 2699 1553; x_wconf 85' lang='lat' dir='ltr'><strong>malevolos</strong></span> <span class='ocrx_word' id='word_1_201' title='bbox 2742 1498 2845 1553; x_wconf 88' lang='lat' dir='ltr'><strong>sibi</strong></span> <span class='ocrx_word' id='word_1_202' title='bbox 2891 1500 3182 1554; x_wconf 81' lang='lat' dir='ltr'><strong>associant.</strong></span> <span class='ocrx_word' id='word_1_203' title='bbox 3230 1497 3520 1553; x_wconf 65' lang='lat' dir='ltr'><strong>Nabuthari</strong></span> <span class='ocrx_word' id='word_1_204' title='bbox 3559 1496 3703 1561; x_wconf 86' lang='lat' dir='ltr'><strong>enim,</strong></span> <span class='ocrx_word' id='word_1_205' title='bbox 3733 1506 3773 1551; x_wconf 88' lang='lat' dir='ltr'><strong>ut</strong></span> 
     </span>
    </p>
   </div>
   <div class='ocr_carea' id='block_1_30' title="bbox 2218 1589 3773 1661">
    <p class='ocr_par' dir='ltr' id='par_1_30' title="bbox 2218 1589 3773 1661">
     <span class='ocr_line' id='line_1_30' title="bbox 2218 1589 3773 1661; baseline 0.001 -18"><span class='ocrx_word' id='word_1_206' title='bbox 2218 1590 2435 1659; x_wconf 88' lang='lat' dir='ltr'><strong>quidam</strong></span> <span class='ocrx_word' id='word_1_207' title='bbox 2460 1589 2747 1654; x_wconf 87' lang='lat' dir='ltr'><strong>affirmant,</strong></span> <span class='ocrx_word' id='word_1_208' title='bbox 2786 1590 3148 1661; x_wconf 79' lang='lat' dir='ltr'><strong>profanantes,</strong></span> <span class='ocrx_word' id='word_1_209' title='bbox 3179 1590 3485 1647; x_wconf 88' lang='lat' dir='ltr'><strong>secundum</strong></span> <span class='ocrx_word' id='word_1_210' title='bbox 3517 1589 3679 1645; x_wconf 86' lang='lat' dir='ltr'><strong>cordis</strong></span> <span class='ocrx_word' id='word_1_211' title='bbox 3712 1591 3773 1645; x_wconf 88' lang='lat' dir='ltr'><strong>sui</strong></span> 
     </span>
    </p>
   </div>
   <div class='ocr_carea' id='block_1_31' title="bbox 2220 1681 3774 1756">
    <p class='ocr_par' dir='ltr' id='par_1_31' title="bbox 2220 1681 3774 1756">
     <span class='ocr_line' id='line_1_31' title="bbox 2220 1681 3774 1756; baseline -0.001 -18"><span class='ocrx_word' id='word_1_212' title='bbox 2220 1683 2540 1751; x_wconf 86' lang='lat' dir='ltr'><strong>nequitiam,</strong></span> <span class='ocrx_word' id='word_1_213' title='bbox 2588 1681 3035 1753; x_wconf 84' lang='lat' dir='ltr'><strong>interpretantur,</strong></span> <span class='ocrx_word' id='word_1_214' title='bbox 3074 1692 3130 1740; x_wconf 88' lang='lat' dir='ltr'><strong>et</strong></span> <span class='ocrx_word' id='word_1_215' title='bbox 3178 1693 3306 1756; x_wconf 91' lang='lat' dir='ltr'><strong>apte</strong></span> <span class='ocrx_word' id='word_1_216' title='bbox 3348 1682 3588 1739; x_wconf 64' lang='lat' dir='ltr'><strong>heretici</strong></span> <span class='ocrx_word' id='word_1_217' title='bbox 3623 1682 3774 1737; x_wconf 85' lang='lat' dir='ltr'><strong>hocin</strong></span> 
     </span>
    </p>
   </div>
   <div class='ocr_carea' id='block_1_32' title="bbox 2226 1772 3774 1847">
    <p class='ocr_par' dir='ltr' id='par_1_32' title="bbox 2226 1772 3774 1847">
     <span class='ocr_line' id='line_1_32' title="bbox 2226 1772 3774 1847; baseline 0.001 -20"><span class='ocrx_word' id='word_1_218' title='bbox 2226 1773 2345 1829; x_wconf 91' lang='lat' dir='ltr'><strong>loco</strong></span> <span class='ocrx_word' id='word_1_219' title='bbox 2382 1772 2735 1844; x_wconf 87' lang='lat' dir='ltr'><strong>profanantcs</strong></span> <span class='ocrx_word' id='word_1_220' title='bbox 2767 1775 2870 1830; x_wconf 92' lang='lat' dir='ltr'><strong>dici</strong></span> <span class='ocrx_word' id='word_1_221' title='bbox 2904 1783 3152 1847; x_wconf 89' lang='lat' dir='ltr'><strong>possunt,</strong></span> <span class='ocrx_word' id='word_1_222' title='bbox 3186 1792 3297 1830; x_wconf 88' lang='lat' dir='ltr'><strong>non</strong></span> <span class='ocrx_word' id='word_1_223' title='bbox 3322 1775 3473 1830; x_wconf 90' lang='lat' dir='ltr'><strong>enim</strong></span> <span class='ocrx_word' id='word_1_224' title='bbox 3520 1789 3649 1829; x_wconf 70' lang='lat' dir='ltr'><strong>sana:</strong></span> <span class='ocrx_word' id='word_1_225' title='bbox 3687 1772 3774 1829; x_wconf 80' lang='lat' dir='ltr'><strong>fidei</strong></span> 
     </span>
    </p>
   </div>
   <div class='ocr_carea' id='block_1_33' title="bbox 521 1851 2124 1933">
    <p class='ocr_par' dir='ltr' id='par_1_33' title="bbox 521 1851 2124 1932">
     <span class='ocr_line' id='line_1_33' title="bbox 521 1851 2124 1932; baseline -0.006 -16"><span class='ocrx_word' id='word_1_226' title='bbox 521 1861 642 1932; x_wconf 82' lang='lat' dir='ltr'><strong>fuit,</strong></span> <span class='ocrx_word' id='word_1_227' title='bbox 678 1869 784 1917; x_wconf 93' lang='lat' dir='ltr'><strong>elc.</strong></span> <span class='ocrx_word' id='word_1_228' title='bbox 822 1860 1117 1931; x_wconf 83' lang='lat' dir='ltr'><strong>Postquam</strong></span> <span class='ocrx_word' id='word_1_229' title='bbox 1145 1858 1290 1915; x_wconf 90' lang='lat' dir='ltr'><strong>enim</strong></span> <span class='ocrx_word' id='word_1_230' title='bbox 1324 1874 1431 1913; x_wconf 89' lang='lat' dir='ltr'><strong>non</strong></span> <span class='ocrx_word' id='word_1_231' title='bbox 1469 1865 1555 1913; x_wconf 90' lang='lat' dir='ltr'><strong>est</strong></span> <span class='ocrx_word' id='word_1_232' title='bbox 1577 1857 1726 1913; x_wconf 85' lang='lat' dir='ltr'><strong>visus</strong></span> <span class='ocrx_word' id='word_1_233' title='bbox 1763 1854 2027 1925; x_wconf 83' lang='lat' dir='ltr'><strong>propheta</strong></span> <span class='ocrx_word' id='word_1_234' title='bbox 2070 1851 2124 1907; x_wconf 89' lang='lat' dir='ltr'><strong>in</strong></span> 
     </span>
    </p>
   </div>
   <div class='ocr_carea' id='block_1_34' title="bbox 2227 1851 3779 1933">
    <p class='ocr_par' dir='ltr' id='par_1_34' title="bbox 2232 1865 3779 1933">
     <span class='ocr_line' id='line_1_34' title="bbox 2232 1865 3779 1933; baseline -0.001 -12"><span class='ocrx_word' id='word_1_235' title='bbox 2232 1865 2473 1922; x_wconf 78' lang='lat' dir='ltr'><strong>docendo</strong></span> <span class='ocrx_word' id='word_1_236' title='bbox 2501 1867 3210 1933; x_wconf 86' lang='lat' dir='ltr'><strong>commendantveritatem,</strong></span> <span class='ocrx_word' id='word_1_237' title='bbox 3250 1867 3352 1923; x_wconf 87' lang='lat' dir='ltr'><strong>sed</strong></span> <span class='ocrx_word' id='word_1_238' title='bbox 3377 1866 3592 1931; x_wconf 89' lang='lat' dir='ltr'><strong>erroris,</strong></span> <span class='ocrx_word' id='word_1_239' title='bbox 3631 1882 3779 1921; x_wconf 85' lang='lat' dir='ltr'><strong>secun-</strong></span> 
     </span>
    </p>
   </div>
   <div class='ocr_carea' id='block_1_35' title="bbox 519 1945 2118 2025">
    <p class='ocr_par' dir='ltr' id='par_1_35' title="bbox 519 1945 2118 2025">
     <span class='ocr_line' id='line_1_35' title="bbox 519 1945 2118 2025; baseline -0.009 -11"><span class='ocrx_word' id='word_1_240' title='bbox 519 1958 705 2025; x_wconf 87' lang='lat' dir='ltr'><strong>lsrael,</strong></span> <span class='ocrx_word' id='word_1_241' title='bbox 732 1957 873 2013; x_wconf 85' lang='lat' dir='ltr'><strong>facta</strong></span> <span class='ocrx_word' id='word_1_242' title='bbox 895 1965 979 2011; x_wconf 89' lang='lat' dir='ltr'><strong>est</strong></span> <span class='ocrx_word' id='word_1_243' title='bbox 1003 1954 1277 2010; x_wconf 87' lang='lat' dir='ltr'><strong>tribulatio</strong></span> <span class='ocrx_word' id='word_1_244' title='bbox 1300 1968 1533 2025; x_wconf 82' lang='lat' dir='ltr'><strong>magna;</strong></span> <span class='ocrx_word' id='word_1_245' title='bbox 1570 1950 1719 2022; x_wconf 91' lang='lat' dir='ltr'><strong>quia,</strong></span> <span class='ocrx_word' id='word_1_246' title='bbox 1743 1957 1992 2005; x_wconf 87' lang='lat' dir='ltr'><strong>cessante</strong></span> <span class='ocrx_word' id='word_1_247' title='bbox 2021 1945 2118 2001; x_wconf 75' lang='lat' dir='ltr'><strong>(lo-</strong></span> 
     </span>
    </p>
   </div>
   <div class='ocr_carea' id='block_1_36' title="bbox 521 2040 2122 2120">
    <p class='ocr_par' dir='ltr' id='par_1_36' title="bbox 521 2040 2122 2120">
     <span class='ocr_line' id='line_1_36' title="bbox 521 2040 2122 2120; baseline -0.009 -13"><span class='ocrx_word' id='word_1_248' title='bbox 521 2051 698 2107; x_wconf 89' lang='lat' dir='ltr'><strong>ctrina</strong></span> <span class='ocrx_word' id='word_1_249' title='bbox 721 2050 777 2105; x_wconf 93' lang='lat' dir='ltr'><strong>in</strong></span> <span class='ocrx_word' id='word_1_250' title='bbox 799 2048 1014 2120; x_wconf 91' lang='lat' dir='ltr'><strong>populo,</strong></span> <span class='ocrx_word' id='word_1_251' title='bbox 1041 2055 1387 2119; x_wconf 88' lang='lat' dir='ltr'><strong>peccatorum</strong></span> <span class='ocrx_word' id='word_1_252' title='bbox 1410 2045 1680 2101; x_wconf 82' lang='lat' dir='ltr'><strong>excitatur</strong></span> <span class='ocrx_word' id='word_1_253' title='bbox 1718 2042 1893 2113; x_wconf 80' lang='lat' dir='ltr'><strong>plaga,</strong></span> <span class='ocrx_word' id='word_1_254' title='bbox 1918 2049 1974 2096; x_wconf 92' lang='lat' dir='ltr'><strong>et</strong></span> <span class='ocrx_word' id='word_1_255' title='bbox 1996 2040 2122 2095; x_wconf 90' lang='lat' dir='ltr'><strong>inde</strong></span> 
     </span>
    </p>
   </div>
   <div class='ocr_carea' id='block_1_37' title="bbox 522 2136 2124 2211">
    <p class='ocr_par' dir='ltr' id='par_1_37' title="bbox 522 2136 2124 2211">
     <span class='ocr_line' id='line_1_37' title="bbox 522 2136 2124 2211; baseline -0.008 -13"><span class='ocrx_word' id='word_1_256' title='bbox 522 2143 577 2198; x_wconf 91' lang='lat' dir='ltr'><strong>in</strong></span> <span class='ocrx_word' id='word_1_257' title='bbox 602 2156 697 2197; x_wconf 91' lang='lat' dir='ltr'><strong>eos</strong></span> <span class='ocrx_word' id='word_1_258' title='bbox 741 2141 833 2196; x_wconf 88' lang='lat' dir='ltr'><strong>Dei</strong></span> <span class='ocrx_word' id='word_1_259' title='bbox 872 2140 1137 2211; x_wconf 90' lang='lat' dir='ltr'><strong>processit</strong></span> <span class='ocrx_word' id='word_1_260' title='bbox 1180 2138 1440 2203; x_wconf 80' lang='lat' dir='ltr'><strong>vindicta,</strong></span> <span class='ocrx_word' id='word_1_261' title='bbox 1486 2136 1628 2191; x_wconf 92' lang='lat' dir='ltr'><strong>unde</strong></span> <span class='ocrx_word' id='word_1_262' title='bbox 1665 2147 1890 2189; x_wconf 89' lang='lat' dir='ltr'><strong>necesse</strong></span> <span class='ocrx_word' id='word_1_263' title='bbox 1933 2141 2018 2187; x_wconf 90' lang='lat' dir='ltr'><strong>est.</strong></span> <span class='ocrx_word' id='word_1_264' title='bbox 2063 2137 2124 2185; x_wconf 89' lang='lat' dir='ltr'><strong>ut</strong></span> 
     </span>
    </p>
   </div>
   <div class='ocr_carea' id='block_1_38' title="bbox 523 2225 2123 2307">
    <p class='ocr_par' dir='ltr' id='par_1_38' title="bbox 523 2225 2123 2307">
     <span class='ocr_line' id='line_1_38' title="bbox 523 2225 2123 2307; baseline -0.008 -15"><span class='ocrx_word' id='word_1_265' title='bbox 523 2237 773 2292; x_wconf 87' lang='lat' dir='ltr'><strong>doctores</strong></span> <span class='ocrx_word' id='word_1_266' title='bbox 815 2233 1071 2290; x_wconf 63' lang='lat' dir='ltr'><strong>Ecclesiae</strong></span> <span class='ocrx_word' id='word_1_267' title='bbox 1108 2233 1218 2288; x_wconf 91' lang='lat' dir='ltr'><strong>sint</strong></span> <span class='ocrx_word' id='word_1_268' title='bbox 1263 2231 1488 2287; x_wconf 90' lang='lat' dir='ltr'><strong>studiosi</strong></span> <span class='ocrx_word' id='word_1_269' title='bbox 1540 2229 1608 2285; x_wconf 90' lang='lat' dir='ltr'><strong>ad</strong></span> <span class='ocrx_word' id='word_1_270' title='bbox 1651 2228 1954 2307; x_wconf 77' lang='lat' dir='ltr'><strong>docendum</strong></span> <span class='ocrx_word' id='word_1_271' title='bbox 1994 2225 2123 2282; x_wconf 85' lang='lat' dir='ltr'><strong>sub-</strong></span> 
     </span>
    </p>
   </div>
   <div class='ocr_carea' id='block_1_39' title="bbox 517 2322 2124 2399">
    <p class='ocr_par' dir='ltr' id='par_1_39' title="bbox 517 2322 2124 2399">
     <span class='ocr_line' id='line_1_39' title="bbox 517 2322 2124 2399; baseline -0.006 -14"><span class='ocrx_word' id='word_1_272' title='bbox 517 2327 713 2399; x_wconf 83' lang='lat' dir='ltr'><strong>jectos,</strong></span> <span class='ocrx_word' id='word_1_273' title='bbox 743 2336 799 2384; x_wconf 89' lang='lat' dir='ltr'><strong>et</strong></span> <span class='ocrx_word' id='word_1_274' title='bbox 834 2328 1109 2384; x_wconf 88' lang='lat' dir='ltr'><strong>auditores</strong></span> <span class='ocrx_word' id='word_1_275' title='bbox 1155 2327 1265 2383; x_wconf 92' lang='lat' dir='ltr'><strong>sint</strong></span> <span class='ocrx_word' id='word_1_276' title='bbox 1308 2326 1498 2381; x_wconf 91' lang='lat' dir='ltr'><strong>intenti</strong></span> <span class='ocrx_word' id='word_1_277' title='bbox 1534 2325 1602 2380; x_wconf 90' lang='lat' dir='ltr'><strong>ad</strong></span> <span class='ocrx_word' id='word_1_278' title='bbox 1641 2322 1967 2380; x_wconf 82' lang='lat' dir='ltr'><strong>audiendum</strong></span> <span class='ocrx_word' id='word_1_279' title='bbox 2002 2337 2124 2376; x_wconf 85' lang='lat' dir='ltr'><strong>ver-</strong></span> 
     </span>
    </p>
   </div>
   <div class='ocr_carea' id='block_1_40' title="bbox 522 2417 2126 2494">
    <p class='ocr_par' dir='ltr' id='par_1_40' title="bbox 522 2417 2126 2494">
     <span class='ocr_line' id='line_1_40' title="bbox 522 2417 2126 2494; baseline -0.005 -15"><span class='ocrx_word' id='word_1_280' title='bbox 522 2423 650 2479; x_wconf 89' lang='lat' dir='ltr'><strong>bum</strong></span> <span class='ocrx_word' id='word_1_281' title='bbox 676 2423 792 2479; x_wconf 91' lang='lat' dir='ltr'><strong>Dei.</strong></span> <span class='ocrx_word' id='word_1_282' title='bbox 827 2421 965 2479; x_wconf 86' lang='lat' dir='ltr'><strong>Hinc</strong></span> <span class='ocrx_word' id='word_1_283' title='bbox 993 2436 1207 2494; x_wconf 89' lang='lat' dir='ltr'><strong>quoque</strong></span> <span class='ocrx_word' id='word_1_284' title='bbox 1243 2437 1340 2493; x_wconf 89' lang='lat' dir='ltr'><strong>per</strong></span> <span class='ocrx_word' id='word_1_285' title='bbox 1377 2419 1724 2476; x_wconf 89' lang='lat' dir='ltr'><strong>Salomonem</strong></span> <span class='ocrx_word' id='word_1_286' title='bbox 1746 2418 1978 2474; x_wconf 90' lang='lat' dir='ltr'><strong>dicitur:</strong></span> <span class='ocrx_word' id='word_1_287' title='bbox 2022 2417 2126 2471; x_wconf 88' lang='lat' dir='ltr'><strong>Do-</strong></span> 
     </span>
    </p>
   </div>
   <div class='ocr_carea' id='block_1_41' title="bbox 525 2510 2126 2587">
    <p class='ocr_par' dir='ltr' id='par_1_41' title="bbox 525 2510 2126 2587">
     <span class='ocr_line' id='line_1_41' title="bbox 525 2510 2126 2587; baseline -0.004 -17"><span class='ocrx_word' id='word_1_288' title='bbox 525 2516 696 2570; x_wconf 81' lang='lat' dir='ltr'><strong>ctrina</strong></span> <span class='ocrx_word' id='word_1_289' title='bbox 723 2516 858 2570; x_wconf 86' lang='lat' dir='ltr'><strong>bona</strong></span> <span class='ocrx_word' id='word_1_290' title='bbox 888 2514 1033 2570; x_wconf 86' lang='lat' dir='ltr'><strong>dabit</strong></span> <span class='ocrx_word' id='word_1_291' title='bbox 1054 2515 1283 2587; x_wconf 87' lang='lat' dir='ltr'><strong>gratiam</strong></span> <span class='ocrx_word' id='word_1_292' title='bbox 1307 2511 1491 2585; x_wconf 87' lang='lat' dir='ltr'><strong>(Prov.</strong></span> <span class='ocrx_word' id='word_1_293' title='bbox 1517 2510 1663 2583; x_wconf 82' lang='lat' dir='ltr'><strong>xui).</strong></span> <span class='ocrx_word' id='word_1_294' title='bbox 1712 2510 1881 2565; x_wconf 86' lang='lat' dir='ltr'><strong>Labia</strong></span> <span class='ocrx_word' id='word_1_295' title='bbox 1916 2510 2126 2581; x_wconf 83' lang='lat' dir='ltr'><strong>sapien-</strong></span> 
     </span>
    </p>
   </div>
   <div class='ocr_carea' id='block_1_42' title="bbox 524 2608 2126 2680">
    <p class='ocr_par' dir='ltr' id='par_1_42' title="bbox 524 2608 2126 2680">
     <span class='ocr_line' id='line_1_42' title="bbox 524 2608 2126 2680; baseline -0.002 -15"><span class='ocrx_word' id='word_1_296' title='bbox 524 2613 657 2667; x_wconf 84' lang='lat' dir='ltr'><strong>tium</strong></span> <span class='ocrx_word' id='word_1_297' title='bbox 684 2611 983 2667; x_wconf 82' lang='lat' dir='ltr'><strong>custodiunt</strong></span> <span class='ocrx_word' id='word_1_298' title='bbox 1024 2628 1131 2666; x_wconf 90' lang='lat' dir='ltr'><strong>eos.</strong></span> <span class='ocrx_word' id='word_1_299' title='bbox 1163 2608 1262 2664; x_wconf 87' lang='lat' dir='ltr'><strong>Ubi</strong></span> <span class='ocrx_word' id='word_1_300' title='bbox 1294 2627 1397 2665; x_wconf 88' lang='lat' dir='ltr'><strong>non</strong></span> <span class='ocrx_word' id='word_1_301' title='bbox 1426 2619 1547 2665; x_wconf 87' lang='lat' dir='ltr'><strong>sunt</strong></span> <span class='ocrx_word' id='word_1_302' title='bbox 1587 2609 1757 2676; x_wconf 85' lang='lat' dir='ltr'><strong>boves,</strong></span> <span class='ocrx_word' id='word_1_303' title='bbox 1784 2625 2014 2680; x_wconf 74' lang='lat' dir='ltr'><strong>prwsepe</strong></span> <span class='ocrx_word' id='word_1_304' title='bbox 2038 2625 2126 2663; x_wconf 87' lang='lat' dir='ltr'><strong>va-</strong></span> 
     </span>
    </p>
   </div>
   <div class='ocr_carea' id='block_1_43' title="bbox 526 2699 2128 2775">
    <p class='ocr_par' dir='ltr' id='par_1_43' title="bbox 526 2699 2128 2775">
     <span class='ocr_line' id='line_1_43' title="bbox 526 2699 2128 2775; baseline -0.002 -18"><span class='ocrx_word' id='word_1_305' title='bbox 526 2720 684 2757; x_wconf 87' lang='lat' dir='ltr'><strong>cuum</strong></span> <span class='ocrx_word' id='word_1_306' title='bbox 707 2711 824 2768; x_wconf 86' lang='lat' dir='ltr'><strong>est;</strong></span> <span class='ocrx_word' id='word_1_307' title='bbox 872 2702 961 2757; x_wconf 86' lang='lat' dir='ltr'><strong>ubi</strong></span> <span class='ocrx_word' id='word_1_308' title='bbox 987 2701 1230 2775; x_wconf 69' lang='lat' dir='ltr'><strong>plurima:</strong></span> <span class='ocrx_word' id='word_1_309' title='bbox 1273 2710 1487 2773; x_wconf 83' lang='lat' dir='ltr'><strong>segetes,</strong></span> <span class='ocrx_word' id='word_1_310' title='bbox 1535 2700 1608 2756; x_wconf 89' lang='lat' dir='ltr'><strong>ibi</strong></span> <span class='ocrx_word' id='word_1_311' title='bbox 1646 2701 1926 2771; x_wconf 77' lang='lat' dir='ltr'><strong>manifesta</strong></span> <span class='ocrx_word' id='word_1_312' title='bbox 1978 2699 2128 2770; x_wconf 73' lang='lat' dir='ltr'><strong>{orti-</strong></span> 
     </span>
    </p>
   </div>
   <div class='ocr_carea' id='block_1_44' title="bbox 525 2791 2127 2866">
    <p class='ocr_par' dir='ltr' id='par_1_44' title="bbox 525 2791 2127 2866">
     <span class='ocr_line' id='line_1_44' title="bbox 525 2791 2127 2866; baseline 0 -20"><span class='ocrx_word' id='word_1_313' title='bbox 525 2792 653 2847; x_wconf 86' lang='lat' dir='ltr'><strong>tudo</strong></span> <span class='ocrx_word' id='word_1_314' title='bbox 707 2791 891 2865; x_wconf 85' lang='lat' dir='ltr'><strong>(Prov.</strong></span> <span class='ocrx_word' id='word_1_315' title='bbox 943 2793 1077 2866; x_wconf 75' lang='lat' dir='ltr'><strong>xxv).</strong></span> <span class='ocrx_word' id='word_1_316' title='bbox 1126 2792 1292 2849; x_wconf 89' lang='lat' dir='ltr'><strong>Bonis</strong></span> <span class='ocrx_word' id='word_1_317' title='bbox 1326 2794 1381 2848; x_wconf 93' lang='lat' dir='ltr'><strong>in</strong></span> <span class='ocrx_word' id='word_1_318' title='bbox 1429 2791 1578 2848; x_wconf 92' lang='lat' dir='ltr'><strong>omni</strong></span> <span class='ocrx_word' id='word_1_319' title='bbox 1624 2806 1789 2863; x_wconf 89' lang='lat' dir='ltr'><strong>opere</strong></span> <span class='ocrx_word' id='word_1_320' title='bbox 1818 2792 1963 2847; x_wconf 92' lang='lat' dir='ltr'><strong>bono</strong></span> <span class='ocrx_word' id='word_1_321' title='bbox 2021 2791 2127 2846; x_wconf 89' lang='lat' dir='ltr'><strong>erit</strong></span> 
     </span>
    </p>
   </div>
   <div class='ocr_carea' id='block_1_45' title="bbox 526 2885 2126 2958">
    <p class='ocr_par' dir='ltr' id='par_1_45' title="bbox 526 2885 2126 2958">
     <span class='ocr_line' id='line_1_45' title="bbox 526 2885 2126 2958; baseline -0.001 -17"><span class='ocrx_word' id='word_1_322' title='bbox 526 2887 875 2943; x_wconf 87' lang='lat' dir='ltr'><strong>abundantia.</strong></span> <span class='ocrx_word' id='word_1_323' title='bbox 917 2886 1284 2945; x_wconf 79' lang='lat' dir='ltr'><strong>Misericordia</strong></span> <span class='ocrx_word' id='word_1_324' title='bbox 1312 2896 1362 2944; x_wconf 88' lang='lat' dir='ltr'><strong>et</strong></span> <span class='ocrx_word' id='word_1_325' title='bbox 1401 2887 1592 2944; x_wconf 86' lang='lat' dir='ltr'><strong>veritas</strong></span> <span class='ocrx_word' id='word_1_326' title='bbox 1639 2894 1943 2958; x_wconf 64' lang='lat' dir='ltr'><strong>praeparant</strong></span> <span class='ocrx_word' id='word_1_327' title='bbox 1991 2885 2126 2941; x_wconf 88' lang='lat' dir='ltr'><strong>bona</strong></span> 
     </span>
    </p>
   </div>
   <div class='ocr_carea' id='block_1_46' title="bbox 527 2978 738 3054">
    <p class='ocr_par' dir='ltr' id='par_1_46' title="bbox 527 2978 738 3054">
     <span class='ocr_line' id='line_1_46' title="bbox 527 2978 738 3054; baseline 0.014 -21"><span class='ocrx_word' id='word_1_328' title='bbox 527 2978 738 3054; x_wconf 84' lang='lat' dir='ltr'><strong>(lbid.).</strong></span> 
     </span>
    </p>
   </div>
   <div class='ocr_carea' id='block_1_47' title="bbox 599 3112 2127 3187">
    <p class='ocr_par' dir='ltr' id='par_1_47' title="bbox 599 3112 2127 3187">
     <span class='ocr_line' id='line_1_47' title="bbox 599 3112 2127 3187; baseline 0.004 -20"><span class='ocrx_word' id='word_1_329' title='bbox 599 3112 670 3168; x_wconf 85' lang='lat' dir='ltr'><strong>Et</strong></span> <span class='ocrx_word' id='word_1_330' title='bbox 689 3116 985 3187; x_wconf 83' lang='lat' dir='ltr'><strong>congregati</strong></span> <span class='ocrx_word' id='word_1_331' title='bbox 1010 3124 1131 3171; x_wconf 84' lang='lat' dir='ltr'><strong>sunt</strong></span> <span class='ocrx_word' id='word_1_332' title='bbox 1174 3132 1352 3173; x_wconf 88' lang='lat' dir='ltr'><strong>omnes</strong></span> <span class='ocrx_word' id='word_1_333' title='bbox 1391 3118 1547 3173; x_wconf 86' lang='lat' dir='ltr'><strong>amici</strong></span> <span class='ocrx_word' id='word_1_334' title='bbox 1591 3116 1772 3187; x_wconf 65' lang='lat' dir='ltr'><strong>Iudae,</strong></span> <span class='ocrx_word' id='word_1_335' title='bbox 1806 3128 1853 3174; x_wconf 90' lang='lat' dir='ltr'><strong>et</strong></span> <span class='ocrx_word' id='word_1_336' title='bbox 1880 3119 2127 3175; x_wconf 74' lang='lat' dir='ltr'><strong>dixerunt</strong></span> 
     </span>
    </p>
   </div>
   <div class='ocr_carea' id='block_1_48' title="bbox 525 3206 2202 3295">
    <p class='ocr_par' dir='ltr' id='par_1_48' title="bbox 525 3206 2202 3295">
     <span class='ocr_line' id='line_1_48' title="bbox 525 3206 2202 3295; baseline 0.003 -34"><span class='ocrx_word' id='word_1_337' title='bbox 525 3206 794 3275; x_wconf 76' lang='lat' dir='ltr'><strong>Jonatliw,</strong></span> <span class='ocrx_word' id='word_1_338' title='bbox 823 3216 927 3264; x_wconf 91' lang='lat' dir='ltr'><strong>etc.</strong></span> <span class='ocrx_word' id='word_1_339' title='bbox 960 3207 1097 3276; x_wconf 85' lang='lat' dir='ltr'><strong>Quid</strong></span> <span class='ocrx_word' id='word_1_340' title='bbox 1118 3216 1200 3266; x_wconf 89' lang='lat' dir='ltr'><strong>est</strong></span> <span class='ocrx_word' id='word_1_341' title='bbox 1220 3211 1363 3282; x_wconf 90' lang='lat' dir='ltr'><strong>quod</strong></span> <span class='ocrx_word' id='word_1_342' title='bbox 1384 3220 1506 3282; x_wconf 92' lang='lat' dir='ltr'><strong>post</strong></span> <span class='ocrx_word' id='word_1_343' title='bbox 1525 3211 1732 3267; x_wconf 91' lang='lat' dir='ltr'><strong>obitum</strong></span> <span class='ocrx_word' id='word_1_344' title='bbox 1757 3210 1907 3267; x_wconf 66' lang='lat' dir='ltr'><strong>Judaa</strong></span> <span class='ocrx_word' id='word_1_345' title='bbox 1933 3212 2131 3282; x_wconf 82' lang='lat' dir='ltr'><strong>legitur</strong></span> <span class='ocrx_word' id='word_1_346' title='bbox 2157 3231 2202 3295; x_wconf 69' lang='grc' dir='ltr'><strong>ρ</strong></span> 
     </span>
    </p>
   </div>
   <div class='ocr_carea' id='block_1_49' title="bbox 528 3295 2132 3375">
    <p class='ocr_par' dir='ltr' id='par_1_49' title="bbox 528 3295 2132 3375">
     <span class='ocr_line' id='line_1_49' title="bbox 528 3295 2132 3375; baseline 0.003 -23"><span class='ocrx_word' id='word_1_347' title='bbox 528 3295 789 3354; x_wconf 88' lang='lat' dir='ltr'><strong>Jonathas</strong></span> <span class='ocrx_word' id='word_1_348' title='bbox 831 3314 863 3353; x_wconf 92' lang='lat' dir='ltr'><strong>a</strong></span> <span class='ocrx_word' id='word_1_349' title='bbox 898 3300 1095 3371; x_wconf 90' lang='lat' dir='ltr'><strong>populo</strong></span> <span class='ocrx_word' id='word_1_350' title='bbox 1122 3300 1178 3356; x_wconf 93' lang='lat' dir='ltr'><strong>in</strong></span> <span class='ocrx_word' id='word_1_351' title='bbox 1219 3302 1583 3358; x_wconf 90' lang='lat' dir='ltr'><strong>sacerdotium</strong></span> <span class='ocrx_word' id='word_1_352' title='bbox 1623 3302 1749 3374; x_wconf 82' lang='lat' dir='ltr'><strong>eligi</strong></span> <span class='ocrx_word' id='word_1_353' title='bbox 1796 3311 1857 3358; x_wconf 92' lang='lat' dir='ltr'><strong>ut</strong></span> <span class='ocrx_word' id='word_1_354' title='bbox 1885 3302 2132 3375; x_wconf 91' lang='lat' dir='ltr'><strong>suppleat</strong></span> 
     </span>
    </p>
   </div>
   <div class='ocr_carea' id='block_1_50' title="bbox 530 3389 2128 3469">
    <p class='ocr_par' dir='ltr' id='par_1_50' title="bbox 530 3389 2128 3469">
     <span class='ocr_line' id='line_1_50' title="bbox 530 3389 2128 3469; baseline 0.005 -26"><span class='ocrx_word' id='word_1_355' title='bbox 530 3389 708 3447; x_wconf 85' lang='lat' dir='ltr'><strong>locum</strong></span> <span class='ocrx_word' id='word_1_356' title='bbox 728 3390 916 3448; x_wconf 88' lang='lat' dir='ltr'><strong>fratris</strong></span> <span class='ocrx_word' id='word_1_357' title='bbox 941 3393 1048 3459; x_wconf 91' lang='lat' dir='ltr'><strong>sui,</strong></span> <span class='ocrx_word' id='word_1_358' title='bbox 1072 3392 1175 3448; x_wconf 87' lang='lat' dir='ltr'><strong>nisi</strong></span> <span class='ocrx_word' id='word_1_359' title='bbox 1198 3393 1342 3463; x_wconf 93' lang='lat' dir='ltr'><strong>quod</strong></span> <span class='ocrx_word' id='word_1_360' title='bbox 1363 3393 1737 3449; x_wconf 90' lang='lat' dir='ltr'><strong>obedientibus</strong></span> <span class='ocrx_word' id='word_1_361' title='bbox 1756 3392 2128 3469; x_wconf 85' lang='lat' dir='ltr'><strong>[obeuntibus]</strong></span> 
     </span>
    </p>
   </div>
   <div class='ocr_carea' id='block_1_51' title="bbox 530 3483 2133 3555">
    <p class='ocr_par' dir='ltr' id='par_1_51' title="bbox 530 3483 2133 3555">
     <span class='ocr_line' id='line_1_51' title="bbox 530 3483 2133 3555; baseline 0.004 -17"><span class='ocrx_word' id='word_1_362' title='bbox 530 3496 628 3552; x_wconf 89' lang='lat' dir='ltr'><strong>per</strong></span> <span class='ocrx_word' id='word_1_363' title='bbox 650 3483 972 3555; x_wconf 86' lang='lat' dir='ltr'><strong>martyrium</strong></span> <span class='ocrx_word' id='word_1_364' title='bbox 997 3484 1234 3555; x_wconf 90' lang='lat' dir='ltr'><strong>primum</strong></span> <span class='ocrx_word' id='word_1_365' title='bbox 1269 3485 1581 3542; x_wconf 89' lang='lat' dir='ltr'><strong>doctoribus</strong></span> <span class='ocrx_word' id='word_1_366' title='bbox 1610 3485 1888 3554; x_wconf 68' lang='lat' dir='ltr'><strong>Ecclesiae,</strong></span> <span class='ocrx_word' id='word_1_367' title='bbox 1917 3502 2133 3544; x_wconf 86' lang='lat' dir='ltr'><strong>succes-</strong></span> 
     </span>
    </p>
   </div>
   <div class='ocr_carea' id='block_1_52' title="bbox 530 3565 2131 3650">
    <p class='ocr_par' dir='ltr' id='par_1_52' title="bbox 530 3565 2131 3650">
     <span class='ocr_line' id='line_1_52' title="bbox 530 3565 2131 3650; baseline 0.002 -19"><span class='ocrx_word' id='word_1_368' title='bbox 530 3590 684 3632; x_wconf 81' lang='lat' dir='ltr'><strong>sores</strong></span> <span class='ocrx_word' id='word_1_369' title='bbox 710 3565 920 3643; x_wconf 83' lang='lat' dir='ltr'><strong>eorum,</strong></span> <span class='ocrx_word' id='word_1_370' title='bbox 952 3576 1367 3633; x_wconf 84' lang='lat' dir='ltr'><strong>administrante</strong></span> <span class='ocrx_word' id='word_1_371' title='bbox 1399 3577 1635 3649; x_wconf 89' lang='lat' dir='ltr'><strong>Spiritus</strong></span> <span class='ocrx_word' id='word_1_372' title='bbox 1655 3578 1830 3634; x_wconf 89' lang='lat' dir='ltr'><strong>sancti</strong></span> <span class='ocrx_word' id='word_1_373' title='bbox 1856 3579 2051 3650; x_wconf 86' lang='lat' dir='ltr'><strong>gratia,</strong></span> <span class='ocrx_word' id='word_1_374' title='bbox 2075 3579 2131 3634; x_wconf 94' lang='lat' dir='ltr'><strong>in</strong></span> 
     </span>
    </p>
   </div>
   <div class='ocr_carea' id='block_1_53' title="bbox 530 3666 2133 3740">
    <p class='ocr_par' dir='ltr' id='par_1_53' title="bbox 530 3666 2133 3740">
     <span class='ocr_line' id='line_1_53' title="bbox 530 3666 2133 3740; baseline 0.004 -18"><span class='ocrx_word' id='word_1_375' title='bbox 530 3666 709 3724; x_wconf 87' lang='lat' dir='ltr'><strong>locum</strong></span> <span class='ocrx_word' id='word_1_376' title='bbox 744 3668 984 3739; x_wconf 88' lang='lat' dir='ltr'><strong>ipsorum</strong></span> <span class='ocrx_word' id='word_1_377' title='bbox 1009 3669 1427 3739; x_wconf 89' lang='lat' dir='ltr'><strong>substituuntur,</strong></span> <span class='ocrx_word' id='word_1_378' title='bbox 1452 3669 1605 3740; x_wconf 89' lang='lat' dir='ltr'><strong>cujus</strong></span> <span class='ocrx_word' id='word_1_379' title='bbox 1648 3670 2133 3728; x_wconf 88' lang='lat' dir='ltr'><strong>administrationis</strong></span> 
     </span>
    </p>
   </div>
   <div class='ocr_carea' id='block_1_54' title="bbox 532 3757 2128 3833">
    <p class='ocr_par' dir='ltr' id='par_1_54' title="bbox 532 3757 2128 3833">
     <span class='ocr_line' id='line_1_54' title="bbox 532 3757 2128 3833; baseline 0.003 -20"><span class='ocrx_word' id='word_1_380' title='bbox 532 3757 827 3815; x_wconf 77' lang='lat' dir='ltr'><strong>efﬁcaciam</strong></span> <span class='ocrx_word' id='word_1_381' title='bbox 843 3760 1078 3816; x_wconf 90' lang='lat' dir='ltr'><strong>nominis</strong></span> <span class='ocrx_word' id='word_1_382' title='bbox 1099 3758 1346 3824; x_wconf 67' lang='lat' dir='ltr'><strong>Jonathaa</strong></span> <span class='ocrx_word' id='word_1_383' title='bbox 1366 3762 1743 3833; x_wconf 88' lang='lat' dir='ltr'><strong>interpretatio</strong></span> <span class='ocrx_word' id='word_1_384' title='bbox 1762 3762 2099 3819; x_wconf 88' lang='lat' dir='ltr'><strong>demonstrat</strong></span> <span class='ocrx_word' id='word_1_385' title='bbox 2115 3782 2128 3819; x_wconf 91' lang='lat'><strong>:</strong></span> 
     </span>
    </p>
   </div>
   <div class='ocr_carea' id='block_1_55' title="bbox 532 3851 2132 3930">
    <p class='ocr_par' dir='ltr' id='par_1_55' title="bbox 532 3851 2132 3930">
     <span class='ocr_line' id='line_1_55' title="bbox 532 3851 2132 3930; baseline 0.004 -23"><span class='ocrx_word' id='word_1_386' title='bbox 532 3851 923 3922; x_wconf 85' lang='lat' dir='ltr'><strong>interpretatur</strong></span> <span class='ocrx_word' id='word_1_387' title='bbox 958 3853 1101 3910; x_wconf 87' lang='lat' dir='ltr'><strong>enim</strong></span> <span class='ocrx_word' id='word_1_388' title='bbox 1147 3852 1390 3913; x_wconf 79' lang='lat' dir='ltr'><strong>columba</strong></span> <span class='ocrx_word' id='word_1_389' title='bbox 1436 3872 1639 3925; x_wconf 83' lang='lat' dir='ltr'><strong>eorum,</strong></span> <span class='ocrx_word' id='word_1_390' title='bbox 1687 3857 1831 3913; x_wconf 90' lang='lat' dir='ltr'><strong>sicut</strong></span> <span class='ocrx_word' id='word_1_391' title='bbox 1880 3857 2132 3930; x_wconf 87' lang='lat' dir='ltr'><strong>superius</strong></span> 
     </span>
    </p>
   </div>
   <div class='ocr_carea' id='block_1_56' title="bbox 534 3945 2131 4018">
    <p class='ocr_par' dir='ltr' id='par_1_56' title="bbox 534 3945 2131 4018">
     <span class='ocr_line' id='line_1_56' title="bbox 534 3945 2131 4018; baseline 0.003 -18"><span class='ocrx_word' id='word_1_392' title='bbox 534 3945 963 4002; x_wconf 87' lang='lat' dir='ltr'><strong>demonstratum</strong></span> <span class='ocrx_word' id='word_1_393' title='bbox 1022 3956 1100 4002; x_wconf 90' lang='lat' dir='ltr'><strong>est</strong></span> <span class='ocrx_word' id='word_1_394' title='bbox 1127 3987 1143 4013; x_wconf 92' lang='lat'><strong>,</strong></span> <span class='ocrx_word' id='word_1_395' title='bbox 1194 3946 1485 4003; x_wconf 88' lang='lat' dir='ltr'><strong>admovens</strong></span> <span class='ocrx_word' id='word_1_396' title='bbox 1539 3948 1924 4018; x_wconf 70' lang='lat' dir='ltr'><strong>praedicatores</strong></span> <span class='ocrx_word' id='word_1_397' title='bbox 1977 3949 2131 4005; x_wconf 88' lang='lat' dir='ltr'><strong>verbi</strong></span> 
     </span>
    </p>
   </div>
   <div class='ocr_carea' id='block_1_57' title="bbox 534 4035 2131 4112">
    <p class='ocr_par' dir='ltr' id='par_1_57' title="bbox 534 4035 2131 4112">
     <span class='ocr_line' id='line_1_57' title="bbox 534 4035 2131 4112; baseline 0.003 -21"><span class='ocrx_word' id='word_1_398' title='bbox 534 4044 800 4107; x_wconf 88' lang='lat' dir='ltr'><strong>quatenus</strong></span> <span class='ocrx_word' id='word_1_399' title='bbox 845 4035 1007 4108; x_wconf 87' lang='lat' dir='ltr'><strong>digne</strong></span> <span class='ocrx_word' id='word_1_400' title='bbox 1054 4037 1281 4094; x_wconf 89' lang='lat' dir='ltr'><strong>ducatus</strong></span> <span class='ocrx_word' id='word_1_401' title='bbox 1328 4038 1412 4094; x_wconf 90' lang='lat' dir='ltr'><strong>sui</strong></span> <span class='ocrx_word' id='word_1_402' title='bbox 1457 4036 1692 4095; x_wconf 84' lang='lat' dir='ltr'><strong>cilicium</strong></span> <span class='ocrx_word' id='word_1_403' title='bbox 1740 4039 1795 4095; x_wconf 94' lang='lat' dir='ltr'><strong>in</strong></span> <span class='ocrx_word' id='word_1_404' title='bbox 1832 4039 1988 4112; x_wconf 88' lang='lat' dir='ltr'><strong>plebe</strong></span> <span class='ocrx_word' id='word_1_405' title='bbox 2034 4039 2131 4096; x_wconf 91' lang='lat' dir='ltr'><strong>Dei</strong></span> 
     </span>
    </p>
   </div>
   <div class='ocr_carea' id='block_1_58' title="bbox 534 4127 2135 4201">
    <p class='ocr_par' dir='ltr' id='par_1_58' title="bbox 534 4127 2135 4201">
     <span class='ocr_line' id='line_1_58' title="bbox 534 4127 2135 4201; baseline 0.004 -18"><span class='ocrx_word' id='word_1_406' title='bbox 534 4136 747 4200; x_wconf 85' lang='lat' dir='ltr'><strong>gerant,</strong></span> <span class='ocrx_word' id='word_1_407' title='bbox 788 4134 843 4183; x_wconf 93' lang='lat' dir='ltr'><strong>et</strong></span> <span class='ocrx_word' id='word_1_408' title='bbox 869 4127 1236 4186; x_wconf 88' lang='lat' dir='ltr'><strong>defensionem</strong></span> <span class='ocrx_word' id='word_1_409' title='bbox 1261 4145 1559 4201; x_wconf 84' lang='lat' dir='ltr'><strong>congruam</strong></span> <span class='ocrx_word' id='word_1_410' title='bbox 1585 4139 1773 4188; x_wconf 88' lang='lat' dir='ltr'><strong>contra</strong></span> <span class='ocrx_word' id='word_1_411' title='bbox 1794 4132 1980 4189; x_wconf 87' lang='lat' dir='ltr'><strong>hostes</strong></span> <span class='ocrx_word' id='word_1_412' title='bbox 2006 4134 2135 4189; x_wconf 91' lang='lat' dir='ltr'><strong>sub-</strong></span> 
     </span>
    </p>
   </div>
   <div class='ocr_carea' id='block_1_59' title="bbox 534 4218 2136 4294">
    <p class='ocr_par' dir='ltr' id='par_1_59' title="bbox 534 4218 2136 4294">
     <span class='ocr_line' id='line_1_59' title="bbox 534 4218 2136 4294; baseline 0.002 -20"><span class='ocrx_word' id='word_1_413' title='bbox 534 4218 663 4274; x_wconf 87' lang='lat' dir='ltr'><strong>ditis</strong></span> <span class='ocrx_word' id='word_1_414' title='bbox 688 4218 1019 4289; x_wconf 91' lang='lat' dir='ltr'><strong>impendant.</strong></span> <span class='ocrx_word' id='word_1_415' title='bbox 1051 4219 1157 4277; x_wconf 90' lang='lat' dir='ltr'><strong>Sed</strong></span> <span class='ocrx_word' id='word_1_416' title='bbox 1185 4221 1325 4277; x_wconf 90' lang='lat' dir='ltr'><strong>sicut</strong></span> <span class='ocrx_word' id='word_1_417' title='bbox 1369 4221 1643 4292; x_wconf 89' lang='lat' dir='ltr'><strong>prioribus</strong></span> <span class='ocrx_word' id='word_1_418' title='bbox 1690 4222 1763 4277; x_wconf 89' lang='lat' dir='ltr'><strong>ita</strong></span> <span class='ocrx_word' id='word_1_419' title='bbox 1805 4230 1861 4277; x_wconf 91' lang='lat' dir='ltr'><strong>et</strong></span> <span class='ocrx_word' id='word_1_420' title='bbox 1905 4238 2136 4294; x_wconf 89' lang='lat' dir='ltr'><strong>sequen-</strong></span> 
     </span>
    </p>
   </div>
   <div class='ocr_carea' id='block_1_60' title="bbox 534 4309 2133 4381">
    <p class='ocr_par' dir='ltr' id='par_1_60' title="bbox 534 4309 2133 4381">
     <span class='ocr_line' id='line_1_60' title="bbox 534 4309 2133 4381; baseline 0.004 -16"><span class='ocrx_word' id='word_1_421' title='bbox 534 4309 679 4366; x_wconf 86' lang='lat' dir='ltr'><strong>tibus</strong></span> <span class='ocrx_word' id='word_1_422' title='bbox 710 4310 893 4381; x_wconf 90' lang='lat' dir='ltr'><strong>populi</strong></span> <span class='ocrx_word' id='word_1_423' title='bbox 942 4311 1038 4368; x_wconf 89' lang='lat' dir='ltr'><strong>Dei</strong></span> <span class='ocrx_word' id='word_1_424' title='bbox 1076 4312 1386 4369; x_wconf 89' lang='lat' dir='ltr'><strong>doctoribus</strong></span> <span class='ocrx_word' id='word_1_425' title='bbox 1435 4314 1504 4369; x_wconf 91' lang='lat' dir='ltr'><strong>ab</strong></span> <span class='ocrx_word' id='word_1_426' title='bbox 1540 4313 1847 4370; x_wconf 88' lang='lat' dir='ltr'><strong>infidelibus</strong></span> <span class='ocrx_word' id='word_1_427' title='bbox 1872 4324 1929 4370; x_wconf 92' lang='lat' dir='ltr'><strong>et</strong></span> <span class='ocrx_word' id='word_1_428' title='bbox 1961 4315 2133 4371; x_wconf 65' lang='lat' dir='ltr'><strong>haere-</strong></span> 
     </span>
    </p>
   </div>
   <div class='ocr_carea' id='block_1_61' title="bbox 537 4396 2134 4473">
    <p class='ocr_par' dir='ltr' id='par_1_61' title="bbox 537 4396 2134 4473">
     <span class='ocr_line' id='line_1_61' title="bbox 537 4396 2134 4473; baseline 0.008 -18"><span class='ocrx_word' id='word_1_429' title='bbox 537 4401 659 4458; x_wconf 88' lang='lat' dir='ltr'><strong>ticis</strong></span> <span class='ocrx_word' id='word_1_430' title='bbox 679 4404 983 4460; x_wconf 90' lang='lat' dir='ltr'><strong>truculenta</strong></span> <span class='ocrx_word' id='word_1_431' title='bbox 1013 4405 1375 4461; x_wconf 90' lang='lat' dir='ltr'><strong>immittuntur</strong></span> <span class='ocrx_word' id='word_1_432' title='bbox 1394 4406 1520 4473; x_wconf 87' lang='lat' dir='ltr'><strong>tela,</strong></span> <span class='ocrx_word' id='word_1_433' title='bbox 1538 4415 1593 4461; x_wconf 90' lang='lat' dir='ltr'><strong>et</strong></span> <span class='ocrx_word' id='word_1_434' title='bbox 1613 4422 1753 4463; x_wconf 67' lang='lat' dir='ltr'><strong>saeva</strong></span> <span class='ocrx_word' id='word_1_435' title='bbox 1776 4408 2011 4465; x_wconf 91' lang='lat' dir='ltr'><strong>hostium</strong></span> <span class='ocrx_word' id='word_1_436' title='bbox 2040 4396 2134 4467; x_wconf 80' lang='lat' dir='ltr'><strong>ad-</strong></span> 
     </span>
    </p>
   </div>
   <div class='ocr_carea' id='block_1_62' title="bbox 534 4493 1615 4567">
    <p class='ocr_par' dir='ltr' id='par_1_62' title="bbox 534 4493 1615 4567">
     <span class='ocr_line' id='line_1_62' title="bbox 534 4493 1615 4567; baseline 0.004 -20"><span class='ocrx_word' id='word_1_437' title='bbox 534 4500 787 4548; x_wconf 88' lang='lat' dir='ltr'><strong>versatur</strong></span> <span class='ocrx_word' id='word_1_438' title='bbox 813 4493 1118 4550; x_wconf 88' lang='lat' dir='ltr'><strong>inimicitia.</strong></span> <span class='ocrx_word' id='word_1_439' title='bbox 1152 4494 1301 4552; x_wconf 88' lang='lat' dir='ltr'><strong>Unde</strong></span> <span class='ocrx_word' id='word_1_440' title='bbox 1329 4496 1576 4567; x_wconf 89' lang='lat' dir='ltr'><strong>sequitur</strong></span> <span class='ocrx_word' id='word_1_441' title='bbox 1602 4515 1615 4551; x_wconf 92' lang='lat'>:</span> 
     </span>
    </p>
   </div>
   <div class='ocr_carea' id='block_1_63' title="bbox 606 4642 2130 4725">
    <p class='ocr_par' dir='ltr' id='par_1_63' title="bbox 606 4642 2130 4725">
     <span class='ocr_line' id='line_1_63' title="bbox 606 4642 2130 4725; baseline 0.009 -26"><span class='ocrx_word' id='word_1_442' title='bbox 606 4642 676 4699; x_wconf 85' lang='lat' dir='ltr'><strong>Et</strong></span> <span class='ocrx_word' id='word_1_443' title='bbox 701 4645 921 4717; x_wconf 82' lang='lat' dir='ltr'><strong>suscepit</strong></span> <span class='ocrx_word' id='word_1_444' title='bbox 951 4645 1209 4703; x_wconf 82' lang='lat' dir='ltr'><strong>Jonathas</strong></span> <span class='ocrx_word' id='word_1_445' title='bbox 1240 4656 1468 4718; x_wconf 84' lang='lat' dir='ltr'><strong>tempore</strong></span> <span class='ocrx_word' id='word_1_446' title='bbox 1494 4649 1585 4705; x_wconf 89' lang='lat' dir='ltr'><strong>illo</strong></span> <span class='ocrx_word' id='word_1_447' title='bbox 1613 4652 1984 4725; x_wconf 77' lang='lat' dir='ltr'><strong>principatum,</strong></span> <span class='ocrx_word' id='word_1_448' title='bbox 2022 4665 2130 4712; x_wconf 88' lang='lat' dir='ltr'><strong>etc.</strong></span> 
     </span>
    </p>
   </div>
   <div class='ocr_carea' id='block_1_64' title="bbox 537 4733 2129 4813">
    <p class='ocr_par' dir='ltr' id='par_1_64' title="bbox 537 4733 2129 4813">
     <span class='ocr_line' id='line_1_64' title="bbox 537 4733 2129 4813; baseline 0.01 -25"><span class='ocrx_word' id='word_1_449' title='bbox 537 4733 696 4806; x_wconf 86' lang='lat' dir='ltr'><strong>Fugit</strong></span> <span class='ocrx_word' id='word_1_450' title='bbox 718 4734 977 4792; x_wconf 81' lang='lat' dir='ltr'><strong>Jonathas</strong></span> <span class='ocrx_word' id='word_1_451' title='bbox 999 4738 1314 4795; x_wconf 90' lang='lat' dir='ltr'><strong>imminente</strong></span> <span class='ocrx_word' id='word_1_452' title='bbox 1341 4740 1483 4796; x_wconf 89' lang='lat' dir='ltr'><strong>bello</strong></span> <span class='ocrx_word' id='word_1_453' title='bbox 1502 4741 1557 4796; x_wconf 91' lang='lat' dir='ltr'><strong>in</strong></span> <span class='ocrx_word' id='word_1_454' title='bbox 1579 4742 1851 4800; x_wconf 90' lang='lat' dir='ltr'><strong>desertum</strong></span> <span class='ocrx_word' id='word_1_455' title='bbox 1881 4745 2129 4813; x_wconf 73' lang='lat' dir='ltr'><strong>Thecuze,</strong></span> 
     </span>
    </p>
   </div>
   <div class='ocr_carea' id='block_1_65' title="bbox 536 4826 2135 4905">
    <p class='ocr_par' dir='ltr' id='par_1_65' title="bbox 536 4826 2135 4905">
     <span class='ocr_line' id='line_1_65' title="bbox 536 4826 2135 4905; baseline 0.012 -27"><span class='ocrx_word' id='word_1_456' title='bbox 536 4826 685 4895; x_wconf 91' lang='lat' dir='ltr'><strong>quia,</strong></span> <span class='ocrx_word' id='word_1_457' title='bbox 732 4828 1115 4885; x_wconf 83' lang='lat' dir='ltr'><strong>exardescente</strong></span> <span class='ocrx_word' id='word_1_458' title='bbox 1159 4830 1394 4887; x_wconf 89' lang='lat' dir='ltr'><strong>hostium</strong></span> <span class='ocrx_word' id='word_1_459' title='bbox 1447 4836 1837 4905; x_wconf 87' lang='lat' dir='ltr'><strong>persecutione,</strong></span> <span class='ocrx_word' id='word_1_460' title='bbox 1883 4839 2135 4897; x_wconf 90' lang='lat' dir='ltr'><strong>doctores</strong></span> 
     </span>
    </p>
   </div>
   <div class='ocr_carea' id='block_1_66' title="bbox 538 4921 2133 5005">
    <p class='ocr_par' dir='ltr' id='par_1_66' title="bbox 538 4921 2133 5005">
     <span class='ocr_line' id='line_1_66' title="bbox 538 4921 2133 5005; baseline 0.009 -29"><span class='ocrx_word' id='word_1_461' title='bbox 538 4921 711 4977; x_wconf 91' lang='lat' dir='ltr'><strong>sancti</strong></span> <span class='ocrx_word' id='word_1_462' title='bbox 739 4936 862 4977; x_wconf 91' lang='lat' dir='ltr'><strong>cum</strong></span> <span class='ocrx_word' id='word_1_463' title='bbox 900 4925 1015 4979; x_wconf 84' lang='lat' dir='ltr'><strong>suis</strong></span> <span class='ocrx_word' id='word_1_464' title='bbox 1051 4926 1375 4996; x_wconf 87' lang='lat' dir='ltr'><strong>sequacibus</strong></span> <span class='ocrx_word' id='word_1_465' title='bbox 1416 4929 1652 4986; x_wconf 59' lang='lat' dir='ltr'><strong>caelestis</strong></span> <span class='ocrx_word' id='word_1_466' title='bbox 1697 4932 1834 4992; x_wconf 65' lang='lat' dir='ltr'><strong>aula:</strong></span> <span class='ocrx_word' id='word_1_467' title='bbox 1879 4935 2133 5005; x_wconf 88' lang='lat' dir='ltr'><strong>precibus</strong></span> 
     </span>
    </p>
   </div>
   <div class='ocr_carea' id='block_1_67' title="bbox 537 5020 2133 5097">
    <p class='ocr_par' dir='ltr' id='par_1_67' title="bbox 537 5020 2133 5097">
     <span class='ocr_line' id='line_1_67' title="bbox 537 5020 2133 5097; baseline 0.008 -26"><span class='ocrx_word' id='word_1_468' title='bbox 537 5024 825 5087; x_wconf 87' lang='lat' dir='ltr'><strong>penetrant</strong></span> <span class='ocrx_word' id='word_1_469' title='bbox 870 5025 1161 5085; x_wconf 88' lang='lat' dir='ltr'><strong>secretum,</strong></span> <span class='ocrx_word' id='word_1_470' title='bbox 1189 5026 1250 5074; x_wconf 93' lang='lat' dir='ltr'><strong>ut</strong></span> <span class='ocrx_word' id='word_1_471' title='bbox 1300 5020 1372 5075; x_wconf 90' lang='lat' dir='ltr'><strong>ibi</strong></span> <span class='ocrx_word' id='word_1_472' title='bbox 1404 5021 1702 5080; x_wconf 87' lang='lat' dir='ltr'><strong>invocando</strong></span> <span class='ocrx_word' id='word_1_473' title='bbox 1742 5026 2133 5097; x_wconf 91' lang='lat' dir='ltr'><strong>omnipotentis</strong></span> 
     </span>
    </p>
   </div>
   <div class='ocr_carea' id='block_1_68' title="bbox 539 5102 2132 5181">
    <p class='ocr_par' dir='ltr' id='par_1_68' title="bbox 539 5102 2132 5181">
     <span class='ocr_line' id='line_1_68' title="bbox 539 5102 2132 5181; baseline 0.009 -22"><span class='ocrx_word' id='word_1_474' title='bbox 539 5102 636 5161; x_wconf 89' lang='lat' dir='ltr'><strong>Dei</strong></span> <span class='ocrx_word' id='word_1_475' title='bbox 670 5106 949 5163; x_wconf 84' lang='lat' dir='ltr'><strong>inveniant</strong></span> <span class='ocrx_word' id='word_1_476' title='bbox 972 5108 1250 5176; x_wconf 81' lang='lat' dir='ltr'><strong>auxilium,</strong></span> <span class='ocrx_word' id='word_1_477' title='bbox 1278 5124 1439 5181; x_wconf 91' lang='lat' dir='ltr'><strong>quem</strong></span> <span class='ocrx_word' id='word_1_478' title='bbox 1477 5120 1586 5168; x_wconf 90' lang='lat' dir='ltr'><strong>tota</strong></span> <span class='ocrx_word' id='word_1_479' title='bbox 1625 5113 1921 5172; x_wconf 90' lang='lat' dir='ltr'><strong>intentione</strong></span> <span class='ocrx_word' id='word_1_480' title='bbox 1949 5118 2132 5175; x_wconf 89' lang='lat' dir='ltr'><strong>cordis</strong></span> 
     </span>
    </p>
   </div>
   <div class='ocr_carea' id='block_1_69' title="bbox 539 5200 2131 5274">
    <p class='ocr_par' dir='ltr' id='par_1_69' title="bbox 539 5200 2131 5274">
     <span class='ocr_line' id='line_1_69' title="bbox 539 5200 2131 5274; baseline 0.007 -19"><span class='ocrx_word' id='word_1_481' title='bbox 539 5200 725 5255; x_wconf 86' lang='lat' dir='ltr'><strong>venire</strong></span> <span class='ocrx_word' id='word_1_482' title='bbox 751 5201 856 5258; x_wconf 84' lang='lat' dir='ltr'><strong>sibi</strong></span> <span class='ocrx_word' id='word_1_483' title='bbox 878 5201 1153 5273; x_wconf 91' lang='lat' dir='ltr'><strong>postulant</strong></span> <span class='ocrx_word' id='word_1_484' title='bbox 1184 5203 1237 5258; x_wconf 90' lang='lat' dir='ltr'><strong>in</strong></span> <span class='ocrx_word' id='word_1_485' title='bbox 1267 5202 1613 5274; x_wconf 70' lang='lat' dir='ltr'><strong>adiutorium.</strong></span> <span class='ocrx_word' id='word_1_486' title='bbox 1644 5206 1861 5264; x_wconf 87' lang='lat' dir='ltr'><strong>Thecue</strong></span> <span class='ocrx_word' id='word_1_487' title='bbox 1881 5209 2024 5265; x_wconf 92' lang='lat' dir='ltr'><strong>enim</strong></span> <span class='ocrx_word' id='word_1_488' title='bbox 2053 5210 2131 5267; x_wconf 92' lang='lat' dir='ltr'><strong>in-</strong></span> 
     </span>
    </p>
   </div>
   <div class='ocr_carea' id='block_1_70' title="bbox 541 5295 2133 5374">
    <p class='ocr_par' dir='ltr' id='par_1_70' title="bbox 541 5295 2133 5374">
     <span class='ocr_line' id='line_1_70' title="bbox 541 5295 2133 5374; baseline 0.007 -27"><span class='ocrx_word' id='word_1_489' title='bbox 541 5301 872 5364; x_wconf 89' lang='lat' dir='ltr'><strong>terpretatur</strong></span> <span class='ocrx_word' id='word_1_490' title='bbox 908 5295 1032 5349; x_wconf 86' lang='lat' dir='ltr'><strong>tuba</strong></span> <span class='ocrx_word' id='word_1_491' title='bbox 1078 5296 1193 5350; x_wconf 90' lang='lat' dir='ltr'><strong>sive</strong></span> <span class='ocrx_word' id='word_1_492' title='bbox 1233 5295 1468 5368; x_wconf 83' lang='lat' dir='ltr'><strong>clangor.</strong></span> <span class='ocrx_word' id='word_1_493' title='bbox 1513 5297 1666 5364; x_wconf 91' lang='lat' dir='ltr'><strong>Quod</strong></span> <span class='ocrx_word' id='word_1_494' title='bbox 1701 5308 1881 5355; x_wconf 91' lang='lat' dir='ltr'><strong>autem</strong></span> <span class='ocrx_word' id='word_1_495' title='bbox 1909 5301 2133 5374; x_wconf 88' lang='lat' dir='ltr'><strong>subjun-</strong></span> 
     </span>
    </p>
   </div>
   <div class='ocr_carea' id='block_1_71' title="bbox 542 5384 2131 5466">
    <p class='ocr_par' dir='ltr' id='par_1_71' title="bbox 542 5384 2131 5466">
     <span class='ocr_line' id='line_1_71' title="bbox 542 5384 2131 5466; baseline 0.008 -28"><span class='ocrx_word' id='word_1_496' title='bbox 542 5384 723 5456; x_wconf 88' lang='lat' dir='ltr'><strong>gitur:</strong></span> <span class='ocrx_word' id='word_1_497' title='bbox 766 5384 834 5439; x_wconf 90' lang='lat' dir='ltr'><strong>Et</strong></span> <span class='ocrx_word' id='word_1_498' title='bbox 855 5386 1195 5442; x_wconf 80' lang='lat' dir='ltr'><strong>comederunt</strong></span> <span class='ocrx_word' id='word_1_499' title='bbox 1216 5387 1286 5443; x_wconf 88' lang='lat' dir='ltr'><strong>ad</strong></span> <span class='ocrx_word' id='word_1_500' title='bbox 1307 5404 1498 5460; x_wconf 87' lang='lat' dir='ltr'><strong>aquam</strong></span> <span class='ocrx_word' id='word_1_501' title='bbox 1528 5388 1675 5444; x_wconf 84' lang='lat' dir='ltr'><strong>lacus</strong></span> <span class='ocrx_word' id='word_1_502' title='bbox 1712 5390 1937 5463; x_wconf 78' lang='lat' dir='ltr'><strong>Aspltar,</strong></span> <span class='ocrx_word' id='word_1_503' title='bbox 1966 5394 2131 5466; x_wconf 85' lang='lat' dir='ltr'><strong>signi-</strong></span> 
     </span>
    </p>
   </div>
   <div class='ocr_carea' id='block_1_72' title="bbox 544 5473 2125 5551">
    <p class='ocr_par' dir='ltr' id='par_1_72' title="bbox 544 5473 2125 5551">
     <span class='ocr_line' id='line_1_72' title="bbox 544 5473 2125 5551; baseline 0.008 -23"><span class='ocrx_word' id='word_1_504' title='bbox 544 5473 674 5530; x_wconf 89' lang='lat' dir='ltr'><strong>ficat</strong></span> <span class='ocrx_word' id='word_1_505' title='bbox 696 5491 889 5532; x_wconf 75' lang='lat' dir='ltr'><strong>vacare</strong></span> <span class='ocrx_word' id='word_1_506' title='bbox 910 5478 1337 5549; x_wconf 91' lang='lat' dir='ltr'><strong>compunctionis</strong></span> <span class='ocrx_word' id='word_1_507' title='bbox 1355 5478 1631 5551; x_wconf 82' lang='lat' dir='ltr'><strong>lacrymis,</strong></span> <span class='ocrx_word' id='word_1_508' title='bbox 1655 5496 1762 5551; x_wconf 92' lang='lat' dir='ltr'><strong>quo</strong></span> <span class='ocrx_word' id='word_1_509' title='bbox 1783 5480 1994 5539; x_wconf 90' lang='lat' dir='ltr'><strong>facilius</strong></span> <span class='ocrx_word' id='word_1_510' title='bbox 2014 5499 2125 5540; x_wconf 43' lang='lat' dir='ltr'><strong>om;</strong></span> 
     </span>
    </p>
   </div>
   <div class='ocr_carea' id='block_1_73' title="bbox 544 5569 2131 5648">
    <p class='ocr_par' dir='ltr' id='par_1_73' title="bbox 544 5569 2131 5648">
     <span class='ocr_line' id='line_1_73' title="bbox 544 5569 2131 5648; baseline 0.007 -25"><span class='ocrx_word' id='word_1_511' title='bbox 544 5569 835 5640; x_wconf 89' lang='lat' dir='ltr'><strong>nipotentis</strong></span> <span class='ocrx_word' id='word_1_512' title='bbox 862 5570 954 5627; x_wconf 89' lang='lat' dir='ltr'><strong>Dei</strong></span> <span class='ocrx_word' id='word_1_513' title='bbox 986 5573 1277 5642; x_wconf 88' lang='lat' dir='ltr'><strong>impetrare</strong></span> <span class='ocrx_word' id='word_1_514' title='bbox 1320 5580 1567 5644; x_wconf 86' lang='lat' dir='ltr'><strong>satagant</strong></span> <span class='ocrx_word' id='word_1_515' title='bbox 1609 5574 1883 5642; x_wconf 86' lang='lat' dir='ltr'><strong>solatium,</strong></span> <span class='ocrx_word' id='word_1_516' title='bbox 1915 5579 2131 5648; x_wconf 89' lang='lat' dir='ltr'><strong>quando</strong></span> 
     </span>
    </p>
   </div>
   <div class='ocr_carea' id='block_1_74' title="bbox 545 5660 2133 5737">
    <p class='ocr_par' dir='ltr' id='par_1_74' title="bbox 545 5660 2133 5737">
     <span class='ocr_line' id='line_1_74' title="bbox 545 5660 2133 5737; baseline 0.004 -21"><span class='ocrx_word' id='word_1_517' title='bbox 545 5676 651 5716; x_wconf 90' lang='lat' dir='ltr'><strong>non</strong></span> <span class='ocrx_word' id='word_1_518' title='bbox 676 5661 821 5728; x_wconf 90' lang='lat' dir='ltr'><strong>alibi,</strong></span> <span class='ocrx_word' id='word_1_519' title='bbox 853 5662 947 5716; x_wconf 89' lang='lat' dir='ltr'><strong>sed</strong></span> <span class='ocrx_word' id='word_1_520' title='bbox 972 5660 1090 5730; x_wconf 86' lang='lat' dir='ltr'><strong>ejus</strong></span> <span class='ocrx_word' id='word_1_521' title='bbox 1135 5661 1349 5731; x_wconf 87' lang='lat' dir='ltr'><strong>pietatis</strong></span> <span class='ocrx_word' id='word_1_522' title='bbox 1392 5663 1728 5721; x_wconf 90' lang='lat' dir='ltr'><strong>solummodo</strong></span> <span class='ocrx_word' id='word_1_523' title='bbox 1758 5675 2015 5737; x_wconf 82' lang='lat' dir='ltr'><strong>expetunt</strong></span> <span class='ocrx_word' id='word_1_524' title='bbox 2048 5685 2133 5724; x_wconf 85' lang='lat' dir='ltr'><strong>re-</strong></span> 
     </span>
    </p>
   </div>
   <div class='ocr_carea' id='block_1_75' title="bbox 472 5750 2127 5826">
    <p class='ocr_par' dir='ltr' id='par_1_75' title="bbox 472 5750 2127 5826">
     <span class='ocr_line' id='line_1_75' title="bbox 472 5750 2127 5826; baseline 0.004 -19"><span class='ocrx_word' id='word_1_525' title='bbox 472 5770 491 5784; x_wconf 75' lang='grc' dir='ltr'><strong><em>ο</em></strong></span> <span class='ocrx_word' id='word_1_526' title='bbox 544 5750 770 5821; x_wconf 80' lang='lat' dir='ltr'><strong>fugiunt.</strong></span> <span class='ocrx_word' id='word_1_527' title='bbox 804 5751 956 5808; x_wconf 89' lang='lat' dir='ltr'><strong>Unde</strong></span> <span class='ocrx_word' id='word_1_528' title='bbox 978 5752 1191 5823; x_wconf 86' lang='lat' dir='ltr'><strong>Asphar</strong></span> <span class='ocrx_word' id='word_1_529' title='bbox 1216 5754 1599 5823; x_wconf 81' lang='lat' dir='ltr'><strong>interpretatur</strong></span> <span class='ocrx_word' id='word_1_530' title='bbox 1618 5758 1748 5810; x_wconf 82' lang='lat' dir='ltr'><strong>sedit</strong></span> <span class='ocrx_word' id='word_1_531' title='bbox 1779 5759 1892 5813; x_wconf 88' lang='lat' dir='ltr'><strong>sive</strong></span> <span class='ocrx_word' id='word_1_532' title='bbox 1919 5759 2127 5826; x_wconf 84' lang='lat' dir='ltr'><strong>humus,</strong></span> 
     </span>
    </p>
   </div>
   <div class='ocr_carea' id='block_1_76' title="bbox 546 5843 2135 5923">
    <p class='ocr_par' dir='ltr' id='par_1_76' title="bbox 546 5843 2135 5923">
     <span class='ocr_line' id='line_1_76' title="bbox 546 5843 2135 5923; baseline 0.007 -25"><span class='ocrx_word' id='word_1_533' title='bbox 546 5843 675 5915; x_wconf 84' lang='lat' dir='ltr'><strong>quia</strong></span> <span class='ocrx_word' id='word_1_534' title='bbox 698 5844 915 5915; x_wconf 85' lang='lat' dir='ltr'><strong>quando</strong></span> <span class='ocrx_word' id='word_1_535' title='bbox 953 5860 1048 5902; x_wconf 89' lang='lat' dir='ltr'><strong>cor</strong></span> <span class='ocrx_word' id='word_1_536' title='bbox 1082 5845 1228 5902; x_wconf 89' lang='lat' dir='ltr'><strong>vitiis</strong></span> <span class='ocrx_word' id='word_1_537' title='bbox 1254 5855 1478 5902; x_wconf 88' lang='lat' dir='ltr'><strong>sanatur</strong></span> <span class='ocrx_word' id='word_1_538' title='bbox 1509 5855 1566 5904; x_wconf 87' lang='lat' dir='ltr'><strong>et</strong></span> <span class='ocrx_word' id='word_1_539' title='bbox 1609 5851 2005 5923; x_wconf 87' lang='lat' dir='ltr'><strong>compungitur,</strong></span> <span class='ocrx_word' id='word_1_540' title='bbox 2034 5852 2135 5909; x_wconf 94' lang='lat' dir='ltr'><strong>hu-</strong></span> 
     </span>
    </p>
   </div>
   <div class='ocr_carea' id='block_1_77' title="bbox 2232 1960 3774 2032">
    <p class='ocr_par' dir='ltr' id='par_1_77' title="bbox 2232 1960 3774 2032">
     <span class='ocr_line' id='line_1_77' title="bbox 2232 1960 3774 2032; baseline -0.001 -19"><span class='ocrx_word' id='word_1_541' title='bbox 2232 1960 2359 2014; x_wconf 84' lang='lat' dir='ltr'><strong>dum</strong></span> <span class='ocrx_word' id='word_1_542' title='bbox 2398 1960 2580 2016; x_wconf 88' lang='lat' dir='ltr'><strong>cordis</strong></span> <span class='ocrx_word' id='word_1_543' title='bbox 2626 1961 2710 2017; x_wconf 89' lang='lat' dir='ltr'><strong>sui</strong></span> <span class='ocrx_word' id='word_1_544' title='bbox 2770 1962 3091 2032; x_wconf 88' lang='lat' dir='ltr'><strong>nequitiam,</strong></span> <span class='ocrx_word' id='word_1_545' title='bbox 3140 1962 3473 2032; x_wconf 88' lang='lat' dir='ltr'><strong>depromunt</strong></span> <span class='ocrx_word' id='word_1_546' title='bbox 3519 1960 3774 2014; x_wconf 87' lang='lat' dir='ltr'><strong>falsitatem.</strong></span> 
     </span>
    </p>
   </div>
   <div class='ocr_carea' id='block_1_78' title="bbox 2226 2050 3775 2126">
    <p class='ocr_par' dir='ltr' id='par_1_78' title="bbox 2226 2050 3775 2126">
     <span class='ocr_line' id='line_1_78' title="bbox 2226 2050 3775 2126; baseline 0 -19"><span class='ocrx_word' id='word_1_547' title='bbox 2226 2050 2379 2108; x_wconf 85' lang='lat' dir='ltr'><strong>Unde</strong></span> <span class='ocrx_word' id='word_1_548' title='bbox 2406 2061 2459 2108; x_wconf 87' lang='lat' dir='ltr'><strong>et</strong></span> <span class='ocrx_word' id='word_1_549' title='bbox 2499 2053 2552 2108; x_wconf 92' lang='lat' dir='ltr'><strong>in</strong></span> <span class='ocrx_word' id='word_1_550' title='bbox 2594 2053 2710 2126; x_wconf 87' lang='lat' dir='ltr'><strong>lege</strong></span> <span class='ocrx_word' id='word_1_551' title='bbox 2740 2056 3017 2126; x_wconf 69' lang='lat' dir='ltr'><strong>prephetzc</strong></span> <span class='ocrx_word' id='word_1_552' title='bbox 3059 2054 3151 2124; x_wconf 90' lang='lat' dir='ltr'><strong>qui</strong></span> <span class='ocrx_word' id='word_1_553' title='bbox 3187 2069 3331 2110; x_wconf 86' lang='lat' dir='ltr'><strong>vana</strong></span> <span class='ocrx_word' id='word_1_554' title='bbox 3387 2052 3700 2109; x_wconf 87' lang='lat' dir='ltr'><strong>somniabant</strong></span> <span class='ocrx_word' id='word_1_555' title='bbox 3733 2062 3775 2107; x_wconf 83' lang='lat' dir='ltr'><strong>et</strong></span> 
     </span>
    </p>
   </div>
   <div class='ocr_carea' id='block_1_79' title="bbox 2226 2142 3776 2211">
    <p class='ocr_par' dir='ltr' id='par_1_79' title="bbox 2226 2142 3776 2211">
     <span class='ocr_line' id='line_1_79' title="bbox 2226 2142 3776 2211; baseline -0.001 -13"><span class='ocrx_word' id='word_1_556' title='bbox 2226 2142 2542 2198; x_wconf 89' lang='lat' dir='ltr'><strong>divinabant</strong></span> <span class='ocrx_word' id='word_1_557' title='bbox 2572 2144 2875 2211; x_wconf 89' lang='lat' dir='ltr'><strong>mendacia,</strong></span> <span class='ocrx_word' id='word_1_558' title='bbox 2906 2145 3200 2201; x_wconf 84' lang='lat' dir='ltr'><strong>secundum</strong></span> <span class='ocrx_word' id='word_1_559' title='bbox 3246 2144 3571 2201; x_wconf 82' lang='lat' dir='ltr'><strong>sententiam</strong></span> <span class='ocrx_word' id='word_1_560' title='bbox 3614 2142 3776 2197; x_wconf 87' lang='lat' dir='ltr'><strong>Domini</strong></span> 
     </span>
    </p>
   </div>
   <div class='ocr_carea' id='block_1_80' title="bbox 2226 2236 3777 2313">
    <p class='ocr_par' dir='ltr' id='par_1_80' title="bbox 2226 2236 3777 2313">
     <span class='ocr_line' id='line_1_80' title="bbox 2226 2236 3777 2313; baseline -0.002 -19"><span class='ocrx_word' id='word_1_561' title='bbox 2226 2240 2388 2294; x_wconf 85' lang='lat' dir='ltr'><strong>murti</strong></span> <span class='ocrx_word' id='word_1_562' title='bbox 2419 2238 2854 2309; x_wconf 85' lang='lat' dir='ltr'><strong>dijudicabantur</strong></span> <span class='ocrx_word' id='word_1_563' title='bbox 2880 2238 3383 2313; x_wconf 79' lang='lat' dir='ltr'><strong>[adjudicabantur]</strong></span> <span class='ocrx_word' id='word_1_564' title='bbox 3414 2257 3429 2305; x_wconf 91' lang='lat'><strong>;</strong></span> <span class='ocrx_word' id='word_1_565' title='bbox 3468 2236 3602 2310; x_wconf 91' lang='lat' dir='ltr'><strong>quod</strong></span> <span class='ocrx_word' id='word_1_566' title='bbox 3630 2237 3777 2293; x_wconf 77' lang='lat' dir='ltr'><strong>certis-</strong></span> 
     </span>
    </p>
   </div>
   <div class='ocr_carea' id='block_1_81' title="bbox 2227 2328 3775 2403">
    <p class='ocr_par' dir='ltr' id='par_1_81' title="bbox 2227 2328 3775 2403">
     <span class='ocr_line' id='line_1_81' title="bbox 2227 2328 3775 2403; baseline -0.005 -16"><span class='ocrx_word' id='word_1_567' title='bbox 2227 2332 2422 2387; x_wconf 87' lang='lat' dir='ltr'><strong>simum</strong></span> <span class='ocrx_word' id='word_1_568' title='bbox 2462 2340 2546 2388; x_wconf 90' lang='lat' dir='ltr'><strong>est</strong></span> <span class='ocrx_word' id='word_1_569' title='bbox 2572 2332 2843 2388; x_wconf 74' lang='lat' dir='ltr'><strong>bzereticis</strong></span> <span class='ocrx_word' id='word_1_570' title='bbox 2891 2334 3127 2401; x_wconf 88' lang='lat' dir='ltr'><strong>evenire,</strong></span> <span class='ocrx_word' id='word_1_571' title='bbox 3176 2334 3273 2403; x_wconf 91' lang='lat' dir='ltr'><strong>qui</strong></span> <span class='ocrx_word' id='word_1_572' title='bbox 3329 2348 3391 2387; x_wconf 91' lang='lat' dir='ltr'><strong>se</strong></span> <span class='ocrx_word' id='word_1_573' title='bbox 3420 2346 3516 2403; x_wconf 88' lang='lat' dir='ltr'><strong>per</strong></span> <span class='ocrx_word' id='word_1_574' title='bbox 3543 2328 3775 2383; x_wconf 82' lang='lat' dir='ltr'><strong>schismata</strong></span> 
     </span>
    </p>
   </div>
   <div class='ocr_carea' id='block_1_82' title="bbox 2227 2425 3774 2498">
    <p class='ocr_par' dir='ltr' id='par_1_82' title="bbox 2227 2425 3774 2498">
     <span class='ocr_line' id='line_1_82' title="bbox 2227 2425 3774 2498; baseline -0.004 -17"><span class='ocrx_word' id='word_1_575' title='bbox 2227 2436 2282 2481; x_wconf 92' lang='lat' dir='ltr'><strong>et</strong></span> <span class='ocrx_word' id='word_1_576' title='bbox 2310 2434 2487 2482; x_wconf 88' lang='lat' dir='ltr'><strong>sectas</strong></span> <span class='ocrx_word' id='word_1_577' title='bbox 2538 2425 2769 2481; x_wconf 82' lang='lat' dir='ltr'><strong>inutiles</strong></span> <span class='ocrx_word' id='word_1_578' title='bbox 2804 2434 3061 2498; x_wconf 87' lang='lat' dir='ltr'><strong>separant</strong></span> <span class='ocrx_word' id='word_1_579' title='bbox 3104 2441 3133 2481; x_wconf 90' lang='lat' dir='ltr'><strong>a</strong></span> <span class='ocrx_word' id='word_1_580' title='bbox 3171 2425 3307 2492; x_wconf 87' lang='lat' dir='ltr'><strong>Deo,</strong></span> <span class='ocrx_word' id='word_1_581' title='bbox 3362 2432 3419 2480; x_wconf 90' lang='lat' dir='ltr'><strong>et</strong></span> <span class='ocrx_word' id='word_1_582' title='bbox 3462 2438 3557 2494; x_wconf 89' lang='lat' dir='ltr'><strong>per</strong></span> <span class='ocrx_word' id='word_1_583' title='bbox 3587 2431 3774 2475; x_wconf 82' lang='lat' dir='ltr'><strong>errorem</strong></span> 
     </span>
    </p>
   </div>
   <div class='ocr_carea' id='block_1_83' title="bbox 2228 2516 3444 2593">
    <p class='ocr_par' dir='ltr' id='par_1_83' title="bbox 2228 2516 3444 2593">
     <span class='ocr_line' id='line_1_83' title="bbox 2228 2516 3444 2593; baseline -0.005 -16"><span class='ocrx_word' id='word_1_584' title='bbox 2228 2530 2389 2592; x_wconf 90' lang='lat' dir='ltr'><strong>atque</strong></span> <span class='ocrx_word' id='word_1_585' title='bbox 2414 2520 2807 2591; x_wconf 88' lang='lat' dir='ltr'><strong>blasphemiam</strong></span> <span class='ocrx_word' id='word_1_586' title='bbox 2838 2518 3175 2593; x_wconf 85' lang='lat' dir='ltr'><strong>conjungunt</strong></span> <span class='ocrx_word' id='word_1_587' title='bbox 3201 2516 3444 2574; x_wconf 88' lang='lat' dir='ltr'><strong>diabolo.</strong></span> 
     </span>
    </p>
   </div>
   <div class='ocr_carea' id='block_1_84' title="bbox 2300 2605 3774 2683">
    <p class='ocr_par' dir='ltr' id='par_1_84' title="bbox 2300 2605 3774 2683">
     <span class='ocr_line' id='line_1_84' title="bbox 2300 2605 3774 2683; baseline -0.005 -16"><span class='ocrx_word' id='word_1_588' title='bbox 2300 2605 2371 2667; x_wconf 83' lang='lat' dir='ltr'><strong>Et</strong></span> <span class='ocrx_word' id='word_1_589' title='bbox 2392 2614 2627 2669; x_wconf 74' lang='lat' dir='ltr'><strong>exierunt</strong></span> <span class='ocrx_word' id='word_1_590' title='bbox 2654 2612 2756 2683; x_wconf 81' lang='lat' dir='ltr'><strong>ﬁlii</strong></span> <span class='ocrx_word' id='word_1_591' title='bbox 2791 2611 3000 2667; x_wconf 82' lang='lat' dir='ltr'><strong>Jambri</strong></span> <span class='ocrx_word' id='word_1_592' title='bbox 3026 2628 3090 2667; x_wconf 80' lang='lat' dir='ltr'><strong>ea:</strong></span> <span class='ocrx_word' id='word_1_593' title='bbox 3131 2611 3387 2673; x_wconf 79' lang='lat' dir='ltr'><strong>Madaba,</strong></span> <span class='ocrx_word' id='word_1_594' title='bbox 3418 2618 3465 2664; x_wconf 82' lang='lat' dir='ltr'><strong>et</strong></span> <span class='ocrx_word' id='word_1_595' title='bbox 3504 2606 3774 2674; x_wconf 69' lang='lat' dir='ltr'><strong>comprehcn-</strong></span> 
     </span>
    </p>
   </div>
   <div class='ocr_carea' id='block_1_85' title="bbox 2229 2692 3774 2774">
    <p class='ocr_par' dir='ltr' id='par_1_85' title="bbox 2229 2692 3774 2774">
     <span class='ocr_line' id='line_1_85' title="bbox 2229 2692 3774 2774; baseline -0.006 -16"><span class='ocrx_word' id='word_1_596' title='bbox 2229 2703 2418 2758; x_wconf 85' lang='lat' dir='ltr'><strong>derunt</strong></span> <span class='ocrx_word' id='word_1_597' title='bbox 2465 2702 2728 2758; x_wconf 78' lang='lat' dir='ltr'><strong>Joannem</strong></span> <span class='ocrx_word' id='word_1_598' title='bbox 2774 2712 2821 2757; x_wconf 90' lang='lat' dir='ltr'><strong>et</strong></span> <span class='ocrx_word' id='word_1_599' title='bbox 2862 2704 3038 2758; x_wconf 86' lang='lat' dir='ltr'><strong>omnia</strong></span> <span class='ocrx_word' id='word_1_600' title='bbox 3076 2718 3193 2774; x_wconf 78' lang='lat' dir='ltr'><strong>qua:</strong></span> <span class='ocrx_word' id='word_1_601' title='bbox 3242 2700 3490 2766; x_wconf 80' lang='lat' dir='ltr'><strong>habebat,</strong></span> <span class='ocrx_word' id='word_1_602' title='bbox 3546 2706 3639 2753; x_wconf 90' lang='lat' dir='ltr'><strong>etc.</strong></span> <span class='ocrx_word' id='word_1_603' title='bbox 3674 2692 3774 2763; x_wconf 84' lang='lat' dir='ltr'><strong>Quid</strong></span> 
     </span>
    </p>
   </div>
   <div class='ocr_carea' id='block_1_86' title="bbox 2227 2789 3771 2866">
    <p class='ocr_par' dir='ltr' id='par_1_86' title="bbox 2227 2789 3771 2866">
     <span class='ocr_line' id='line_1_86' title="bbox 2227 2789 3771 2866; baseline -0.006 -16"><span class='ocrx_word' id='word_1_604' title='bbox 2227 2809 2327 2866; x_wconf 87' lang='lat' dir='ltr'><strong>per</strong></span> <span class='ocrx_word' id='word_1_605' title='bbox 2367 2793 2503 2849; x_wconf 89' lang='lat' dir='ltr'><strong>filios</strong></span> <span class='ocrx_word' id='word_1_606' title='bbox 2546 2793 2753 2849; x_wconf 88' lang='lat' dir='ltr'><strong>Jambri</strong></span> <span class='ocrx_word' id='word_1_607' title='bbox 2802 2794 2906 2850; x_wconf 89' lang='lat' dir='ltr'><strong>nisi</strong></span> <span class='ocrx_word' id='word_1_608' title='bbox 2950 2794 3255 2865; x_wconf 87' lang='lat' dir='ltr'><strong>voiuptuosi</strong></span> <span class='ocrx_word' id='word_1_609' title='bbox 3311 2793 3470 2849; x_wconf 90' lang='lat' dir='ltr'><strong>istius</strong></span> <span class='ocrx_word' id='word_1_610' title='bbox 3515 2789 3676 2845; x_wconf 86' lang='lat' dir='ltr'><strong>mundi</strong></span> <span class='ocrx_word' id='word_1_611' title='bbox 3702 2802 3771 2841; x_wconf 71' lang='lat' dir='ltr'><strong>cs-</strong></span> 
     </span>
    </p>
   </div>
   <div class='ocr_carea' id='block_1_87' title="bbox 2229 2878 3771 2957">
    <p class='ocr_par' dir='ltr' id='par_1_87' title="bbox 2229 2878 3771 2957">
     <span class='ocr_line' id='line_1_87' title="bbox 2229 2878 3771 2957; baseline -0.005 -17"><span class='ocrx_word' id='word_1_612' title='bbox 2229 2885 2558 2957; x_wconf 83' lang='lat' dir='ltr'><strong>priniuntur,</strong></span> <span class='ocrx_word' id='word_1_613' title='bbox 2588 2886 2680 2956; x_wconf 89' lang='lat' dir='ltr'><strong>qui</strong></span> <span class='ocrx_word' id='word_1_614' title='bbox 2721 2887 2872 2942; x_wconf 81' lang='lat' dir='ltr'><strong>exire</strong></span> <span class='ocrx_word' id='word_1_615' title='bbox 2915 2902 2981 2943; x_wconf 82' lang='lat' dir='ltr'><strong>ex</strong></span> <span class='ocrx_word' id='word_1_616' title='bbox 3028 2886 3278 2952; x_wconf 80' lang='lat' dir='ltr'><strong>Madaba,</strong></span> <span class='ocrx_word' id='word_1_617' title='bbox 3308 2886 3414 2943; x_wconf 92' lang='lat' dir='ltr'><strong>hoc</strong></span> <span class='ocrx_word' id='word_1_618' title='bbox 3446 2893 3547 2949; x_wconf 92' lang='lat' dir='ltr'><strong>est,</strong></span> <span class='ocrx_word' id='word_1_619' title='bbox 3574 2898 3634 2937; x_wconf 78' lang='lat' dir='ltr'><strong>ex</strong></span> <span class='ocrx_word' id='word_1_620' title='bbox 3665 2878 3771 2935; x_wconf 81' lang='lat' dir='ltr'><strong>nati-</strong></span> 
     </span>
    </p>
   </div>
   <div class='ocr_carea' id='block_1_88' title="bbox 2230 2976 3772 3054">
    <p class='ocr_par' dir='ltr' id='par_1_88' title="bbox 2230 2976 3772 3054">
     <span class='ocr_line' id='line_1_88' title="bbox 2230 2976 3772 3054; baseline -0.006 -20"><span class='ocrx_word' id='word_1_621' title='bbox 2230 2979 2400 3035; x_wconf 85' lang='lat' dir='ltr'><strong>vitate</strong></span> <span class='ocrx_word' id='word_1_622' title='bbox 2428 2979 2641 3035; x_wconf 89' lang='lat' dir='ltr'><strong>Domini</strong></span> <span class='ocrx_word' id='word_1_623' title='bbox 2671 2978 2996 3054; x_wconf 88' lang='lat' dir='ltr'><strong>[dicuntur],</strong></span> <span class='ocrx_word' id='word_1_624' title='bbox 3032 2996 3158 3036; x_wconf 92' lang='lat' dir='ltr'><strong>cum</strong></span> <span class='ocrx_word' id='word_1_625' title='bbox 3188 2976 3665 3051; x_wconf 84' lang='lat' dir='ltr'><strong>concupiscentiam</strong></span> <span class='ocrx_word' id='word_1_626' title='bbox 3686 2987 3772 3027; x_wconf 83' lang='lat' dir='ltr'><strong>car-</strong></span> 
     </span>
    </p>
   </div>
   <div class='ocr_carea' id='block_1_89' title="bbox 2232 3071 3772 3145">
    <p class='ocr_par' dir='ltr' id='par_1_89' title="bbox 2232 3071 3772 3145">
     <span class='ocr_line' id='line_1_89' title="bbox 2232 3071 3772 3145; baseline -0.006 -18"><span class='ocrx_word' id='word_1_627' title='bbox 2232 3072 2429 3139; x_wconf 88' lang='lat' dir='ltr'><strong>nalem,</strong></span> <span class='ocrx_word' id='word_1_628' title='bbox 2459 3086 2622 3144; x_wconf 89' lang='lat' dir='ltr'><strong>quam</strong></span> <span class='ocrx_word' id='word_1_629' title='bbox 2649 3072 2984 3145; x_wconf 88' lang='lat' dir='ltr'><strong>originaliter</strong></span> <span class='ocrx_word' id='word_1_630' title='bbox 3025 3088 3090 3130; x_wconf 80' lang='lat' dir='ltr'><strong>ex</strong></span> <span class='ocrx_word' id='word_1_631' title='bbox 3142 3082 3301 3145; x_wconf 89' lang='lat' dir='ltr'><strong>parte</strong></span> <span class='ocrx_word' id='word_1_632' title='bbox 3339 3071 3516 3128; x_wconf 88' lang='lat' dir='ltr'><strong>carnis</strong></span> <span class='ocrx_word' id='word_1_633' title='bbox 3542 3077 3772 3124; x_wconf 80' lang='lat' dir='ltr'><strong>contraxe-</strong></span> 
     </span>
    </p>
   </div>
   <div class='ocr_carea' id='block_1_90' title="bbox 2235 3155 3768 3236">
    <p class='ocr_par' dir='ltr' id='par_1_90' title="bbox 2235 3155 3768 3236">
     <span class='ocr_line' id='line_1_90' title="bbox 2235 3155 3768 3236; baseline -0.006 -17"><span class='ocrx_word' id='word_1_634' title='bbox 2235 3173 2362 3220; x_wconf 89' lang='lat' dir='ltr'><strong>runt</strong></span> <span class='ocrx_word' id='word_1_635' title='bbox 2428 3164 2545 3221; x_wconf 91' lang='lat' dir='ltr'><strong>sine</strong></span> <span class='ocrx_word' id='word_1_636' title='bbox 2599 3166 3000 3236; x_wconf 88' lang='lat' dir='ltr'><strong>permutatione</strong></span> <span class='ocrx_word' id='word_1_637' title='bbox 3060 3166 3285 3221; x_wconf 86' lang='lat' dir='ltr'><strong>visitare</strong></span> <span class='ocrx_word' id='word_1_638' title='bbox 3338 3159 3679 3220; x_wconf 84' lang='lat' dir='ltr'><strong>contendunt?</strong></span> <span class='ocrx_word' id='word_1_639' title='bbox 3722 3155 3768 3211; x_wconf 83' lang='lat' dir='ltr'><strong>iii</strong></span> 
     </span>
    </p>
   </div>
   <div class='ocr_carea' id='block_1_91' title="bbox 2234 3251 3770 3329">
    <p class='ocr_par' dir='ltr' id='par_1_91' title="bbox 2234 3251 3770 3329">
     <span class='ocr_line' id='line_1_91' title="bbox 2234 3251 3770 3329; baseline -0.008 -15"><span class='ocrx_word' id='word_1_640' title='bbox 2234 3273 2363 3328; x_wconf 86' lang='lat' dir='ltr'><strong>ergo</strong></span> <span class='ocrx_word' id='word_1_641' title='bbox 2383 3259 2848 3328; x_wconf 89' lang='lat' dir='ltr'><strong>comprehendunt</strong></span> <span class='ocrx_word' id='word_1_642' title='bbox 2876 3256 3137 3316; x_wconf 84' lang='lat' dir='ltr'><strong>Joannem</strong></span> <span class='ocrx_word' id='word_1_643' title='bbox 3161 3269 3217 3315; x_wconf 91' lang='lat' dir='ltr'><strong>et</strong></span> <span class='ocrx_word' id='word_1_644' title='bbox 3241 3260 3426 3315; x_wconf 88' lang='lat' dir='ltr'><strong>omnia</strong></span> <span class='ocrx_word' id='word_1_645' title='bbox 3456 3272 3568 3329; x_wconf 76' lang='lat' dir='ltr'><strong>qua:</strong></span> <span class='ocrx_word' id='word_1_646' title='bbox 3594 3251 3770 3309; x_wconf 72' lang='lat' dir='ltr'><strong>habebat</strong></span> 
     </span>
    </p>
   </div>
   <div class='ocr_carea' id='block_1_92' title="bbox 2233 3341 3767 3424">
    <p class='ocr_par' dir='ltr' id='par_1_92' title="bbox 2233 3341 3767 3424">
     <span class='ocr_line' id='line_1_92' title="bbox 2233 3341 3767 3424; baseline -0.007 -17"><span class='ocrx_word' id='word_1_647' title='bbox 2233 3360 2287 3407; x_wconf 88' lang='lat' dir='ltr'><strong>et</strong></span> <span class='ocrx_word' id='word_1_648' title='bbox 2316 3350 2565 3407; x_wconf 89' lang='lat' dir='ltr'><strong>abierunt</strong></span> <span class='ocrx_word' id='word_1_649' title='bbox 2594 3349 2856 3406; x_wconf 89' lang='lat' dir='ltr'><strong>habentes</strong></span> <span class='ocrx_word' id='word_1_650' title='bbox 2896 3366 2982 3419; x_wconf 90' lang='lat' dir='ltr'><strong>ea,</strong></span> <span class='ocrx_word' id='word_1_651' title='bbox 3014 3368 3137 3409; x_wconf 90' lang='lat' dir='ltr'><strong>cum</strong></span> <span class='ocrx_word' id='word_1_652' title='bbox 3185 3352 3424 3424; x_wconf 89' lang='lat' dir='ltr'><strong>aliquem</strong></span> <span class='ocrx_word' id='word_1_653' title='bbox 3453 3349 3517 3404; x_wconf 90' lang='lat' dir='ltr'><strong>de</strong></span> <span class='ocrx_word' id='word_1_654' title='bbox 3560 3345 3666 3401; x_wconf 88' lang='lat' dir='ltr'><strong>filiis</strong></span> <span class='ocrx_word' id='word_1_655' title='bbox 3695 3341 3767 3396; x_wconf 84' lang='lat' dir='ltr'><strong>Ec-</strong></span> 
     </span>
    </p>
   </div>
   <div class='ocr_carea' id='block_1_93' title="bbox 2234 3436 3769 3515">
    <p class='ocr_par' dir='ltr' id='par_1_93' title="bbox 2234 3436 3769 3515">
     <span class='ocr_line' id='line_1_93' title="bbox 2234 3436 3769 3515; baseline -0.008 -16"><span class='ocrx_word' id='word_1_656' title='bbox 2234 3442 2788 3515; x_wconf 76' lang='lat' dir='ltr'><strong>clesiaebaptismatis</strong></span> <span class='ocrx_word' id='word_1_657' title='bbox 2815 3445 2957 3499; x_wconf 87' lang='lat' dir='ltr'><strong>unda</strong></span> <span class='ocrx_word' id='word_1_658' title='bbox 2978 3444 3240 3511; x_wconf 89' lang='lat' dir='ltr'><strong>ablutum,</strong></span> <span class='ocrx_word' id='word_1_659' title='bbox 3280 3453 3339 3501; x_wconf 89' lang='lat' dir='ltr'><strong>et</strong></span> <span class='ocrx_word' id='word_1_660' title='bbox 3361 3439 3529 3515; x_wconf 86' lang='lat' dir='ltr'><strong>gratia</strong></span> <span class='ocrx_word' id='word_1_661' title='bbox 3555 3436 3636 3492; x_wconf 90' lang='lat' dir='ltr'><strong>Dei</strong></span> <span class='ocrx_word' id='word_1_662' title='bbox 3654 3446 3769 3488; x_wconf 81' lang='lat' dir='ltr'><strong>reua—</strong></span> 
     </span>
    </p>
   </div>
   <div class='ocr_carea' id='block_1_94' title="bbox 2234 3522 3764 3607">
    <p class='ocr_par' dir='ltr' id='par_1_94' title="bbox 2234 3522 3764 3607">
     <span class='ocr_line' id='line_1_94' title="bbox 2234 3522 3764 3607; baseline -0.012 -15"><span class='ocrx_word' id='word_1_663' title='bbox 2234 3546 2371 3603; x_wconf 92' lang='lat' dir='ltr'><strong>tum,</strong></span> <span class='ocrx_word' id='word_1_664' title='bbox 2401 3552 2500 3607; x_wconf 92' lang='lat' dir='ltr'><strong>per</strong></span> <span class='ocrx_word' id='word_1_665' title='bbox 2524 3534 2709 3591; x_wconf 89' lang='lat' dir='ltr'><strong>illicita</strong></span> <span class='ocrx_word' id='word_1_666' title='bbox 2739 3536 3009 3592; x_wconf 86' lang='lat' dir='ltr'><strong>desideria</strong></span> <span class='ocrx_word' id='word_1_667' title='bbox 3059 3537 3126 3592; x_wconf 90' lang='lat' dir='ltr'><strong>ad</strong></span> <span class='ocrx_word' id='word_1_668' title='bbox 3165 3550 3226 3592; x_wconf 91' lang='lat' dir='ltr'><strong>se</strong></span> <span class='ocrx_word' id='word_1_669' title='bbox 3268 3535 3502 3605; x_wconf 89' lang='lat' dir='ltr'><strong>rapiunt,</strong></span> <span class='ocrx_word' id='word_1_670' title='bbox 3546 3536 3595 3585; x_wconf 89' lang='lat' dir='ltr'><strong>et</strong></span> <span class='ocrx_word' id='word_1_671' title='bbox 3635 3522 3764 3580; x_wconf 81' lang='lat' dir='ltr'><strong>studia</strong></span> 
     </span>
    </p>
   </div>
   <div class='ocr_carea' id='block_1_95' title="bbox 2233 3617 3767 3702">
    <p class='ocr_par' dir='ltr' id='par_1_95' title="bbox 2233 3617 3767 3702">
     <span class='ocr_line' id='line_1_95' title="bbox 2233 3617 3767 3702; baseline -0.01 -16"><span class='ocrx_word' id='word_1_672' title='bbox 2233 3630 2376 3686; x_wconf 90' lang='lat' dir='ltr'><strong>bona</strong></span> <span class='ocrx_word' id='word_1_673' title='bbox 2404 3629 2600 3702; x_wconf 90' lang='lat' dir='ltr'><strong>quibus</strong></span> <span class='ocrx_word' id='word_1_674' title='bbox 2634 3629 2900 3686; x_wconf 88' lang='lat' dir='ltr'><strong>militabat</strong></span> <span class='ocrx_word' id='word_1_675' title='bbox 2952 3631 3083 3697; x_wconf 92' lang='lat' dir='ltr'><strong>Deo,</strong></span> <span class='ocrx_word' id='word_1_676' title='bbox 3119 3634 3515 3701; x_wconf 86' lang='lat' dir='ltr'><strong>pervertentes,</strong></span> <span class='ocrx_word' id='word_1_677' title='bbox 3554 3620 3614 3677; x_wconf 88' lang='lat' dir='ltr'><strong>ad</strong></span> <span class='ocrx_word' id='word_1_678' title='bbox 3634 3617 3767 3673; x_wconf 86' lang='lat' dir='ltr'><strong>illece-</strong></span> 
     </span>
    </p>
   </div>
   <div class='ocr_carea' id='block_1_96' title="bbox 2233 3710 3763 3795">
    <p class='ocr_par' dir='ltr' id='par_1_96' title="bbox 2233 3710 3763 3795">
     <span class='ocr_line' id='line_1_96' title="bbox 2233 3710 3763 3795; baseline -0.011 -18"><span class='ocrx_word' id='word_1_679' title='bbox 2233 3720 2361 3778; x_wconf 90' lang='lat' dir='ltr'><strong>bras</strong></span> <span class='ocrx_word' id='word_1_680' title='bbox 2392 3721 2730 3792; x_wconf 89' lang='lat' dir='ltr'><strong>voluptatum</strong></span> <span class='ocrx_word' id='word_1_681' title='bbox 2756 3730 3094 3795; x_wconf 87' lang='lat' dir='ltr'><strong>pervertunt.</strong></span> <span class='ocrx_word' id='word_1_682' title='bbox 3126 3720 3233 3778; x_wconf 88' lang='lat' dir='ltr'><strong>Sed</strong></span> <span class='ocrx_word' id='word_1_683' title='bbox 3252 3718 3513 3777; x_wconf 85' lang='lat' dir='ltr'><strong>Jonathas</strong></span> <span class='ocrx_word' id='word_1_684' title='bbox 3537 3721 3587 3770; x_wconf 92' lang='lat' dir='ltr'><strong>et</strong></span> <span class='ocrx_word' id='word_1_685' title='bbox 3626 3710 3763 3765; x_wconf 78' lang='lat' dir='ltr'><strong>Simon</strong></span> 
     </span>
    </p>
   </div>
   <div class='ocr_carea' id='block_1_97' title="bbox 2233 3799 3764 3885">
    <p class='ocr_par' dir='ltr' id='par_1_97' title="bbox 2233 3799 3764 3885">
     <span class='ocr_line' id='line_1_97' title="bbox 2233 3799 3764 3885; baseline -0.008 -19"><span class='ocrx_word' id='word_1_686' title='bbox 2233 3813 2420 3871; x_wconf 91' lang='lat' dir='ltr'><strong>ulcisci</strong></span> <span class='ocrx_word' id='word_1_687' title='bbox 2442 3828 2506 3870; x_wconf 90' lang='lat' dir='ltr'><strong>ea</strong></span> <span class='ocrx_word' id='word_1_688' title='bbox 2542 3815 2840 3885; x_wconf 89' lang='lat' dir='ltr'><strong>cupientes,</strong></span> <span class='ocrx_word' id='word_1_689' title='bbox 2880 3829 3138 3885; x_wconf 90' lang='lat' dir='ltr'><strong>sponsum</strong></span> <span class='ocrx_word' id='word_1_690' title='bbox 3167 3814 3260 3884; x_wconf 81' lang='lat' dir='ltr'><strong>qui</strong></span> <span class='ocrx_word' id='word_1_691' title='bbox 3306 3811 3458 3868; x_wconf 77' lang='lat' dir='ltr'><strong>duxit</strong></span> <span class='ocrx_word' id='word_1_692' title='bbox 3479 3807 3628 3880; x_wconf 75' lang='lat' dir='ltr'><strong>ﬁliam</strong></span> <span class='ocrx_word' id='word_1_693' title='bbox 3651 3799 3764 3857; x_wconf 71' lang='lat' dir='ltr'><strong>unius</strong></span> 
     </span>
    </p>
   </div>
   <div class='ocr_carea' id='block_1_98' title="bbox 2235 3900 3757 3977">
    <p class='ocr_par' dir='ltr' id='par_1_98' title="bbox 2235 3900 3757 3977">
     <span class='ocr_line' id='line_1_98' title="bbox 2235 3900 3757 3977; baseline -0.003 -19"><span class='ocrx_word' id='word_1_694' title='bbox 2235 3902 2301 3959; x_wconf 90' lang='lat' dir='ltr'><strong>de</strong></span> <span class='ocrx_word' id='word_1_695' title='bbox 2322 3904 2527 3977; x_wconf 83' lang='lat' dir='ltr'><strong>magnis</strong></span> <span class='ocrx_word' id='word_1_696' title='bbox 2561 3904 2885 3977; x_wconf 84' lang='lat' dir='ltr'><strong>principibus</strong></span> <span class='ocrx_word' id='word_1_697' title='bbox 2923 3904 3180 3961; x_wconf 83' lang='lat' dir='ltr'><strong>Chanaan</strong></span> <span class='ocrx_word' id='word_1_698' title='bbox 3204 3905 3259 3959; x_wconf 88' lang='lat' dir='ltr'><strong>in</strong></span> <span class='ocrx_word' id='word_1_699' title='bbox 3286 3900 3560 3959; x_wconf 86' lang='lat' dir='ltr'><strong>ambitione</strong></span> <span class='ocrx_word' id='word_1_700' title='bbox 3593 3905 3757 3964; x_wconf 62' lang='lat' dir='ltr'><strong>mag&quot;.</strong></span> 
     </span>
    </p>
   </div>
   <div class='ocr_carea' id='block_1_99' title="bbox 2235 3985 3761 4068">
    <p class='ocr_par' dir='ltr' id='par_1_99' title="bbox 2235 3985 3761 4068">
     <span class='ocr_line' id='line_1_99' title="bbox 2235 3985 3761 4068; baseline -0.013 -15"><span class='ocrx_word' id='word_1_701' title='bbox 2235 4012 2360 4053; x_wconf 93' lang='lat' dir='ltr'><strong>cum</strong></span> <span class='ocrx_word' id='word_1_702' title='bbox 2384 3998 2533 4053; x_wconf 89' lang='lat' dir='ltr'><strong>omni</strong></span> <span class='ocrx_word' id='word_1_703' title='bbox 2562 4012 2660 4053; x_wconf 91' lang='lat' dir='ltr'><strong>suo</strong></span> <span class='ocrx_word' id='word_1_704' title='bbox 2688 4005 2949 4068; x_wconf 89' lang='lat' dir='ltr'><strong>apparatu</strong></span> <span class='ocrx_word' id='word_1_705' title='bbox 2975 4005 3031 4052; x_wconf 92' lang='lat' dir='ltr'><strong>et</strong></span> <span class='ocrx_word' id='word_1_706' title='bbox 3065 3996 3256 4053; x_wconf 90' lang='lat' dir='ltr'><strong>amicis</strong></span> <span class='ocrx_word' id='word_1_707' title='bbox 3301 3995 3417 4052; x_wconf 87' lang='lat' dir='ltr'><strong>suis</strong></span> <span class='ocrx_word' id='word_1_708' title='bbox 3460 3985 3688 4048; x_wconf 82' lang='lat' dir='ltr'><strong>subvertit</strong></span> <span class='ocrx_word' id='word_1_709' title='bbox 3704 3988 3761 4034; x_wconf 77' lang='lat' dir='ltr'><strong>at-</strong></span> 
     </span>
    </p>
   </div>
   <div class='ocr_carea' id='block_1_100' title="bbox 2236 4081 3759 4160">
    <p class='ocr_par' dir='ltr' id='par_1_100' title="bbox 2236 4081 3759 4160">
     <span class='ocr_line' id='line_1_100' title="bbox 2236 4081 3759 4160; baseline -0.005 -17"><span class='ocrx_word' id='word_1_710' title='bbox 2236 4103 2344 4160; x_wconf 88' lang='lat' dir='ltr'><strong>que</strong></span> <span class='ocrx_word' id='word_1_711' title='bbox 2367 4081 2602 4146; x_wconf 88' lang='lat' dir='ltr'><strong>occidit:</strong></span> <span class='ocrx_word' id='word_1_712' title='bbox 2642 4089 2857 4160; x_wconf 89' lang='lat' dir='ltr'><strong>quando</strong></span> <span class='ocrx_word' id='word_1_713' title='bbox 2886 4089 3136 4145; x_wconf 91' lang='lat' dir='ltr'><strong>doctores</strong></span> <span class='ocrx_word' id='word_1_714' title='bbox 3183 4088 3362 4145; x_wconf 90' lang='lat' dir='ltr'><strong>sancti</strong></span> <span class='ocrx_word' id='word_1_715' title='bbox 3401 4085 3592 4155; x_wconf 86' lang='lat' dir='ltr'><strong>aliquos</strong></span> <span class='ocrx_word' id='word_1_716' title='bbox 3622 4085 3759 4132; x_wconf 78' lang='lat' dir='ltr'><strong>eorum</strong></span> 
     </span>
    </p>
   </div>
   <div class='ocr_carea' id='block_1_101' title="bbox 2236 4166 3758 4253">
    <p class='ocr_par' dir='ltr' id='par_1_101' title="bbox 2236 4166 3758 4253">
     <span class='ocr_line' id='line_1_101' title="bbox 2236 4166 3758 4253; baseline -0.011 -18"><span class='ocrx_word' id='word_1_717' title='bbox 2236 4194 2374 4251; x_wconf 86' lang='lat' dir='ltr'><strong>quos</strong></span> <span class='ocrx_word' id='word_1_718' title='bbox 2411 4188 2524 4237; x_wconf 75' lang='lat' dir='ltr'><strong>tota</strong></span> <span class='ocrx_word' id='word_1_719' title='bbox 2566 4180 2687 4236; x_wconf 91' lang='lat' dir='ltr'><strong>nisu</strong></span> <span class='ocrx_word' id='word_1_720' title='bbox 2727 4180 3065 4253; x_wconf 90' lang='lat' dir='ltr'><strong>conspiciunt</strong></span> <span class='ocrx_word' id='word_1_721' title='bbox 3108 4180 3471 4251; x_wconf 86' lang='lat' dir='ltr'><strong>voluptatibus</strong></span> <span class='ocrx_word' id='word_1_722' title='bbox 3511 4168 3665 4230; x_wconf 88' lang='lat' dir='ltr'><strong>mundi</strong></span> <span class='ocrx_word' id='word_1_723' title='bbox 3702 4166 3758 4220; x_wconf 86' lang='lat' dir='ltr'><strong>in-</strong></span> 
     </span>
    </p>
   </div>
   <div class='ocr_carea' id='block_1_102' title="bbox 2238 4265 3756 4347">
    <p class='ocr_par' dir='ltr' id='par_1_102' title="bbox 2238 4265 3756 4347">
     <span class='ocr_line' id='line_1_102' title="bbox 2238 4265 3756 4347; baseline 0 -19"><span class='ocrx_word' id='word_1_724' title='bbox 2238 4273 2392 4328; x_wconf 91' lang='lat' dir='ltr'><strong>hiare</strong></span> <span class='ocrx_word' id='word_1_725' title='bbox 2418 4282 2476 4329; x_wconf 90' lang='lat' dir='ltr'><strong>et</strong></span> <span class='ocrx_word' id='word_1_726' title='bbox 2494 4276 2563 4331; x_wconf 89' lang='lat' dir='ltr'><strong>ad</strong></span> <span class='ocrx_word' id='word_1_727' title='bbox 2594 4274 2865 4330; x_wconf 82' lang='lat' dir='ltr'><strong>luxuriam</strong></span> <span class='ocrx_word' id='word_1_728' title='bbox 2896 4274 3165 4346; x_wconf 89' lang='lat' dir='ltr'><strong>proclives</strong></span> <span class='ocrx_word' id='word_1_729' title='bbox 3189 4290 3308 4331; x_wconf 90' lang='lat' dir='ltr'><strong>esse</strong></span> <span class='ocrx_word' id='word_1_730' title='bbox 3336 4273 3544 4347; x_wconf 87' lang='lat' dir='ltr'><strong>(quibus</strong></span> <span class='ocrx_word' id='word_1_731' title='bbox 3565 4265 3756 4339; x_wconf 65' lang='lat' dir='ltr'><strong>primi)5</strong></span> 
     </span>
    </p>
   </div>
   <div class='ocr_carea' id='block_1_103' title="bbox 2235 4350 3754 4439">
    <p class='ocr_par' dir='ltr' id='par_1_103' title="bbox 2235 4350 3754 4439">
     <span class='ocr_line' id='line_1_103' title="bbox 2235 4350 3754 4439; baseline -0.018 0"><span class='ocrx_word' id='word_1_732' title='bbox 2235 4366 2397 4437; x_wconf 79' lang='lat' dir='ltr'><strong>huius</strong></span> <span class='ocrx_word' id='word_1_733' title='bbox 2439 4367 2619 4423; x_wconf 75' lang='lat' dir='ltr'><strong>saeculi</strong></span> <span class='ocrx_word' id='word_1_734' title='bbox 2669 4367 2735 4422; x_wconf 88' lang='lat' dir='ltr'><strong>ad</strong></span> <span class='ocrx_word' id='word_1_735' title='bbox 2785 4367 3162 4439; x_wconf 82' lang='lat' dir='ltr'><strong>decipiendum</strong></span> <span class='ocrx_word' id='word_1_736' title='bbox 3207 4367 3458 4423; x_wconf 88' lang='lat' dir='ltr'><strong>ardentes</strong></span> <span class='ocrx_word' id='word_1_737' title='bbox 3502 4368 3679 4433; x_wconf 85' lang='lat' dir='ltr'><strong>quoque</strong></span> <span class='ocrx_word' id='word_1_738' title='bbox 3717 4350 3754 4403; x_wconf 84' lang='lat' dir='ltr'><strong>iu</strong></span> 
     </span>
    </p>
   </div>
   <div class='ocr_carea' id='block_1_104' title="bbox 2236 4455 3751 4529">
    <p class='ocr_par' dir='ltr' id='par_1_104' title="bbox 2236 4455 3751 4529">
     <span class='ocr_line' id='line_1_104' title="bbox 2236 4455 3751 4529; baseline -0.008 -17"><span class='ocrx_word' id='word_1_739' title='bbox 2236 4457 2673 4528; x_wconf 86' lang='lat' dir='ltr'><strong>concupiscentia</strong></span> <span class='ocrx_word' id='word_1_740' title='bbox 2703 4459 2885 4514; x_wconf 92' lang='lat' dir='ltr'><strong>carnis</strong></span> <span class='ocrx_word' id='word_1_741' title='bbox 2919 4458 3176 4529; x_wconf 90' lang='lat' dir='ltr'><strong>proponit</strong></span> <span class='ocrx_word' id='word_1_742' title='bbox 3218 4457 3289 4514; x_wconf 88' lang='lat' dir='ltr'><strong>ad</strong></span> <span class='ocrx_word' id='word_1_743' title='bbox 3319 4458 3611 4515; x_wconf 87' lang='lat' dir='ltr'><strong>societatem</strong></span> <span class='ocrx_word' id='word_1_744' title='bbox 3638 4455 3751 4501; x_wconf 81' lang='lat' dir='ltr'><strong>suam</strong></span> 
     </span>
    </p>
   </div>
   <div class='ocr_carea' id='block_1_105' title="bbox 2241 4546 3751 4623">
    <p class='ocr_par' dir='ltr' id='par_1_105' title="bbox 2241 4546 3751 4623">
     <span class='ocr_line' id='line_1_105' title="bbox 2241 4546 3751 4623; baseline -0.005 -18"><span class='ocrx_word' id='word_1_745' title='bbox 2241 4563 2337 4605; x_wconf 88' lang='lat' dir='ltr'><strong>eos</strong></span> <span class='ocrx_word' id='word_1_746' title='bbox 2363 4549 2745 4623; x_wconf 83' lang='lat' dir='ltr'><strong>pertrahendo)</strong></span> <span class='ocrx_word' id='word_1_747' title='bbox 2774 4551 2840 4605; x_wconf 89' lang='lat' dir='ltr'><strong>ab</strong></span> <span class='ocrx_word' id='word_1_748' title='bbox 2868 4551 3167 4607; x_wconf 89' lang='lat' dir='ltr'><strong>intentione</strong></span> <span class='ocrx_word' id='word_1_749' title='bbox 3194 4566 3366 4623; x_wconf 87' lang='lat' dir='ltr'><strong>prava</strong></span> <span class='ocrx_word' id='word_1_750' title='bbox 3385 4547 3616 4619; x_wconf 90' lang='lat' dir='ltr'><strong>eripiunt,</strong></span> <span class='ocrx_word' id='word_1_751' title='bbox 3635 4546 3751 4606; x_wconf 66' lang='lat' dir='ltr'><strong>atque</strong></span> 
     </span>
    </p>
   </div>
   <div class='ocr_carea' id='block_1_106' title="bbox 2241 4626 3752 4712">
    <p class='ocr_par' dir='ltr' id='par_1_106' title="bbox 2241 4626 3752 4712">
     <span class='ocr_line' id='line_1_106' title="bbox 2241 4626 3752 4712; baseline -0.009 -17"><span class='ocrx_word' id='word_1_752' title='bbox 2241 4640 2297 4695; x_wconf 91' lang='lat' dir='ltr'><strong>in</strong></span> <span class='ocrx_word' id='word_1_753' title='bbox 2328 4641 2409 4698; x_wconf 91' lang='lat' dir='ltr'><strong>eis</strong></span> <span class='ocrx_word' id='word_1_754' title='bbox 2450 4641 2555 4698; x_wconf 86' lang='lat' dir='ltr'><strong>hoc</strong></span> <span class='ocrx_word' id='word_1_755' title='bbox 2602 4642 3032 4712; x_wconf 75' lang='lat' dir='ltr'><strong>quod.nocivum</strong></span> <span class='ocrx_word' id='word_1_756' title='bbox 3062 4642 3165 4699; x_wconf 83' lang='lat' dir='ltr'><strong>fuit</strong></span> <span class='ocrx_word' id='word_1_757' title='bbox 3210 4651 3269 4700; x_wconf 90' lang='lat' dir='ltr'><strong>et</strong></span> <span class='ocrx_word' id='word_1_758' title='bbox 3319 4644 3573 4701; x_wconf 87' lang='lat' dir='ltr'><strong>reluctans</strong></span> <span class='ocrx_word' id='word_1_759' title='bbox 3608 4626 3752 4687; x_wconf 72' lang='lat' dir='ltr'><strong>divinis</strong></span> 
     </span>
    </p>
   </div>
   <div class='ocr_carea' id='block_1_107' title="bbox 2235 4718 3747 4818">
    <p class='ocr_par' dir='ltr' id='par_1_107' title="bbox 2235 4718 3747 4818">
     <span class='ocr_line' id='line_1_107' title="bbox 2235 4718 3747 4818; baseline -0.009 -27"><span class='ocrx_word' id='word_1_760' title='bbox 2235 4737 2506 4792; x_wconf 89' lang='lat' dir='ltr'><strong>mandatis</strong></span> <span class='ocrx_word' id='word_1_761' title='bbox 2538 4751 2794 4793; x_wconf 85' lang='lat' dir='ltr'><strong>mucrone</strong></span> <span class='ocrx_word' id='word_1_762' title='bbox 2829 4736 2998 4791; x_wconf 88' lang='lat' dir='ltr'><strong>divini</strong></span> <span class='ocrx_word' id='word_1_763' title='bbox 3026 4736 3178 4792; x_wconf 87' lang='lat' dir='ltr'><strong>verbi</strong></span> <span class='ocrx_word' id='word_1_764' title='bbox 3203 4735 3470 4793; x_wconf 90' lang='lat' dir='ltr'><strong>occidunt.</strong></span> <span class='ocrx_word' id='word_1_765' title='bbox 3497 4725 3620 4785; x_wconf 89' lang='lat' dir='ltr'><strong>Talis</strong></span> <span class='ocrx_word' id='word_1_766' title='bbox 3645 4718 3747 4818; x_wconf 55' lang='lat' dir='ltr'><strong>enini</strong></span> 
     </span>
    </p>
   </div>
   <div class='ocr_carea' id='block_1_108' title="bbox 2234 4812 3748 4910">
    <p class='ocr_par' dir='ltr' id='par_1_108' title="bbox 2234 4812 3748 4910">
     <span class='ocr_line' id='line_1_108' title="bbox 2234 4812 3748 4910; baseline -0.008 -26"><span class='ocrx_word' id='word_1_767' title='bbox 2234 4830 2460 4886; x_wconf 90' lang='lat' dir='ltr'><strong>victoria</strong></span> <span class='ocrx_word' id='word_1_768' title='bbox 2489 4830 2626 4887; x_wconf 89' lang='lat' dir='ltr'><strong>bene</strong></span> <span class='ocrx_word' id='word_1_769' title='bbox 2671 4831 2772 4887; x_wconf 88' lang='lat' dir='ltr'><strong>hos</strong></span> <span class='ocrx_word' id='word_1_770' title='bbox 2799 4830 3061 4888; x_wconf 84' lang='lat' dir='ltr'><strong>condecet</strong></span> <span class='ocrx_word' id='word_1_771' title='bbox 3089 4830 3181 4902; x_wconf 90' lang='lat' dir='ltr'><strong>qui</strong></span> <span class='ocrx_word' id='word_1_772' title='bbox 3223 4847 3290 4888; x_wconf 73' lang='lat' dir='ltr'><strong>ex</strong></span> <span class='ocrx_word' id='word_1_773' title='bbox 3332 4828 3571 4900; x_wconf 87' lang='lat' dir='ltr'><strong>magistro</strong></span> <span class='ocrx_word' id='word_1_774' title='bbox 3594 4812 3748 4910; x_wconf 47' lang='lat' dir='ltr'><strong>emittit</strong></span> 
     </span>
    </p>
   </div>
   <div class='ocr_carea' id='block_1_109' title="bbox 2235 4903 3743 4996">
    <p class='ocr_par' dir='ltr' id='par_1_109' title="bbox 2235 4903 3743 4996">
     <span class='ocr_line' id='line_1_109' title="bbox 2235 4903 3743 4996; baseline -0.011 -16"><span class='ocrx_word' id='word_1_775' title='bbox 2235 4924 2523 4980; x_wconf 87' lang='lat' dir='ltr'><strong>didicerint</strong></span> <span class='ocrx_word' id='word_1_776' title='bbox 2554 4923 2775 4996; x_wconf 89' lang='lat' dir='ltr'><strong>diligere</strong></span> <span class='ocrx_word' id='word_1_777' title='bbox 2825 4924 3075 4980; x_wconf 89' lang='lat' dir='ltr'><strong>inimicos</strong></span> <span class='ocrx_word' id='word_1_778' title='bbox 3113 4938 3240 4980; x_wconf 92' lang='lat' dir='ltr'><strong>suos</strong></span> <span class='ocrx_word' id='word_1_779' title='bbox 3280 4932 3336 4979; x_wconf 89' lang='lat' dir='ltr'><strong>et</strong></span> <span class='ocrx_word' id='word_1_780' title='bbox 3371 4914 3649 4979; x_wconf 82' lang='lat' dir='ltr'><strong>benefacere</strong></span> <span class='ocrx_word' id='word_1_781' title='bbox 3683 4903 3743 4956; x_wconf 67' lang='lat' dir='ltr'><strong>his</strong></span> 
     </span>
    </p>
   </div>
   <div class='ocr_carea' id='block_1_110' title="bbox 2235 4996 3745 5091">
    <p class='ocr_par' dir='ltr' id='par_1_110' title="bbox 2235 4996 3745 5091">
     <span class='ocr_line' id='line_1_110' title="bbox 2235 4996 3745 5091; baseline -0.021 -15"><span class='ocrx_word' id='word_1_782' title='bbox 2235 5018 2327 5090; x_wconf 89' lang='lat' dir='ltr'><strong>qui</strong></span> <span class='ocrx_word' id='word_1_783' title='bbox 2349 5020 2582 5076; x_wconf 86' lang='lat' dir='ltr'><strong>oderunt</strong></span> <span class='ocrx_word' id='word_1_784' title='bbox 2609 5035 2704 5085; x_wconf 88' lang='lat' dir='ltr'><strong>se;</strong></span> <span class='ocrx_word' id='word_1_785' title='bbox 2748 5034 2905 5075; x_wconf 89' lang='lat' dir='ltr'><strong>orare</strong></span> <span class='ocrx_word' id='word_1_786' title='bbox 2931 5034 3031 5091; x_wconf 92' lang='lat' dir='ltr'><strong>pro</strong></span> <span class='ocrx_word' id='word_1_787' title='bbox 3069 5015 3511 5091; x_wconf 89' lang='lat' dir='ltr'><strong>persequentibus</strong></span> <span class='ocrx_word' id='word_1_788' title='bbox 3532 5014 3579 5063; x_wconf 91' lang='lat' dir='ltr'><strong>et</strong></span> <span class='ocrx_word' id='word_1_789' title='bbox 3595 4996 3745 5057; x_wconf 82' lang='lat' dir='ltr'><strong>calum-</strong></span> 
     </span>
    </p>
   </div>
   <div class='ocr_carea' id='block_1_111' title="bbox 2237 5098 3742 5178">
    <p class='ocr_par' dir='ltr' id='par_1_111' title="bbox 2237 5098 3742 5178">
     <span class='ocr_line' id='line_1_111' title="bbox 2237 5098 3742 5178; baseline -0.012 -13"><span class='ocrx_word' id='word_1_790' title='bbox 2237 5110 2527 5167; x_wconf 77' lang='lat' dir='ltr'><strong>niantibus</strong></span> <span class='ocrx_word' id='word_1_791' title='bbox 2539 5111 2661 5178; x_wconf 92' lang='lat' dir='ltr'><strong>sibi,</strong></span> <span class='ocrx_word' id='word_1_792' title='bbox 2700 5110 3021 5167; x_wconf 88' lang='lat' dir='ltr'><strong>benedicere</strong></span> <span class='ocrx_word' id='word_1_793' title='bbox 3050 5109 3484 5167; x_wconf 89' lang='lat' dir='ltr'><strong>maledicentibus</strong></span> <span class='ocrx_word' id='word_1_794' title='bbox 3507 5107 3555 5156; x_wconf 90' lang='lat' dir='ltr'><strong>et</strong></span> <span class='ocrx_word' id='word_1_795' title='bbox 3576 5104 3661 5151; x_wconf 90' lang='lat' dir='ltr'><strong>non</strong></span> <span class='ocrx_word' id='word_1_796' title='bbox 3682 5098 3742 5138; x_wconf 68' lang='grc' dir='ltr'><strong>τῦ-</strong></span> 
     </span>
    </p>
   </div>
   <div class='ocr_carea' id='block_1_112' title="bbox 2236 5185 3743 5276">
    <p class='ocr_par' dir='ltr' id='par_1_112' title="bbox 2236 5185 3743 5276">
     <span class='ocr_line' id='line_1_112' title="bbox 2236 5185 3743 5276; baseline -0.013 -16"><span class='ocrx_word' id='word_1_797' title='bbox 2236 5203 2581 5261; x_wconf 90' lang='lat' dir='ltr'><strong>maledicere.</strong></span> <span class='ocrx_word' id='word_1_798' title='bbox 2616 5203 2719 5272; x_wconf 94' lang='lat' dir='ltr'><strong>Qui</strong></span> <span class='ocrx_word' id='word_1_799' title='bbox 2750 5220 2940 5262; x_wconf 90' lang='lat' dir='ltr'><strong>eorum</strong></span> <span class='ocrx_word' id='word_1_800' title='bbox 2975 5203 3144 5276; x_wconf 89' lang='lat' dir='ltr'><strong>spolia</strong></span> <span class='ocrx_word' id='word_1_801' title='bbox 3181 5203 3464 5275; x_wconf 90' lang='lat' dir='ltr'><strong>accipiunt,</strong></span> <span class='ocrx_word' id='word_1_802' title='bbox 3488 5185 3664 5267; x_wconf 87' lang='lat' dir='ltr'><strong>quando</strong></span> <span class='ocrx_word' id='word_1_803' title='bbox 3687 5189 3743 5233; x_wconf 85' lang='grc' dir='ltr'><strong>ιο-</strong></span> 
     </span>
    </p>
   </div>
   <div class='ocr_carea' id='block_1_113' title="bbox 2236 5284 3738 5370">
    <p class='ocr_par' dir='ltr' id='par_1_113' title="bbox 2236 5284 3738 5370">
     <span class='ocr_line' id='line_1_113' title="bbox 2236 5284 3738 5370; baseline -0.006 -20"><span class='ocrx_word' id='word_1_804' title='bbox 2236 5302 2321 5351; x_wconf 91' lang='lat' dir='ltr'><strong>tos</strong></span> <span class='ocrx_word' id='word_1_805' title='bbox 2344 5296 2494 5352; x_wconf 90' lang='lat' dir='ltr'><strong>nisus</strong></span> <span class='ocrx_word' id='word_1_806' title='bbox 2523 5294 2699 5370; x_wconf 91' lang='lat' dir='ltr'><strong>[usus]</strong></span> <span class='ocrx_word' id='word_1_807' title='bbox 2747 5311 2937 5353; x_wconf 91' lang='lat' dir='ltr'><strong>eorum</strong></span> <span class='ocrx_word' id='word_1_808' title='bbox 2968 5296 3023 5353; x_wconf 91' lang='lat' dir='ltr'><strong>in</strong></span> <span class='ocrx_word' id='word_1_809' title='bbox 3058 5312 3214 5354; x_wconf 92' lang='lat' dir='ltr'><strong>usum</strong></span> <span class='ocrx_word' id='word_1_810' title='bbox 3243 5288 3627 5354; x_wconf 87' lang='lat' dir='ltr'><strong>ecclesiasticum</strong></span> <span class='ocrx_word' id='word_1_811' title='bbox 3651 5284 3738 5330; x_wconf 71' lang='grc' dir='ltr'><strong>σου·</strong></span> 
     </span>
    </p>
   </div>
   <div class='ocr_carea' id='block_1_114' title="bbox 2235 5388 3725 5463">
    <p class='ocr_par' dir='ltr' id='par_1_114' title="bbox 2235 5388 3725 5463">
     <span class='ocr_line' id='line_1_114' title="bbox 2235 5388 3725 5463; baseline 0.002 -20"><span class='ocrx_word' id='word_1_812' title='bbox 2235 5396 2474 5444; x_wconf 89' lang='lat' dir='ltr'><strong>vertunt.</strong></span> <span class='ocrx_word' id='word_1_813' title='bbox 2508 5388 2662 5445; x_wconf 88' lang='lat' dir='ltr'><strong>Unde</strong></span> <span class='ocrx_word' id='word_1_814' title='bbox 2697 5398 2821 5461; x_wconf 90' lang='lat' dir='ltr'><strong>apte</strong></span> <span class='ocrx_word' id='word_1_815' title='bbox 2847 5388 3216 5463; x_wconf 74' lang='lat' dir='ltr'><strong>subiungitur:</strong></span> <span class='ocrx_word' id='word_1_816' title='bbox 3715 5448 3725 5461; x_wconf 69' lang='grc'><em>,</em></span> 
     </span>
    </p>
   </div>
   <div class='ocr_carea' id='block_1_115' title="bbox 2311 5466 3734 5561">
    <p class='ocr_par' dir='ltr' id='par_1_115' title="bbox 2311 5466 3734 5561">
     <span class='ocr_line' id='line_1_115' title="bbox 2311 5466 3734 5561; baseline 0.006 -26"><span class='ocrx_word' id='word_1_817' title='bbox 2311 5480 2380 5536; x_wconf 84' lang='lat' dir='ltr'><strong>Et</strong></span> <span class='ocrx_word' id='word_1_818' title='bbox 2414 5498 2671 5537; x_wconf 73' lang='lat' dir='ltr'><strong>conversa:</strong></span> <span class='ocrx_word' id='word_1_819' title='bbox 2698 5493 2819 5537; x_wconf 87' lang='lat' dir='ltr'><strong>sunt</strong></span> <span class='ocrx_word' id='word_1_820' title='bbox 2861 5484 3055 5555; x_wconf 74' lang='lat' dir='ltr'><strong>nuptiaz</strong></span> <span class='ocrx_word' id='word_1_821' title='bbox 3096 5484 3152 5538; x_wconf 88' lang='lat' dir='ltr'><strong>in</strong></span> <span class='ocrx_word' id='word_1_822' title='bbox 3190 5482 3408 5547; x_wconf 87' lang='lat' dir='ltr'><strong>luctum,</strong></span> <span class='ocrx_word' id='word_1_823' title='bbox 3443 5485 3484 5532; x_wconf 76' lang='lat' dir='ltr'><strong>el</strong></span> <span class='ocrx_word' id='word_1_824' title='bbox 3516 5481 3596 5561; x_wconf 52' lang='grc' dir='ltr'><strong>ηπ</strong></span> 
     </span>
    </p>
   </div>
   <div class='ocr_carea' id='block_1_116' title="bbox 2239 5553 3733 5646">
    <p class='ocr_par' dir='ltr' id='par_1_116' title="bbox 2239 5553 3733 5646">
     <span class='ocr_line' id='line_1_116' title="bbox 2239 5553 3733 5646; baseline -0.016 -15"><span class='ocrx_word' id='word_1_825' title='bbox 2239 5591 2419 5630; x_wconf 77' lang='lat' dir='ltr'><strong>coram</strong></span> <span class='ocrx_word' id='word_1_826' title='bbox 2444 5576 2676 5646; x_wconf 87' lang='lat' dir='ltr'><strong>ipsorum</strong></span> <span class='ocrx_word' id='word_1_827' title='bbox 2717 5577 2772 5630; x_wconf 89' lang='lat' dir='ltr'><strong>in</strong></span> <span class='ocrx_word' id='word_1_828' title='bbox 2814 5553 3118 5631; x_wconf 80' lang='lat' dir='ltr'><strong>tamentam.</strong></span> <span class='ocrx_word' id='word_1_829' title='bbox 3160 5575 3297 5644; x_wconf 87' lang='lat' dir='ltr'><strong>Quia</strong></span> <span class='ocrx_word' id='word_1_830' title='bbox 3339 5581 3516 5630; x_wconf 88' lang='lat' dir='ltr'><strong>vanam</strong></span> <span class='ocrx_word' id='word_1_831' title='bbox 3553 5553 3733 5614; x_wconf 64' lang='lat' dir='ltr'><strong>latitia!!!</strong></span> 
     </span>
    </p>
   </div>
   <div class='ocr_carea' id='block_1_117' title="bbox 2240 5655 3727 5743">
    <p class='ocr_par' dir='ltr' id='par_1_117' title="bbox 2240 5655 3727 5743">
     <span class='ocr_line' id='line_1_117' title="bbox 2240 5655 3727 5743; baseline 0 -18"><span class='ocrx_word' id='word_1_832' title='bbox 2240 5669 2424 5725; x_wconf 89' lang='lat' dir='ltr'><strong>mundi</strong></span> <span class='ocrx_word' id='word_1_833' title='bbox 2452 5670 2506 5725; x_wconf 90' lang='lat' dir='ltr'><strong>in</strong></span> <span class='ocrx_word' id='word_1_834' title='bbox 2534 5670 2734 5726; x_wconf 89' lang='lat' dir='ltr'><strong>luctum</strong></span> <span class='ocrx_word' id='word_1_835' title='bbox 2780 5672 3111 5743; x_wconf 63' lang='lat' dir='ltr'><strong>poenitentia:</strong></span> <span class='ocrx_word' id='word_1_836' title='bbox 3141 5680 3198 5727; x_wconf 93' lang='lat' dir='ltr'><strong>et</strong></span> <span class='ocrx_word' id='word_1_837' title='bbox 3226 5684 3392 5726; x_wconf 86' lang='lat' dir='ltr'><strong>vanos</strong></span> <span class='ocrx_word' id='word_1_838' title='bbox 3425 5666 3554 5738; x_wconf 69' lang='lat' dir='ltr'><strong>iocos</strong></span> <span class='ocrx_word' id='word_1_839' title='bbox 3575 5666 3625 5708; x_wconf 73' lang='grc' dir='ltr'><strong>³ο</strong></span> <span class='ocrx_word' id='word_1_840' title='bbox 3645 5655 3727 5700; x_wconf 61' lang='lat' dir='ltr'><strong>ca&quot;</strong></span> 
     </span>
    </p>
   </div>
   <div class='ocr_carea' id='block_1_118' title="bbox 2240 5747 3725 5834">
    <p class='ocr_par' dir='ltr' id='par_1_118' title="bbox 2240 5747 3725 5834">
     <span class='ocr_line' id='line_1_118' title="bbox 2240 5747 3725 5834; baseline -0.009 -17"><span class='ocrx_word' id='word_1_841' title='bbox 2240 5764 2386 5817; x_wconf 89' lang='lat' dir='ltr'><strong>mina</strong></span> <span class='ocrx_word' id='word_1_842' title='bbox 2412 5763 2620 5817; x_wconf 91' lang='lat' dir='ltr'><strong>inutilia</strong></span> <span class='ocrx_word' id='word_1_843' title='bbox 2650 5764 2705 5818; x_wconf 90' lang='lat' dir='ltr'><strong>in</strong></span> <span class='ocrx_word' id='word_1_844' title='bbox 2734 5764 3088 5834; x_wconf 88' lang='lat' dir='ltr'><strong>psalmodiam</strong></span> <span class='ocrx_word' id='word_1_845' title='bbox 3114 5764 3373 5827; x_wconf 89' lang='lat' dir='ltr'><strong>divinam,</strong></span> <span class='ocrx_word' id='word_1_846' title='bbox 3410 5771 3516 5817; x_wconf 87' lang='lat' dir='ltr'><strong>cum</strong></span> <span class='ocrx_word' id='word_1_847' title='bbox 3539 5747 3725 5834; x_wconf 51' lang='lat' dir='ltr'><strong>campi&quot;?</strong></span> 
     </span>
    </p>
   </div>
   <div class='ocr_carea' id='block_1_119' title="bbox 2240 5833 3720 5931">
    <p class='ocr_par' dir='ltr' id='par_1_119' title="bbox 2240 5833 3720 5931">
     <span class='ocr_line' id='line_1_119' title="bbox 2240 5833 3720 5931; baseline -0.002 -19"><span class='ocrx_word' id='word_1_848' title='bbox 2240 5853 2419 5912; x_wconf 90' lang='lat' dir='ltr'><strong>ctione</strong></span> <span class='ocrx_word' id='word_1_849' title='bbox 2452 5855 2835 5929; x_wconf 81' lang='lat' dir='ltr'><strong>lacrymarum,</strong></span> <span class='ocrx_word' id='word_1_850' title='bbox 2865 5857 3040 5916; x_wconf 89' lang='lat' dir='ltr'><strong>sancti</strong></span> <span class='ocrx_word' id='word_1_851' title='bbox 3072 5857 3449 5931; x_wconf 82' lang='lat' dir='ltr'><strong>praedicatores</strong></span> <span class='ocrx_word' id='word_1_852' title='bbox 3483 5838 3634 5905; x_wconf 70' lang='lat' dir='ltr'><strong>W‘</strong></span> <span class='ocrx_word' id='word_1_853' title='bbox 3657 5833 3720 5889; x_wconf 72' lang='grc'><strong>⁰⁰⁶</strong></span> 
     </span>
    </p>
   </div>
  </div>
