4028 6466
226 344 365 405 1185

941 340 1302 401 COMMENT;
1334 339 1406 398 IN
1441 337 1690 399 LIBROS
1727 331 2300 398 MKCHABJEORUM.
2340 368 2412 381 --
2446 337 2517 396 IN
2554 337 2683 395 LIB.
2724 335 2766 393 Ι.

3346 340 3490 402 1186

222 468 579 528 commutare,
631 474 768 532 quos
813 458 1090 515 salutifera
1137 458 1322 529 praeda
1378 458 1614 529 rapiunt,
1668 463 1724 513 et
1775 471 1807 511 a
1833 458 1888 520 Α
1911 456 2291 511 subvertentur
2334 464 2390 510 et
2437 455 2762 511 dissolvetur
2796 455 2950 527 vigor
2985 468 3165 527 pravae
3198 454 3492 515 voluntatis

220 556 333 611 vita
368 552 568 610 carnali
596 568 661 609 ac
688 552 890 608 veteris
913 552 1121 607 actibus
1149 549 1384 606 hominis
1429 548 1673 605 funditus
1709 562 1806 604 oc-

224 645 425 702 cidunt.
456 643 653 716 Sicque
696 650 1041 699 revertuntur
1073 643 1141 698 ad
1178 642 1350 713 ripam
1378 640 1649 706 Jordanis,
1684 655 1809 695 cum

222 752 316 794 eos
344 736 644 809 perducunt
671 735 741 792 ad
767 743 969 791 statum
994 733 1321 791 Christianae
1348 732 1622 805 religionis
1646 740 1808 803 atque

223 829 291 883 ad
345 828 744 900 perceptionem
794 826 936 883 sacri
987 826 1350 898 baptismatis,
1398 834 1460 882 ut
1512 824 1588 882 ibi
1638 840 1808 881 evan-

223 920 427 993 gelicus
454 919 737 993 expleatur
770 919 932 987 ritus,
975 932 1076 991 pro
1113 934 1221 990 quo
1266 918 1418 975 labor
1455 919 1811 977 exercebatur

223 1018 388 1067 totus.

292 1099 361 1156 Et
383 1100 578 1158 audivit
602 1099 890 1159 Bacchides
932 1109 983 1158 et
1025 1100 1162 1157 venit
1189 1099 1275 1155 die
1291 1100 1626 1156 sabbatorum
1647 1114 1812 1172 usque

219 1195 293 1251 ad
315 1212 466 1251 oram
491 1194 749 1253 Iordanis
785 1196 843 1251 in
886 1196 1075 1251 virtute
1101 1194 1292 1263 multa,
1334 1204 1439 1253 etc.
1468 1194 1602 1252 Cum
1629 1209 1811 1266 perse-

217 1295 440 1344 cutores
486 1286 730 1343 ﬁdelium
773 1287 1002 1344 sabbato
1034 1286 1286 1359 spiritali,
1328 1302 1435 1358 quo
1474 1297 1671 1343 vacant
1706 1287 1810 1358 ipsi

219 1379 460 1437 cultores
486 1379 688 1438 Christi
715 1398 746 1437 a
796 1382 1024 1438 terrenis
1051 1383 1433 1454 cupiditatibus
1479 1385 1548 1440 ad
1588 1374 1797 1440 audien-

219 1471 350 1528 dum
382 1472 609 1527 verbum
648 1472 766 1540 Dei,
808 1481 864 1529 et
890 1473 1098 1531 laudem
1128 1476 1358 1532 Domino
1395 1476 1806 1544 concinendam,

216 1575 320 1632 per
344 1562 597 1619 invidiam
636 1564 832 1621 conciti
878 1565 1194 1635 perturbare
1226 1581 1320 1622 eos
1371 1567 1725 1632 contendunt,
1756 1575 1810 1624 et

216 1662 620 1711 sacramentum
672 1655 928 1726 baptismi
979 1671 1078 1726 per
1135 1657 1431 1727 potentiam
1490 1657 1805 1716 saecularem

215 1745 590 1801 contaminare
619 1745 903 1813 nituntur;
950 1745 1215 1803 Jonathas
1258 1749 1521 1820 mysticus
1559 1764 1687 1805 suos
1726 1750 1810 1805 in-

1909 565 2117 616 eorum,
2162 548 2377 620 quando
2414 548 2560 620 quod
2582 549 2769 604 volunt
2795 550 2865 605 ad
2905 548 3154 605 effectum
3198 550 3492 621 perducere

1908 659 2016 699 non
2059 651 2307 713 possunt.
2371 641 2482 698 Nec
2519 642 2684 698 etiam
2726 643 2792 698 de
2834 642 2996 699 domo
3039 658 3134 698 sua
3159 684 3174 709 ,
3222 645 3325 700 hoc
3365 654 3487 711 est,

1909 735 1976 790 de
2016 734 2363 804 subsequenti
2412 734 2824 790 conversatione
2863 749 2980 801 sua,
3024 734 3338 790 imminente
3374 733 3489 805 jam

1909 825 2126 896 superni
2163 825 2366 896 judicis
2407 824 2676 880 sententia
2705 866 2719 891 ,
2761 825 3000 880 ordinari
3045 824 3210 892 licet,
3259 826 3354 882 sed
3399 826 3493 882 fiet

1908 916 2042 973 illud
2085 918 2228 988 quod
2266 933 2367 989 per
2404 917 2748 974 Psalmistam
2791 918 3023 975 dicitur:
3063 919 3344 991 Disperdat
3381 918 3489 974 Do-

1907 1012 2080 1066 minus
2106 1011 2351 1066 universa
2376 1009 2517 1065 labia
2543 1009 2725 1066 dolosa
2748 1022 2797 1067 et
2822 1012 3053 1083 linguam
3076 1014 3487 1084 magniloquam.

1910 1102 2016 1170 Qui
2054 1102 2298 1158 dixerunt
2340 1119 2361 1159 :
2416 1102 2674 1175 Linguam
2719 1114 2953 1160 nostram
2998 1105 3448 1176 magniﬁcabimus
3473 1146 3490 1171 ,

1908 1195 2051 1251 labia
2080 1205 2262 1252 nostra
2295 1213 2329 1251 a
2369 1196 2515 1252 nobis
2553 1205 2697 1264 sunt,
2738 1197 2854 1270 quis
2893 1196 3148 1252 Dominus
3173 1206 3348 1253 noster
3371 1196 3493 1254 est?

1911 1286 2085 1362 (Psal.
2112 1286 2212 1361 xi.)

1980 1377 2049 1433 Et
2084 1389 2322 1434 mortuus
2358 1388 2434 1435 est
2461 1379 2695 1435 Alcimus
2736 1379 2792 1436 in
2832 1389 3061 1453 tempore
3093 1379 3186 1436 illo
3223 1398 3340 1436 cum
3376 1390 3488 1436 tor-

1910 1480 2082 1526 mento
2121 1488 2331 1543 magno.
2380 1471 2515 1540 Quia
2542 1472 2957 1544 perdurantibus
2993 1472 3258 1528 haereticis
3296 1473 3351 1528 in
3391 1489 3488 1528 sua

1908 1563 2148 1633 nequitia
2181 1578 2352 1635 usque
2389 1564 2457 1620 ad
2499 1563 2659 1619 ﬁnem
2696 1564 2978 1634 praesentis
3009 1565 3155 1632 vitae,
3191 1581 3338 1621 mors
3365 1566 3500 1622 subs

1908 1656 2155 1727 sequitur
2180 1656 2429 1712 secunda
2455 1697 2471 1723 ,
2530 1666 2587 1713 et
2636 1656 2939 1725 mittentur,
2970 1656 3127 1728 juxta
3166 1658 3491 1713 sententiam

1907 1746 2261 1820 Apocalypsis
2301 1746 2527 1804 Joannis
2572 1746 2726 1820 (Cap.
2775 1746 2912 1821 xxv),
2955 1747 3011 1803 in
3055 1757 3303 1821 stagnum
3351 1748 3491 1820 ignis

214 1840 353 1895 citat
377 1840 444 1897 ad
475 1856 708 1915 pugnam
744 1843 1063 1915 spiritalem,
1100 1843 1206 1900 hoc
1228 1851 1333 1911 est,
1373 1853 1435 1901 ut
1472 1861 1570 1916 per
1597 1848 1808 1919 patien.
1833 1826 1883 1888 Β
1909 1838 2120 1905 aeterni,
2169 1849 2227 1896 ct
2266 1840 2654 1896 cruciabuutur
2699 1841 2823 1914 igne
2869 1849 2925 1897 et
2970 1840 3239 1912 sulphure
3265 1841 3321 1896 in
3364 1857 3493 1898 con-

216 1932 357 1987 tiam
381 1933 579 1996 mentis
614 1942 669 1990 et
712 1936 877 1993 robur
901 1934 1026 1991 ﬁdei
1062 1943 1301 2008 pugnent
1325 1952 1389 1993 ex
1419 1938 1651 1995 adverso
1676 1955 1808 1996 con-

213 2029 306 2078 tra
335 2023 583 2082 inimicos
611 2040 760 2094 suos,
786 2041 894 2083 non
929 2027 1071 2097 quod
1111 2028 1418 2086 dimicando
1447 2036 1539 2085 aut
1564 2030 1808 2089 feriendo

212 2129 314 2171 eos
346 2115 564 2184 laedant,
592 2106 689 2174 sed
729 2134 826 2190 per
866 2119 1183 2191 patientiam
1227 2129 1284 2177 et
1331 2123 1807 2181 mansuetudinem

216 2206 504 2265 tolerando
529 2224 594 2266 ac
622 2209 900 2267 beneﬁciis
926 2213 1323 2269 remunerando
1350 2213 1543 2270 melius
1562 2216 1804 2281 vincant,

211 2300 515 2358 secundum
537 2300 682 2357 illam
707 2301 1035 2358 sententiam
1058 2301 1379 2371 Salvatoris,
1407 2304 1498 2374 qui
1529 2305 1808 2376 discipulis

207 2392 330 2447 suis
356 2391 462 2446 ait:
514 2390 752 2447 Audistis
778 2391 901 2463 quia
923 2392 1121 2447 dictum
1161 2402 1237 2448 est
1282 2394 1510 2465 antiquis
1533 2408 1553 2446 :
1582 2394 1808 2452 Oculum

205 2502 309 2556 pro
332 2484 506 2551 oculo,
529 2494 577 2539 et
599 2484 801 2539 dentem
823 2501 918 2557 pro
955 2484 1148 2552 dente;
1192 2502 1285 2558 ego
1320 2495 1495 2542 autem
1521 2487 1641 2548 dico
1671 2494 1810 2549 vobis

209 2593 322 2631 non
345 2577 578 2631 resistere
617 2575 779 2645 malo,
809 2576 900 2631 sed
934 2576 982 2631 si
1007 2577 1121 2648 quis
1162 2587 1210 2632 te
1250 2586 1566 2647 percusserit
1593 2588 1650 2639 in
1678 2585 1809 2639 dea:-

207 2679 353 2723 tram
382 2666 677 2745 maxillam,
729 2668 898 2749 pra-be
927 2670 974 2728 ei
999 2678 1051 2733 ρνι
1085 2668 1352 2747 murram;
1402 2686 1450 2731 et
1481 2677 1529 2731 ei
1576 2677 1666 2747 qui
1702 2675 1812 2731 vult

209 2777 384 2822 tecum
411 2774 467 2822 in
484 2771 688 2838 judicio
718 2772 1025 2827 contendere
1066 2782 1115 2827 et
1158 2775 1393 2828 tunicam
1429 2778 1576 2824 tuam
1601 2768 1807 2837 tollere,

209 2858 421 2913 dimitte
448 2861 495 2913 ei
522 2869 569 2913 et
593 2859 811 2930 pallium
838 2860 1053 2932 (Matth.
1076 2862 1155 2937 v).
1201 2863 1270 2919 Et
1301 2864 1430 2919 item
1455 2876 1473 2917 :
1516 2858 1586 2913 In
1609 2861 1811 2928 patien-

212 2951 294 3005 tia
323 2960 493 3004 vestra
517 2951 846 3022 possidebitis
873 2954 1075 3008 animos
1100 2964 1296 3009 vestras
1323 2953 1474 3026 (Luc.
1498 2948 1641 3015 xxi).
1674 2949 1810 3005 llinc

212 3050 276 3099 et
296 3041 494 3099 Paulus
519 3043 631 3099 ait:
664 3044 727 3101 Si
746 3046 986 3101 esurierit
1012 3046 1256 3102 inimicus
1284 3057 1431 3113 tuus,
1468 3047 1584 3102 ciba
1612 3041 1808 3108 illum;

213 3136 263 3191 si
291 3137 425 3202 sitit,
474 3144 654 3206 potum
704 3135 774 3189 da
820 3136 943 3190 illi:
994 3137 1090 3192 hoc
1127 3137 1266 3192 enim
1308 3136 1526 3207 faciens,
1558 3138 1808 3192 carbones

213 3228 353 3301 ignis
381 3243 623 3299 congeres
649 3243 806 3297 super
830 3237 985 3299 caput
1004 3228 1136 3299 ejus.
1166 3227 1295 3283 Noli
1316 3228 1448 3283 vinci
1475 3245 1508 3282 a
1532 3229 1695 3293 malo,
1716 3227 1806 3282 sed

214 3318 362 3373 uince
389 3316 445 3371 in
466 3315 599 3371 bono
618 3314 816 3371 malum
840 3315 1017 3388 (Rom.
1039 3314 1161 3390 xu).
1194 3314 1416 3372 Talibus
1438 3315 1581 3372 enim
1612 3316 1806 3371 hostiis

219 3418 564 3481 promeretur
603 3408 767 3475 Deus,
816 3409 909 3480 qui
949 3409 1042 3464 dat
1092 3407 1375 3464 victoriam
1407 3407 1579 3463 servis
1614 3407 1730 3462 suis
1753 3414 1810 3462 et

217 3501 515 3574 prosternit
536 3493 784 3556 mimicus
807 3515 994 3557 eorum
1010 3502 1112 3555 sub
1130 3499 1354 3571 pedibus
1373 3498 1632 3569 ipsorum.
1658 3497 1811 3554 Unde

219 3588 278 3648 in
325 3591 717 3663 posterioribus
763 3593 1023 3664 scriptum
1068 3599 1153 3649 est
1196 3591 1341 3663 quod
1387 3589 1647 3648 Jonathas
1684 3606 1808 3647 cum

217 3684 490 3742 Bacchide
537 3693 916 3758 composuerat
967 3700 1180 3757 pacem,
1235 3692 1290 3740 et
1342 3684 1485 3753 quod
1528 3684 1810 3757 iuraverat

215 3777 517 3835 Bacchides
538 3778 668 3835 mali
694 3778 823 3834 nihil
859 3794 913 3834 se
944 3778 993 3834 ei
1035 3777 1300 3848 facturum
1341 3775 1579 3831 omnibus
1624 3774 1808 3829 diebus

216 3870 340 3924 vita:
368 3868 505 3940 ejus,
537 3868 862 3941 reddiditque
889 3869 1239 3941 captivitatem
1261 3867 1310 3922 ei
1336 3881 1495 3939 quam
1522 3865 1670 3937 prius
1695 3873 1807 3921 erat

215 3961 490 4034 praedatus
519 3961 584 4018 de
608 3971 749 4017 terra
770 3961 935 4016 Juda.

290 4052 361 4107 Et
411 4070 550 4108 anno
595 4054 871 4108 centesimo
919 4053 1344 4125 quinquagesimo
1390 4052 1577 4117 tertio,
1626 4065 1805 4106 mense

217 4146 453 4203 secundo
480 4187 497 4214 ,
553 4146 796 4218 pracepit
838 4145 1070 4201 Alcimus
1117 4146 1316 4201 destrui
1364 4160 1543 4199 muros
1594 4143 1804 4198 domus.

219 4238 470 4295 Diximus
508 4237 759 4310 superius
797 4239 940 4309 quod
979 4237 1241 4303 Alcimus,
1288 4236 1689 4299 contaminator
1733 4234 1811 4287 le-

218 4333 307 4405 gis
353 4338 408 4386 et
444 4331 688 4402 proditor
724 4331 945 4402 patriae,
988 4328 1319 4401 signiﬁcaret
1362 4326 1664 4391 haereticos,
1715 4325 1809 4395 qui

219 4423 632 4480 Testamentum
668 4423 766 4479 Dei
807 4422 969 4479 sectis
1009 4420 1257 4478 nefandis
1298 4418 1587 4491 profanare
1621 4426 1677 4473 et
1708 4417 1810 4472 Ec-

219 4515 448 4574 clesium
499 4514 594 4571 Dei
644 4514 962 4587 perturbare
1013 4529 1123 4570 non
1175 4521 1455 4579 metuunt;
1510 4512 1601 4567 hic
1646 4509 1808 4566 modo

1908 1939 2099 2001 specta
2125 1931 2438 2004 angelorum
2473 1941 2803 1999 sanctorum,
2840 1941 2895 1989 et
2929 1932 2986 1988 in
3016 1940 3307 2002 conspectu
3330 1931 3492 2004 Agni,

1906 2030 1956 2078 et
1996 2023 2176 2093 fumus
2222 2032 2599 2080 tormentorum
2654 2041 2837 2080 eorum
2893 2023 3136 2080 ascendet
3174 2024 3246 2078 fin
3298 2021 3494 2078 «ecula

1907 2113 2243 2181 swculorum,
2286 2131 2378 2170 nec
2416 2115 2691 2172 habebunt
2733 2116 2960 2187 requiem
2994 2114 3079 2169 die
3110 2130 3173 2168 ac
3210 2121 3374 2178 nocte,
3403 2111 3493 2183 qui

1908 2206 2259 2262 adoruverunt
2296 2207 2513 2263 bestiam
2546 2217 2595 2262 et
2625 2208 2907 2278 imaginem
2941 2207 3081 2278 ejus,
3123 2213 3181 2261 et
3217 2218 3494 2261 comman-

1906 2301 2108 2357 ducant
2152 2301 2364 2373 linguas
2408 2318 2533 2361 suas
2574 2318 2685 2375 prae
2727 2302 2948 2367 dolore,
3006 2309 3062 2357 et
3115 2299 3494 2370 blasphemant

1908 2391 2197 2450 Dominum
2236 2392 2361 2449 cteli
2404 2408 2515 2464 pra:
2560 2392 2833 2448 doloribus
2857 2391 3141 2448 vulnerum
3168 2404 3410 2455 suorum,
3439 2396 3497 2443 et

1910 2501 2019 2542 non
2061 2492 2289 2557 egerunt
2335 2484 2668 2540 fructuosam
2713 2483 3087 2556 paenitentiam
3130 2497 3199 2537 ex
3241 2478 3497 2551 operibus

1912 2578 2044 2644 suis,
2091 2577 2217 2649 quia
2261 2583 2386 2632 ante
2430 2591 2489 2631 se
2529 2589 2782 2647 purgare,
2824 2573 2952 2630 dum
2989 2571 3163 2638 licuit,
3204 2569 3498 2627 noluerunt

1911 2672 1980 2727 ab
2004 2670 2281 2727 erroribus
2307 2669 2439 2726 suis.

1980 2767 2051 2823 Et
2092 2768 2221 2823 vidit
2259 2766 2546 2822 Bacchides
2588 2763 2839 2836 quoniam
2877 2768 3115 2815 mortuus
3156 2765 3233 2813 est
3259 2754 3494 2811 Alcimus

1910 2869 1959 2914 et
1992 2876 2226 2915 reversus
2255 2869 2331 2914 est
2363 2858 2433 2912 ad
2467 2871 2637 2928 regem
2673 2858 2732 2910 et‘
2751 2851 2899 2908 siluit
2933 2860 3072 2904 terra
3094 2848 3246 2903 annis
3268 2845 3493 2900 duobus.

1909 2951 1956 3006 A
1980 2948 2356 3022 persecutiorie
2395 2947 2692 3004 inﬁdelium
2736 2951 2793 3000 et
2837 2940 3218 2998 haereticorum
3263 2934 3493 2991 infesta-

1912 3043 2058 3099 tione
2089 3058 2279 3113 pacem
2317 3039 2503 3096 habuit
2542 3038 2609 3093 ad
2655 3045 2865 3105 tempus
2906 3029 3169 3096 Ecclesia,
3197 3026 3494 3084 secundum

1915 3134 2044 3191 illud
2078 3136 2222 3205 quod
2253 3134 2308 3188 in
2332 3131 2557 3187 Actibus
2579 3127 2944 3202 apostolorum
2980 3123 3175 3194 legitur
3200 3119 3353 3192 (Cap.
3383 3115 3494 3190 ix):

1835 3208 1882 3277 C
1912 3223 2151 3282 Ecclesia
2191 3224 2400 3296 quidem
2440 3239 2532 3293 per
2572 3230 2735 3276 totam
2778 3218 3054 3281 Judteam,
3095 3223 3143 3269 et
3184 3210 3498 3278 Galilatam,

1909 3333 1956 3375 et
2004 3315 2342 3381 Samariam,
2389 3315 2610 3369 habebat
2651 3328 2831 3385 pacem
2879 3319 2929 3365 et
2969 3306 3342 3377 wdiﬁcabatur
3387 3320 3502 3359 am-

1911 3407 2099 3463 bulans
2149 3406 2207 3462 in
2259 3405 2443 3459 timore
2494 3402 2742 3468 Domini,
2806 3409 2856 3456 et
2912 3396 3267 3453 consolatione
3328 3394 3497 3449 sancti

1912 3486 2143 3571 Spiritus
2173 3497 2485 3570 replebatur.
2516 3495 2622 3552 Sed
2647 3495 2772 3565 quia
2794 3493 3045 3549 diuturna
3069 3497 3123 3563 et
3141 3500 3499 3559 permansura

1909 3607 2018 3647 non
2045 3592 2150 3648 erit
2174 3607 2280 3663 pax
2306 3597 2360 3643 et
2385 3588 2652 3645 securitas
2676 3585 2730 3642 in
2757 3583 3010 3656 praesenti
3031 3581 3164 3649 vita,
3188 3577 3500 3636 manifestat

1909 3701 2144 3758 sequens
2173 3684 2463 3751 sententia,
2490 3683 2583 3739 ubi
2610 3682 2875 3754 scriptum
2903 3688 2986 3737 est
3012 3693 3027 3732 :

1982 3780 2054 3834 Et
2092 3779 2448 3850 cogitaverunt
2496 3791 2675 3832 omnes
2716 3773 2884 3845 iniqui
2929 3770 3180 3837 dicentes,
3206 3776 3312 3825 etc.
3360 3767 3503 3823 Invi-

1911 3870 2042 3926 dent
2085 3868 2271 3924 hostes
2317 3866 2554 3923 universi
2595 3865 2718 3938 paci
2761 3872 2818 3921 et
2864 3862 3035 3937 quieti
3079 3860 3335 3918 Ecclesia:
3378 3859 3495 3916 Dei.

1912 3961 2067 4019 Unde
2110 3958 2347 4034 [Quod]
2388 3958 2633 4015 exoritur
2681 3970 2938 4013 successu
2989 3952 3133 4010 felici
3187 3952 3457 4009 bonorum
3480 3990 3498 4020 ,

1910 4061 2159 4122 quaerunt
2194 4052 2261 4107 ad
2297 4051 2597 4107 nocendum
2639 4048 2842 4104 auxilia
2882 4060 3191 4117 pravorum.
3220 4043 3377 4111 Quod
3400 4042 3497 4098 de-

1911 4144 2090 4216 signat
2123 4144 2350 4215 epistola
2385 4137 2689 4207 Bacchidis,
2736 4139 2949 4196 occulte
2986 4138 3155 4194 missa
3196 4135 3360 4192 sociis
3387 4132 3505 4189 suis

1913 4238 2004 4307 qui
2047 4246 2203 4292 erant
2240 4238 2296 4291 in
2330 4236 2513 4291 Judaea
2556 4242 2618 4289 ut
2660 4231 3182 4303 comprehenderent
3213 4227 3505 4285 Ionatham

1912 4341 1967 4388 et
2005 4347 2100 4388 eos
2141 4331 2234 4401 qui
2274 4346 2396 4387 cum
2432 4344 2497 4384 eo
2529 4335 2687 4384 erant
2730 4326 2786 4382 in
2821 4323 3037 4390 Iudaea;
3086 4322 3215 4394 quia
3252 4334 3508 4392 persecu-

1913 4433 2061 4481 tores
2130 4423 2256 4480 saavi
2314 4422 2653 4477 extrinsecus
2708 4434 2817 4475 non
2867 4414 3163 4488 praevalent
3218 4408 3509 4467 tormentis

1914 4495 2228 4572 subvertere
2270 4510 2611 4568 confessores
2629 4507 2859 4575 Christi,
2884 4510 3209 4564 construunt
3233 4502 3389 4559 dolos
3414 4501 3503 4558 in-

220 4608 456 4665 destruit
494 4621 681 4665 muros
724 4614 928 4663 sanctae
965 4605 1158 4662 domus
1202 4604 1506 4671 interioris,
1552 4610 1609 4659 et
1640 4618 1808 4674 opera
1835 4589 1889 4650 Ι)
1916 4611 2183 4668 trinsecus
2222 4621 2321 4678 per
2346 4604 2509 4661 falsos
2547 4603 2766 4667 fratres,
2811 4600 2904 4672 qui
2932 4598 3187 4655 videntur
3221 4596 3279 4655 in
3317 4593 3508 4651 Eccle-

220 4703 610 4776 prophetarum
651 4691 901 4756 demoliri
946 4705 1407 4755 commemoratur
1425 4736 1442 4764 ,
1490 4695 1633 4767 quod
1677 4710 1810 4752 con-

223 4794 509 4852 venienter
552 4792 729 4864 aptari
781 4797 961 4863 potest
1007 4789 1141 4861 ipsis
1187 4788 1461 4845 haereticis
1483 4827 1498 4854 ,
1562 4787 1654 4857 qui
1703 4801 1813 4843 non

224 4888 402 4948 solum
435 4886 656 4943 oracula
687 4886 1077 4956 prophetarum
1109 4884 1265 4938 vanis
1306 4882 1687 4939 traditionibus
1719 4882 1814 4937 de-

225 4996 478 5053 pravare,
519 4979 615 5036 sed
656 4987 712 5035 et
755 4977 1150 5034 munimentum
1193 4975 1318 5032 ﬁdei
1365 4975 1528 5048 (quod
1554 4975 1611 5029 in
1635 4975 1816 5031 cordi-

224 5075 330 5131 bus
370 5072 706 5129 credentium
749 5071 818 5127 ad
868 5070 1337 5145 conversationem
1390 5068 1632 5139 mysticae
1678 5067 1815 5138 legis

226 5166 327 5222 Dei
365 5166 571 5221 intenta
614 5172 795 5221 mente
840 5160 1198 5233 custoditur),
1244 5159 1605 5232 qualicunque
1652 5158 1815 5215 modo

226 5268 455 5332 possunt
496 5259 698 5315 violare
746 5265 909 5328 atque
961 5257 1235 5328 disputare
1284 5254 1638 5311 contendunt.
1707 5251 1816 5308 Sed

227 5348 508 5405 videamus
549 5340 693 5420 quod
731 5349 978 5420 sequitur
1017 5347 1411 5405 communiter:

302 5438 375 5498 In
415 5449 640 5514 tempore
678 5439 770 5497 illo
815 5456 1092 5513 percussus
1135 5448 1211 5498 est
1241 5439 1476 5496 Alcimus
1516 5449 1567 5495 et
1609 5438 1816 5511 perdita

228 5542 353 5590 sunt
396 5550 552 5606 opera
591 5532 757 5600 illius,
796 5541 903 5591 etc.
946 5533 1084 5603 Quia
1124 5533 1252 5591 licet
1285 5531 1433 5589 inani
1467 5530 1611 5590 fastu
1646 5531 1819 5588 haere-

234 5626 331 5683 tici
371 5630 705 5699 superbiant,
731 5627 958 5684 licetsad
992 5637 1206 5700 tempus
1251 5626 1547 5698 praevalere
1574 5625 1819 5681 ﬁdelibus

237 5730 337 5786 per
373 5717 614 5775 subsidia
651 5726 932 5791 potentum
974 5718 1134 5790 huius
1171 5718 1357 5775 mundi
1397 5717 1687 5773 audiantur
1716 5715 1821 5787 [vi-

1915 4701 1996 4757 sia
2042 4712 2404 4762 commanere,
2431 4703 2490 4750 ut
2534 4710 2672 4766 quos
2714 4693 2792 4749 illi
2836 4706 2942 4748 non
2986 4694 3281 4761 potuerunt
3305 4686 3504 4760 gladio,

1916 4794 2017 4850 hos
2064 4792 2141 4848 illi
2184 4790 2459 4862 decipiant
2501 4789 2643 4844 dolo.
2696 4787 2853 4844 Unde
2896 4797 2949 4843 ,ει
2987 4784 3191 4840 Paulus
3234 4781 3509 4853 apostolus

2105 4883 2161 4937 in
2208 4880 2465 4952 Epistolis
2509 4880 2621 4936 suis
2667 4876 2811 4951 (Gal.
2844 4877 2907 4947 ιι)
2948 4872 3301 4944 conqueritur
3343 4869 3505 4925 falso-

1919 4992 2040 5031 rum
2064 4974 2294 5031 fratrum
2317 4971 2564 5027 fraudem
2585 5012 2599 5037 ,
2626 4968 2719 5041 qui
2745 4968 3177 5026 subintroierunt
3204 4975 3261 5021 et
3283 4975 3505 5036 perver-

1919 5076 2105 5124 terunt
2146 5068 2432 5124 veritatem
2459 5063 2771 5137 Evangelii,
2811 5063 2902 5118 sed
2926 5079 3029 5116 non
3053 5066 3358 5139 potuerunt,
3381 5057 3508 5127 quia

1918 5160 2145 5215 innotuit
2191 5160 2266 5215 eis
2312 5158 2591 5214 consilium
2634 5172 2851 5223 eorum;
2898 5154 3010 5225 agit
3047 5152 3192 5207 enim
3237 5147 3506 5205 industria

1918 5255 2046 5313 boni
2090 5254 2328 5310 doctoris
2366 5258 2429 5309 ut
2469 5251 2613 5323 plebi
2660 5250 2763 5307 sibi
2803 5244 3168 5318 subiectorum
3219 5241 3510 5317 providere

1916 5356 1975 5403 et
2012 5360 2205 5405 cavere
2247 5345 2388 5402 sciat
2434 5342 2692 5400 astutiam
2739 5352 3138 5412 perversurum.

1990 5439 2061 5494 Et
2087 5436 2446 5511 apprehendit,
2480 5434 2673 5507 inquit,
2706 5433 2771 5489 de
2798 5433 2923 5489 viris
2949 5431 3193 5504 regionis,
3228 5428 3320 5504 qui
3353 5429 3507 5502 prin-

1922 5534 2059 5603 cipes
2089 5539 2239 5586 erant
2263 5528 2487 5595 militite,
2511 5536 2560 5583 et
2586 5527 2959 5582 occidebantur
2983 5542 3017 5581 a
3040 5523 3326 5580 Bacchide.
3366 5520 3512 5592 Quid

1924 5624 2068 5680 aliud
2100 5621 2205 5679 nisi
2236 5621 2292 5676 hi
2319 5620 2445 5691 qui,
2476 5618 2759 5690 superﬁcie
2795 5618 2991 5674 litterae
3025 5615 3214 5686 legalis
3243 5610 3506 5676 contenti,

1920 5713 2349 5772 Pentateuchum
2378 5712 2514 5784 legis
2545 5726 2654 5766 non
2690 5709 3026 5780 spiritaliter,
3059 5705 3161 5763 sed
3191 5700 3509 5769 carnaliter,

241 5806 496 5884 deantur]
517 5850 535 5880 ,
579 5818 758 5872 tamen
800 5812 1188 5886 omnipotentis
1229 5811 1326 5870 Dei
1365 5809 1571 5884 judicio
1612 5811 1669 5869 in
1714 5808 1823 5866 ﬁne
1923 5808 1981 5866 in
2024 5804 2437 5875 circumcisione
2481 5810 2537 5861 et
2579 5801 2923 5874 sermonibus
2942 5793 3508 5886 Iobservaresvolunt;
