4028 6478
221 324 363 381 1189

934 315 1288 375 COMMENT.
1328 313 1397 370 IN
1435 311 1681 370 LIBROS
1719 306 2293 373 MACHABASORUM.
2334 344 2405 355 -
2440 312 2511 369 IN
2548 310 2679 368 LIB.
2719 312 2762 370 Ι.

3361 312 3504 374 Ηεῦ

221 437 326 496 sibi
351 437 637 491 honestum
655 429 781 485 belli
805 429 1015 485 tituium
1037 427 1669 501 gratulatus,restituere
1684 439 1805 479 etim
1834 426 1885 485 Α
1910 434 2120 490 morte,
2174 442 2205 481 a
2251 427 2336 483 sui
2386 427 2715 483 rectitudine
2760 434 2937 482 status
2978 426 3231 482 inclinari
3270 412 3501 498 possint.

221 531 277 587 in
308 541 533 599 regnum
562 524 769 579 statuit.
835 519 943 577 Sed
988 520 1328 587 Holofernes,
1380 521 1593 593 ingrato
1624 517 1805 571 animo

223 621 357 677 inita
410 634 534 674 cum
580 616 1038 672 Antiochensibus
1070 615 1359 683 pactione,
1409 612 1628 668 otfensis
1676 621 1811 666 tunc

222 711 519 776 Demetrio,
570 708 769 781 pellere
817 722 940 762 eum
991 722 1156 779 regno
1206 721 1237 760 a
1287 701 1393 776 quo
1422 703 1808 759 restituebatur

224 805 512 864 consilium
541 803 704 874 cepit.
736 802 854 871 Quo
876 802 1093 873 cognito
1118 802 1426 857 Demetrius
1446 802 1568 856 vitae
1590 800 1808 870 quidem

224 912 295 953 ne
319 897 628 952 Ariarectes
655 903 799 951 metu
829 893 1044 949 ﬁnitimi
1084 894 1209 949 belli
1236 894 1578 959 liberaretur,
1609 906 1807 963 peper-

224 989 332 1055 cit,
366 989 545 1060 ipsum
575 996 755 1043 autem
784 988 1234 1058 comprehensum
1265 987 1523 1043 Seleuciae
1551 985 1810 1042 custodiri

219 1082 416 1156 jubet;
461 1095 563 1137 nec
592 1078 985 1135 Antiochenses
1011 1080 1216 1151 judicio
1241 1081 1417 1136 territi
1448 1097 1477 1135 a
1509 1078 1811 1135 defectione

228 1175 573 1232 destiterunt.
626 1172 811 1243 Itaque
858 1171 1235 1241 adjuvantibus
1276 1182 1330 1229 et
1366 1173 1656 1229 Ptolemteo
1686 1185 1813 1241 rege

226 1265 449 1339 Egypti
483 1273 537 1321 et
569 1265 752 1320 Attalo
784 1280 909 1336 rege
945 1262 1142 1337 Syrim,
1193 1279 1420 1336 regnum
1451 1264 1599 1319 velut
1630 1272 1811 1335 pater.

227 1375 359 1413 num
383 1357 550 1413 armis
578 1364 864 1427 repeteret,
890 1363 945 1412 et
973 1372 1039 1412 ne
1063 1356 1192 1428 quid
1217 1354 1557 1412 contumelia
1578 1357 1811 1421 deesset,

227 1465 427 1506 nomen
458 1449 509 1504 ei
536 1449 831 1505 Alexandri
872 1450 1053 1516 datur,
1090 1450 1411 1522 genitusque
1452 1452 1519 1507 ab
1548 1450 1814 1505 Antiocho

227 1558 355 1617 rege
383 1544 600 1601 dicitur.
661 1543 890 1599 Tantum
936 1544 1119 1600 odium
1161 1542 1419 1599 Demetrii
1451 1543 1592 1616 apud
1614 1550 1815 1600 ‘omnes

227 1644 367 1703 erat,
398 1645 459 1691 ut
488 1635 684 1691 mmulo
715 1635 831 1705 ejus
865 1652 973 1692 non
1001 1635 1145 1691 vires
1173 1644 1383 1691 tantum
1412 1637 1594 1708 regiae,
1627 1650 1814 1691 verum

228 1738 291 1787 et
314 1730 528 1800 generis
570 1729 822 1786 nobilitas
870 1726 1136 1787 conscnSu
1175 1731 1416 1786 omnium
1460 1731 1810 1785 tribueretur.

228 1824 397 1896 Igitur
421 1822 730 1878 Alexander
760 1824 1065 1879 admirabili
1111 1839 1292 1879 rerum
1321 1824 1587 1879 varietate
1628 1822 1815 1893 pristi-
1843 1801 1893 1862 Β

228 1932 426 1972 narum
456 1915 696 1972 sordium
723 1915 942 1983 oblitus,
969 1917 1135 1972 totius
1160 1915 1333 1972 ferme
1356 1916 1586 1972 orientis
1609 1916 1817 1971 viribus

229 2007 560 2073 succinctus,
597 2006 798 2062 bellum
842 2007 1114 2062 Demetrio
1154 2005 1341 2073 infert,
1371 2008 1680 2076 victumque
1706 2007 1816 2061 vita

229 2098 439 2170 pariter
467 2114 532 2153 ac
576 2114 744 2169 regno
774 2099 990 2170 Spoliat.
1040 2099 1359 2171 Quanquam
1402 2115 1503 2157 nec
1545 2101 1820 2156 Demetrio

232 2193 451 2248 animus
484 2192 541 2248 in
573 2192 937 2264 propulsando
967 2192 1109 2249 bello
1136 2192 1324 2249 defuit.
1378 2193 1513 2250 Nam
1554 2203 1608 2251 et
1642 2195 1821 2266 primo

231 2286 443 2342 hostem
494 2285 740 2357 fugavit,
799 2294 853 2340 et
900 2284 1119 2356 regibus
1161 2284 1361 2341 bellum
1407 2285 1822 2343 restituentibus

230 2381 402 2440 multa
424 2380 594 2437 nuliia
624 2381 677 2435 in
702 2380 870 2453 Mysia
897 2381 1123 2447 cecidit;
1159 2383 1225 2437 ad
1253 2392 1590 2453 postremum
1616 2391 1818 2449 autem,

232 2485 415 2533 tamen
458 2477 666 2532 invicto
711 2477 915 2540 animo,
964 2476 1106 2530 inter
1144 2474 1472 2532 fortissimos
1524 2476 1823 2531 fortissime

233 2568 499 2625 dimicans
536 2567 752 2625 cecidit.
798 2567 959 2623 Initio
1001 2567 1127 2623 belli
1161 2569 1469 2624 Demetrius
1511 2570 1646 2625 duos
1684 2567 1823 2623 ﬁlios

234 2660 376 2731 apud
405 2661 693 2731 quemdam
722 2658 989 2729 hospitem
1020 2674 1177 2713 suum
1205 2670 1327 2713 cum
1359 2674 1557 2731 magno
1585 2659 1825 2729 pondere

235 2754 355 2807 auri
386 2752 885 2817 commendaverat,
912 2758 974 2805 ut
996 2750 1123 2807 belli
1150 2751 1404 2820 periculis
1432 2751 1821 2819 eximerentur,

236 2852 292 2899 et
328 2844 376 2899 si
406 2844 482 2898 ita
521 2856 641 2899 sors
674 2842 908 2909 tulisset,
935 2852 1175 2914 paternae
1219 2843 1414 2898 ultioni
1451 2852 1821 2900 servarentur.

236 2934 317 2991 Ex
349 2936 434 2991 his
458 2936 641 3007 junior
668 2935 993 3001 Demetrius,
1020 2951 1192 2991 annos
1218 2949 1470 3007 egressus
1497 2936 1824 3006 pubertatis,

239 3027 422 3083 audita
453 3024 742 3082 Alexandri
775 3027 1019 3094 luxuria,
1059 3042 1219 3097 quem
1266 3027 1552 3099 insperatae
1597 3043 1728 3098 opes
1774 3036 1827 3084 et

240 3121 430 3178 alienae
456 3120 732 3177 felicitatis
756 3129 1072 3183 ornamenta
1098 3121 1246 3177 velut
1273 3130 1488 3193 captum
1516 3121 1659 3177 inter
1681 3135 1829 3177 scor-

240 3222 419 3269 torum
446 3228 636 3285 greges
664 3213 906 3269 desidem
935 3213 989 3268 in
1021 3212 1168 3284 regia
1200 3213 1488 3280 tenebant,
1517 3212 1826 3269 auxilianti-

240 3303 343 3360 bus
367 3302 717 3360 Cretensibus
746 3318 995 3360 securum
1023 3320 1087 3360 ac
1114 3303 1250 3359 nihil
1275 3305 1471 3360 hostile
1498 3312 1829 3362 metuentem

241 3395 571 3468 aggreditur.
603 3395 1003 3452 Antiochenses
1027 3411 1263 3467 quoque,
1295 3404 1533 3454 veterem
1558 3397 1730 3468 patris
1756 3394 1833 3453 of-‘

241 3488 452 3544 tensam
477 3489 634 3545 novis
662 3488 872 3545 meritis
900 3489 1231 3556 correcturi,
1272 3504 1331 3545 se
1368 3489 1417 3545 ei
1445 3491 1696 3557 tradunt;
1738 3488 1831 3545 sed

244 3587 299 3634 et
330 3578 533 3636 milites
558 3580 771 3651 paterni
799 3578 983 3636 favore
1005 3578 1224 3650 juvenis
1251 3582 1465 3637 accensi
1482 3623 1496 3649 ,
1525 3583 1725 3653 prioris
1751 3582 1835 3637 sa-‘

244 3670 509 3725 cramenti
529 3670 845 3742 religionem
864 3672 989 3747 novi
1014 3672 1158 3744 regis
1176 3672 1442 3743 superbiae
1459 3673 1829 3744 praeferentes,

245 3758 400 3830 signa
430 3760 498 3814 ad
526 3760 861 3817 Demetrium
897 3761 1268 3829 transferunt;
1304 3770 1471 3834 atque
1499 3764 1575 3819 ita
1600 3763 1833 3820 Alexan-

246 3851 362 3919 der,
382 3867 489 3908 non
510 3852 719 3909 minore
741 3853 946 3923 impetu
968 3852 1198 3911 fortunae
1216 3854 1529 3911 destnwtus
1544 3870 1709 3925 quam
1726 3854 1836 3910 clas

246 3950 354 4011 tus,
380 3945 560 4015 primo
581 3945 768 4016 przlio
791 3947 967 4007 victus
991 3947 1336 4015 interﬁcitur,
1362 3948 1618 4020 deditque
1641 3962 1834 4019 poenas

249 4037 525 4095 Demetrio
546 4053 714 4108 quem
740 4040 1054 4108 occiderat,
1080 4048 1137 4096 et
1159 4041 1432 4097 Antiocho
1458 4041 1613 4112 cujus
1639 4044 1837 4098 menti-

249 4136 337 4186 tus
364 4130 629 4203 originem
653 4130 853 4187 fuerat.

320 4222 391 4277 Et
436 4225 569 4279 venit
611 4224 873 4281 leuat/tes
918 4224 975 4278 in
1017 4224 1374 4292 Hierusalem,
1401 4234 1508 4281 etc.
1560 4226 1837 4282 Demetrio

251 4330 442 4388 pacem
478 4332 577 4388 per
604 4317 864 4388 epistolas
880 4317 1181 4384 deferente,
1212 4316 1476 4374 Jonathas
1496 4317 1834 4375 Hierusalem

253 4408 565 4466 inhabitans
586 4410 752 4481 cepit
798 4410 1060 4466 innovare
1078 4410 1355 4466 civitatem
1374 4428 1389 4477 ;
1414 4411 1541 4482 quia
1567 4412 1696 4468 licet
1714 4426 1839 4483 pen-

1908 521 2011 578 Per
2030 522 2375 590 Betbsuram,
2392 538 2511 593 quae
2525 523 2713 576 domus
2734 521 3068 576 robustorum
3088 521 3504 593 interpretatur,

1909 615 2170 680 Ecclesia,
2195 614 2487 683 aliquando
2513 628 2643 668 vero
2669 611 2951 689 Scriptura
2980 626 3137 667 sacra
3164 610 3502 683 designatur,

1910 710 1963 765 in
1991 726 2097 782 qua
2131 708 2360 774 robusti,
2386 692 2495 763 hoc
2519 716 2624 774 est,
2655 709 2905 762 doctores
2932 707 3105 763 sancti
3136 714 3190 763 et
3219 708 3504 779 apostolici

1908 794 2032 867 viri,
2059 815 2403 858 commanere
2426 801 2706 856 videntur:
2733 801 2825 856 sed
2849 800 2991 856 sicut
3019 800 3073 855 in
3096 799 3341 857 Ecclesia
3366 817 3508 872 prm-

1912 895 2051 967 senti
2079 895 2207 950 boni
2236 901 2287 950 et
2320 892 2446 949 mali
2480 893 2819 959 consistunt,
2857 892 3028 948 donec
3056 906 3256 966 sagena
3288 891 3506 950 Domini

1911 987 2083 1043 bonos
2129 997 2183 1043 et
2230 986 2402 1042 malos
2440 986 2617 1057 pisces
2648 986 2981 1041 contraliens
3013 986 3079 1039 ad
3109 984 3261 1041 littus
3291 985 3506 1058 (Matth.

1912 1080 2057 1154 xm),
2088 1082 2189 1136 hoc
2215 1089 2321 1145 est,
2355 1079 2515 1135 ﬁnem
2544 1076 2753 1144 mundi,
2784 1078 2933 1135 et.ad
2956 1078 3223 1149 judicium
3250 1086 3512 1136 extremae

1915 1172 2259 1245 discretionis
2278 1172 2560 1242 perducat,
2589 1171 2661 1224 ita
2687 1168 2967 1240 Scriptura
2988 1179 3175 1225 sancta
3200 1178 3255 1225 et
3276 1170 3508 1228 lectores

1916 1266 2082 1321 habet
2116 1265 2237 1336 pios
2258 1305 2272 1330 ,
2320 1265 2410 1336 qui
2442 1280 2565 1319 eam
2597 1263 2865 1319 catholico
2897 1278 3061 1317 sensu
3110 1264 3403 1330 rimantur,
3455 1271 3512 1320 et

1915 1375 2133 1430 pravos,
2166 1358 2258 1429 qui
2285 1374 2407 1414 eam
2454 1359 2523 1414 ad
2566 1374 2787 1414 sensum
2833 1372 2991 1411 suum
3036 1372 3267 1426 pravum
3296 1364 3514 1411 contra-

1918 1452 2096 1508 hendo
2135 1453 2431 1522 depravare
2469 1457 2756 1504 conantur.
2814 1448 2964 1505 Unde
2997 1447 3199 1503 Paulus
3237 1446 3514 1518 apostolus

1919 1546 2163 1602 scribens
2206 1546 2272 1600 ad
2303 1543 2649 1599 Timotheum
2687 1543 2765 1597 ait
2798 1560 2810 1597 :
2860 1541 3045 1598 Omnis
3075 1540 3353 1613 Scriptum
3381 1541 3517 1596 divi-

1920 1639 2058 1692 nitus
2091 1637 2331 1691 instituta
2362 1645 2436 1690 est
2466 1636 2608 1689 utilis
2640 1634 2708 1689 ad
2739 1633 3057 1700 docendum,
3085 1633 3154 1687 ad
3181 1632 3514 1703 urguendum

1920 1740 1967 1785 et
1995 1730 2384 1800 corrigendum,
2423 1728 2492 1783 ad
2524 1727 2873 1784 erudiendum
2902 1728 2959 1782 in
2976 1726 3227 1798 justitia,
3260 1736 3315 1780 ut
3341 1726 3514 1797 perfe~

1921 1832 2035 1878 ctus
2077 1824 2143 1877 sit
2189 1822 2343 1876 homo
2373 1819 2466 1875 Dei
2511 1820 2581 1874 ad
2623 1837 2775 1875 omne
2815 1837 2944 1889 opus
2987 1819 3177 1874 bonum
3224 1820 3514 1874 instructus

1922 1913 2005 1987 (ΙΙ
2033 1913 2165 1969 Tim.
2190 1913 2296 1987 ιιι).
2331 1911 2454 1967 Mali
2481 1918 2660 1967 autem
2690 1912 2940 1968 homines
2967 1919 3025 1966 et
3050 1910 3366 1967 seductores
3392 1924 3517 1983 pro-

1922 2000 2112 2058 ﬁciunt
2156 2003 2212 2058 in
2255 2001 2409 2074 pejus
2437 2009 2684 2057 errantes
2732 2010 2787 2057 et
2836 2001 2892 2057 in
2936 2016 3180 2057 errorem
3211 2001 3511 2057 mittentes.

1920 2096 2061 2153 Hinc
2084 2105 2138 2152 et
2160 2096 2410 2168 princeps
2435 2095 2806 2167 apostolorum
2833 2094 2968 2151 dicit
2995 2093 3243 2150 indoctos
3269 2101 3325 2148 et
3350 2092 3518 2149 insta-

1920 2188 2057 2246 biles
2084 2187 2401 2260 Scripturas
2432 2204 2620 2244 sacras
2650 2188 2947 2258 depravare
2983 2187 3053 2242 ad
3092 2201 3247 2244 suam
3276 2172 3518 2257 ipSorum

1920 2285 2278 2361 perditionem
2310 2281 2360 2356 (Ι
2366 2282 2394 2336 Ι
2424 2280 2574 2337 Petr.
2607 2281 2715 2356 ιιι).
2765 2282 3149 2339 Desinentibus
3177 2296 3307 2354 ergo
3333 2280 3517 2352 genti-

1923 2375 2053 2430 lium
2098 2373 2569 2446 persccutionibus
2621 2372 2923 2429 forinsecus
2965 2373 3229 2429 hactenus
3275 2371 3519 2427 haeretici

1924 2475 2088 2538 atque
2136 2465 2467 2521 schismatici
2518 2465 2813 2519 moliuntur
2858 2464 3016 2520 bonis
3055 2463 3343 2520 catholicis
3376 2461 3520 2519 bella

1925 2558 2275 2625 intrinsecus,
2318 2557 2445 2628 quia
2477 2556 2815 2627 reliquerunt
2842 2556 3017 2626 legem
3046 2555 3263 2611 Domini
3291 2564 3347 2611 et
3373 2556 3523 2611 viam

1925 2649 2177 2705 veritatis
2205 2649 2496 2704 observare
2526 2647 2837 2702 noluerunt.
2885 2646 3096 2703 Idcirco
3122 2646 3326 2702 dicitur
3354 2646 3522 2702 Beth-

1926 2759 2053 2797 sura
2084 2743 2163 2797 eis
2191 2742 2258 2796 ad
2289 2740 2554 2812 refugium
2586 2739 2736 2805 ﬁeri,
2774 2740 2902 2809 quia
2930 2736 3195 2809 quidquid
3223 2753 3387 2794 sensu
3412 2752 3520 2794 ne-

1925 2848 2088 2905 quam
2115 2832 2581 2902 excogitaverunt,
2607 2836 2701 2883 aut
2723 2843 2892 2899 pravo
2919 2827 3136 2899 eloquio
3157 2826 3524 2898 protulerunt,

1927 2910 2101 2979 totum
2132 2922 2458 2978 testimoniis
2488 2920 2786 2991 Scriptum
2826 2935 2996 2977 sacrae
3033 2934 3144 2976 non
3182 2926 3332 2975 recte
3365 2918 3524 2975 intel-

1927 3013 2081 3071 lectis
2108 3015 2432 3070 conﬁrmare
2460 3020 2736 3085 satagunt.

2000 3115 2073 3171 Et
2116 3115 2315 3171 audivit
2355 3114 2655 3170 Alexander
2698 3129 2793 3170 res
2829 3115 3090 3187 promissa
3126 3131 3247 3187 qua
3283 3117 3525 3187 promisit

1931 3209 2231 3273 Demetrius
2259 3208 2528 3277 Jonatlue,
2570 3215 2676 3264 etc.
2739 3206 2893 3275 Quod
2940 3221 3098 3279 reges
3143 3206 3317 3279 Syria!
3360 3214 3527 3277 atque

1930 3300 2152 3372 Egypti
2179 3300 2566 3356 contendentes
2587 3299 2653 3354 de
2680 3313 2846 3370 regno
2870 3297 3129 3354 auxilium
3153 3307 3211 3355 et
3228 3299 3530 3357 amicitiam

1930 3392 2177 3455 Ionathre
2218 3392 2414 3464 singuli
2457 3391 2823 3462 expetebant,
2879 3405 2991 3447 non
3030 3390 3182 3447 aliud
3226 3390 3531 3463 signiﬁcari

1932 3488 2172 3561 arbitror
2200 3488 2303 3543 nisi
2328 3486 2473 3557 quod
2502 3484 2753 3541 carnales
2774 3484 2981 3556 quique
3002 3484 3246 3556 superbi,
3272 3492 3330 3539 et
3353 3483 3529 3552 avari,

1934 3589 2099 3651 atque
2126 3581 2460 3651 voluptuosi,
2505 3580 2634 3637 licet
2664 3582 2806 3639 inter
2839 3592 2900 3636 se
2924 3592 3144 3650 θεωρεῖ
3165 3578 3530 3647 dissentiant,

1934 3688 2036 3733 nec
2063 3672 2226 3729 ictam
2263 3687 2453 3743 pacem
2480 3681 2538 3728 et
2565 3671 2743 3728 fmdus
2768 3684 3121 3742 nequaquam
3149 3670 3383 3727 ﬁrmiter
3410 3684 3529 3726 ser-

1933 3780 2064 3822 vare
2093 3764 2335 3836 possint,
2390 3779 2779 3835 nonnunquam
2823 3772 3010 3825 tamen
3056 3763 3306 3820 videntes
3335 3763 3534 3819 immu-

1934 3859 2163 3917 nitatem
2197 3866 2256 3915 et
2288 3858 2638 3915 concordiam
2676 3872 2846 3915 sacrae
2878 3854 3182 3927 Scriptura:
3207 3854 3295 3912 vel
3331 3861 3534 3911 sancta

1934 3951 2220 4018 Ecclesiae,
2257 3950 2363 4022 ipsi
2391 3949 2645 4007 deferunt
2672 3950 2968 4015 honorem;
2997 3948 3127 4019 quia
3155 3947 3361 4004 donum
3387 3946 3535 4017 quod

1936 4061 1994 4104 se
2021 4045 2224 4101 habere
2258 4060 2366 4100 non
2396 4040 2774 4113 conspiciunt,
2822 4042 2878 4097 in
2920 4041 3036 4110 ipsa
3076 4039 3326 4097 habitum
3353 4051 3549 4094 vene--

1936 4144 2129 4193 rantur
2156 4135 2421 4200 nonnulli,
2451 4135 2578 4204 quia
2605 4133 2723 4204 (ius
2749 4141 2943 4205 optant
2966 4134 3173 4190 habere
3194 4132 3494 4188 amicitiam
3512 4169 3531 4198 ,

1936 4228 2023 4286 vel
2052 4229 2104 4283 in
2137 4226 2459 4297 opportunis
2485 4226 2696 4281 solatiis
2719 4225 2983 4295 adjuvari,
3013 4231 3077 4280 ut
3104 4238 3204 4295 per
3229 4224 3535 4280 orationem

1939 4329 1995 4377 et
2023 4321 2201 4377 studio
2228 4320 2490 4374 virtutum
2522 4326 2577 4373 et
2604 4317 2705 4388 ipsi
2734 4317 3108 4373 meliorentur.

2012 4432 2081 4486 In
2117 4447 2257 4486 anno
2297 4430 2578 4484 centesimo
2608 4428 2933 4499 tangam
2958 4426 3149 4498 quinto
3175 4426 3316 4481 venit
3345 4424 3539 4482 Dente-

253 4511 531 4560 secutores
552 4504 842 4574 aliquando
863 4504 1030 4561 minis
1054 4504 1240 4560 ﬁdeles
1266 4513 1526 4572 terreant,
1550 4506 1829 4577 aliquando

1944 4524 2101 4589 trina,
2130 4522 2273 4591 ﬁlius
2299 4520 2569 4585 Demetrii,
2600 4537 2635 4574 a
2659 4518 2841 4586 Creta,
2863 4520 2922 4573 in
2948 4528 3146 4573 terram
3169 4527 3383 4590 patrum
3409 4532 3537 4572 suae

254 4610 387 4654 vero
423 4596 810 4654 blandimentis
841 4596 1104 4666 foveant,
1152 4599 1401 4655 doctores
1443 4603 1619 4657 sancti
1658 4610 1837 4657 tamen

254 4692 474 4750 assidue
522 4692 778 4749 insistunt
819 4692 1053 4764 spiritali
1100 4692 1441 4751 aediﬁcationi
1487 4704 1543 4751 et
1582 4688 1845 4751 innovant

254 4786 534 4845 civitatem
562 4786 852 4853 Ecclesiae,
881 4797 1149 4857 quatenus
1175 4803 1297 4844 eam
1332 4789 1516 4845 hostes
1547 4790 1633 4845 sui
1669 4804 1845 4860 neque

254 4881 313 4938 vi
354 4880 658 4950 irrumpere
704 4895 879 4950 neque
926 4880 1117 4936 fraude
1166 4882 1565 4938 circumvenire
1608 4886 1841 4953 possint.

256 4970 389 5031 Inde
416 4973 561 5042 quod
594 4980 837 5031 montem
866 4970 999 5028 Sion
1034 4970 1298 5029 Jonathas
1326 4974 1493 5045 jussit
1520 4973 1846 5030 facientibus

258 5079 423 5135 opera
449 5063 719 5135 lapidibus
744 5062 1026 5133 quadratis
1049 5064 1288 5136 undique
1313 5065 1541 5130 munire,
1563 5066 1689 5136 quia
1716 5081 1849 5137 pra)-

238 5156 535 5239 |dicatores
557 5154 833 5227 Evangelii
854 5155 1126 5227 praecipue
1152 5157 1373 5213 student
1392 5166 1570 5213 castra
1591 5157 1848 5214 Ecclesiae

264 5249 469 5305 sanctis
495 5264 559 5303 ac
584 5247 815 5304 fortibus
842 5248 976 5304 viris
1012 5248 1380 5315 circumdare,
1423 5265 1560 5320 quos
1597 5250 1846 5320 quadrati

264 5343 471 5414 lapides
500 5341 817 5415 designant,
863 5357 933 5397 ne
976 5340 1138 5398 facile
1178 5342 1429 5399 hostibus
1473 5350 1659 5413 pateat
1698 5343 1849 5400 locus

266 5418 544 5497 civitatem
587 5442 834 5490 sanctam
876 5434 1197 5491 invadenti:
1244 5435 1572 5506 quadratum
1615 5451 1851 5505 namque

266 5545 462 5597 omne,
502 5544 826 5602 quocunque
866 5528 1117 5594 vertitur,
1162 5529 1329 5585 ﬁxum
1365 5537 1513 5587 stare
1545 5531 1848 5587 consuevit.

269 5620 368 5678 Cui
403 5622 660 5678 nimirum
690 5622 875 5691 figura:
909 5621 1073 5677 corda
1108 5620 1481 5678 assimilantur
1523 5623 1849 5691 electorum,

271 5715 361 5786 qui
401 5714 478 5771 ita
518 5716 570 5769 in
608 5714 732 5772 ﬁdei
772 5716 1031 5772 ﬁrmitate
1068 5715 1368 5771 consistere
1402 5716 1743 5785 didicerunt,
1794 5730 1854 5776 ut

272 5809 421 5868 nulla
447 5820 767 5868 occurrente
795 5826 979 5868 rerum
1003 5810 1362 5879 adversitate,
1403 5824 1503 5867 nec
1537 5811 1656 5883 ipsa
1687 5813 1852 5875 etiam

1946 4634 2083 4671 rum.
2131 4616 2273 4683 Quid
2312 4629 2413 4684 per
2436 4613 2812 4685 Apollonium,
2844 4612 3162 4684 praefectum
3188 4611 3500 4684 leesyriae
3519 4651 3536 4680 ,

1944 4723 2106 4778 quem
2138 4706 2447 4762 Demetrius
2476 4722 2601 4761 eum
2643 4706 2889 4762 exercitu
2929 4705 3129 4761 direxit
3168 4706 3225 4760 in
3251 4704 3497 4761 Iudaeam
3518 4744 3535 4771 ,

1944 4799 2050 4854 nisi
2082 4798 2301 4853 lictores
2327 4806 2385 4850 et
2412 4804 2643 4852 terrena:
2671 4796 2958 4866 potestatis
2984 4796 3217 4851 ministri
3249 4795 3542 4866 designan-

1946 4896 2054 4954 tur,
2085 4887 2283 4958 quibus
2309 4886 2664 4942 commissum
2695 4894 2780 4941 est
2806 4900 2838 4940 a
2863 4885 3100 4941 dominis
3129 4884 3243 4941 suis
3279 4891 3341 4939 ut
3375 4884 3540 4939 fidem

1947 4977 2148 5034 Christi
2191 4985 2502 5049 expugnent
2543 4976 3085 5047 atquevconfessores
3122 4976 3242 5045 ejus
3278 4974 3539 5045 blasphe-

1947 5086 2101 5129 mare
2145 5070 2515 5142 compellant:
2554 5071 2609 5125 hi
2650 5071 2835 5141 inique
2876 5084 3001 5126 cum
3043 5083 3266 5126 suorum
3295 5073 3542 5125 'numero

1949 5160 2307 5225 conﬁdentes,
2338 5160 2404 5216 de
2433 5160 2636 5215 auxilio
2660 5160 2872 5216 scilicet
2896 5160 3257 5231 superborum
3285 5174 3346 5216 se
3366 5158 3543 5216 extol-

1948 5248 2146 5316 lentes,
2178 5248 2445 5305 insultaut
2471 5248 2720 5305 Jonatbm
2748 5253 2894 5319 quod
2927 5257 3250 5321 potestatem
3288 5256 3546 5307 exerceat

1950 5343 2009 5400 in
2031 5342 2446 5400 montibuscum
2461 5343 2666 5398 sanctis
2690 5342 3024 5410 doctoribus,
3048 5341 3116 5398 de
3139 5355 3235 5413 spe
3260 5356 3422 5414 quam
3445 5341 3544 5398 ha-

1950 5436 2083 5493 bent
2106 5436 2174 5492 de
2196 5450 2437 5506 superno
2460 5435 2731 5506 adiutorio
2754 5434 3003 5502 illndunt,
3018 5443 3424 5508 provocantqne
3448 5449 3542 5492 eos

1952 5530 2010 5586 in
2035 5544 2307 5600 campum,
2339 5530 2444 5585 hoc
2471 5537 2579 5596 est,
2609 5529 2677 5585 ad
2704 5530 2921 5587 tela-cna
2949 5529 3215 5591 desideria
3241 5539 3297 5587 et
3322 5528 3544 5586 delicias

1952 5623 2163 5689 mundi,
2189 5638 2298 5693 quo
2323 5620 2538 5678 facilius
2564 5637 2659 5678 eos
2682 5623 2737 5678 in
2758 5625 2882 5681 imis
2901 5633 3291 5681 conversantes
3312 5622 3544 5679 obruere

1954 5716 2181 5787 possint.
2238 5714 2375 5769 Lata
2404 5725 2479 5770 est
2511 5716 2655 5771 enim
2693 5716 2778 5771 via
2815 5733 2933 5787 quia
2960 5717 3107 5770 ducit
3137 5715 3208 5768 ad
3242 5721 3463 5770 mortem
3489 5720 3543 5771 at

1957 5810 2109 5866 multi
2140 5819 2262 5865 sunt
2289 5810 2378 5881 qui
2404 5810 2605 5865 intrant
2633 5828 2724 5882 per
2749 5827 2861 5866 eam
2892 5809 3107 5879 (Matth.
3136 5807 3256 5881 vn).
