4028 6466
667 324 797 379 lim

662 526 999 596 Apollonium
1060 537 1116 583 et
1148 539 1325 585 castra
1373 532 1488 601 ejus
1535 535 1854 606 conﬂigunt,
1896 554 2132 608 eumque
2160 555 2252 595 su-

659 626 912 688 perantes
941 628 1306 690 prosternunt,
1333 640 1455 679 cum
1485 629 1656 682 sancti
1691 631 2073 700 praedicatores
2093 632 2250 687 Chri-

661 708 751 770 sti,
793 711 1060 766 associato
1113 711 1217 767 sibi
1271 713 1510 771 ﬁdelium
1565 735 1818 786 numero,
1870 723 1962 791 qui
1992 724 2247 780 mandata

655 797 912 872 Decalogi
945 802 1049 856 rite
1085 805 1416 873 custodiunt,
1469 816 1659 864 contra
1712 821 2091 881 persecutores
2117 813 2244 870 ﬁdei

655 901 973 951 constanter
1002 895 1282 964 dimicant,
1333 908 1389 954 et
1425 900 1551 956 ﬁdei
1608 903 1791 958 divino
1823 904 2092 974 adjutorio
2120 922 2241 962 om-

650 997 747 1037 ncs
784 983 1034 1039 inimicos
1070 1001 1216 1052 suos,
1249 990 1342 1060 qui
1374 991 1612 1062 cogitant
1641 994 1721 1048 eis
1767 994 1929 1060 mala,
1961 997 2243 1054 vincentes

649 1084 931 1144 superant.
967 1075 1139 1149 Joppe
1164 1081 1330 1148 enim,
1358 1099 1480 1153 quae
1523 1084 1919 1158 interpretatur
1942 1089 2239 1160 pulchritu-

645 1166 736 1231 do,
770 1176 896 1236 apte
926 1173 1187 1227 mundum
1225 1174 1513 1246 signiﬁcat,
1566 1177 1719 1247 cujus
1748 1181 1959 1250 species
2007 1185 2240 1240 carnali-

643 1258 744 1313 bus
773 1259 990 1316 videtur
1012 1279 1134 1319 esse
1153 1266 1400 1335 pulchra,
1426 1269 1554 1338 quia
1569 1271 1751 1327 carnis
1774 1287 1884 1327 suae
1905 1274 2124 1344 explere
2147 1293 2238 1332 cu-

643 1351 800 1419 piunt
855 1354 1170 1424 desideria;
1220 1359 1294 1414 ibi
1353 1361 1552 1434 quippe
1612 1361 1874 1421 Jonathas
1931 1369 2235 1424 custodiam

642 1440 914 1510 Apollonii
953 1459 1225 1519 expugnat
1255 1453 1343 1508 ubi
1374 1469 1570 1508 vanam
1622 1456 2016 1528 philosophiam
2047 1462 2235 1518 mundi

640 1541 695 1586 et
732 1544 1032 1594 sectatores
1058 1540 1174 1611 ejus
1201 1557 1300 1611 per
1337 1545 1626 1599 veritatem
1651 1547 1929 1616 Evangelii
1959 1551 2116 1607 turba
2138 1552 2234 1609 do-

641 1633 854 1694 ctorum
902 1629 1221 1688 debellan‘do
1271 1636 1598 1705 conculcat;
1635 1651 1838 1713 pugnat
1866 1651 1924 1698 et
1952 1645 2095 1701 idem
2122 1662 2232 1704 cce-

638 1724 726 1774 tus
750 1730 1063 1779 sanctorum
1083 1726 1501 1795 prmdicatorum
1531 1742 1718 1789 contra
1753 1738 2005 1806 Azotum,
2031 1741 2122 1811 qui
2148 1743 2230 1797 in-

634 1817 882 1878 pretatur
909 1813 1045 1884 ignis
1064 1817 1340 1886 patruelis,
1367 1836 1489 1875 cum
1511 1824 1862 1893 cupiditatem
1882 1838 2220 1890 terrenarum
2251 1821 2301 1883 Β

632 1915 816 1956 rerum
842 1903 898 1959 in
924 1905 1234 1964 hominibus
1281 1913 1628 1983 exstinguere
1657 1920 1806 1989 cupit
1832 1940 1844 1974 :
1873 1923 1969 1978 sed
2009 1924 2221 1998 lugiunt

629 1994 902 2050 exercitus
950 1996 1222 2068 Apollonii
1273 2002 1330 2057 in
1358 2003 1589 2062 A-zotum
1620 2009 1690 2064 ad
1745 2010 1953 2085 Dagon,
2015 1994 2218 2077 idolum

624 2176 1011 2240 superstitione
1038 2182 1240 2252 colunt,
1289 2200 1540 2258 quaerunt
1586 2200 1998 2266 protectionem.
2028 2176 2215 2278 Dagon

623 2265 766 2319 enim
796 2268 1194 2343 interpretatur
1243 2281 1403 2350 piscis
1435 2286 1692 2355 tristitiw,
1732 2292 2042 2362 significans
2073 2291 2214 2357 ’dia-

618 2353 820 2424 bolum,
849 2364 947 2432 qui
975 2365 1027 2418 in
1054 2368 1250 2442 pelago
1279 2373 1436 2430 istius
1462 2369 1644 2435 saeculi
1673 2353 1915 2453 latitans,
1944 2407 2081 2461 quos
2107 2410 2210 2450 νει-ι

616 2443 694 2499 let
722 2447 973 2520 decipere
1000 2467 1215 2526 certat;
1249 2465 1344 2518 sed
1365 2463 1631 2526 Jonathas
1651 2478 1935 2534 succendit
1954 2443 2205 2555 Azotum,

617 2543 671 2589 et
699 2540 956 2608 templum
986 2545 1190 2618 Dagon,
1233 2569 1434 2624 eosque
1457 2561 1549 2627 qui
1573 2561 1826 2633 fugerunt
1855 2570 1908 2624 in
1951 2573 2081 2630 illud
2110 2540 2205 2634 oc:

614 2625 746 2682 cidit
797 2631 995 2702 gladio,
1040 2640 1165 2708 quia
1195 2642 1446 2704 doctores
1472 2625 1675 2709 sancti
1707 2655 1910 2735 [idolis]
1954 2625 2205 2726 incendio

612 2715 907 2778 destructis
935 2731 1318 2803 anathematis,
1362 2739 1636 2800 diabolum
1671 2749 1924 2808 similiter
1950 2772 2073 2812 cum
2103 2777 2200 2816 cu-

608 2808 842 2877 piditate
867 2819 1054 2873 mundi
1092 2821 1146 2875 in
1175 2837 1499 2896 perpetuum
1547 2835 1830 2908 damnant,
1864 2845 2201 2906 idololatras-

607 2913 713 2969 que
757 2903 936 2976 gladio
988 2910 1156 2967 divini
1184 2918 1334 2972 verbi
1366 2933 1584 2992 necant,
1615 2930 1742 2997 quia
1792 2903 2032 3006 paruam,
2078 2903 2200 3012 quae

604 3005 700 3046 eos
730 2994 786 3049 in
811 2997 1118 3067 gehennam
1150 3007 1507 3079 subsequetur
1534 3021 1848 3087 praedicant.

1299 328 1358 382 B.
1400 326 1655 386 RABANI
1693 331 1915 392 MAURI
1951 331 2272 392 ARCHIEP.

736 434 843 488 Sed
870 433 1132 491 Jonathas
1183 445 1240 492 et
1276 437 1462 494 Simon
1517 443 1705 497 decem
1768 443 2006 498 millibus
2057 448 2332 509 contraA

2316 333 2635 394 MOGUNT.
2677 336 2963 400 OPERUM
3003 344 3181 403 PARS
3219 347 3259 404 l.
3740 368 3836 428 “9%

2976 453 3204 513 CAPUT
3229 457 3317 514 X1.

2350 581 2533 667 Surgit
2554 583 2892 670 .Ptolenlia’its
2919 601 3101 645 contra
3143 593 3502 670 alexandrum
3545 611 3590 654 et
3615 605 3838 670 Alcaeum:

2419 657 2695 710 occiditur.
2742 656 3101 752 Co‘nﬁrmatur
3139 665 3302 733 foedus
3345 685 3462 722 cum
3502 656 3717 752 Ionatha.

2419 728 2554 752 “1.-..
2611 729 2753 752 -...’-._'a
2848 732 2948 752 “.2-
2971 734 3052 752 _l,_,
3081 751 3103 752 η
3187 737 3252 752 ιιι·
3411 742 3423 752 ι
3442 740 3454 752 ι

2416 728 2557 797 phon
2603 729 2753 798 erigit
2794 728 3148 807 Antiochum,
3175 737 3342 804 ﬁlium
3389 728 3836 807 Alexandri—comic

2415 797 2760 866 Demetrium,
2785 803 2872 871 qui
2905 797 3142 858 solvatur
3165 797 3364 863 auxilio
3385 809 3638 882 Jonatlue,

2412 933 2526 989 Rea:
2551 943 2724 989 autem
2747 933 3066 991 Ptolemreus
3089 938 3308 994 obtinuit
3336 941 3613 1000 dominium
3637 952 3834 1012 civitatum

2340 1042 2504 1098 usque
2534 1026 2827 1082 Seleuciam
2856 1031 3194 1097 maritimam,
3241 1042 3344 1088 etc.
3377 1035 3676 1098 Ptolomaeus
3718 1043 3834 1102 Ever-

2339 1124 2511 1187 getes,
2542 1116 2635 1186 qui
2662 1125 2785 1186 post
2836 1117 3185 1175 Ptolomaaum
3218 1122 3618 1184 Philometorem
3661 1141 3835 1206 regnarit

2337 1206 2394 1260 in
2421 1204 2772 1274 Alexandria,
2801 1218 2860 1264 ut
2900 1211 3280 1269 chronicorum
3310 1216 3436 1274 libri
3485 1204 3734 1291 testantur,
3755 1227 3833 1285 Ale-

2337 1298 2543 1353 xandro
2573 1298 2684 1353 ﬁlio
2728 1300 2874 1366 B'ale,
2905 1304 3018 1374 regi
3051 1303 3244 1376 Syriar,
3276 1307 3444 1363 ﬁliam
3497 1327 3636 1368 suam
3681 1320 3832 1376 tradidit

2335 1402 2591 1456 uxorem,
2618 1405 2780 1460 quam
2826 1403 3037 1462 postea,
3090 1395 3376 1453 inimicitia
3412 1399 3551 1457 inter
3582 1418 3636 1458 se
3658 1413 3702 1460 et
3725 1423 3834 1477 gens-

2335 1495 2456 1535 rum
2494 1490 2707 1550 exorta,
2766 1483 2988 1541 abstulit
3013 1495 3068 1541 et
3094 1489 3313 1544 tradidit
3361 1484 3625 1551 Demetrio
3659 1496 3744 1553 ﬁlio
3771 1501 3833 1555 lt:-

2332 1574 2515 1630 metrii
2548 1575 2603 1631 in
2657 1591 2882 1633 uxorem
2932 1594 3053 1636 cum
3103 1597 3267 1654 regno
3312 1587 3458 1656 quod
3507 1588 3760 1646 abstulerat
3787 1595 3830 1653 ab

2331 1667 2660 1738 Alexandro,
2691 1671 2836 1742 quod
2862 1688 3008 1730 nunc
3059 1673 3343 1747 Scriptura
3385 1694 3763 1740 commemorare
3781 1688 3830 1745 vi-

2331 1761 2514 1817 detur.

2398 1875 2467 1932 In
2507 1878 2696 1939 ,diebus
2741 1878 2849 1935 illis
2895 1885 3222 1954 congregavit
3250 1883 3514 1943 Jonatlras
3538 1905 3618 1944 eos
3635 1891 3709 1960 qui
3729 1902 3828 1949 erant

2324 1972 2381 2025 in
2406 1970 2602 2027 ludam
2630 1982 2685 2027 ut
2733 1986 3059 2047 expugnaret
3099 1995 3271 2033 arcem
3312 1998 3434 2051 qua:
3474 1991 3546 2036 est
3569 1983 3619 2038 in
3645 1983 3830 2044 Hierim-

2323 2061 2443 2129 lem,
2475 2073 2582 2120 etc.
2622 2066 2762 2134 Quid
2815 2078 2900 2124 est
2943 2071 3086 2142 quod
3134 2069 3398 2130 Jonathas
3425 2091 3518 2132 eos
3552 2079 3634 2147 qui
3657 2079 3826 2137 erantin

2321 2171 2450 2212 arce
2497 2156 2990 2232 Hierosolymitana
3041 2174 3312 2235 expugnat
3340 2181 3440 2238 per
3463 2183 3554 2225 eos
3575 2170 3656 2241 qui
3679 2172 3825 2229 suntin

2318 2245 2522 2314 Judaza,
2557 2249 2663 2305 nisi
2695 2251 2839 2321 quod
2866 2252 3117 2308 doctores
3147 2256 3321 2310 sancti
3355 2257 3674 2314 insectantur
3694 2276 3824 2319 eorum

2317 2341 2717 2396 contumaciam
2743 2344 2858 2412 qui,
2891 2344 3218 2401 exaltatione
3245 2349 3430 2404 cordis
3451 2358 3606 2420 atque
3629 2353 3823 2423 superbiat

2316 2430 2631 2498 innitentes,
2657 2434 2854 2490 divinis
2879 2438 3168 2507 prmceptis
3188 2439 3450 2497 resistere
3477 2443 3675 2511 audent,
3691 2457 3819 2502 contra

2313 2539 2451 2594 quos
2477 2525 2604 2582 facit
2653 2529 2933 2585 machinas
2988 2533 3208 2600 multas,
3260 2537 3392 2605 quia
3425 2539 3685 2610 multiplici
3709 2539 3818 2596 disci-

2310 2614 2456 2684 plina
2507 2633 2572 2672 ac
2615 2619 2828 2676 diversa
2884 2620 3292 2694 Scripturarum
3345 2628 3584 2686 doctrina
3607 2647 3689 2687 eos
3705 2647 3819 2703 expu-

2310 2723 2479 2777 gnare
2525 2717 2579 2763 et
2621 2711 2689 2766 ad
2745 2714 3100 2772 humilitatem
3129 2735 3435 2788 provocare
3489 2724 3686 2779 student
3714 2739 3725 2778 :
3757 2725 3816 2782 sed

2307 2797 2449 2852 sicut
2476 2807 2602 2855 tunc
2655 2803 2875 2872 quidam
2910 2807 2978 2862 de
3009 2809 3093 2864 his
3123 2810 3214 2880 qui
3242 2813 3478 2868 oderant.
3505 2823 3814 2886 gentemsuam

2305 2889 2410 2944 viri
2437 2891 2608 2962 iniqui
2633 2895 2886 2950 adierunt
2911 2914 3096 2970 regem
3123 2917 3449 2961 accusantes
3475 2905 3743 2973 Ionatham,
3765 2909 3814 2962 sic

2303 2992 2358 3039 et
2393 3002 2535 3042 nunc
2570 2989 2626 3043 hi
2676 2990 2768 3060 qui
2799 2989 3142 3064 disciplinam
3173 2997 3596 3056 ecclesiasticam
3639 3001 3812 3072 recipere

599 3180 838 3234 succensi
865 3194 987 3237 sunt
1022 3197 1138 3242 octo
1168 3190 1336 3246 millia
1366 3196 1621 3266 virorum,
1673 3213 1780 3260 etc.
1835 3207 1943 3264 Per
1971 3221 2191 3271 octona-
2220 3194 2267 3258 C
2299 3180 2516 3271 amare
2543 3181 2825 3239 conamur’

599 3264 744 3321 rium
785 3285 1074 3331 numerum
1103 3289 1159 3332 et
1187 3280 1530 3343 circumcisio
1569 3292 1845 3363 spiritalis,
1879 3310 1932 3355 et
1961 3303 2078 3361 dies
2106 3323 2192 3362 re-

597 3360 972 3430 surrectionis,
1023 3367 1165 3422 sicut
1213 3386 1356 3443 saepe
1407 3376 1667 3447 diximus,
1725 3390 2064 3462 ostenditur;
2097 3396 2189 3452 ubi

595 3460 784 3504 omnes
838 3453 928 3522 qui
968 3455 1058 3512 hic
1095 3475 1203 3514 non
1233 3463 1698 3529 circumciduntur
1722 3476 1902 3546 gladio
1951 3482 2189 3554 Spiritus

594 3538 760 3597 divini
789 3543 844 3599 in
874 3562 1092 3616 poenam
1123 3556 1432 3614 traduntur.

662 3632 733 3687 Et
759 3638 917 3692 movit
956 3641 1076 3696 inde
1101 3643 1366 3704 Jonatltas
1409 3663 1606 3724 castra,
1634 3669 1739 3716 etc.
1771 3660 2036 3725 Jonathas
2057 3688 2184 3742 pro-

591 3723 761 3779 movit
783 3736 963 3784 castra
989 3741 1044 3787 et
1071 3736 1329 3805 applicuit
1373 3723 1720 3818 Ascalonem,
1771 3771 1892 3812 cum
1921 3723 2181 3830 praedica-

590 3817 738 3868 tores
790 3819 960 3874 sancti
1003 3836 1322 3893 apparatum
1357 3835 1431 3904 pii
1461 3817 1778 3902 certaminis
1804 3850 1872 3903 ad
1902 3817 2178 3912 debellan-

588 3904 718 3960 dum
747 3912 988 3979 gentium
1017 3930 1236 3978 errores
1263 3933 1322 3988 et
1348 3927 1494 3999 ipsas
1519 3935 1587 3988 ad
1616 3936 1777 3994 ﬁdem
1813 3940 2014 4000 Christi
2048 3964 2178 4004 con-

567 4005 882 4058 -vertendas
913 4005 1236 4080 disponunt;
1269 4033 1405 4086 quos
1443 4021 1546 4078 illa:
1593 4041 1716 4082 cum
1746 4031 2030 4094 devotione
2057 4056 2177 4098 sus-

585 4088 813 4158 cipiunt,
863 4098 1080 4163 quando
1131 4103 1212 4159 eis
1241 4108 1604 4170 obedientiam
1641 4119 1696 4173 in
1731 4122 2024 4197 Evangelio
2052 4147 2175 4202 gra-

583 4185 763 4236 tanter
790 4183 1129 4258 impendunt.
1170 4194 1323 4253 Unde
1350 4211 1500 4259 recte
1549 4183 2168 4284 subjungituircomiiiu-

578 4272 740 4330 niter.

647 4367 718 4422 Et
769 4388 1004 4431 reversus
1028 4388 1104 4434 est
1134 4381 1399 4443 Jonathas
1422 4391 1478 4445 in
1502 4392 1861 4470 Hierusalem,
1888 4413 1995 4462 etc.
2029 4407 2165 4477 Quia

576 4474 699 4515 cum
727 4503 742 4528 ,
795 4466 1106 4528 doctoribus
1155 4474 1291 4532 Novi
1337 4481 1670 4545 Testamenti
1721 4466 2158 4571 prmdicantibus,

571 4554 797 4610 verbum
818 4556 915 4613 Dei
937 4564 1167 4632 gentiles
1195 4567 1486 4642 felicitates
1516 4579 1622 4635 ﬁde
1657 4554 1997 4646 credentium
2023 4610 2157 4651 con-

574 4642 833 4713 spiciunt,
873 4666 998 4707 mox
1046 4657 1115 4711 ad
1154 4659 1468 4723 referendas
1496 4669 1607 4726 Deo
1632 4678 1836 4744 gratias
1886 4683 1941 4736 in
1970 4685 2162 4745 Eccle-

569 4731 707 4788 siam
733 4735 931 4796 Christi
963 4745 1215 4816 redeunt,
1274 4761 1333 4808 ut
1379 4757 1431 4811 ei
1461 4758 1652 4832 dignas
1681 4765 1867 4827 laudes
1894 4776 2154 4847 referant,

567 4823 722 4894 cujus
772 4833 948 4900 gratia
1002 4838 1204 4896 donum
1232 4843 1337 4902 hoc
1365 4823 1693 4922 acceperunt
1737 4860 1802 4917 de
1831 4878 1938 4935 quo
1962 4823 2155 4939 grandi

566 4916 802 4988 tripudio
836 4927 1129 4989 exsultant.

634 5008 704 5063 Et
733 5011 934 5080 factum
954 5031 1031 5075 est
1059 5034 1116 5080 ut
1152 5030 1354 5087 audiuit
1381 5034 1682 5095 Alexander
1707 5061 1969 5108 sermones
1994 5056 2144 5127 istos,

634 5114 649 5127 η
704 5101 840 5127 Μ,
1113 5116 1123 5127 .
1167 5117 1213 5127 ..
1385 5125 1394 5127 -

562 5107 669 5155 etc.
703 5101 843 5171 Quid
872 5118 958 5165 est
982 5116 1125 5183 quod
1150 5117 1481 5194 Alexander,
1531 5133 1759 5192 audiens
1790 5101 2143 5205 fact—avlai):

561 5189 685 5258 the,
722 5195 929 5255 addidit
949 5203 1255 5273 gloriﬁcare
1280 5229 1404 5284 eum
1426 5189 1562 5275 dans
1587 5224 1636 5278 ei
1666 5229 1845 5298 regale
1868 5245 2140 5310 ornatum,

561 5279 658 5310 πιῖοῖ
684 5288 824 5310 ιιι-ΑΛ.
865 5293 946 5310 nm-
1029 5297 1039 5308 .
1298 5306 1308 5310 _

1329 5280 1337 5284 -
1709 5279 1843 5298 νοῇ-ν
1871 5279 2140 5310 "unum,

557 5279 660 5335 υἱεῖ
682 5288 826 5352 Ἷυοά
865 5293 1140 5366 Ρΐίηοῖρθε
1164 5306 1428 5376 Sentium.
1476 5327 1835 5383 agnoscentes
1861 5334 2142 5399 magnani-

557 5369 800 5399 η-ιῖιηιιι-..
856 5390 899 5399 Α.
931 5383 952 5399 ιι
1022 5389 1072 5399 _._
1139 5391 1168 5399 ..

556 5369 805 5492 mitartem
850 5390 904 5436 et
927 5369 1300 5451 fortitudinem
1351 5369 1628 5474 Ecclesia),
1663 5413 1826 5484 regiae
1861 5369 2142 5492 digbitatis

2298 3268 2487 3327 states,
2548 3272 2815 3332 quatenus
2866 3282 2960 3324 eos
3011 3270 3066 3325 in
3094 3273 3277 3329 odium
3309 3277 3528 3334 illorum
3565 3287 3809 3336 convertant

2294 3358 2350 3407 et
2400 3355 2834 3423 persecutionem
2859 3359 2937 3414 eis
2966 3361 3223 3420 insistant
3268 3365 3575 3444 [suscitent]
3600 3389 3614 3438 ;
3642 3371 3718 3428 sed
3736 3389 3805 3426 nou

2292 3444 2605 3514 pratvalent,
2633 3451 2888 3519 quoniam
2909 3452 3055 3511 Deus
3078 3455 3290 3526 adjutor
3308 3470 3370 3516 et
3393 3473 3651 3533 protector
3671 3480 3804 3522 eorum

2290 3544 2393 3602 est,
2423 3547 2478 3594 et
2506 3553 2575 3594 ex
2617 3542 2868 3600 omnibus
2917 3545 3356 3609 tribulationibus
3389 3569 3570 3612 eorum
3617 3556 3802 3614 liberavit

2287 3643 2401 3687 COS.

2359 3746 2428 3802 Et
2443 3751 2997 3826 postulauitjonathas
3011 3777 3044 3815 a
3061 3777 3177 3832 rege
3194 3772 3251 3818 ut
3264 3765 3548 3824 immunem
3562 3767 3796 3841 [liceretli-

2283 3839 2476 3906 dwam,
2507 3853 2615 3900 etc.
2641 3845 2996 3919 Toparchias,
3012 3853 3116 3909 hoc
3133 3864 3234 3922 est,
3269 3859 3518 3916 villarum
3541 3839 3615 3920 vel
3635 3861 3797 3932 oppido-

2283 3946 2403 3986 rum
2438 3934 2820 4007 principatum,
2878 3956 2940 3997 ea
2969 3943 3083 4000 loca
3114 3960 3395 4020 nuncupat
3419 3969 3535 4024 qua:
3562 3953 3793 4008 Demetrius

2279 4037 2346 4076 ex
2375 4038 2542 4094 regno
2571 4026 2831 4086 Samaria:
2861 4032 3066 4090 addidit
3091 4037 3158 4092 ad
3180 4037 3446 4111 Judaeam,
3477 4046 3538 4100 de
3564 4045 3723 4113 quibus
3754 4042 3790 4095 iu

2276 4120 2628 4186 sequentibus
2654 4133 2858 4191 narrat,
2891 4126 2995 4182 hoc
3023 4140 3126 4196 est,
3152 4132 3394 4204 Lyddam
3422 4147 3474 4194 et
3495 4138 3787 4193 Ramatham:

2273 4205 2457 4276 Lydda
2472 4211 2616 4265 enim
2647 4222 2728 4267 est
2750 4214 2942 4272 civitas
2953 4218 3239 4280 Palestina:
3262 4225 3317 4280 in
3338 4227 3521 4287 littore
3546 4231 3687 4286 maris
3709 4242 3788 4283 ma-

2273 4299 2363 4368 gni
2385 4300 2511 4366 sita,
2539 4303 2872 4370 etBamatha
2897 4311 3026 4367 urbs
3051 4323 3135 4370 est
3148 4315 3514 4388 Samariae,de
3531 4337 3622 4393 qua
3636 4320 3785 4376 inlibro

2271 4388 2478 4460 Regum
2519 4405 2774 4452 narratur
2804 4399 2857 4472 (1
2888 4401 3018 4475 Reg.
3048 4406 3108 4476 ι).
3159 4407 3290 4465 Jure
3323 4428 3454 4486 ergo
3479 4388 3696 4471 amicitiae
3716 4425 3784 4468 rex

2270 4482 2573 4544 Demetrius
2601 4488 2847 4549 Jonathte
2871 4501 3175 4557 concedens
3205 4482 3607 4576 immunitatem,
3636 4507 3782 4565 ludia:

2184 4557 2240 4618 D
2267 4574 2472 4631 addidit
2499 4579 2750 4639 civitates
2775 4588 3084 4658 praedictas,
3116 4597 3400 4655 remittens
3435 4601 3720 4656 decimarum
3740 4606 3778 4653 et

2267 4667 2594 4727 tributorum
2647 4690 2887 4746 censum,
2936 4691 2990 4737 et
3016 4699 3171 4743 areas
3218 4690 3532 4770 salinarum,
3562 4693 3778 4764 inquibus

2263 4759 2392 4815 salis
2414 4762 2680 4822 confectio
2710 4769 3018 4840 reipublicae
3045 4777 3372 4852 debebatur;
3398 4759 3496 4843 nec
3521 4803 3617 4842 non
3635 4797 3678 4841 et
3699 4786 3773 4841 alia

2261 4851 2440 4909 debita
2467 4871 2587 4926 quae
2615 4858 2691 4914 illi
2748 4863 2894 4933 regio
2922 4864 3063 4922 fastu
3091 4871 3488 4945 deferebantur,
3524 4879 3658 4949 juxta
3682 4892 3775 4933 oon-

2263 4946 2566 5004 sessionem
2620 4965 2744 5007 cum
2797 4951 3029 5014 Jonatha
3081 4961 3348 5036 habitam,
3397 4969 3569 5026 omnia
3618 4967 3771 5025 condo-

2258 5037 2424 5094 navit.

2329 5152 2574 5226 Tryphon
2621 5169 2796 5214 autem
2845 5173 2956 5218 erat
3006 5168 3222 5238 quidam
3267 5176 3493 5244 partium
3534 5171 3765 5230 Alexandri

2250 5247 2421 5318 prius,
2444 5258 2550 5305 etc.
2579 5251 2821 5318 Qualiter
2848 5268 3025 5314 autem
3052 5262 3353 5325 Demetrius
3381 5271 3432 5324 in
3453 5271 3617 5326 odium
3640 5279 3761 5322 exer-

2252 5339 2383 5394 citui
2417 5357 2516 5398 suo
2538 5348 2752 5402 venerit
2786 5348 3075 5420 Pompeius
3101 5356 3311 5431 Trogus
3339 5364 3561 5419 ostendit
3579 5362 3757 5419 dicens:

2249 5429 2592 5504 Recuperato
2621 5448 2848 5509 paterno
2880 5460 3049 5516 regno
3071 5429 3392 5522 Demetrius,
3420 5465 3474 5512 et
3491 5457 3594 5526 ipse
3619 5464 3755 5510 rerum

2245 5542 2501 5584 successu
2525 5545 2839 5605 corruptus,
2873 5541 3020 5597 vitiis
3048 5545 3422 5607 adolescentiae
3447 5552 3499 5605 in
3528 5548 3752 5620 segnitiem

2241 5619 2542 5692 labebatur,
2612 5634 2928 5703 tantumque
2992 5649 3357 5712 contemptum
3416 5646 3544 5717 apud
3586 5653 3748 5702 omnes.

2239 5722 2500 5781 quantum
2553 5719 2736 5776 odium
2770 5739 2836 5780 ex
2885 5733 3137 5799 superbia
3187 5746 3344 5807 pater
3370 5738 3620 5802 habuerat,
3649 5746 3746 5788 000'

2243 5805 2425 5862 traxit.
2455 5807 2640 5881 Itaque
2667 5830 2790 5874 cum
2827 5820 2896 5878 ab
2924 5822 3150 5898 imperio
3177 5805 3292 5900 ejus
3337 5832 3525 5904 passim
3549 5827 3742 5886 civitates
