4028 6458
249 289 389 347 H95

963 286 1317 345 COMMENT.
1355 286 1422 342 IN
1461 284 1707 340 LIBROS
1746 282 2318 342 MACHABIEORUM.
2355 317 2426 328 —-
2463 285 2531 342 IN
2569 287 2697 342 LIB.
2739 287 2782 342 l.

3376 274 3517 348 {ius

247 402 558 464 deﬁcerent,
597 401 664 456 ad
688 400 1005 456 abolendam
1057 401 1300 473 segnitiae
1327 399 1597 456 maculam
1627 398 1826 453 bellum
1855 401 1904 461 Α
1931 411 2053 450 cum
2083 413 2187 452 non
2215 398 2327 453 suis
2358 398 2586 464 viribus,
2640 399 2732 452 sed
2773 399 2958 469 gratim
3003 399 3198 456 divinae
3232 401 3516 457 victoriam

245 497 460 553 Parthis
488 493 691 550 inferre
744 495 935 549 statuit
967 514 979 548 :
1012 493 1167 564 cujus
1214 496 1504 550 adventum
1534 508 1640 547 non
1675 493 1830 547 inviti

244 590 481 648 Orientis
505 589 685 659 populi
720 588 906 643 videre
936 597 1160 660 propter
1187 589 1501 644 Arsachidae
1528 588 1674 658 regis
1703 586 1834 641 Par-

244 691 460 740 morum
499 681 892 746 crudelitatem,
951 691 1008 738 et
1055 683 1201 753 quod
1251 682 1425 738 veteri
1479 681 1832 737 Macedonum

243 771 472 844 imperio
504 773 708 828 assueti
738 771 867 827 novi
900 771 1080 843 papuli
1113 773 1421 843 superbiam
1451 771 1668 842 indigne
1693 771 1836 826 fere-

242 862 395 918 bant.
425 863 613 934 ltaque
657 879 780 919 cum
813 862 1102 918 Persarum
1151 872 1207 917 et
1253 863 1480 918 aliorum
1533 864 1834 918 vicinorum

242 955 445 1011 auxilio
490 955 799 1026 juvaretur,
860 954 1044 1010 multis
1095 954 1297 1026 praeliis
1337 954 1568 1010 Parthos
1597 963 1835 1010 vastatos

243 1044 422 1103 fudit:
455 1049 521 1103 ad
552 1057 887 1118 postremum
931 1062 1053 1102 cum
1084 1046 1233 1116 pacis
1282 1045 1628 1101 simulatione
1675 1045 1835 1101 dece-

239 1146 368 1210 ptus
417 1140 654 1210 capitur,
712 1138 1106 1208 traductusque
1155 1153 1254 1208 per
1279 1153 1375 1193 ora
1423 1138 1701 1192 civitatum
1732 1153 1830 1206 po-

239 1231 380 1304 pulis
449 1232 540 1302 qui
600 1232 958 1288 deseruerunt
1016 1246 1162 1297 eum,
1244 1231 1579 1287 illudibrium
1636 1230 1835 1288 favoris

239 1325 584 1392 ostenditur;
623 1326 824 1381 missus
854 1325 1051 1381 deinde
1080 1325 1134 1379 in
1163 1324 1474 1380 llircaniam
1505 1325 1737 1397 benigne
1781 1332 1837 1380 et

235 1414 394 1488 juxta
424 1417 628 1473 cultum
654 1418 940 1487 pristinum
968 1417 1218 1472 habetur.

316 1507 389 1562 Et
438 1508 580 1562 misit
637 1507 900 1562 Jonathas
934 1507 1004 1560 ad
1051 1507 1378 1562 Demetrium
1404 1517 1460 1561 ut
1498 1507 1706 1578 ejiceret
1748 1522 1833 1560 eos

237 1599 328 1670 qui
351 1597 406 1652 in
429 1614 550 1653 arce
579 1606 752 1663 erant,
787 1606 892 1652 etc.
924 1597 1064 1664 Quid
1091 1605 1175 1652 est
1201 1599 1344 1666 quod
1368 1597 1631 1653 Jonathas
1655 1613 1683 1650 a
1708 1611 1836 1667 rege

237 1686 512 1743 Demetrio
543 1688 679 1759 petit
713 1696 772 1742 ut
793 1687 1016 1758 ejiceret
1043 1702 1138 1742 eos
1172 1688 1263 1758 qui
1292 1695 1448 1743 erant
1470 1688 1527 1742 in
1549 1702 1676 1742 arce
1703 1687 1830 1741 llic-

1933 508 2092 562 quam
2122 493 2301 563 adepti
2332 501 2456 547 sunt
2486 493 2761 562 deputant,
2793 492 3034 546 dicentes
3060 508 3180 546 cum
3205 493 3474 564 Propheta
3499 509 3514 550 :

1935 584 2058 638 Non
2099 583 2268 649 nobis,
2326 583 2570 648 Domine,
2622 598 2725 636 non
2771 581 2938 645 nobis,
2967 582 3056 636 sed
3087 583 3285 638 nomini
3329 594 3420 639 tuo
3449 599 3519 639 aa

1932 674 2154 744 gloriam
2206 689 2362 746 super
2410 672 2771 727 misericordia
2819 681 2867 725 et
2919 672 3132 726 veritate
3176 683 3269 726 tua
3340 671 3514 745 (Psal.

1933 764 2112 837 cun).

2005 855 2075 910 Et
2107 855 2239 910 sedit
2276 854 2574 910 Demetrius
2597 869 2688 908 rex
2709 854 2764 907 in
2791 853 2910 907 sede
2932 851 3077 924 regni
3101 851 3208 919 sui,
3235 861 3340 910 etc.
3364 853 3522 922 Quod

1934 948 2242 1003 Demetrius
2277 945 2524 1000 Jonatha:
2568 960 2667 1016 pro
2717 943 3016 1000 beneﬁciis
3054 945 3306 1000 retribuit
3355 947 3520 1013 mala,

1935 1038 2206 1110 signiﬁcat
2242 1036 2488 1092 carnales
2510 1035 2722 1100 stultos,
2752 1050 2874 1090 cum
2902 1035 2980 1090 eis
3012 1035 3311 1091 consulitur
3336 1038 3401 1092 ad
3431 1053 3520 1092 sa-

1935 1131 2126 1197 lutem,
2177 1147 2284 1186 non
2319 1131 2544 1186 reddere
2596 1127 3036 1184 benefactoribus
3063 1130 3176 1184 suis
3227 1132 3520 1186 secundum

1936 1225 2116 1281 debita
2165 1224 2450 1291 beneﬁcia,
2509 1224 2605 1280 sed
2635 1225 2930 1278 secundum
2985 1223 3193 1278 obtrusi
3226 1225 3402 1279 cordis
3439 1225 3522 1282 sui

1934 1333 2104 1388 prava
2130 1317 2355 1372 consilia
2388 1334 2401 1370 :
2434 1315 2695 1387 quidquid
2724 1314 2867 1369 enim
2895 1314 2974 1368 eis
3016 1315 3196 1385 agitur
3222 1315 3288 1370 ad
3319 1316 3522 1370 utilita-

1936 1418 2068 1475 tem,
2100 1395 2177 1462 illi
2225 1416 2394 1462 totum
2437 1415 2685 1477 reputant
2713 1406 2780 1460 ad
2809 1406 3158 1472 noxietatem,
3199 1415 3255 1460 et
3305 1407 3522 1462 invidiae

1937 1501 2156 1557 stimulo
2205 1499 2416 1556 incitati
2443 1498 2788 1570 nequissima:
2833 1512 2944 1552 sua:
2991 1495 3196 1568 eligunt
3251 1497 3524 1553 deservire

1935 1591 2224 1648 voluntati.

2008 1684 2077 1738 Et
2115 1684 2273 1739 exivit
2311 1683 2573 1738 Jonathas
2625 1693 2671 1737 et
2713 1681 3107 1754 perambulabat
3153 1693 3300 1738 trans
3329 1685 3526 1754 ﬂumen

237 1771 479 1835 rusalem
508 1778 639 1834 etin
666 1778 954 1850 praesidiis,
987 1779 1082 1848 qui
1115 1786 1172 1832 et
1220 1779 1609 1850 impugnabant
1638 1777 1828 1842 Israel,
1861 1776 1906 1836 B
1935 1773 2192 1836 civitates.
2246 1781 2352 1830 etc.
2389 1773 2494 1829 Per
2527 1771 2771 1828 Jonathaa
2829 1773 3112 1828 transitum
3154 1773 3297 1828 ultra
3325 1774 3526 1832 flumen

233 1886 268 1927 a
293 1886 398 1941 quo
427 1885 459 1925 e
484 1871 757 1926 contrario
786 1870 1024 1940 postulat
1079 1870 1386 1926 Demetrius
1412 1871 1614 1926 auxilia
1644 1872 1838 1925 adver-

235 1978 328 2019 sus
359 1962 630 2026 inimicos,
680 1962 786 2017 nisi
840 1963 986 2034 quod
1032 1961 1284 2019 doctores
1312 1964 1488 2018 sancti
1516 1972 1835 2034 expetunta

247 2055 488 2127 gentium
515 2055 850 2126 principibus
895 2065 953 2112 et
977 2056 1048 2112 ab
1094 2057 1242 2112 omni
1291 2058 1492 2127 populo
1550 2058 1758 2114 erroris
1781 2067 1837 2112 et

241 2148 513 2218 superbiae
563 2147 1001 2216 debellationem,
1057 2157 1113 2204 et
1137 2149 1240 2220 ipsi
1289 2149 1543 2206 similiter
1571 2166 1602 2206 a
1631 2150 1835 2206 sanctis

243 2239 564 2314 doctoribus
613 2240 888 2310 postulant
915 2239 1233 2312 suﬁ‘ragium
1261 2241 1525 2298 doctrina:
1545 2251 1602 2299 et
1628 2243 1833 2298 oratio-

234 2332 322 2389 nis
348 2333 418 2388 ad
445 2332 784 2403 superandos
818 2332 1088 2403 spiritales
1141 2334 1392 2391 inimicos
1419 2353 1432 2390 :
1464 2342 1661 2392 neuter
1686 2335 1832 2391 enim

236 2429 373 2484 ordo
430 2427 550 2483 sine
577 2427 801 2483 alterius
851 2426 1208 2496 epitulatione
1240 2428 1492 2483 effectum
1538 2419 1830 2488 ministerii

238 2520 321 2576 sui
351 2519 456 2575 rite
469 2521 738 2590 perlicere
770 2517 935 2585 valet,
964 2518 1090 2588 quia
1114 2533 1214 2574 nec
1235 2519 1490 2574 doctores
1519 2519 1695 2575 sancti
1721 2533 1834 2574 me-

239 2609 404 2665 ritum
453 2607 792 2664 lucriﬁcandi
850 2607 966 2662 sine
1015 2608 1370 2663 conversione
1421 2615 1477 2665 et
1524 2607 1832 2664 obedientia

243 2702 604 2766 subditorum,
632 2715 734 2756 nec
762 2698 865 2770 ipsi
897 2699 1099 2755 subditi
1129 2699 1358 2755 salutem
1384 2701 1684 2771 promereri
1708 2715 1834 2772 pos-

241 2800 369 2846 sunt
395 2790 511 2844 sine
535 2790 859 2845 documento
886 2796 944 2843 et
997 2789 1354 2845 instructione
1404 2791 1829 2861 magistrorum;

239 2895 470 2957 uterque
513 2885 658 2941 enim
692 2884 849 2950 ordo,
899 2891 960 2938 ut
987 2884 1306 2953 prmdictum
1337 2892 1440 2950 est,
1477 2886 1544 2938 ab
1574 2884 1680 2940 alio
1722 2883 1832 2940 ful-

238 2977 385 3034 citur
419 2985 475 3032 et
497 2976 566 3032 ab
593 2974 699 3030 alio
753 2973 1027 3029 divinatur
1056 2972 1198 3045 (sic).
1239 2972 1392 3030 Unde
1415 2972 1616 3027 Paulus
1661 2973 1830 3030 Thes-

239 3067 669 3125 salonicensibus
695 3065 773 3120 ait
801 3062 941 3138 (cap.
971 3065 1054 3136 ιιι)
1089 3082 1101 3119 :
1141 3063 1286 3119 Tunc
1307 3065 1523 3120 vivimus
1546 3067 1590 3119 si
1614 3082 1700 3120 vos
1723 3076 1832 3121 sta-

238 3162 306 3216 tis
334 3162 389 3214 in
413 3158 660 3223 Domino,
712 3157 960 3229 quoniam
1003 3156 1292 3227 gaudemus
1337 3166 1547 3227 propter
1573 3174 1664 3212 vos
1711 3168 1832 3212 ante

239 3251 526 3308 Dominum
579 3259 814 3305 nostrum
842 3262 860 3301 :
892 3257 948 3304 et
1001 3249 1070 3302 ad
1120 3247 1430 3304 Corinthios
1459 3267 1471 3301 :
1506 3247 1713 3313 Gloria,
1744 3250 1830 3304 in-

240 3344 378 3415 quit.
413 3352 582 3397 vestra
618 3357 824 3406 sumus,
849 3340 984 3394 sicut
1013 3349 1062 3394 et
1091 3356 1178 3394 vos
1214 3348 1397 3394 nostra
1428 3341 1482 3394 in
1507 3340 1592 3394 die
1616 3339 1831 3396 Domini

239 3436 408 3491 nostri
436 3436 564 3491 Jesu
595 3432 792 3489 Christi
822 3431 906 3503 (ΙΙ
931 3431 1055 3486 Cor.
1087 3432 1149 3504 ι).

312 3529 381 3583 Ει
407 3529 643 3583 viderunt
679 3528 769 3598 qui
804 3535 951 3580 erant
981 3526 1045 3580 de
1086 3526 1291 3580 civitate
1313 3525 1454 3598 quod
1487 3526 1830 3581 obtinuissent

237 3621 418 3675 Judaei
451 3620 708 3674 civitatem
736 3619 871 3672 sicut
921 3616 1180 3684 volebant,
1215 3627 1320 3673 etc.
1372 3617 1525 3685 Quod
1553 3617 1723 3673 Judrei
1751 3619 1853 3673 vi-'

240 3712 467 3767 ctoriam
494 3711 782 3780 capiebant
809 3711 874 3765 de
899 3709 1165 3774 hostibus,
1220 3709 1489 3778 cogebant
1519 3723 1613 3764 eos
1639 3724 1828 3778 pacem

235 3802 509 3875 postulare
530 3810 584 3856 et
620 3801 841 3856 dextras
869 3800 971 3855 sibi
1001 3800 1140 3866 dari,
1174 3799 1447 3871 significat
1473 3800 1619 3868 quod
1667 3801 1832 3855 robur

239 3902 447 3949 sanctae
495 3892 749 3948 Ecclesia:
794 3890 1043 3946 hostibus
1095 3891 1411 3960 praeeminet
1440 3891 1744 3955 universis;
1776 3897 1832 3946 et

238 3986 356 4041 sive
388 3998 482 4038 eos
516 3999 613 4053 per
635 3984 1098 4038 conversationem
1124 3983 1416 4038 salubriter
1452 3983 1648 4039 cedere
1676 3981 1829 4051 facit,

240 4077 355 4132 sive
384 4084 788 4145 contemptores
812 4074 865 4129 in
907 4089 1003 4130 sua
1029 4075 1327 4144 pertinacia
1357 4074 1832 4146 insistentesjuste

237 4168 414 4239 punit,
444 4167 571 4238 quia
601 4166 716 4237 ipsa
747 4181 778 4220 a
802 4164 1084 4220 Salvatore
1111 4180 1210 4220 suo
1240 4166 1466 4220 Domino
1494 4174 1683 4222 nostro
1705 4165 1832 4222 Jesu

240 4260 458 4316 Christo
482 4266 807 4329 potestatem
846 4249 1056 4327 accepii
1083 4257 1330 4312 calcandi
1381 4275 1536 4328 super
1573 4269 1831 4330 serpentes

239 4363 286 4408 et
321 4351 642 4424 scorpiones,
688 4361 735 4406 et
760 4367 916 4422 super
941 4367 1144 4404 omnem
1170 4351 1414 4405 virtutem
1444 4351 1647 4405 inimici
1675 4351 1830 4423 (Luc.

240 4443 322 4515 κ),
347 4443 414 4498 de
457 4458 564 4513 qua
599 4443 728 4497 alibi
773 4443 827 4496 in
860 4441 1147 4514 Evangelio
1175 4441 1401 4512 loquens
1431 4443 1500 4497 ad
1522 4443 1831 4513 apostolum

1941 1870 2383 1940 prtedicationem
2411 1871 2561 1926 verbi
2592 1871 2660 1924 ad
2685 1885 2781 1925 eos
2809 1871 2901 1940 qui
2932 1871 3160 1926 necdum
3198 1872 3529 1944 baptismate

1939 1959 2143 2016 Christi
2171 1960 2339 2016 abluti
2368 1969 2514 2024 sunt,
2537 1975 2825 2032 possumus
2863 1962 3129 2033 accipere,
3164 1964 3288 2036 quia
3327 1963 3526 2034 praedi-

1940 2060 2157 2107 catores
2181 2052 2356 2107 sancti
2409 2051 2696 2121 aliquando
2723 2051 2951 2122 gentiles
2979 2051 3046 2107 ad
3075 2068 3291 2109 sacrum
3319 2054 3526 2124 baptis-

1938 2158 2090 2197 mum
2119 2151 2441 2213 provocant,
2470 2143 2760 2213 aliquando
2791 2143 2976 2199 ﬁdeles
3004 2145 3072 2200 ad
3101 2144 3401 2215 profectum
3424 2145 3529 2199 vir-

1937 2242 2116 2290 tutum
2141 2235 2399 2291 excitant.
2442 2233 2578 2291 Cum
2619 2251 2749 2307 ergo
2796 2245 2948 2292 trans
2977 2235 3175 2292 ﬁumen
3223 2237 3527 2310 regreditur

1937 2325 2223 2394 Jonathas,
2251 2327 2399 2383 venit
2421 2327 2490 2381 ad
2512 2343 2636 2382 eum
2666 2328 2939 2383 exercitus
2968 2327 3139 2400 Syria:
3160 2330 3214 2384 in
3243 2329 3525 2396 auxilium,

1937 2418 2065 2490 quia
2091 2419 2308 2489 quando
2333 2417 2562 2489 apostoli
2591 2418 2658 2473 de
2678 2417 2877 2474 Judaeis
2906 2419 2974 2473 ad
3003 2421 3243 2492 gentium
3265 2421 3530 2491 prindica—

1938 2510 2142 2567 tionem
2194 2512 2579 2582 migraverant,
2635 2525 2760 2566 mox
2809 2511 3028 2580 plurimi
3081 2513 3148 2570 de
3181 2514 3432 2585 gentibus
3460 2513 3530 2568 ad

1937 2601 2102 2658 ﬁdem
2122 2611 2180 2658 et
2205 2602 2536 2672 baptismum
2567 2599 2768 2658 Christi
2812 2602 3224 2671 conveniebant,
3252 2605 3342 2674 qui
3370 2605 3524 2675 adju-

1938 2702 2088 2750 tores
2139 2693 2588 2763 praadicatoribus
2645 2693 2849 2749 sanctis
2877 2693 2930 2746 in
2960 2693 3254 2763 Evangelio
3281 2695 3376 2752 Dei
3408 2694 3527 2750 fue—

1938 2795 2085 2852 runt,
2127 2794 2396 2857 quatenus
2432 2799 2672 2856 paganos
2718 2784 2788 2839 ad
2837 2784 3210 2840 credulitatem
3263 2787 3527 2856 perduce-

1937 2887 2080 2934 rent.
2109 2876 2350 2933 Perrexit
2374 2877 2710 2944 Ascalonem,
2749 2893 2868 2948 quae
2894 2878 3283 2948 interpretatur
3301 2895 3529 2950 appensa

1936 2968 2023 3025 vel
2067 2968 2204 3038 ignis
2242 2966 2482 3038 infamis,
2513 2976 2561 3020 et
2591 2975 2932 3020 occurrerunt
2985 2967 3048 3020 de
3075 2967 3282 3023 civitate
3309 2968 3528 3023 honori-

1937 3059 2056 3130 ﬁce.
2088 3057 2224 3115 Cum
2273 3056 2719 3128 praedicatoribus
2747 3057 2952 3112 sanctis
3003 3057 3060 3112 hi
3109 3059 3199 3128 qui
3247 3059 3530 3116 ambitioni

1860 3131 1907 3202 C
1939 3149 2124 3206 saeculi
2153 3148 2556 3213 deserviebant,
2598 3146 2878 3203 audientes
2916 3149 3142 3204 verbum
3172 3149 3290 3217 Dei,
3321 3150 3525 3218 statim,

1936 3241 2132 3300 relicta
2162 3243 2459 3314 cupiditate
2483 3240 2694 3308 mundi,
2724 3241 2792 3296 ad
2830 3240 3192 3298 obedientiam
3235 3256 3527 3298 concurre-

1935 3336 2069 3392 bant
2095 3335 2392 3406 Evangelii.

2007 3429 2078 3483 Et
2111 3429 2237 3482 abiit
2269 3429 2323 3481 iu
2369 3425 2570 3482 Gazam
2609 3435 2658 3481 et
2687 3426 2883 3482 obsedit
2935 3443 3052 3481 eam
3078 3437 3125 3482 et
3162 3427 3528 3484 concluserunt

1933 3535 1990 3575 se
2013 3519 2104 3590 qui
2134 3526 2284 3572 erant
2321 3516 2500 3571 Cum.
2550 3516 2657 3573 Per
2685 3516 2908 3581 Gazam,
2961 3531 3083 3588 quae
3135 3519 3530 3590 interpretatur

1934 3611 2213 3685 fortitudo,
2266 3610 2588 3681 exprimitur
2651 3609 2944 3666 obstinatio
2994 3609 3314 3676 inﬁdelium.
3345 3612 3400 3666 in
3424 3628 3528 3697 qua

1934 3705 2172 3761 seducta:
2210 3711 2422 3758 mentes
2445 3717 2738 3774 pravorum
2781 3701 3148 3767 includuntur,
3171 3703 3300 3774 quia
3337 3705 3531 3760 cedere

1933 3795 2154 3851 veritati
2185 3793 2340 3867 [non]
2393 3793 2763 3849 consentiunt.
2795 3792 2969 3860 Quam
3000 3793 3216 3849 obsedit
3239 3793 3528 3864 Jonathas,

1933 3897 1982 3942 et
2013 3887 2280 3942 succendit
2313 3885 2543 3939 civitates
2570 3885 2623 3938 in
2646 3885 2888 3950 circuitu,
2917 3901 3037 3940 cum
3076 3887 3328 3943 doctores
3369 3887 3530 3944 Chri-

1934 3977 2006 4035 sti
2028 3979 2264 4048 undique
2295 3976 2618 4032 testimoniis
2641 3983 2954 4030 sanctarum
2984 3975 3388 4048 Scripturarum
3408 3995 3531 4052 per-

1934 4073 2074 4129 ﬁdos
2098 4080 2402 4137 coarctant,
2449 4080 2504 4125 et
2534 4085 2781 4126 errorum
2832 4069 3047 4125 illorum
3097 4071 3529 4130 machinationes

1935 4163 2253 4220 debellando
2336 4170 2568 4216 vastant.
2645 4160 2796 4218 Unde
2853 4171 3180 4231 rogaverunt
3238 4161 3528 4220 Jonatham

1937 4255 2161 4310 dextras
2190 4253 2292 4308 sibi
2340 4253 2470 4308 dare
2521 4253 2820 4319 Gazenses,
2849 4268 3082 4323 quorum
3130 4255 3338 4325 accepit
3388 4255 3529 4311 ﬁlios

1938 4347 2157 4402 obsides
2208 4346 2432 4401 mittens
2471 4345 2528 4400 in
2577 4344 2914 4400 Hierusalem
2946 4363 2958 4398 :
2993 4361 3117 4400 cum
3139 4347 3408 4416 pravitate
3434 4346 3528 4402 de-

1937 4441 2081 4495 victa
2121 4439 2478 4510 superborum
2511 4438 2716 4493 diutius
2764 4438 2979 4492 veritati
3010 4447 3266 4494 resnstere
3296 4455 3404 4494 non
3435 4455 3532 4494 va-

241 4501 400 4590 suum
435 4501 658 4589 Petrum
686 4533 761 4588 ait
794 4551 806 4587 :
843 4532 920 4586 Tu
947 4501 1262 4598 esVPetrus:
1289 4543 1338 4587 et
1367 4550 1523 4604 super
1556 4501 1700 4588 lianc
1736 4553 1830 4605 pe-
1861 4501 1912 4562 Β
1938 4533 2135 4600 lentes,
2182 4501 2334 4604 pacis
2382 4532 2484 4586 sibi
2527 4531 2734 4586 faedera
2784 4532 3077 4602 magistros
3107 4531 3364 4588 Ecclesiae
3399 4533 3530 4589 dare

241 4634 378 4679 tram
407 4624 679 4694 aediﬁcabo
705 4622 998 4679 Ecclesium
1025 4640 1194 4678 meam
1222 4639 1241 4678 :
1270 4633 1319 4678 et
1338 4635 1506 4696 porta:
1544 4626 1703 4696 inferi
1729 4643 1833 4681 non

242 4715 597 4788 prwvalebunt
623 4716 871 4771 adversus
891 4733 1005 4770 eam
1034 4714 1247 4788 (Matth.
1275 4715 1412 4789 xvr).

315 4811 385 4864 Et
438 4809 693 4864 nominati
723 4819 866 4874 sunt,
919 4809 1116 4879 inquit,
1154 4809 1333 4864 Judcei
1374 4809 1430 4864 in
1479 4826 1657 4880 regno.
1696 4809 1833 4878 Quia

243 4901 586 4960 confessores
606 4900 806 4956 Christi
853 4900 1070 4970 gloriosi
1101 4912 1363 4971 apparent
1390 4901 1444 4954 in
1473 4909 1584 4956 toto
1609 4903 1835 4970 mundo,

247 4996 343 5052 sed
377 4995 520 5050 hanc
550 4993 776 5066 gloriam
800 5008 906 5046 non
935 4991 1038 5046 sibi
1077 4992 1352 5046 ascribunt
1393 4993 1565 5048 sancti
1591 4994 1713 5059 viri,
1739 4995 1835 5050 sed

246 5087 384 5158 Regi
413 5101 530 5150 suo,
561 5084 803 5140 omnium
849 5083 1099 5138 videlicet
1143 5083 1406 5139 bonorum
1434 5083 1676 5155 largitori
1701 5085 1832 5142 Deo.

251 5180 404 5236 Unde
429 5189 482 5234 et
509 5178 758 5234 subditur
787 5195 801 5230 ε

322 5271 558 5342 Regressi
579 5280 701 5325 sunt
730 5273 784 5324 in
814 5268 1147 5324 Hierusalem
1186 5271 1430 5325 habentes
1455 5270 1623 5342 spolia
1646 5271 1834 5327 multa.

246 5363 563 5435 llujusmodi
595 5372 774 5435 grates
815 5372 870 5417 et
922 5361 1207 5417 Psalmista
1258 5361 1370 5417 Deo
1413 5377 1473 5418 se
1526 5361 1730 5417 referre
1757 5372 1839 5418 te-

251 5468 428 5515 statur
449 5457 634 5513 dicens
660 5474 673 5509 :
705 5455 847 5510 Bene
870 5455 1106 5509 nuntiavi
1119 5455 1387 5524 justitiam
1413 5465 1556 5508 tuam
1582 5457 1635 5509 in
1660 5455 1843 5509 Eccle-

255 5551 335 5606 sia
374 5562 605 5621 magna:
650 5564 765 5602 ecce
810 5547 952 5600 labia
1008 5563 1125 5599 mea
1173 5563 1279 5600 non
1336 5547 1614 5616 prohibebo
1665 5545 1839 5616 (Psal.

1940 4627 2260 4698 deposcunt,
2307 4639 2539 4693 suosque
2593 4623 2732 4678 ﬁlios
2758 4623 2838 4678 eis
2874 4623 3092 4678 obsides
3133 4625 3369 4690 tradunt,
3427 4624 3532 4681 hoc

1937 4725 2048 4783 est,
2077 4715 2200 4771 ﬁdei
2231 4715 2434 4770 erroris
2485 4715 2731 4785 pignora,
2788 4713 3037 4770 videlicet
3085 4715 3152 4770 ad
3183 4717 3528 4788 negationem

1942 4817 2001 4862 et
2041 4806 2362 4862 obedientia:
2414 4805 2828 4875 subjectionem,
2859 4807 2914 4860 in
2947 4806 3248 4863 Ecclesiam
3301 4809 3528 4879 promit-

1949 4907 2084 4963 tunt,
2143 4906 2412 4968 quatenus
2448 4897 2877 4952 conversationis
2914 4897 2982 4952 ad
3035 4897 3197 4953 ﬁdem
3222 4912 3347 4968 spes
3375 4906 3530 4954 certa

1944 4991 2221 5046 reddatur.

2019 5082 2083 5138 Ut
2111 5084 2311 5139 audivit
2357 5093 2532 5138 autem
2573 5081 2834 5138 Jonathas
2879 5084 3006 5154 quia
3044 5083 3379 5156 pravaricati
3411 5092 3532 5138 sunt

1944 5179 2202 5251 principes
2258 5178 2508 5233 Demetrii
2554 5177 2609 5230 in
2643 5173 2834 5242 Cades,
2889 5192 3008 5248 quae
3055 5186 3133 5232 est
3184 5177 3242 5236 in
3283 5172 3528 5243 Caliltva,

1947 5288 2065 5326 cum
2086 5271 2314 5325 exercitu
2343 5269 2528 5333 multo,
2555 5267 2778 5323 volent-e8
2818 5284 2937 5322 eum
2974 5285 3256 5333 removere,
3293 5276 3398 5322 etc.
3432 5267 3533 5324 De-

1948 5367 2127 5422 metrii
2152 5365 2446 5436 principes,
2477 5363 2569 5432 qui
2597 5363 2940 5432 praevaricati
2979 5372 3105 5418 sunt
3135 5363 3189 5417 in
3218 5361 3394 5419 Cades
3424 5361 3531 5418 Ca-

1944 5458 2118 5522 lilaeaa,
2151 5471 2258 5512 non
2305 5457 2599 5526 incongrue
2633 5464 2925 5525 potestates
2971 5455 3260 5511 saeculares
3299 5455 3530 5526 intelligi

1944 5559 2193 5622 possunt,
2243 5565 2362 5620 quae
2400 5549 2526 5605 licet
2553 5550 2696 5604 inter
2729 5550 2912 5607 ﬁdeles
2962 5560 3186 5622 propter
3211 5549 3532 5605 catholicam

255 5642 472 5708 nux).
522 5639 577 5693 In
639 5638 878 5694 Ecclesia
933 5642 1064 5708 ergo
1106 5637 1292 5692 ﬁdeles
1330 5639 1527 5707 quique
1581 5639 1843 5694 habentes
1945 5639 2343 5696 confessionem
2379 5649 2825 5708 annumerentur,
2879 5641 2985 5696 hoc
3013 5642 3158 5696 enim
3188 5639 3384 5704 Gades,
3413 5652 3532 5709 qua

253 5732 427 5809 Spolia
455 5732 716 5787 virtutum
747 5729 1153 5802 regrediuntur,‘
1195 5741 1256 5786 ut
1281 5730 1466 5786 laudes
1493 5729 1678 5786 dicant
1704 5730 1840 5799 Deo,

687 5825 964 5885 Ps'rOL.
1003 5824 1166 5886 CIX.

1945 5733 2339 5807 interpretatur
2393 5742 2598 5800 sancta,
2655 5732 2737 5789 vel
2789 5741 3016 5798 mutata,
3069 5741 3126 5786 et
3159 5729 3533 5797 Galilaeam

3014 5824 3093 5887 38
