4028 6464
569 322 705 383 H95

1199 321 1263 375 Β.
1301 316 1556 375 RABANI
1594 312 1814 373 MAURI
1851 312 2171 373 ARCHlEP.

2212 309 2523 370 MOGUNT.
2565 310 2850 373 OPERUM
2885 311 3069 370 PARS
3105 311 3148 369 Ι.
3660 315 3771 377 uss

563 448 666 505 est,
719 435 1111 508 transmigratio
1160 433 1323 505 facta,
1376 445 1473 502 per
1526 430 1758 502 ﬁguram
1813 426 2143 497 exprimunt,
2173 426 2227 485 A
2252 432 2342 479 tur
2366 426 2558 497 sagitta
2604 425 2835 490 luminis,
2868 433 2925 482 et
2952 425 3240 497 Apostolus
3272 441 3341 482 ne
3363 426 3545 482 eodem
3571 412 3773 500 spectata

565 543 708 600 sape
762 536 943 584 tamen
997 526 1131 582 tales
1180 523 1425 580 fraudem
1471 520 1787 585 moliuntur,
1816 517 2148 588 abnegantes

564 618 796 692 gratiam
842 615 995 690 regni
1042 612 1281 671 Calestis
1310 628 1325 667 :
1356 613 1556 684 quibus
1592 608 1835 666 occurrit
1862 606 2142 674 Jonathas,

564 708 691 782 quia
716 723 945 766 necesse
979 714 1067 763 est
1092 714 1151 762 ut
1176 705 1296 761 istis
1341 704 1562 760 solertia
1612 708 1927 758 sanctorum
1956 699 2147 755 docto-

565 817 686 856 rum
718 807 970 857 occurrat
995 814 1063 854 ne
1090 796 1334 852 fraudem
1379 810 1544 866 quam
1598 794 1895 864 disponunt
1939 790 2143 856 animo,

564 890 816 958 expleant
844 889 1003 945 facto.
1040 886 1318 943 Simonem
1346 885 1572 941 fratrem
1614 900 1772 940 suum
1812 890 1992 938 tamen
2019 881 2147 937 reli-

563 980 683 1051 quit
728 978 870 1033 inter
894 977 1227 1049 provinciam
1274 985 1335 1032 ut
1389 984 1635 1039 tueretur
1662 990 1785 1031 eam
1815 974 2146 1030 intrinsecus

564 1081 754 1129 contra
806 1070 1165 1143 petulantium
1218 1070 1608 1126 insolentiam:
1647 1070 1726 1126 sic
1754 1069 1917 1124 etiam
1973 1068 2148 1166 sancti

564 1163 968 1234 pradicatores,
1007 1160 1135 1217 licet
1160 1161 1449 1231 aliquando
1476 1163 1545 1216 ad
1575 1159 1754 1218 saculi
1783 1167 1936 1214 actus
1966 1159 2145 1215 mode;

565 1254 765 1310 randos
794 1260 850 1309 et
898 1252 1419 1322 indisciplinatorum
1446 1250 1815 1306 infestationcs
1839 1257 2147 1319 temperan-

564 1346 661 1401 das
689 1353 933 1417 pergant,
973 1354 1152 1398 tamen
1182 1342 1328 1397 nullo
1373 1342 1533 1397 modo
1570 1357 1679 1396 sua
1729 1341 1854 1395 vitis
1902 1338 2145 1393 ministe-

567 1435 709 1489 rium
741 1434 996 1490 ordinare
1018 1433 1158 1487 infra
1189 1433 1489 1488 Ecclesium
1521 1440 1767 1497 cessant;
1801 1431 1894 1487 sed
1941 1431 2145 1486 habent

564 1539 779 1594 semper
808 1524 1028 1589 ibidem,
1062 1524 1153 1594 qui
1185 1524 1490 1592 regularem
1540 1523 1593 1580 in
1644 1522 1895 1578 omnibus
1924 1536 2144 1577 conser-

564 1622 691 1668 vant
712 1614 1075 1685 disciplinam,
1102 1621 1163 1669 ut
1194 1613 1336 1669 sicut
1365 1614 1422 1668 in
1456 1612 1818 1669 exterioribus
1856 1611 2036 1679 utiles,
2062 1611 2143 1669 sic

563 1705 759 1775 ubique
782 1706 1127 1761 inveniantur
1151 1704 1394 1762 salubres

2250 515 2441 587 angelo
2470 515 2713 571 scribens
2734 517 2812 571 ait
2836 534 2849 570 :
2874 515 2997 588 Ipse
3035 518 3171 572 enim
3219 515 3446 572 Satanas
3484 521 3773 592 transﬁgurat

2248 626 2302 665 se
2331 608 2385 662 in
2413 607 2656 680 angelum
2691 607 2824 663 lucis
2854 607 2941 680 (11
2986 606 3109 663 Cor.
3168 608 3266 680 χι).
3302 608 3460 665 Unde
3494 625 3593 664 non
3617 613 3777 672 mium

2249 699 2293 754 si
2324 699 2557 753 ministri
2584 697 2701 769 ejus
2726 698 3188 772 transﬁgurantnr
3213 699 3358 754 velut
3384 701 3610 756 minisn-i
3646 703 3776 775 justi-

2249 791 2357 847 tia.
2404 791 2483 847 Ibi
2542 791 2859 865 alienigena
2900 800 3249 849 occurrentes
3282 792 3339 847 in
3389 807 3572 864 campo
3598 795 3782 850 tendunt

2248 881 2474 939 insidias
2499 883 2553 938 in
2581 881 2856 938 montibus
2884 901 2896 937 :
2933 883 3058 953 quia
3080 883 3194 938 sive
3219 882 3455 955 maligni
3469 884 3690 953 spiritus,
3709 900 3781 940 seu

2247 983 2304 1032 et
2328 976 2572 1047 perversi
2601 974 2849 1031 hemines
2896 975 2951 1030 in
2979 974 3190 1030 luxuria
3238 975 3355 1029 sive
3395 974 3633 1044 superbia
3672 989 3782 1045 pne-

2249 1067 2419 1125 sentis
2444 1068 2589 1133 vita,
2620 1066 2705 1122 vel
2747 1065 3094 1123 sacularibus
3145 1064 3435 1121 desideriis
3484 1079 3785 1137 quoscunque

2247 1166 2475 1230 possunt
2495 1156 2756 1213 sedbcere
2785 1155 3155 1223 contendunt;
3186 1154 3387 1226 quibus
3416 1170 3632 1211 necesse
3654 1164 3787 1211 estut

2247 1248 2450 1305 milites
2473 1247 2675 1305 Christi
2701 1255 2925 1304 currant
2950 1262 3016 1302 ex
3045 1247 3292 1313 adverso,
3326 1253 3383 1301 et
3409 1243 3683 1317 conﬂigant
3704 1244 3786 1301 for-

2249 1342 2376 1397 titer
2403 1356 2525 1396 cum
2555 1340 2680 1406 illis,
2729 1356 2798 1397 ne
2831 1340 2972 1396 forte
3007 1339 3355 1396 consentiant
3388 1338 3787 1409 persuasionibus

2246 1447 2456 1497 eorum,
2480 1439 2536 1487 et
2569 1431 2925 1502 voluptatibus
2948 1438 3112 1503 atque
3139 1430 3414 1487 illecebris
3448 1429 3785 1487 dissolvantur.

2248 1522 2354 1579 Sed
2407 1524 2698 1580 commisso
2746 1523 2930 1595 pralio
2994 1522 3251 1595 fugerunt
3298 1523 3367 1579 hi'
3423 1525 3516 1594 qui
3570 1538 3631 1577 ex
3670 1533 3790 1593 parte

2244 1612 2459 1669 fuerant
2511 1614 2759 1671 Jonatha
2834 1629 3041 1681 omnes,
3074 1624 3124 1670 et
3186 1629 3337 1669 nemo
3389 1614 3602 1669 relictus
3634 1631 3688 1669 ea:
3733 1617 3788 1670 eis

2244 1704 2346 1760 nisi
2369 1704 2693 1762 Math‘atltias
2712 1705 2855 1775 ﬁlius
2882 1705 3149 1761 Absalomi
3172 1714 3220 1759 et
3241 1703 3442 1771 Iudas,
3467 1703 3604 1774 ﬁlius
3621 1703 3787 1775 Galpki,

637 1794 705 1849 Et
750 1795 1007 1868 applicuit
1056 1794 1241 1852 Simon
1276 1797 1345 1851 ad
1373 1796 1689 1852 Betltsuram
1725 1806 1775 1852 et
1812 1799 2143 1871 expugnabat
2171 1786 2222 1846 B
2246 1798 2483 1870 princeps
2519 1797 2725 1853 militia
2759 1801 3014 1854 exercitus
3040 1813 3060 1851 :
3090 1799 3237 1869 quia,
3276 1800 3416 1870 proh
3461 1798 3644 1854 dolor!
3672 1798 3793 1854 multi

562 1905 698 1955 eam,
733 1899 839 1944 etc.
890 1888 1029 1956 Quid
1059 1904 1162 1959 per
1204 1889 1524 1945 Bethsuram
1580 1891 1684 1946 nisi
1716 1891 1875 1947 lectio
1924 1900 2141 1947 sancta-

563 1997 683 2037 rum
713 1980 1122 2052 Scripturarum
1168 1982 1475 2050 denotatur,
1506 1984 1631 2053 quia
1657 1983 1924 2039 Bethsura
1956 1984 2143 2038 domus

562 2073 898 2128 robustorum
954 2074 1359 2144 interpretatur,
1397 2081 1454 2128 et
1480 2074 1619 2129 bene
1669 2073 1954 2146 Scriptura
1987 2090 2144 2131 sacra

562 2163 756 2219 domus
792 2164 1137 2229 robustorum
1174 2163 1280 2220 dici
1331 2173 1532 2235 potest,
1562 2169 1686 2237 quia
1734 2166 1806 2221 ibi
1834 2167 2034 2237 quique
2058 2181 2147 2222 ro-

558 2254 706 2310 busti
735 2260 790 2309 et
814 2252 1097 2310 fortissimi
1127 2266 1338 2327 semper
1367 2256 1597 2312 dicendo
1624 2266 1679 2312 et
1706 2257 1844 2313 bene
1870 2258 2146 2329 operando

560 2345 883 2412 inhabitant,
916 2346 1009 2416 qui
1035 2361 1159 2401 cum
1182 2345 1470 2402 Psalmista
1513 2347 1566 2402 in
1592 2347 1709 2419 lege
1739 2349 1951 2404 Domini
1981 2349 2149 2404 medi-

562 2445 750 2492 tantur
777 2437 865 2493 die
892 2446 947 2493 et
975 2445 1135 2493 nocte
1167 2436 1340 2510 (Psal.
1363 2438 1577 2511 cx‘vm).
1602 2440 1662 2493 ln
1685 2440 1785 2494 hac
1811 2439 1959 2494 enim
1986 2439 2153 2497 domo

561 2529 855 2598 aliquando
885 2530 1129 2585 haretici
1172 2529 1310 2585 falso
1359 2531 1662 2587 inhabitare
1709 2533 1981 2600 videntur,
2023 2549 2148 2589 cum

562 2618 874 2690 Scripturas
900 2621 1100 2691 legere,
1129 2620 1223 2676 sed
1260 2636 1368 2676 non
1412 2622 1718 2695 intelligere
1769 2625 1994 2681 omnino
2022 2639 2149 2695 pro-

561 2710 782 2766 bantur.
813 2710 970 2767 Unde
1021 2710 1220 2767 dicitur
1244 2713 1386 2782 quod
1415 2712 1604 2769 Simon
1633 2717 1967 2787 expugnavit
1987 2716 2149 2772 Beth-

561 2817 745 2860 suram
769 2803 963 2860 diebus
983 2804 1188 2871 multis,
1240 2812 1296 2861 et
1325 2806 1533 2876 ceperit
1565 2807 1840 2863 civitatem
1891 2816 1947 2864 et
1967 2809 2148 2880 ejece-

559 2903 689 2950 runt
711 2910 910 2966 pravos
935 2896 1268 2952 habitatores
1298 2897 1447 2965 inde,
1471 2908 1878 2973 posueruntque
1907 2901 1991 2957 ibi'
2007 2916 2147 2972 pra-

559 2984 759 3040 sidium
785 3004 801 3041 :
832 2987 957 3056 quia
986 2988 1236 3044 doctores
1264 2990 1435 3045 sancti
1474 2990 1579 3046 hoc
1609 2992 1812 3047 habent
1834 2993 2068 3048 maxime
2093 2992 2149 3048 in

564 3086 787 3145 conatu,
820 3080 925 3136 hoc
955 3087 1067 3137 toto
1093 3090 1260 3153 agunt
1280 3083 1403 3139 nisu
1422 3091 1482 3137 ut
1507 3085 1793 3142 hareticos
1815 3095 2146 3158 expugnent,

558 3166 753 3225 falsam
782 3186 969 3227 eorum
995 3173 1305 3243 opinionem
1327 3174 1675 3245 destruendo,
1705 3175 2150 3250 Scripturamque

561 3258 698 3330 legis
724 3261 820 3318 Dei
853 3263 931 3319 ab
951 3278 1141 3320 eorum
1170 3266 1423 3345 manibus
1463 3276 1675 3324 eruant.
1708 3266 1971 3326 Ponentes
2001 3272 2058 3326 in
2085 3287 2149 3326 ea

560 3351 882 3420 ρνιεεὶάίιιηι.
910 3353 1025 3411 Hoc
1054 3364 1158 3421 est,
1194 3356 1314 3427 pios
1341 3367 1680 3416 scrutatores
1716 3369 1771 3416 et
1794 3362 2149 3421 meditatores

561 3444 840 3512 sapientia
892 3445 1111 3513 divina,
1167 3447 1267 3519 qui
1295 3449 1548 3505 studeant
1592 3458 1741 3509 recte
1768 3453 2071 3526 intelligere
2095 3465 2150 3513 et

560 3532 667 3587 rite
694 3533 944 3604 proferre
974 3537 1219 3593 divinum
1249 3552 1573 3597 sermonem.

631 3623 701 3691 Iit
727 3622 988 3683 Ionathas
1013 3638 1062 3684 et
1088 3639 1263 3685 castra
1306 3632 1425 3704 ejus
1445 3633 1811 3705 applicuerunt
1846 3637 1917 3693 ad
1956 3655 2151 3712 aquam

560 3715 812 3786 Genesar,
843 3728 948 3777 etc.
979 3720 1127 3790 Quid
1144 3732 1237 3779 est
1254 3727 1409 3796 quod
1427 3725 1693 3784 Ionathas
1720 3730 1791 3785 ad
1817 3746 2015 3803 aquam
2045 3732 2150 3790 Ge-

559 3818 816 3862 nesamm
844 3818 1023 3865 castra
1070 3812 1346 3883 applicuit,
1376 3817 1479 3872 nisi
1520 3820 1665 3889 quod
1695 3831 1870 3879 catus
1928 3835 2149 3883 sancto-

560 3912 681 3952 rum
707 3899 1142 3969 praedicatorum,
1170 3902 1374 3975 Spiritu
1415 3906 1511 3962 Dei
1544 3923 1829 3977 accensus,
1860 3914 2149 3971 mundanis

558 3988 813 4046 ﬂuetibus
839 3990 1163 4048 inﬁdelium
1188 3998 1658 4065 persecutionibus
1702 4002 1923 4058 obviare
1967 4013 2143 4076 parat.

561 4078 824 4151 Stagnum
854 4080 1192 4141 Genesareth
1241 4087 1383 4144 idem
1434 4090 1621 4146 dicunt
1650 4107 1770 4150 esse
1806 4098 1963 4166 quod
1995 4114 2147 4157 mare

558 4169 813 4227 Galilaa.
849 4171 1001 4230 Mare
1031 4189 1162 4233 vero
1218 4177 1523 4238 Tiberiadis
1551 4199 1582 4239 a
1608 4186 1854 4255 proxima
1900 4190 2141 4260 civitate,

559 4277 681 4334 qua
701 4264 1137 4324 olimGenereth
1186 4280 1398 4339 vocata,
1434 4275 1541 4330 sed'
1565 4278 1633 4332 ab
1662 4277 1874 4337 Herode
1923 4270 2159 4339 Tetrar-h

559 4353 660 4408 cbo
688 4354 1009 4425 instaurata,
1040 4359 1096 4414 in
1118 4360 1379 4419 honorem
1408 4365 1619 4422 Tiberii
1640 4367 1870 4426 Casaris
1892 4372 2139 4431 Tiberius

558 4453 644 4501 est
664 4447 951 4516 appellata.
998 4449 1170 4506 Porro
1198 4451 1444 4510 Genesar
1478 4471 1510 4511 a
1538 4457 1690 4515 lacus
1718 4462 1888 4531 ipsius
1915 4475 2131 4535 natura,

558 4549 671 4605 qua
691 4537 1055 4607 crispantibus
1078 4542 1237 4611 aquis
1260 4544 1327 4599 de
1354 4559 1414 4599 se
1449 4545 1567 4616 ipso
1616 4548 1720 4604 sibi
1764 4552 2005 4610 excitare
2045 4571 2141 4610 au-

558 4643 675 4684 ram
698 4632 1032 4700 perhibetur,
1072 4634 1261 4690 Graec
1287 4636 1548 4693 vocabulo
1569 4641 1724 4709 quasi
1747 4657 2014 4713 generans
2034 4648 2137 4703 sibi

559 4735 747 4776 auram
775 4724 991 4781 dicitur.
1025 4724 1210 4795 Neque
1226 4728 1374 4782 enim
1404 4729 1457 4783 in
1500 4734 1677 4803 stagni
1703 4749 1907 4791 morem
1944 4740 2140 4795 sterni-

558 4821 653 4869 tur
674 4827 833 4884 aqua,
864 4816 973 4871 sed
998 4814 1372 4887 frequentibus
1400 4822 1549 4877 auris
1597 4824 1925 4892 spirantibus
1967 4831 2139 4901 agita-

558 4915 667 4974 tur,-
698 4907 896 4963 baustu
941 4909 1117 4965 dulcis
1153 4917 1210 4966 et
1237 4912 1626 4982 ad‘potandum
1651 4917 1867 4976 habilis.
1899 4920 2005 4978 Sed
2032 4924 2139 4981 lie-

554 4999 716 5056 braa
738 5000 935 5072 lingua
967 5004 1355 5060 consuetudine
1403 5009 1581 5063 omnis
1625 5025 1886 5080 aquarum
1912 5029 2137 5088 congre-

556 5091 723 5163 gatio,
747 5092 863 5147 sive
888 5091 1082 5158 doleis,
1110 5093 1224 5149 sive
1252 5095 1417 5162 salsa,
1456 5113 1608 5154 mare
1643 5114 2002 5175 nuncupatur.
2033 5108 2136 5177 Qui

556 5180 705 5237 lacus
731 5180 1076 5238 interﬂuente
1101 5181 1583 5242 Jerdanecentum
1635 5194 1911 5264 sexaginta
1942 5198 2135 5256 stadiis

557 5270 613 5326 in
640 5270 993 5343 longitudine,
1023 5282 1081 5331 et
1101 5276 1381 5347 sexaginta
1407 5280 1721 5337 extenditur
1748 5282 1801 5337 in
1825 5285 2130 5348 latitudine.

558 5361 694 5430 Quia
719 5378 850 5436 ergo
871 5373 1122 5437 stagnum
1146 5367 1261 5423 sive
1284 5383 1436 5426 mare
1475 5387 1719 5442 prasens
1747 5379 2005 5435 saculum
2035 5383 2132 5438 de-

557 5455 755 5527 signat,
792 5453 1059 5514 Jonathas
1084 5469 1272 5517 noster
1296 5477 1423 5518 cum
1459 5464 1574 5521 suis
1609 5467 1854 5525 saculari
1882 5474 2133 5531 tumultui

558 5549 811 5605 resistere
833 5559 1092 5621 properet
1117 5558 1174 5609 et
1219 5561 1345 5609 ante
1368 5553 1545 5611 lucem
1588 5557 1810 5630 vigilare
1857 5572 2032 5619 certat
2078 5567 2133 5622 in

558 5654 750 5712 campo
769 5640 945 5710 Aser;
979 5642 1189 5699 hocest
1212 5654 1401 5702 contra
1428 5648 1653 5710 insidias
1677 5652 1876 5709 diaboli
1911 5656 2109 5726 vigilan

559 5732 635 5788 tis
655 5732 893 5792 studioso
917 5729 1216 5792 observare
1253 5747 1423 5794 curat.
1453 5740 1594 5821 Agor
1610 5743 1755 5800 enim
1802 5746 2123 5821 interpreta-

2245 1886 2314 1943 de
2334 1888 2718 1945 ecclesiasticis
2742 1903 2839 1960 per
2865 1889 3221 1944 ambitionem
3235 1897 3292 1944 et
3321 1888 3647 1959 voluptatem
3671 1888 3791 1943 istius

2246 1979 2431 2035 mundi
2484 1981 2889 2037 subvertuntur.
2942 1979 3097 2038 Unde
3144 1982 3199 2036 in
3226 1981 3489 2053 parabola
3534 1979 3791 2053 evangeﬁca

2247 2070 2508 2127 Dominus
2529 2072 2608 2127 ait
2640 2071 2797 2143 (Luc.
2826 2071 2951 2144 vm)
2985 2064 3185 2143 :-quod*
3221 2083 3435 2128 exorta
3480 2073 3638 2144 spirae
3660 2070 3789 2127 suﬁc-

2248 2171 2506 2219 caverunt
2558 2171 2817 2235 segetem,
2868 2164 2973 2219 hoc
3026 2171 3130 2230 est;
3177 2163 3388 2219 divitia
3422 2171 3478 2219 et
3525 2163 3789 2234 voluptuosa

2246 2252 2358 2307 vita
2384 2250 2791 2308 suliocaverunt
2814 2261 3075 2325 segetem,
3102 2253 3177 2308 ita
3200 2263 3267 2310 ut
3284 2270 3405 2311 non
3424 2253 3567 2310 fcrat'
3580 2254 3787 2311 fluctum.

2250 2344 2371 2401 Sed'
2385 2354 2567 2401 tamen
2588 2344 2932 2413 Mhthathias,
2953 2349 3054 2418 qui
3082 2348 3482 2419 interpretatur
3514 2349 3691 2403 donum
3704 2347 3789 2415 Dei,

2247 2434 2517 2502 et-Judas;
2546 2438 2653 2492 hoc
2680 2446 2789 2505 est,
2821 2438 3094 2508 conﬁtens,
3126 2447 3379 2509 perstant
3425 2455 3548 2496 cum
3587 2439 3789 2504 Jonatha,

2248 2529 2376 2601 quia
2402 2529 2481 2584 illi
2507 2530 2600 2603 qui
2643 2528 2799 2585 dono
2844 2530 2943 2586 Dei
2990 2531 3289 2586 illuminati'
3335 2539 3506 2603 atque
3555 2529 3791 2588 confortati

2249 2629 2397 2688 sunt,
2421 2632 2477 2677 et
2503 2602 2609 2677 rite
2639 2622 2911 2678 credendo
2955 2631 3116 2693 atque
3142 2623 3282 2679 bene
3315 2602 3597 2695 operando
3630 2624 3791 2681 veraci-

2250 2721 2335 2769 ter
2360 2720 2488 2770 sunt
2531 2714 2639 2770 Dei
2658 2713 3021 2781 cmicssores,
3055 2716 3111 2771 hi
3161 2725 3532 2787 perseverant
3568 2717 3619 2771 in
3641 2713 3792 2771 astri:

2249 2805 2528 2873 Ecclesia,
2560 2814 2619 2861 et
2643 2807 2857 2862 hostem
2904 2805 3121 2863 fbrtiter
3169 2817 3452 2879 premunt,
3511 2809 3669 2864 donec
3699 2821 3790 2863 eum

2250 2905 2557 2963 conterent,
2592 2906 2650 2952 et
2676 2912 2825 2964 suos,
2869 2899 2973 2969 qui
3011 2898 3252 2956 cedendo
3281 2900 3537 2956 hostibus
3565 2900 3789 2971 fugerant,

2250 2988 2447 3047 castris
2489 2991 2737 3063 pristinis
2791 2992 2989 3047 iterum
3038 2993 3351 3049 restituant.
3412 2992 3522 3049 Sed
3558 2993 3788 3049 videamus

2254 3084 2383 3153 quid
2408 3082 2600 3140 fecerit
2625 3081 2893 3139 Jonatbas
2916 3085 3133 3155 quando
3182 3084 3391 3142 milites
3428 3085 3517 3142 sui'
3545 3085 3674 3141 versi
3696 3090 3792 3140 sunt

2176 3148 2226 3213 Ο
2256 3148 2312 3230 in
2343 3173 2545 3246 fugam.

2323 3264 2396 3320 Et
2450 3264 2607 3320 scidit
2649 3266 2914 3321 Jonatlms
2945 3267 3247 3322 uestimenta
3293 3283 3399 3323 sua
3444 3274 3497 3321 et
3526 3265 3683 3337 posuit
3715 3273 3791 3319 ter-

2251 3373 2366 3412 ram
2398 3358 2456 3413 in
2501 3358 2672 3428 capite
2701 3373 2818 3425 sua,
2867 3365 2973 3415 etc.
3005 3356 3099 3414 Sit:
3124 3358 3269 3413 enim
3315 3358 3594 3431 prapositi
3622 3365 3673 3414 et
3705 3369 3789 3412 ma-

2252 3450 2409 3522 gistri
2438 3450 2695 3507 Ecclesia
2718 3463 2881 3523 agere
2932 3449 3130 3507 debent
3174 3466 3299 3508 cum
3333 3467 3471 3508 suos
3496 3452 3729 3507 latescerc
3748 3446 3790 3501 iu

2250 3542 2438 3615 pralio
2476 3556 2543 3598 ac
2570 3549 2724 3614 terga
2753 3541 3003 3599 hostibus
3038 3550 3255 3598 vertere
3292 3543 3662 3615 conspiciunt:
3687 3537 3789 3597 scin-

2251 3629 2381 3688 dere
2408 3632 2734 3688 vestimenta
2778 3646 2896 3699 sua,
2941 3632 3047 3688 hoc
3070 3640 3174 3700 est,
3199 3646 3403 3705 corpus
3420 3632 3633 3703 jejuniis
3653 3644 3706 3685 ac
3727 3629 3786 3682 la-

2251 3722 2452 3794 crymis
2510 3721 2789 3793 afﬂigere;
2823 3729 2893 3777 et
2912 3736 3116 3793 ponere
3166 3730 3380 3779 terram
3417 3722 3474 3778 in
3518 3721 3676 3793 capite
3696 3730 3783 3781 suo.

2251 3816 2356 3872 hoc
2383 3823 2486 3882 est,
2535 3814 2891 3887 fragilitatem
2922 3814 3173 3887 corporis
3222 3815 3506 3872 revolvere
3554 3816 3605 3871 in
3646 3818 3785 3868 mente

2250 3916 2372 3975 sna,
2403 3915 2459 3964 et
2486 3922 2645 3964 orare
2674 3908 2963 3964 Dominum
2990 3923 3089 3980 pro
3115 3908 3328 3965 delictis
3380 3910 3495 3966 suis
3522 3907 3601 3964 vel
3625 3903 3782 3979 populi,

2250 4009 2312 4057 ut
2336 4001 2472 4071 ipse,
2504 4001 2597 4072 qui
2636 4002 2981 4072 onmipotens
3002 4011 3107 4068 est,
3144 4009 3406 4072 operetur
3455 4002 3665 4059 salutem
3688 4011 3782 4069 erga

2249 4089 2516 4158 inﬁrmos,
2557 4101 2613 4148 et
2641 4092 2868 4148 reducat
2912 4106 3007 4148 eos
3058 4092 3141 4147 ad‘
3166 4094 3459 4164 pristinam
3503 4093 3779 4155 sanitatem;

2249 4183 2437 4254 sicque
2464 4186 2741 4241 exhortari
2785 4201 3228 4257 unumquemque
3272 4198 3501 4260 oportet
3534 4196 3595 4243 ut
3631 4184 3780 4256 resipi-

2247 4283 2415 4331 scat-a
2447 4276 2645 4332 diaboli
2669 4276 2894 4347 laqueis,
2947 4279 3039 4349 qui
3093 4280 3339 4350 captivus
3392 4281 3568 4338 fuerat
3610 4279 3670 4335 ad
3693 4278 3780 4347 ejus

2242 4364 2595 4434 voluntatem,
2622 4376 2672 4423 et
2697 4380 2988 4424 revertatur
3006 4375 3073 4425 ad
3096 4371 3406 4442 Dominum,
3436 4385 3484 4431 et
3508 4374 3781 4431 miserebitur

2242 4460 2379 4531 ejus,
2407 4471 2454 4515 et
2485 4463 2555 4516 ad
2575 4461 2865 4517 Dominum
2890 4474 3149 4531 nostrum,
3171 4468 3423 4537 quoniam
3445 4469 3632 4523 multus
3650 4475 3711 4525 est
3727 4463 3778 4519 αι

2244 4552 2619 4623 ignoscendum
2645 4553 2782 4626 (Isa.
2812 4554 2922 4627 LV).

2317 4661 2389 4717 Et
2416 4663 2710 4719 ceciderunt
2736 4666 2800 4721 de
2823 4665 3128 4741 alienigenis
3156 4672 3211 4726 in
3234 4673 3320 4733 die
3355 4673 3451 4731 ίιια
3481 4676 3551 4739 de,
3569 4676 3673 4732 ma,
3690 4668 3778 4729 gul.

2245 4751 2319 4807 lia
2361 4753 2611 4820 virorum,
2642 4764 2746 4811 etc.
2776 4756 2913 4813 Nota
2950 4760 3094 4829 quod
3126 4762 3678 4838 alienigenaternario
3703 4778 3775 4818 nu-

2246 4860 2398 4902 mero
2449 4858 2901 4921 prosternuntur,
2954 4856 3081 4926 quia
3129 4873 3227 4929 per
3281 4870 3486 4919 sancta
3543 4856 3776 4923 Trinitatis

2247 4938 2409 5001 fidem
2432 4940 2666 4996 universi
2693 4942 2875 5001 hostes
2902 4945 3156 5005 Ecclesia
3174 4960 3541 5017 conteruntur.
3564 4963 3774 5024 superan-

2244 5037 2335 5085 tur
2359 5038 2523 5101 atque
2551 5042 3078 5111 prosternuntur;-et
3105 5041 3259 5097 turba
3283 5041 3774 5109 credentiumresm'

2244 5121 2391 5177 ditur
2424 5139 2547 5179 cum
2592 5126 2728 5182 duce
2769 5143 2868 5183 suo
2911 5129 2966 5184 in
3006 5129 3341 5189 Hierusalem
3375 5135 3771 5213 mysticam.”

2242 5220 2329 5269 est
2352 5223 2529 5270 mater
2550 5217 2791 5272 omnium
2814 5228 3080 5289 nostrum,
3116 5232 3175 5289 ut
3214 5224 3289 5281 ibi
3311 5226 3510 5297 gratias
3543 5232 3593 5281 et
3625 5218 3770 5277 laudes

2244 5304 2445 5362 referat
2471 5309 2580 5375 Deo
2612 5319 2800 5368 nostro
2832 5314 2883 5370 in
2918 5322 3183 5375 aternum
3221 5327 3277 5375 et
3318 5319 3374 5376 in
3415 5317 3652 5381 saeuiunt
3687 5324 3765 5372 η’

2240 5398 2371 5457 culi.
