4028 6468
223 377 368 438 H97

831 482 1057 542 CAPUT
1091 484 1202 541 Xll.

225 579 391 638 Hittit
423 578 679 636 Jonatltas
710 579 903 647 legatos
934 588 983 649 et
1010 579 1254 646 epistolas
1288 577 1535 633 Romanis
1563 587 1611 634 et
1647 578 1809 649 Spar-

298 652 463 717 tiatis,
492 651 641 721 fugat
662 646 922 721 principes
947 646 1197 721 Demetrii
1226 660 1275 703 et
1300 652 1579 703 exercitum
1604 646 1804 717 eorum,

294 717 535 793 percutit
553 717 799 793 habet"
812 717 1266 793 Tryphon-colens
1304 736 1577 793 assumere
1596 736 1810 791 regnum

298 788 539 847 Antiochi
564 789 743 845 dolose
766 789 867 848 coit
900 805 1029 845 cum
1058 788 1297 847 lauat/ta
1339 800 1387 846 et
1414 791 1602 846 occidit
1623 788 1741 845 eum
1760 799 1813 846 et

302 862 586 916 exercitum
612 861 746 931 ejus.

304 953 373 1009 Et
394 954 516 1009 vidit
538 953 795 1008 Jonathas
818 954 940 1026 quia
962 964 1160 1024 tempus
1184 970 1298 1008 eum
1310 962 1486 1023 Juvat,
1503 962 1551 1007 et
1572 951 1721 1024 elegit
1742 953 1815 1007 vi-

233 1062 319 1101 ros
343 1055 390 1100 et
416 1046 555 1100 misit
581 1043 823 1111 Romam,
844 1053 949 1099 etc.
974 1042 1127 1111 Quod
1150 1044 1316 1099 mittit
1337 1041 1598 1101 Jonathas
1622 1043 1814 1114 episto-

233 1137 315 1194 las
341 1136 408 1192 ad
432 1135 702 1192 Romanos
729 1144 785 1189 et
814 1135 881 1190 ad
908 1134 1224 1206 Spartiatos,
1252 1144 1307 1190 et
1334 1128 1413 1190 adf
1437 1131 1544 1189 alia
1568 1133 1715 1201 loca,
1755 1140 1817 1189 ut

234 1235 494 1284 renovent
531 1234 749 1298 pactum
787 1237 842 1281 et
882 1226 1174 1282 amicitiam
1214 1242 1337 1282 cum
1376 1227 1455 1282 eis
1484 1242 1602 1298 qua:
1647 1224 1817 1281 frater

232 1335 364 1376 suus
396 1317 562 1375 Judas
609 1320 759 1390 prior
800 1336 921 1377 cum
951 1317 1055 1375 illis
1089 1328 1279 1391 sponte
1309 1320 1448 1388 iniit,
1478 1320 1818 1377 demonstrat

230 1411 375 1482 quod
403 1426 597 1485 magna
621 1410 923 1467 sollicitudo
945 1412 1146 1467 sanctis
1171 1412 1330 1467 debet
1348 1428 1468 1468 esse
1489 1410 1817 1484 przedicato—

229 1504 383 1561 ribus
406 1513 466 1560 ut
490 1519 677 1577 pacem
704 1520 865 1575 quam
888 1502 1135 1564 Christus
1170 1504 1222 1559 in
1250 1504 1449 1561 mundo
1471 1504 1682 1572 obtulit,
1713 1505 1816 1576 ipsi

229 1605 347 1655 toto
377 1596 557 1655 studio
586 1597 844 1652 innovare
889 1603 1051 1665 atque
1077 1610 1398 1653 conservare
1443 1596 1642 1666 ubique
1681 1612 1813 1653 con-

228 1687 496 1743 tendant:
528 1687 654 1758 quia
692 1687 807 1757 ipse
836 1678 933 1740 Dei
979 1684 1167 1754 Filius,
1210 1688 1305 1757 qui
1346 1688 1495 1744 venit
1522 1688 1577 1743 in
1615 1696 1816 1744 terram

224 1788 291 1834 ut
307 1778 619 1848 paciﬁcaret
646 1779 702 1835 in
740 1795 902 1837 carne
926 1772 1289 1838 sua’ccelestia
1330 1790 1491 1853 atque
1536 1783 1814 1841 terrestria

930 338 1282 430 comem.
1323 371 1391 429 IN
1427 372 1674 431 uanos
1708 370 2288 431 mammonae
2330 404 2400 413 —
2436 370 2504 430 ω
2542 372 2671 429 LlB‘.
2714 370 2755 430 ι.

3353 374 3491 433 H98

1831 492 1883 555 Α
1910 487 2141 557 praeliari
2186 498 2241 545 et
2284 504 2471 545 eorum
2517 489 2757 559 perﬁdia:
2799 489 3089 547 resistere:
3125 488 3320 561 quibus
3345 508 3497 566 egre-

1912 579 2063 634 diens
2097 579 2165 635 ab
2208 577 2545 637 Hierusalem
2576 581 2813 638 occurrit
2862 580 2916 636 in
2945 581 3218 639 Amathite
3254 585 3496 658 regione,

1910 669 2058 739 quia,
2113 668 2239 724 licet
2286 671 2497 726 interna
2539 671 2991 742 contemplatione
3035 680 3090 729 et
3146 673 3310 730 animi
3340 675 3500 731 oculo

1912 761 2189 816 intuentur
2207 761 2582 818 celsitudinem
2608 763 2881 820 Creatoris
2915 773 2970 820 et
2993 779 3349 836 supernorum
3379 781 3499 823 ma-

1912 854 2244 925 gnitudinem
2286 855 2652 925 praemiorum,
2694 856 2763 911 ad
2791 862 3001 928 tempus
3045 866 3263 912 exstant
3286 867 3346 912 ut
3373 872 3503 914 con-

1912 943 2100 1019 ﬂigant
2128 963 2251 1002 cum
2294 947 2558 1014 hostibus,
2590 955 2771 1006 tamen
2815 964 2847 1003 a
2893 950 3215 1007 rectitudine
3254 951 3500 1008 veritatis

1915 1036 2061 1095 nullo
2100 1041 2258 1096 modo
2288 1041 2561 1097 declinant
2590 1058 2604 1095 :
2634 1055 2761 1097 nam
2798 1041 3017 1098 Amathi
3043 1045 3235 1111 veritas
3274 1062 3389 1100 mea
3422 1047 3506 1102 in-

1916 1141 2269 1205 terpretatur.
2301 1134 2407 1192 Sed
2437 1137 2551 1193 sive
2594 1136 2651 1191 in
2677 1135 2927 1193 conﬂictu
2958 1136 3339 1209 disputationis
3367 1156 3501 1197 con-

1918 1235 2002 1283 tra
2038 1243 2253 1285 errores
2296 1245 2484 1285 eorum
2511 1231 2861 1298 contendant,
2905 1232 3021 1287 sive
3066 1230 3276 1306 flagella
3317 1249 3507 1293 eorum

1918 1334 1983 1375 ac
2022 1322 2199 1377 credes
2238 1322 2507 1392 patienter
2541 1323 2817 1397 tolerent,“
2836 1322 3059 1394 iustitiae
3089 1335 3268 1384 tamen
3310 1328 3507 1384 verita-

1920 1418 2029 1468 tem
2053 1412 2199 1468 nullo
2224 1413 2383 1469 modo
2416 1414 2749 1485 relinquunt,
2777 1431 2879 1471 nec
2903 1417 2982 1471 eis
3009 1416 3253 1474 tribuunt
3280 1416 3508 1476 faculta-

1920 1510 2028 1558 tem
2058 1512 2120 1558 ut
2160 1518 2258 1574 per
2308 1502 2549 1559 fraudem
2573 1504 2755 1575 aliquo
2792 1506 2951 1563 modo
2986 1506 3038 1561 in
3088 1508 3360 1581 regionem
3407 1509 3508 1567 Ec-

1919 1592 2095 1650 clesiae
2140 1594 2528 1666 ingrediantur,
2559 1612 2900 1668 summopere
2936 1597 3182 1653 nituntur
3227 1609 3286 1656 ut
3321 1601 3505 1657 statim

1918 1684 1976 1739 in
2023 1682 2179 1740 initio
2218 1685 2325 1742 doli
2355 1686 2677 1757 pravitatem
2712 1702 2899 1743 eorum
2944 1697 3231 1746 conterant
3250 1700 3306 1747 et
3324 1700 3509 1749 castra

1918 1773 2175 1829 Ecclesia:
2212 1774 2376 1831 illaesa
2402 1785 2744 1831 conservent.

226 1867 454 1941 (ροιοδε,
483 1870 553 1942 ι);
703 1871 888 1927 statim
933 1871 989 1927 in
1030 1882 1222 1928 exortu
1247 1872 1546 1929 nativitatis
1582 1890 1692 1929 sua;
1726 1890 1816 1929 γο.
1990 1862 2057 1917 El
2093 1863 2232 1917 ηιὶεἱι
2271 1864 2617 1934 speculatores
2660 1867 2716 1921 in
2758 1877 2929 1922 castra
2969 1885 3168 1938 eorum,
3199 1878 3304 1927 CIC.
3331 1871 3511 1930 MlSSiS

224 1959 331 2019 luit
354 1960 422 2015 ab
448 1961 655 2032 angelis
685 1962 1000 2018 decantari:
1036 1961 1218 2017 Gloria
1248 1964 1303 2018 in
1341 1964 1557 2019 excelsis
1597 1964 1729 2032 Deo,
1769 1974 1817 2020 et

222 2054 287 2109 in
341 2064 480 2111 terra
528 2072 637 2126 pax
681 2055 977 2112 hominibus
1026 2055 1174 2113 bona:
1214 2055 1494 2112 voluntatis
1520 2057 1670 2130 (Luc.
1720 2056 1814 2130 tt);

221 2164 391 2220 quam
418 2149 603 2221 utique
628 2163 813 2220 pacem
848 2149 991 2204 idem
1029 2146 1296 2203 mediator
1332 2148 1427 2204 Dei
1456 2156 1511 2203 et
1541 2149 1819 2205 hominum

215 2256 341 2312 iam
367 2241 530 2297 homo
546 2240 724 2298 factus
744 2241 859 2298 suis
877 2239 1158 2310 discipulis
1177 2240 1575 2296 commendavit
1599 2241 1814 2297 dicens:

222 2331 433 2393 Habete
460 2351 639 2405 pacem
665 2336 800 2391 inter
820 2351 909 2389 vos
932 2332 1148 2406 (Matth.
1185 2332 1296 2405 1x);
1328 2340 1383 2389 et
1408 2352 1419 2387 :
1450 2351 1629 2403 pacem
1649 2352 1827 2390 meam.

221 2423 300 2478 do
333 2424 503 2487 vobis;
529 2442 710 2497 pacem
728 2442 896 2482 meam
923 2425 1157 2497 relinquo
1176 2426 1319 2481 vobis
1347 2425 1529 2498 (Joan.
1560 2425 1703 2498 xw);
1730 2441 1823 2497 pa-

222 2530 295 2572 ce
326 2517 526 2573 etenim
575 2527 631 2574 et
668 2518 1052 2575 concordantia
1095 2519 1408 2576 universum
1440 2534 1636 2588 corpus
1665 2518 1822 2576 Chri-

222 2609 617 2680 sti.adunatur,
663 2612 870 2684 regitur
904 2627 968 2668 ac
993 2611 1265 2669 stabilitur
1311 2627 1326 2666 :
1373 2612 1467 2683 qui
1492 2621 1672 2667 autem
1698 2628 1822 2668 cum

221 2705 497 2774 proximis
538 2704 651 2761 suis
699 2721 809 2761 non
845 2704 967 2760 vult
1000 2705 1205 2761 habere
1243 2719 1456 2775 pacem,
1491 2705 1545 2760 in
1596 2719 1822 2775 corpore

223 2794 436 2852 Christi
481 2795 682 2852 nullam
721 2797 885 2853 habet
922 2796 1260 2863 societatem,
1303 2811 1405 2852 nec
1428 2797 1545 2868 iam
1572 2796 1641 2851 ad
1665 2807 1824 2852 aeter-

225 2902 362 2944 nam
408 2897 587 2959 potest
627 2888 911 2959 pervenire
959 2891 1227 2960 requiem,
1270 2889 1415 2946 unde
1450 2905 1511 2946 se
1554 2889 1827 2961 separavit

226 2994 333 3052 per
363 2980 787 3037 contentionem.

309 3070 376 3127 Et
402 3073 496 3128 hoc
525 3074 794 3144 scriptum,
835 3083 941 3129 etc.
990 3072 1271 3141 Quomodo
1312 3082 1494 3130 autem
1537 3072 1827 3145 Spartiatae

232 3163 454 3253 fuerunt
497 3165 563 3222 de
591 3181 791 3237 genere
828 3164 1128 3234 Abraham,
1165 3167 1323 3223 facile
1360 3182 1469 3223 non
1510 3167 1820 3223 invenitur:

1920 1953 2350 2025 speculatoribus
2403 1963 2580 2012 castra
2642 1956 2875 2012 hostium
2924 1956 3186 2015 Jonatlias
3242 1961 3508 2033 explorat,

1920 2062 2042 2103 cum
2072 2047 2458 2119 praedicatores
2502 2050 2671 2106 sancti
2707 2066 2805 2121 per
2846 2052 2993 2108 viros
3022 2053 3317 2110 industrios
3362 2054 3511 2111 frau-

1920 2137 2044 2193 d'em
2077 2137 2420 2194 inimicorum
2448 2140 2798 2213 investigent,
2836 2149 3120 2212 quatenus,
3153 2159 3340 2200 eorum
3382 2161 3514 2202 con-

1921 2226 2056 2283 siliis
2082 2230 2263 2299 pravis
2301 2230 2619 2301 compertis,
2649 2230 2833 2287 dolum
2858 2232 3100 2305 ipsorum
3137 2233 3351 2292 facilius
3374 2250 3514 2307 prae-

1921 2334 2114 2375 cavere
2141 2319 2368 2391 possint.
2399 2320 2502 2387 Qui
2549 2323 3005 2380 annuntiaverunt
3042 2325 3121 2382 eis
3164 2329 3517 2398 supervenire

1921 2409 2037 2479 ipsa
2066 2411 2132 2465 ad
2162 2424 2256 2465 eos
2281 2410 2417 2467 velle
2442 2419 2602 2467 nocte
2640 2428 2653 2465 :
2695 2412 2773 2468 illi
2803 2414 2946 2470 enim
2988 2424 3147 2472 nocte
3183 2425 3379 2489 parant
3416 2434 3514 2474 ve-

1920 2499 2061 2567 nire,
2091 2500 2184 2570 qui
2214 2501 2555 2557 caeco-corde
2591 2517 2755 2574 opera
2795 2506 3125 2562 meditantur
3162 2510 3516 2568 tenebrarum

1923 2603 2103 2661 agere.
2133 2590 2213 2646 Ac
2260 2601 2449 2648 contra
2494 2591 2760 2651 Jonathas
2805 2611 2932 2651 suos
2976 2597 3203 2671 vigilare
3227 2608 3432 2659 etesse
3460 2602 3518 2659 in

1924 2684 2091 2739 annis
2140 2693 2357 2755 paratos
2403 2686 2471 2743 ad
2514 2702 2748 2759 pugnam
2782 2687 2936 2760 jubet
2976 2698 3087 2747 tota
3126 2702 3286 2749 nocte
3321 2712 3333 2748 :
3388 2695 3519 2766 quia

1922 2776 2199 2846 proprium
2230 2785 2313 2832 est
2333 2776 2627 2833 electorum
2654 2780 3035 2850 magistrorum
3060 2790 3125 2837 ut
3144 2783 3433 2854 pervigiles
3454 2801 3521 2840 ac

1924 2877 2112 2925 cautos
2158 2870 2386 2925 doceant
2431 2884 2549 2925 esse
2607 2871 2878 2942 subjectos
2920 2887 3046 2929 suos
3085 2873 3232 2930 omni
3278 2883 3520 2947 tempore

1925 2959 2085 3014 istius
2107 2960 2253 3027 vitae,
2288 2975 2395 3031 quo
2424 2960 2479 3015 in
2511 2961 2717 3017 incerto
2745 2964 3001 3033 degentes
3027 2965 3095 3020 ad
3120 2974 3331 3022 certum
3355 2967 3520 3023 ﬁnem

1926 3051 2173 3106 tendunt.
2226 3050 2293 3107 Et
2335 3051 2614 3108 audientes
2659 3056 2956 3111 adversarii
2996 3058 3124 3127 quia
3166 3067 3392 3129 paratus
3436 3067 3522 3116 est

1925 3141 2189 3197 J'onatbas
2211 3158 2333 3197 cum
2362 3144 2472 3199 suis
2501 3144 2555 3198 in
2599 3143 2761 3213 bello,
2807 3146 3107 3204 timuerunt
3144 3150 3300 3206 valde
3337 3159 3393 3208 et
3426 3169 3517 3208 ac-

229 3232 408 3327 mu-m
430 3231 830 3331 enimbamen]
868 3257 987 3314 ﬁeri
1032 3231 1177 3328 qum
1219 3259 1495 3315 Abraham
1532 3258 1714 3329 plures
1756 3261 1821 3315 η,
1847 3237 1897 3303 c
1924 3232 2224 3288 cenderunt
2258 3231 2406 3289 fucos
2441 3235 2496 3331 in
2537 3237 2731 3291 castris
2774 3246 2828 3293 et
2862 3241 3103 3296 meditati
3134 3250 3261 3299 sunt
3296 3241 3516 3317 fugam:

235 3348 364 3414 lios.
385 3357 614 3419 excepto
637 3349 790 3407 Isaac
818 3364 989 3420 quem
1025 3350 1238 3422 peperit
1275 3350 1327 3405 ei
1361 3348 1517 3417 Sara,
1552 3349 1824 3417 habuerit,

235 3440 307 3501 de
330 3439 477 3511 Agar
500 3440 755 3499 videlicet
781 3449 843 3499 et.
861 3441 1161 3512 Betbsura,|
1184 3441 1631 3514 sicutScriptura
1654 3441 1828 3503 mani:-

236 3529 423 3596 festat,
451 3539 512 3586 ut
539 3533 608 3587 ab
637 3531 819 3603 aliquo
845 3547 1033 3588 eorum
1060 3534 1213 3605 origo
1233 3532 1561 3605 processerit
1585 3531 1830 3603 Spartia—

236 3629 438 3678 tarum.
504 3622 610 3680 Sed
658 3622 977 3695 Iosephus,
1023 3625 1189 3697 lm‘pis
1228 3625 1331 3681 loci
1372 3624 1700 3680 mentionem
1751 3622 1829 3677 fa-

234 3712 388 3770 ciens
410 3755 426 3781 ,
481 3730 597 3773 non
645 3716 861 3775 videtur
913 3726 1094 3777 tamen
1154 3720 1528 3791 cognationem
1583 3717 1828 3790 Spartia-

235 3810 439 3871 tarum,
464 3820 591 3861 eum
607 3804 809 3863 Judtnis
835 3823 1047 3876 veram,
1076 3817 1133 3867 et
1162 3808 1304 3883 [sed]
1325 3812 1574 3883 ,aliquam
1602 3810 1830 3865 societa-

237 3903 347 3949 tem
379 3894 516 3950 velle
540 3898 879 3968 exprimere;
922 3900 1014 3969 qui
1051 3900 1583 3958 Lacedaemoniorum
1624 3898 1827 3971 episto-

233 3983 630 4056 lam-scriptam
658 3987 825 4044 refert
860 4007 871 4042 :
912 4007 931 4041 ‹
966 3990 1080 4046 ilex
1106 3990 1637 4048 Lacedaemoniorum
1664 3988 1830 4047 Onias

237 4074 363 4151 [sic]
410 4076 654 4135 Jonatha:
718 4082 987 4137 sacerdoti
1036 4099 1230 4154 magno
1280 4084 1527 4141 salutem.
1567 4082 1833 4155 Legentes

237 4168 542 4239 scripturas
583 4169 871 4241 aliquando
928 4172 1232 4230 invenimus
1278 4189 1345 4230 ex
1397 4188 1505 4230 uno
1552 4188 1714 4244 quem
1744 4172 1833 4245 [ex

233 4274 353 4317 uno
389 4260 607 4334 genere]
646 4259 860 4319 Judazos
896 4273 950 4320 et
988 4263 1401 4320 Lacedaemones
1441 4263 1735 4330 exstitisse,
1780 4271 1837 4319 et

236 4351 667 4410 familiaritatem
710 4372 834 4412 cum
886 4358 1163 4414 Abraham
1218 4358 1492 4413 socialiter
1540 4356 1830 4415 habuisse:

232 4446 448 4519 justum
477 4462 606 4520 ergo
645 4457 749 4517 est,
787 4467 911 4506 cum
952 4451 1153 4506 fratres
1177 4450 1441 4515 existatis,
1476 4458 1531 4506 et
1560 4450 1836 4506 transmit-

238 4548 363 4596 tere
388 4542 456 4596 ad
480 4558 577 4598 vos
598 4552 654 4598 et
680 4556 865 4614 petere
888 4560 1007 4615 qua:
1032 4545 1186 4600 vobis
1215 4543 1521 4600 necessaria
1538 4541 1830 4613 iudicatis:

1929 3342 2067 3399 quos
2098 3336 2315 3385 secutus
2338 3334 2426 3385 est
2443 3329 2724 3397 Ionathas,
2751 3340 2931 3389 tamen
2958 3349 3063 3390 non
3090 3337 3521 3409 comprehendit,

1929 3420 2057 3490 quia
2104 3428 2257 3476 trans
2300 3419 2501 3478 ﬂumen
2532 3421 2647 3493 iam
2681 3423 2885 3495 positos
2930 3425 3185 3483 invenit:
3228 3427 3524 3485 formidant

1930 3512 2229 3570 adversarii
2258 3514 2401 3584 quod
2430 3528 2489 3570 se
2530 3524 2836 3587 praeparant
2878 3516 2941 3575 in,
2979 3514 3222 3588 spiritale
3274 3519 3521 3591 praelium

1930 3606 2316 3673 ecclesiastici;
2364 3616 2420 3663 et
2458 3609 2816 3665 accendentes
2858 3608 3008 3665 focos
3052 3611 3109 3665 in
3154 3611 3349 3667 castris
3387 3611 3519 3679 suis,

1930 3698 2035 3754 hoc
2072 3706 2176 3767 est‘,
2217 3698 2428 3774 ﬁngunt
2474 3699 2849 3757 fortitudinem
2886 3701 3015 3758 belli
3050 3701 3107 3757 in
3156 3703 3348 3759 turmis
3388 3702 3522 3759 suis.

1934 3786 2042 3848 Sed
2074 3793 2135 3848 in"
2172 3809 2331 3850 mane
2369 3794 2693 3852 lacescentis
2734 3790 2868 3853 fidei'
2885 3799 3230 3869 persequitur
3263 3800 3526 3871 spiritalis

1932 3880 2196 3940 Jonathas
2229 3886 2414 3942 hostes
2443 3903 2589 3954 suos,
2626 3903 2762 3959 quos
2809 3898 2987 3947 tamen
3031 3904 3140 3945 non
3170 3892 3528 3963 comprehen-

1934 3974 2035 4041 dit,
2080 3975 2135 4030 id
2173 3985 2275 4044 est,
2317 3979 2385 4034 ad
2421 3978 2797 4035 credulitatem
2830 3996 2938 4041 non
2982 3982 3255 4051 perduxit,
3300 3983 3433 4055 quia
3470 3984 3528 4041 in

1936 4082 2121 4123 amore
2146 4068 2456 4127 ﬂuctuantis
2481 4072 2664 4128 sazculi
2687 4072 2807 4129 illos
2848 4083 3142 4131 aestuantes
3168 4075 3545 4148 conspiciens..

1936 4160 2317 4220 irrevocabiles
2346 4181 2469 4222 esse
2491 4166 2775 4235 judicavit.

2010 4248 2079 4307 Et
2102 4270 2333 4310 reversus
2355 4266 2430 4310 est
2456 4255 2744 4323 Jonathas,
2778 4266 2825 4312 et
2862 4258 3160 4313 convocavit
3184 4258 3412 4314 seniores
3433 4274 3528 4328 po—

1936 4343 2072 4415 puli,
2094 4354 2199 4401 etc.
2226 4346 2382 4415 Quod
2416 4346 2676 4404 Jonathas
2712 4363 2965 4407 reversus
2994 4349 3230 4419 disponit
3258 4349 3529 4407 aediﬁcare

1938 4451 2125 4493 muros
2168 4436 2525 4507 Hierusalem,
2551 4449 2607 4496 et
2637 4440 2863 4499 consilio
2898 4441 3032 4499 inito
3070 4457 3194 4499 cum
3223 4441 3530 4499 senioribus

1937 4531 2143 4601 populi,
2168 4534 2416 4604 praesidia
2442 4536 2765 4591 constrinxit
2806 4535 3153 4609 [construxit]
3198 4544 3254 4591 et
3285 4535 3529 4593 altitudi-

237 4633 507 4691 faciemus
526 4651 655 4692 vero
687 4645 742 4693 et
774 4654 873 4694 nos
910 4638 1070 4703 idem,
1100 4647 1156 4693 et
1182 4646 1371 4693 vestra
1393 4637 1616 4708 propria
1643 4637 1836 4693 simili-
1857 4610 1915 4671 D
1938 4642 2061 4682 Dem
2088 4643 2339 4698 magnam
2376 4629 2518 4684 inlel‘
2557 4630 2791 4686 medium
2824 4631 2968 4687 areis
2995 4638 3051 4686 ει
3082 4630 3340 4698 οίνίωιίεν
3366 4638 3428 4685 ιη
3447 4644 3533 4686 εθ-

240 4732 333 4781 ter
361 4735 417 4782 et
442 4736 626 4783 nostra
655 4731 964 4786 communia
1004 4740 1331 4801 reputamus.
1359 4724 1597 4788 Portitor
1623 4730 1831 4788 littera.-

244 4830 372 4871 rum
421 4815 715 4873 Demotites
751 4820 1006 4888 epistolas
1054 4823 1210 4877 vobis
1250 4818 1427 4877 defert
1464 4820 1835 4893 quadrangulo

243 4906 498 4976 scriptas,
528 4908 863 4980 signaculum
900 4912 1161 4969 habentes
1197 4914 1432 4984 aquilam
1456 4915 1745 4970 draconem
1782 4915 1835 4970 in

243 4997 516 5069 unguibus
540 4998 934 5070 deportantem.
965 5022 983 5054 ι
1001 5003 1243 5073 Epistula
1266 5004 1430 5076 igitur
1447 5020 1477 5058 a
1497 5004 1838 5062 Lacedaemo-

245 5086 461 5141 niorum
489 5104 618 5161 rege.
636 5090 903 5146 destinata
931 5101 1137 5148 textum
1170 5093 1476 5163 huiusmodi
1502 5095 1833 5153 continebat.

321 5176 392 5251 Ιξι
420 5180 617 5236 audivit
640 5182 900 5239 lunai/tas
915 5185 1163 5256 quoniam
1200 5186 1391 5257 egressi
1431 5196 1552 5241 sunt
1580 5186 1837 5257 principes

248 5266 509 5326 Demetrii
546 5288 664 5327 cum
692 5276 920 5331 exercitu
949 5276 1133 5340 multo,
1165 5295 1319 5349 super
1346 5290 1502 5350 quam
1534 5278 1700 5349 prius,
1737 5295 1839 5350 pu-

252 5376 417 5433 gnare
460 5363 706 5421 adversus
744 5382 888 5434 eum,
928 5377 1035 5425 etc.
1068 5368 1334 5437 Quidnam
1391 5369 1662 5442 signiﬁcat
1698 5372 1842 5441 quod

253 5452 518 5519 Jonathas
554 5459 817 5519 adversus
840 5462 1096 5539 Demetrii
1138 5464 1433 5536 principes,
1460 5464 1552 5536 qui
1583 5465 1845 5522 adversus

256 5564 383 5607 eum
411 5552 614 5623 egressi
655 5562 789 5609 sunt.
824 5569 1101 5626 pugnaret
1134 5556 1259 5619 exiit
1299 5556 1356 5610 in
1400 5554 1757 5623 Hierusalem,
1793 5565 1843 5611 et

261 5645 489 5699 occurrit
507 5647 581 5701 eis
606 5645 661 5702 in
682 5647 943 5705 Amathite
969 5648 1207 5718 regione,,
1228 5647 1328 5705 nisi
1360 5647 1505 5719 quod
1531 5664 1685 5704 sacer
1708 5648 1843 5704 ordo

261 5733 544 5792 doctorum
592 5739 847 5797 adversus
879 5748 1253 5812 persecutores
1299 5739 1573 5806 Ecclesice,
1604 5740 1706 5795 hoc
1736 5748 1839 5808 est,

251 5825 493 5917 .Judaeos,
541 5848 776 5908 paganos
817 5846 871 5891 et
920 5836 1221 5905 btereticos,
1279 5850 1490 5911 semper
1516 5842 1738 5908 paratus
1764 5843 1845 5891 est

1941 4728 2158 4791 pararet
2184 4735 2305 4775 eam
2333 4736 2367 4777 a
2392 4721 2610 4779 civitate
2625 4762 2647 4787 ,_
2670 4720 2936 4792 signiﬁcat
2982 4729 3199 4781 sanctos
3248 4714 3527 4788 doctores,

1938 4819 2225 4882 postquam
2256 4810 2555 4868 forinsecus
2596 4812 2750 4870 bellis
2789 4814 2867 4873 ad.
2904 4823 3114 4883 tempus
3142 4812 3391 4882 occupati
3417 4811 3534 4868 fue-

1941 4906 2072 4971 rint,
2115 4906 2260 4961 intus
2298 4908 2366 4962 de
2399 4906 2659 4963 Ecclesia:
2686 4907 2986 4963 munitione
3026 4921 3151 4963 cum
3198 4903 3533 4975 spiritalibus

1941 4996 2075 5053 viris
2103 5004 2337 5054 tractare
2365 5013 2432 5054 ne
2463 4997 2599 5054 forte
2620 5012 2718 5070 per
2738 4999 2922 5056 hostes
2946 4999 3188 5055 internos
3214 4995 3460 5053 laedatur.
3496 5044 3501 5051 .

2015 5090 2084 5146 Hi
2101 5105 2231 5161 ergo
2259 5093 2351 5162 qui
2380 5091 2596 5148 Marche
2633 5092 2755 5163 (sic)
2783 5092 3018 5148 civitatis
3046 5099 3201 5148 erant
3235 5097 3293 5146 et
3314 5088 3532 5145 insidiav

1943 5185 2143 5243 bantur
2178 5184 2385 5242 civibus
2426 5184 2950 5257 Hierosolymitanis,
2977 5184 3291 5257 significant;
3317 5182 3534 5241 haereti-

1946 5279 2203 5349 cos,.qui,
2239 5278 2295 5334 in
2335 5293 2465 5339 arce
2495 5278 2771 5350 superbiai.
2798 5293 2910 5334 suai
2941 5277 3221 5352 collocati,
3254 5290 3534 5347 nunquam

1947 5371 2527 5431 adversusEcolosiatn
2545 5371 3141 5431 macbinsuidesistunt
3164 5388 3178 5424 :
3202 5384 3342 5441 quos
3366 5369 3535 5431 inter-

1946 5464 2115 5523 cludit
2148 5462 2415 5521 .lonathas
2441 5463 2700 5534 mysticus
3010 5462 3293 5532 prasidio,
3329 5468 3393 5521 ut
3423 5460 3551 5517 sint.

1947 5556 2299 5629 singulariter
2330 5564 2386 5612 et
2411 5572 2517 5612 non
2547 5562 2729 5611 emant
2748 5568 2926 5625 neque
2946 5553 3205 5621 vendant.
3227 5565 3534 5611 excommu-

1948 5649 2218 5707 nicatione
2242 5647 2583 5705 validissima.
2603 5645 2673 5704 ab
2693 5645 2946 5707 Ecclesia!
2966 5647 3177 5707 mitam
3188 5643 3405 5715 Ws.
3430 5655 3533 5703 nec

1946 5755 2132 5797 eorum
2163 5748 2322 5796 secta:
2351 5739 2696 5812 recipiantur,
2750 5753 2850 5799 nec
2887 5735 3256 5799 ecclesiastica
3287 5732 3531 5793 doctrina

1946 5831 2072 5902 illis,
2104 5840 2358 5904 tanquam
2388 5829 2755 5906 spurcissimis
2780 5841 2836 5891 et
2855 5828 3005 5890 omni
3023 5828 3270 5888 foeditate
3300 5823 3536 5905 spurcis-
