4028 6460
607 325 746 384 1⁸199

1236 317 1299 374 Β.
1339 314 1595 372 RABANI
1631 312 1854 370 MAURI
1885 311 2203 370 ARCHIEP.
2245 309 2555 370 MOGUNT.
2597 312 2881 371 OPERUM
2917 311 3097 368 PARS
3134 313 3177 368 Ι.

3687 317 3789 373 1900

605 439 760 498 simis
810 436 1011 508 porcis,
1061 433 1128 488 ad
1175 428 1649 486 contaminandum
1689 425 1800 479 ullo
1835 423 1994 478 modo
2046 437 2197 476 com-
2224 428 2277 488 Α
2300 420 2683 476 manifestabit.
2716 421 2903 476 Potest
2929 430 2977 475 et
3001 420 3256 476 Jonathas
3283 419 3588 488 simplicium
3611 422 3686 492 qui
3708 430 3800 481 sunt

606 530 868 586 mittitur.
922 523 1327 582 contradicente
1391 520 1493 573 hoc
1548 519 1721 587 ipsum
1765 524 1819 569 et
1870 514 2190 583 prohibente

604 605 834 676 Domino
857 616 1138 672 Salvatore
1177 614 1231 666 in
1266 610 1574 680 Evangelio,
1602 607 1691 661 ubi
1721 607 1796 659 ait
1821 621 1834 658 :
1865 603 2040 658 Nolite
2067 620 2192 656 san-

601 722 742 766 ctum
769 710 895 763 dare
921 706 1156 768 canibus,
1189 720 1353 774 neque
1397 700 1616 755 mittatis
1656 700 1970 769 margaritas
1996 707 2190 750 vestras

599 811 724 855 ante
765 815 972 869 porcos,
1018 812 1079 849 ne
1121 794 1252 862 forte
1299 790 1601 846 conculcent
1629 807 1718 844 eas
1753 799 1800 842 et
1840 788 2068 841 conversi
2109 787 2190 839 di-

601 903 847 964 rumpunt
884 910 968 946 vos
1000 891 1213 962 (Matth.
1245 888 1345 961 Ix).
1374 887 1552 940 Mutus
1577 903 1708 958 ergo
1747 885 1839 954 qui
1876 884 2074 939 cecidit
2101 898 2190 937 su-

601 1001 704 1056 per
740 990 1034 1038 torrentem
1079 982 1146 1034 ab
1173 988 1295 1036 ortu
1341 979 1490 1042 solis,
1519 993 1678 1046 quem
1707 986 1763 1031 et
1792 976 2061 1044 reparavit
2100 972 2190 1029 Jo-

601 1079 821 1142 nathas,
862 1074 1132 1146 signiﬁcat
1175 1088 1270 1128 eos
1298 1073 1386 1141 qui
1417 1070 1737 1126 videbantur
1757 1069 1809 1122 in
1830 1067 2069 1123 Ecclesia
2099 1066 2193 1120 ali-

603 1184 767 1239 quam
807 1163 1106 1222 custodiam
1162 1163 1340 1234 gregis
1386 1161 1483 1216 sibi
1515 1160 1789 1215 commissi
1829 1173 2047 1230 gerere;
2097 1159 2190 1214 sed

517 1270 520 1272 ’
602 1261 659 1318 in
700 1260 861 1315 rebus
895 1257 1222 1312 transitoriis
1267 1255 1558 1309 innitentes
1594 1263 1754 1322 atque
1775 1252 2053 1307 ambitioni
2093 1267 2191 1307 sm-

601 1352 712 1409 culi
740 1351 1121 1410 deservientes,
1151 1346 1384 1418 prolapsi
1417 1354 1543 1399 sunt
1575 1345 1626 1397 in
1654 1343 2014 1414 voluptatibus
2037 1342 2191 1397 istius

599 1445 750 1507 vitae,
795 1449 851 1497 et
881 1457 911 1494 a
952 1440 1167 1510 proprio
1213 1447 1353 1493 statu
1401 1436 1754 1491 deciderunt:
1789 1449 1923 1503 quos
1969 1447 2190 1488 necesse

603 1545 689 1593 est
709 1546 770 1592 ut
791 1543 1099 1592 sanctorum
1129 1530 1347 1586 solertia
1381 1538 1690 1583 restaurare
1714 1525 2005 1582 contendat
2029 1533 2084 1579 et
2122 1525 2189 1579 ad

600 1630 838 1700 priorem
862 1625 1171 1680 ﬁrmitatem
1193 1621 1577 1676 Ecclesiastico
1607 1619 1855 1690 dogmate
1884 1617 2189 1672 roborando

601 1720 869 1776 deducere
905 1724 1153 1772 conetur.

2296 510 2348 564 in
2378 511 2618 566 Ecclesia
2651 521 2835 582 typum
2873 527 3080 581 gerere,
3122 527 3255 581 quos
3286 511 3514 565 versutia
3551 512 3799 569 callidorum

2293 603 2358 656 ad
2379 611 2587 672 tempus
2609 604 2882 673 captivare
2907 604 3119 657 videtur
3137 618 3257 656 cum
3280 601 3630 670 corporalibus
3647 603 3803 660 damnis

2292 704 2385 745 eos
2410 690 2611 762 afﬂigit,
2638 708 2863 761 quorum
2899 692 2952 746 in
2974 692 3100 746 ﬁdei
3118 693 3344 747 veritate
3368 693 3555 746 anima:
3572 696 3803 763 persisten-

2292 791 2373 838 tes
2397 792 2520 851 post
2540 792 2768 838 mortem
2798 785 2978 838 carnis
3007 784 3060 838 in
3084 784 3255 840 lucem
3281 784 3512 839 evadent
3537 795 3803 853 perpetuam.

2362 875 2516 930 Unde
2553 886 2608 929 et
2646 875 2862 945 plurimi
2903 876 3140 945 ipsorum
3179 884 3301 946 post
3345 877 3546 931 obitum
3590 881 3807 946 prtcsentis

2290 968 2414 1022 vitae
2441 967 2685 1022 victricia
2733 968 2882 1038 signa
2909 969 3063 1038 juxta
3109 983 3204 1022 sua
3248 968 3492 1037 sepulcra
3531 968 3704 1022 habere
3727 984 3806 1022 me-

2291 1070 2516 1116 ruerunt
2545 1062 2687 1116 sicut
2716 1059 2901 1116 Simon
2943 1061 2994 1115 in
3031 1061 3383 1130 sequentibUS
3413 1059 3616 1131 legitur,
3642 1060 3753 1129 patri
3775 1071 3808 1114 et

2291 1155 2453 1210 matri
2485 1164 2540 1211 et
2580 1154 2840 1210 fratribus
2885 1153 3200 1210 memoriale
3242 1155 3294 1208 in
3345 1153 3596 1222 sepulcris
3633 1152 3809 1220 ipsorum

2291 1247 2616 1302 condidisse.
2645 1247 2816 1301 Porro
2847 1246 3040 1312 sancti,
3070 1261 3206 1315 quos
3242 1243 3491 1298 Salvator
3527 1243 3576 1296 in
3612 1241 3809 1310 Simplici-

2292 1346 2405 1393 tate
2448 1339 2766 1394 innocenliat
2791 1354 2902 1393 sua:
2936 1345 3316 1408 permanentes
3342 1334 3606 1390 confortat
3638 1334 3809 1387 dicens:

2294 1425 2474 1482 Nolite
2525 1430 2704 1483 timere
2745 1445 2832 1482 eos
2864 1429 2955 1498 qui
2999 1444 3187 1497 corpus
3217 1427 3485 1487 occidunt,
3526 1433 3578 1478 et
3611 1431 3714 1494 post
3734 1424 3812 1477 hac

2292 1534 2399 1573 non
2423 1519 2621 1573 habent
2650 1519 2790 1589 quod
2816 1519 3020 1574 faciant
3046 1519 3220 1583 vobis,
3243 1518 3334 1572 sed
3367 1517 3537 1587 potius
3565 1533 3669 1570 eum
3692 1517 3813 1570 timete

2290 1612 2403 1681 qui,
2433 1619 2716 1679 postquam
2746 1611 3023 1676 occiderit,
3063 1610 3214 1664 habet
3253 1619 3558 1680 potestatem
3593 1608 3758 1662 mittere
3778 1609 3813 1662 is

2291 1703 2735 1774 gehennam'ignis
2767 1702 2981 1773 (Matii.
3024 1701 3102 1774 Χ),
3134 1711 3189 1756 et
3221 1702 3349 1756 item
3383 1718 3397 1755 :
3429 1699 3575 1753 Beati
3607 1701 3726 1761 estis,
3748 1699 3811 1762 ait,

610 1830 626 1845 ε
671 1810 742 1864 Et
781 1827 899 1864 cum
933 1811 1208 1880 cogitasset
1249 1807 1494 1877 Tryphon
1525 1824 1740 1877 regnare
1777 1807 1938 1874 Asia},
1962 1817 2008 1860 et
2037 1823 2189 1861 assu-
2218 1795 2269 1853 Β
2291 1811 2410 1848 cum
2431 1792 2794 1847 maledixerint
2836 1792 2976 1847 vobis
3021 1792 3254 1845 homines
3293 1802 3340 1844 et
3369 1789 3614 1860 persecuti
3642 1805 3710 1842 vos
3739 1788 3809 1855 fue-

598 1916 740 1955 mere
764 1900 1028 1964 diadema,
1053 1908 1159 1953 etc.
1187 1897 1442 1968 Tryphon
1477 1898 1577 1952 iste
1606 1896 2006 1968 hypocritarum
2029 1906 2191 1967 atque

599 1991 980 2048 haereticorum
1022 1989 1250 2061 ﬁguram
1281 1997 1448 2052 tenet,
1486 1988 1576 2058 qui
1615 1987 1772 2042 aliter
1810 1997 1976 2059 agunt
2001 1988 2190 2043 aliter-

601 2097 709 2154 que
747 2081 1073 2153 loquuntur,
1133 2089 1296 2150 atque
1345 2081 1490 2134 aliud
1540 2079 1836 2133 intentione
1876 2078 2187 2132 moliuntur.

598 2170 800 2226 Contra
843 2168 1052 2244 [quem]
1083 2169 1342 2225 Jonathas
1377 2185 1500 2223 cum
1551 2169 1909 2239 quadraginta
1955 2166 2191 2222 millibus

601 2264 861 2327 occurrit,
914 2263 1038 2333 quia
1089 2271 1277 2318 contra
1332 2262 1465 2316 tales
1511 2260 1818 2331 evangelica
1853 2260 2097 2316 doctrina
2137 2269 2193 2315 et

600 2356 846 2412 custodia
878 2355 1257 2410 mandatorum
1300 2352 1395 2407 Dei
1437 2353 1744 2407 necessaria
1770 2361 1854 2407 est
1886 2370 1898 2404 :
1925 2352 2019 2422 qui
2045 2353 2191 2406 enim

598 2446 892 2504 secundum
933 2447 1209 2517 Evangelii
1241 2447 1558 2501 documenta
1589 2446 1722 2514 legis
1759 2454 2027 2515 praecepta
2071 2460 2190 2501 ser-

601 2536 832 2600 vaverit,
867 2537 1104 2591 hostium
1129 2551 1331 2591 cuneos
1358 2550 1582 2590 securus
1606 2536 1931 2605 penetrabit.

672 2628 780 2684 Sed
821 2630 965 2699 quod
1003 2629 1256 2699 Tryphon
1292 2628 1416 2684 dolo
1445 2629 1714 2697 persuasit
1745 2627 1991 2683 .Ionathaa
2017 2636 2076 2682 ut
2107 2643 2191 2683 re-

595 2719 809 2775 miserit
827 2735 857 2772 a
879 2733 938 2774 se
958 2717 1258 2774 exercitum
1275 2731 1565 2787 secumque
1580 2717 1803 2788 paciﬁce
1821 2717 2125 2788 perceperit
2139 2731 2162 2757 τι
2174 2759 2187 2783 ,

595 2809 784 2880 sicque
825 2824 947 2864 eum
991 2809 1236 2864 delusum
1273 2809 1564 2877 captivavit
1605 2816 1770 2877 atque
1815 2823 1999 2864 secum
2043 2823 2191 2863 com-

595 2911 840 2958 meantes
885 2901 1106 2966 occidit,
1155 2901 1428 2973 signiﬁcat
1468 2917 1657 2958 eorum
1699 2901 1909 2956 ruinam
1951 2901 2040 2970 qui
2066 2901 2192 2971 legi-

589 2996 724 3050 time
775 3009 833 3050 se
869 3010 974 3050 non
1015 2996 1324 3060 observant,
1383 3011 1484 3051 nec
1527 2994 1794 3050 cautelam
1843 2995 1896 3048 in
1957 2994 2189 3049 circum-

593 3088 873 3157 spectione
917 3087 1099 3142 cordis
1130 3094 1184 3141 et
1221 3087 1632 3142 conversatione
1678 3085 1920 3156 corporis
1969 3085 2184 3140 habent.

2292 1888 2395 1940 rint
2421 1895 2470 1940 et
2499 1887 2723 1940 dixerint
2753 1903 2902 1939 omne
2925 1884 3122 1939 malum
3149 1884 3427 1938 adversum
3452 1899 3534 1936 vos
3563 1883 3811 1942 mentientes,

2291 1987 2503 2048 prapter
2527 1993 2608 2030 me
2638 1977 2858 2047 gaudete
2901 1978 2956 2029 in
3003 1975 3097 2028 illa
3132 1975 3216 2040 die
3239 1983 3286 2028 et
3330 1973 3604 2037 exsultate,
3631 1971 3814 2041 quoniam

2291 2083 2483 2121 merces
2506 2077 2674 2121 vestra
2701 2069 2867 2120 multa
2891 2077 2964 2120 est
2990 2066 3046 2119 in
3069 2065 3195 2120 caelo
3220 2063 3440 2137 (Matth.
3466 2065 3552 2135 v);
3579 2074 3627 2118 et
3646 2064 3812 2116 iterum:

2292 2154 2526 2213 Gaudete
2568 2169 2614 2212 et
2657 2159 2935 2220 exsultate,
2970 2159 3163 2227 inquit,
3187 2159 3440 2229 quoniam
3475 2157 3670 2210 nomina
3696 2163 3814 2208 vestra

2291 2250 2486 2320 scripta
2518 2260 2638 2304 sunt
2686 2251 2741 2304 in
2781 2251 2906 2305 caelo
2950 2249 3101 2322 (Luc.
3137 2250 3228 2322 x);
3275 2251 3342 2305 de
3379 2251 3574 2318 quibus
3599 2247 3814 2301 Psalmista

2291 2343 2369 2397 ait
2409 2361 2420 2395 :
2463 2341 2529 2395 In
2575 2344 2825 2395 memoria
2861 2353 3055 2396 a-terna
3101 2343 3198 2395 erit
3241 2341 3465 2410 justus,
3510 2339 3572 2392 ab
3615 2338 3816 2392 auditione

2291 2432 2431 2486 mala
2467 2449 2569 2486 non
2605 2432 2801 2486 timebit
2831 2431 3003 2503 (Psal.
3030 2430 3180 2503 cxx);
3225 2431 3280 2484 hi
3313 2429 3605 2486 secundum
3643 2437 3810 2481 mortem

2290 2521 2463 2592 magis
2494 2520 2672 2575 valere
2715 2529 2770 2573 et
2808 2519 3019 2575 felicius
3049 2519 3231 2574 vivere
3260 2519 3576 2582 creduntur,
3606 2531 3709 2570 cum
3740 2516 3814 2582 ipse

2291 2614 2406 2670 Rex
2450 2623 2505 2668 et
2547 2613 2808 2668 Dominus
2853 2626 3062 2675 eorum,
3103 2609 3264 2666 Jesus
3304 2609 3555 2664 videlicet
3599 2606 3810 2667 Christus,

2301 2705 2602 2775 triumphos
2622 2719 2810 2758 eorum
2842 2702 3010 2771 signis
3033 2710 3088 2756 et
3108 2700 3392 2756 miraculis
3413 2695 3768 2755 coruscantibus
3781 2695 3813 2746 in

2293 2804 2407 2850 toto
2435 2796 2566 2850 orbe
2603 2795 2881 2850 declarare
2909 2794 3272 2865 cognoscitur,
3314 2794 3392 2846 ita
3425 2801 3484 2845 ut
3504 2789 3644 2860 juxta
3671 2801 3814 2842 memo-

2296 2889 2432 2942 riam
2467 2887 2816 2956 reliquiarum
2839 2887 3080 2957 ipsorum
3107 2885 3267 2940 cmcis
3293 2884 3564 2939 tribuatur
3579 2883 3719 2942 visus,
3739 2891 3816 2931 sur-

2290 2978 2374 3033 dis
2401 2978 2633 3042 auditus,
2661 2978 2866 3033 claudis
2896 2993 3115 3050 gressus
3134 2986 3191 3033 et
3208 2978 3378 3032 mutis
3402 2975 3684 3046 loquelam;
3707 2986 3815 3027 arca-

2290 3069 2376 3124 nis
2413 3069 2822 3141 aagritudinibus
2847 3085 2988 3143 cura
3007 3070 3240 3126 salubris
3268 3085 3371 3139 per
3401 3085 3584 3125 eorum
3609 3067 3814 3122 orationes

593 3179 661 3235 Hi
690 3181 834 3235 enim
857 3181 983 3251 quia
1009 3179 1284 3250 Evangelii
1321 3179 1465 3233 illam
1496 3179 1797 3233 doctrinam
1823 3193 1932 3232 non
1961 3177 2189 3232 attendit
2215 3169 2260 3232 C
2291 3175 2594 3237 praestetur.
2619 3175 2675 3220 et
2700 3183 2730 3220 c
2751 3169 3027 3222 contrario
3056 3166 3257 3221 ibidem
3282 3165 3524 3236 perversi
3549 3178 3608 3218 ac
3626 3158 3812 3251 malitiosi

591 3273 686 3331 ubi
708 3272 959 3328 Salvator
979 3272 1258 3342 discipulis
1285 3273 1396 3327 suis
1420 3273 1677 3342 praecepit
1708 3272 1930 3326 dicens:
1964 3269 2189 3341 Vigilate

589 3376 640 3420 et
672 3376 837 3430 orate,
871 3374 926 3418 ut
968 3382 1072 3419 non
1120 3365 1322 3420 intretis
1357 3365 1413 3418 in
1457 3366 1794 3418 tentationem
1843 3363 2055 3436 (Matth.
2091 3363 2186 3435 1|);

590 3465 648 3510 et
673 3456 836 3510 item:
866 3455 1149 3519 Attendite,
1202 3455 1399 3526 inquit,
1445 3455 1585 3509 vobis
1635 3474 1668 3509 α
1716 3455 1865 3525 falsis
1903 3456 2186 3527 prophetis,

585 3551 678 3620 qui
709 3549 919 3603 veniunt
960 3550 1028 3607 ad
1059 3567 1143 3604 vos
1190 3551 1249 3604 in
1291 3551 1608 3605 vestimentis
1653 3552 1849 3616 ovium,
1879 3550 2188 3604 intrinsecus

590 3648 766 3694 autem
813 3650 933 3693 sunt
980 3639 1090 3710 lupi
1139 3658 1352 3712 rapaces
1400 3641 1614 3712 (Matth.
1661 3641 1792 3714 vn);
1834 3641 2027 3695 merito
2059 3655 2187 3710 ergo

589 3730 784 3785 horum
815 3741 1101 3801 superatur
1137 3741 1299 3803 atque
1342 3733 1674 3787 interimitur
1715 3734 2010 3796 exercitus,
2059 3734 2184 3801 quia

589 3821 892 3893 magisterii
943 3821 1180 3877 cmlestis
1225 3823 1469 3878 doctrina
1513 3824 1582 3877 ab
1621 3823 1727 3878 illis
1766 3838 1874 3878 non
1922 3823 2186 3894 condigne

589 3922 858 3968 servatur.
899 3912 1070 3968 Porro
1111 3913 1229 3968 loco
1271 3911 1516 3969 Jonatha:
1544 3913 1729 3968 Simon
1755 3913 1923 3968 frater
1950 3914 2066 3983 ejus
2101 3931 2184 3969 sa-

589 4002 833 4057 cerdotio
875 4000 1138 4072 fungitur,
1186 4011 1242 4056 et
1284 4002 1465 4072 populi
1492 4003 1746 4057 ducatum
1778 4005 1938 4074 gerit,
1977 4020 2096 4057 cum
2127 4005 2181 4059 in

588 4093 842 4164 praesenti
873 4093 1136 4158 Ecclesia,
1162 4093 1281 4148 aliis
1310 4093 1687 4148 recedentibus
1731 4094 1818 4147 alii
1851 4095 2182 4150 substituun-

590 4192 680 4238 tur
704 4183 796 4253 qui
821 4183 997 4238 lOcum
1023 4183 1301 4254 regiminis
1324 4191 1542 4237 teneant
1569 4193 1624 4238 et
1653 4184 1706 4238 in
1736 4185 1930 4240 castris
1955 4187 2178 4256 spirita-

587 4269 731 4326 libus
761 4271 959 4327 milites
995 4270 1196 4327 Christi
1237 4272 1423 4336 sedulo
1449 4283 1759 4350 exerceant,
1789 4285 2055 4345 quatenus
2083 4277 2181 4332 ho-

585 4365 760 4420 stibus
808 4365 1077 4419 universis
1135 4365 1260 4420 belli
1311 4367 1529 4437 gerendi
1579 4377 1879 4438 opportune
1925 4369 2179 4425 resistere

2292 3273 2322 3311 a
2345 3257 2634 3312 Demetriis
2665 3256 2990 3328 [dmmoniis]
3038 3257 3388 3322 invadantur,
3425 3255 3657 3326 ﬁagitiosi
3693 3259 3736 3304 et
3759 3250 3812 3302 ir.-

2291 3349 2496 3404 creduli
2525 3350 2816 3420 puniantur
2843 3350 3053 3421 ipsique
3084 3351 3361 3406 daemones
3388 3348 3576 3404 validis
3600 3343 3810 3399 tormentis

2282 3439 2440 3512 juxta
2469 3441 2522 3496 id
2553 3440 2695 3510 quod
2721 3440 2898 3510 palam
2927 3441 3190 3512 rugiendo
3210 3441 3458 3510 profiteri
3488 3449 3732 3510 coguntur,
3751 3449 3811 3488 e1-

2290 3533 2625 3588 cruciantur.

2875 3601 3105 3660 CAPUT
3159 3603 3295 3658 Xlll’.

2289 3716 2475 3772 Simon
2507 3735 2600 3784 pro
2627 3720 2790 3789 fratre
2816 3737 2910 3774 suo
2940 3719 3051 3772 dua:
3091 3719 3435 3789 constituitur
3462 3732 3480 3771 :
3508 3716 3649 3789 mittit
3676 3728 3806 3789 arges-

2358 3797 2468 3860 tum
2507 3781 2556 3842 et
2583 3781 2714 3845 duos
2740 3790 2880 3860 ﬁlios
2915 3789 3158 3860 Ionathw
3187 3787 3474 3860 Tryphoni.
3503 3787 3570 3860 Dr
3589 3793 3716 3860 ηιοζιι
3738 3781 3804 3860 ιῖῼῖ

2358 3859 2532 3929 natha’
2559 3871 2603 3914 et
2631 3853 2861 3929 filiorum
2883 3860 3016 3926 eius.
3048 3858 3124 3912 De
3150 3853 3381 3928 aedificio
3404 3857 3632 3929 sepulcri.
3659 3853 3803 3929 Occidit

2360 3927 2601 3998 Tryphon
2631 3927 2810 3985 dolose
2836 3930 3148 3998 Antiochum
3195 3927 3590 3989 adolescentem,
3616 3936 3656 3980 et
3684 3927 3800 3989 impo~

2356 3997 2472 4052 suit
2490 4000 2587 4054 sibi
2609 4001 2852 4055 diadema
2878 4001 3040 4054 Avite.
3072 3997 3354 4054 Constituit
3385 3999 3659 4054 Demetrius
3676 4006 3801 4064 pacem

2357 4086 2476 4122 cum
2511 4069 2744 4136 Simone,
2768 4080 2874 4126 etc.

2353 4180 2421 4235 Et
2452 4182 2651 4236 audivit
2684 4182 2866 4237 Simon
2899 4184 3036 4256 quod
3077 4185 3407 4254 congregavit
3449 4182 3666 4252 Tryphon
3697 4191 3799 4230 mr-

2281 4271 2442 4325 citum
2487 4273 2755 4342 copiosum
2799 4283 2855 4328 ut
2890 4277 3082 4328 veniret
3113 4277 3166 4329 in
3200 4285 3396 4329 terram
3443 4274 3602 4336 Juda,
3636 4280 3718 4324 etc.
3754 4263 3800 4317 El

2281 4364 2559 4433 wdiﬁcavit
2594 4365 2778 4421 Simon
2814 4384 2971 4438 super
3001 4368 3298 4439 sepulcrum
3327 4369 3492 4438 patris
3517 4367 3610 4430 sui,
3636 4372 3718 4417 etc.
3740 4358 3797 4411 Si-

585 4455 817 4512 valeant.
851 4456 956 4511 Sed
985 4455 1239 4526 Tryphon
1265 4458 1473 4528 typicus
1493 4459 1655 4514 simili
1678 4459 1839 4514 modo
1865 4475 2174 4516 sermonum
2281 4470 2405 4510 mon
2442 4456 2603 4525 patri,
2635 4465 2690 4510 et
2719 4459 2901 4523 matri,
2947 4466 3004 4513 et
3047 4458 3324 4522 fratribus,
3376 4474 3443 4512 ex
3489 4456 3646 4526 lapide
3681 4448 3798 4521 polito

587 4547 892 4604 fictionibus
929 4547 1064 4603 tales
1095 4548 1336 4621 [talibus]
1384 4559 1443 4604 ut
1490 4549 1713 4606 fratrem
1750 4550 1866 4620 ejus
1903 4552 2174 4608 deluserat
2199 4530 2253 4589 D
2279 4547 2597 4602 memoriam
2626 4563 2788 4618 super
2820 4548 3065 4620 sepulcra
3094 4547 3348 4615 fabricat,
3379 4565 3499 4602 cum
3525 4545 3673 4602 sancti
3697 4554 3794 4611 pne-

584 4639 835 4708 tlecipere
875 4649 1121 4706 conatur,
1167 4641 1292 4710 quia
1339 4657 1610 4712 nunquam
1657 4644 1910 4714 antiquus
1952 4643 2170 4718 [hostis]

583 4745 683 4808 per
709 4745 766 4784 se
792 4744 1025 4800 suosque
1067 4729 1346 4789 ministros
1380 4730 1676 4787 cultoribus
1702 4730 1902 4787 Christi
1947 4733 2173 4790 insidias

584 4820 868 4890 disponere
896 4828 1104 4885 cessat;
1138 4821 1230 4875 sed
1256 4821 1349 4890 qui
1377 4819 1634 4885 Simonis,
1664 4823 1766 4877 hoc
1795 4833 1896 4889 est,
1924 4824 2174 4880 obedien-

581 4910 654 4968 tis
680 4920 733 4965 et
757 4910 955 4965 divinis
978 4911 1259 4980 prmeeptis
1283 4911 1386 4966 rite
1416 4911 1860 4982 obtemperantis,
1886 4915 2044 4985 digne
2073 4931 2168 4986 ge-

489 5059 496 5066 ,
582 5004 654 5058 rit
675 5002 930 5069 ollicium,
964 5004 1337 5058 universorum
1387 5003 1646 5069 hostium,
1695 5020 1928 5075 superno
1956 5005 2170 5074 adjutus

583 5094 806 5156 auxilio,
832 5101 1008 5163 potest
1038 5093 1276 5147 devitarc
1307 5079 1639 5148 scandalum.

654 5185 908 5254 Tryphon
934 5200 1063 5240 vero
1085 5185 1243 5240 simul
1271 5201 1392 5240 cum
1414 5184 1646 5241 Jonatha
1677 5187 1814 5242 ﬁlios
1841 5188 2002 5254 illius,
2033 5204 2169 5259 quos

541 5263 553 5295 ί
581 5272 798 5326 obsi«.'.es
819 5275 1044 5343 accepit,
1073 5275 1296 5341 occidit,
1326 5275 1450 5332 licet
1475 5292 1568 5332 eos
1590 5279 1899 5346 promiserit
1921 5281 2171 5336 similiter

583 5377 706 5422 cum
727 5370 880 5430 patre
917 5366 1228 5438 servandos,
1256 5366 1383 5435 quia
1417 5367 1670 5438 antiquus
1704 5370 1874 5426 hostis
1899 5386 2169 5441 quoscun-

566 5467 688 5530 1que
729 5452 1032 5508 setlucendo
1071 5455 1126 5510 in
1167 5458 1374 5526 peccati
1422 5469 1649 5514 mortem
1689 5461 1932 5530 impellit.
1962 5461 2165 5517 Horum

566 5525 826 5619 iprofecto
854 5543 1011 5611 ﬁlios,
1039 5546 1142 5604 hoc
1165 5525 1249 5604 est
1265 5566 1450 5621 Opera,
1479 5549 1605 5607 licet
1624 5525 1782 5610 antea
1805 5571 1992 5626 pacem
2014 5555 2171 5613 blan-

566 5637 778 5694 idiendo
819 5635 1172 5705 simulaverit,
1214 5640 1268 5694 in
1315 5641 1421 5698 ﬁne
1465 5652 1670 5700 aeterno
1715 5646 1958 5702 cruciatu
2009 5648 2169 5718 digna

660 5761 686 5808 β
717 5745 809 5805 Sic
842 5763 947 5808 ms.
966 5745 1132 5808 Forte
1161 5751 1354 5820 venerit

2276 4641 2544 4696 dicatores
2575 4641 2716 4696 facta
2745 4643 3165 4714 praecedentium
3203 4651 3420 4713 patrum
3467 4656 3528 4696 ac
3562 4640 3698 4694 finem
3719 4632 3794 4704 glo-

2276 4733 2500 4797 riosum,
2526 4734 2596 4789 ad
2632 4734 2938 4805 exemplum
2974 4734 3332 4804 praesentibus
3369 4726 3790 4790 commemorando.

2274 4838 2466 4894 magna
2497 4825 2822 4881 auctoritate
2862 4827 3153 4882 ostendunt
3183 4845 3196 4880 :
3229 4828 3334 4882 hoc
3357 4827 3501 4882 enim
3537 4833 3647 4878 ante
3675 4827 3716 4874 et
3738 4830 3793 4868 re-

2272 4933 2358 4978 tro
2386 4921 2616 4992 lapidem
2661 4921 2886 4992 politum
2928 4937 3152 4992 ponere,
3181 4933 3240 4977 ut
3283 4922 3511 4992 qualiter
3532 4928 3642 4973 ante
3675 4915 3790 4969 ﬁnem

2273 5012 2399 5066 vita:
2440 5027 2537 5082 pro
2565 5012 2816 5083 dogmate
2843 5021 2896 5067 et
2922 5022 3110 5067 sancta
3149 5013 3551 5069 conversatione
3579 5009 3788 5062 vixenml.

2273 5112 2330 5158 et
2354 5101 2510 5172 quale
2531 5103 2834 5172 exemplum
2868 5104 3142 5171 patientia:
3167 5102 3578 5174 longanimitatis
3600 5113 3690 5154 sua:
3704 5097 3788 5164 post

2273 5190 2478 5247 obitum
2527 5191 2759 5260 posteris
2801 5191 3158 5260 reliquerunt,
3205 5191 3482 5248 manifeste
3522 5181 3786 5243 auditoribus

2272 5282 2386 5335 suis
2411 5281 2664 5347 studeant
2694 5280 2796 5346 fida
2822 5283 3139 5348 narratione
3164 5283 3456 5338 declarare.
3484 5279 3620 5348 Quod
3651 5283 3783 5330 autem

2274 5374 2446 5427 sancti
2489 5373 2592 5427 viri
2635 5374 2805 5442 patris
2851 5389 2914 5429 ac
2952 5376 3143 5429 matris
3184 5385 3342 5446 atque
3379 5375 3589 5428 fratrum
3623 5364 3784 5423 nomine

2275 5473 2673 5534 nuncupentur,
2698 5465 2936 5520 ostendit
2959 5463 3208 5522 Salvator
3229 5467 3288 5520 in
3316 5464 3588 5535 Evangelia
3612 5459 3780 5515 dicens:

2279 5555 2587 5626 Quicunque
2613 5555 2793 5625 fecerit
2824 5556 3140 5613 voluntatem
3183 5555 3360 5612 Patris
3397 5557 3508 5620 mei,
3546 5553 3626 5625 qui
3646 5551 3690 5603 in
3707 5557 3778 5598 ott-

2276 5645 2342 5700 lis
2362 5655 2459 5713 est,
2502 5646 2610 5718 ipse
2653 5662 2800 5702 meus
2843 5647 3026 5723 frater,
3070 5665 3220 5703 soror
3248 5657 3297 5704 et
3331 5657 3492 5703 mater
3527 5630 3774 5711 (διασπά-

2287 5893 2295 5921 ᾖ
2343 5893 2347 5899 ‘
2425 5895 2428 5908 ῖ
