4028 6464
244 433 377 491 ηοι

957 426 1308 487 COMMENT.
1347 427 1416 484 ΙΝ
1462 428 1712 488 LIBROS
1751 424 2331 486 MACHABAIORUM.
2370 411 2442 466 4-
2475 422 2542 479 ΙΝ
2580 422 2708 478 LIB.
2752 421 2792 478 i.

3367 422 3512 486 nos

240 557 360 618 xu).
408 542 544 600 Hinc
577 540 848 613 apostolus
884 539 1083 597 Paulus
1128 542 1196 597 ad
1239 540 1550 597 Corinthios
1581 541 1824 598 scribens
1850 542 1905 604 Α
1929 547 2091 608 atque
2115 535 2392 593 duritiam.
2414 533 2694 592 Construit
2721 550 2852 610 ergo
2885 535 3165 594 machinas
3201 536 3398 596 multas
3422 537 3515 599 Si-

241 637 318 692 ait
347 634 398 709 (1
428 634 551 692 Car.
586 635 662 707 iv)
693 653 707 690 :
744 633 887 689 Nam
917 636 965 690 si
1017 634 1184 689 lecem
1211 633 1378 689 millia
1417 635 1820 706 paedagogorum

239 727 472 782 habeatis
514 727 568 780 in
613 723 843 790 Christo,
870 723 959 779 sed
1007 741 1110 779 non
1151 713 1344 778 multos
1378 735 1550 794 patres
1574 740 1593 778 :
1622 741 1742 778 nam
1768 724 1822 778 in

241 815 449 872 Christo
489 815 619 870 Jesu
666 832 758 886 per
799 811 1140 885 Evangebium
1183 830 1276 884 ego
1326 831 1412 868 vos
1460 814 1644 884 genui;
1676 822 1725 869 et
1758 815 1825 870 de

242 907 524 964 Timotheo
545 907 611 962 ad
650 906 1018 978 Philippenses
1041 906 1118 961 ait
1146 924 1159 959 :
1192 904 1620 977 Experimentum
1651 914 1823 959 autem

240 1000 354 1070 ejus
389 998 678 1070 cognoscite
700 998 948 1070 quoniam
972 997 1270 1068 sicut-patri
1305 1013 1503 1051 mecum
1529 996 1735 1052 servivit
1768 997 1825 1050 in

243 1089 545 1161 Evangelia.

315 1183 513 1238 Statuit
558 1191 605 1238 et
653 1181 835 1239 Simon
874 1191 1066 1254 septem
1098 1183 1422 1254 pyramidas,
1455 1199 1617 1236 unam
1644 1190 1824 1237 contra

241 1291 404 1330 unam
435 1275 574 1345 patri
605 1284 652 1330 et
691 1277 849 1329 matri
894 1290 957 1329 ac
981 1285 1207 1346 quatuor
1246 1274 1520 1345 fratribus,
1558 1289 1681 1328 cum
1728 1273 1825 1328 do-

241 1373 361 1420 ctor
407 1365 629 1435 quilibet.
678 1364 906 1436 qualiter
945 1365 1236 1435 unicuique
1284 1379 1529 1437 persona:
1581 1364 1824 1434 priorum

241 1455 418 1510 Patris
451 1455 686 1529 [patrum
714 1457 810 1530 (1')]
855 1457 942 1512 lux
985 1457 1280 1528 sapientiae,
1310 1473 1429 1528 quze
1456 1473 1553 1528 per
1577 1455 1826 1526 septifor-

240 1561 385 1601 mem
416 1545 670 1616 Spiritum
702 1547 946 1604 ﬁdelibus
973 1549 1249 1614 tribuitur,
1280 1549 1476 1606 collata
1502 1549 1572 1604 sit
1601 1548 1826 1602 demon-

239 1646 397 1695 stret.
433 1639 500 1692 Et
527 1641 894 1711 circumposuit
921 1641 1002 1694 his
1042 1639 1310 1694 columnas
1351 1637 1421 1712 [et
1451 1655 1610 1709 super
1631 1636 1828 1692 colum-

242 1729 362 1804 nas]
391 1748 540 1786 arma
566 1732 634 1786 ad
661 1732 965 1786 memoriam
1004 1741 1272 1796 wternam,
1301 1745 1423 1784 cum
1457 1729 1826 1784 infirmitatem

239 1831 297 1878 et
326 1823 700 1878 rectitudinem
732 1823 854 1878 ﬁdei
880 1837 1091 1887 eorum,
1124 1830 1179 1878 et
1208 1822 1262 1876 in
1292 1822 1405 1892 ipsa
1428 1820 1532 1876 ﬁde
1559 1821 1829 1891 quomodo

1924 645 2048 685 mon
2080 629 2338 684 adversus
2362 627 2588 693 Gazam,
2617 643 2741 683 cum
2782 628 3032 684 doctores
3074 629 3250 686 sancti
3273 630 3518 691 diversus

1925 722 2148 791 spiritus
2189 720 2498 791 dogmatum
2550 721 2618 774 ad
2659 720 2950 790 capiendas
2989 722 3229 792 gentium
3268 725 3500 780 munitio

1926 829 2023 870 nes
2062 811 2386 876 conferunt,
2436 820 2701 880 quatenus
2753 826 2848 866 eos
2894 812 3131 881 praedam
3182 813 3519 870 salutiferam

1926 905 2138 961 Domini
2163 905 2306 976 regis
2339 903 2447 969 sui,
2473 901 2600 958 .lcsu
2626 904 2886 970 videlicet
2917 903 3135 969 Christi,
3170 907 3438 978 redigant.
3464 909 3523 963 In

1925 1011 2033 1067 quo
2075 995 2340 1065 percussit
2381 1003 2582 1048 turrem
2630 1011 2792 1049 unam
2837 1003 2892 1050 et
2929 996 3363 1066 comprehendit,
3397 1013 3521 1052 cum

1926 1087 2229 1158 superbiam
2259 1085 2534 1156 gentilium
2565 1087 2757 1141 stravit
2791 1101 3087 1158 eorumque
3111 1089 3275 1144 corda
3311 1089 3364 1144 in
3388 1093 3520 1146 obe-

1926 1178 2180 1234 dientiam
2208 1177 2478 1248 Evangelii
2507 1177 2747 1232 adduxit.

1996 1267 2098 1336 Qui
2125 1275 2322 1333 autem,
2341 1268 2431 1337 qui
2457 1276 2635 1333 erant,
2665 1277 2719 1323 et
2739 1267 2831 1339 qui
2851 1276 2977 1323 sunt
3007 1268 3080 1323 illi
3106 1270 3199 1341 qui
3227 1285 3352 1325 cum
3384 1286 3517 1326 uxo-

1926 1359 2078 1414 ribus
2105 1369 2158 1414 et
2189 1358 2314 1414 ﬁliis
2337 1373 2500 1428 supra
2530 1375 2742 1414 murum
2785 1359 2976 1414 scissis
3015 1360 3215 1416 tunicis
3260 1362 3526 1416 ascende-

1927 1461 2055 1507 runt
2077 1461 2178 1506 eta
2207 1451 2428 1508 Simone
2457 1453 2676 1507 dextras
2701 1452 2802 1508 sibi
2824 1453 3392 1524 dariipostulaverunt,
3421 1452 3526 1509 nisi

1929 1544 2003 1600 illi
2043 1544 2132 1615 qui
2173 1543 2622 1600 sollicitudinibus
2649 1554 2704 1599 et
2734 1545 3122 1614 cupiditatibus
3153 1547 3312 1617 hujus
3340 1548 3527 1602 mundi

1929 1639 2132 1694 divitiis
2171 1639 2438 1709 impliciti,
2488 1640 2830 1708 postmodum
2881 1641 3148 1702 conversi,
3206 1657 3313 1697 non
3357 1641 3526 1696 vesti-

1929 1738 2112 1785 menta
2134 1747 2256 1795 sua,
2287 1731 2380 1785 sed
2413 1731 2576 1786 corda
2621 1745 2718 1799 per
2766 1731 3141 1800 paenitentiam
3192 1732 3526 1797 scindentes,

1931 1823 2150 1878 dextras
2174 1821 2632 1877 reconciliationis
2658 1831 2712 1876 et
2743 1822 3019 1876 societatis
3055 1823 3123 1876 ab
3147 1822 3532 1877 ecclesiasticis

239 1915 410 1970 armis
455 1915 786 1986 spiritalibus
825 1923 1012 1970 contra
1059 1914 1240 1970 hostes
1278 1913 1654 1984 pugnaverint,
1707 1911 1834 1966 insi-
1862 1915 1911 1976 B
1938 1915 2042 1970 sibi
2085 1915 2198 1970 dari
2235 1923 2534 1985 expetunt:
2566 1929 2796 1984 quorum
2837 1915 3083 1984 petitioni
3110 1916 3414 1971 miserando
3442 1915 3533 1970 Si-

239 2016 392 2063 nuat.

315 2099 383 2154 Et
417 2100 573 2170 juxta
608 2116 759 2154 arma
800 2116 954 2155 naves
995 2098 1248 2170 scalptas,
1276 2116 1392 2171 quae
1437 2098 1728 2154 viderentur
1761 2097 1826 2152 ab

239 2191 480 2247 omnibus
510 2192 872 2262 navigantibus
905 2209 1068 2248 mare.
1092 2192 1228 2260 Quia
1267 2193 1498 2264 qualiter
1522 2193 1830 2264 praeceden-

237 2290 325 2338 tes
341 2282 472 2353 justi
504 2285 785 2353 praesentis
805 2285 930 2340 vita:
955 2285 1176 2357 pelagus
1206 2285 1420 2352 navigio
1457 2287 1636 2341 crucis
1667 2285 1828 2342 Chri-

239 2375 313 2431 sti
340 2377 652 2432 transierint
679 2377 731 2432 in
769 2378 951 2432 mundi
982 2378 1139 2433 istius
1168 2378 1418 2434 fluetibus
1439 2378 1829 2446 laborantibus,

240 2467 311 2523 ad
342 2484 490 2537 spem
511 2469 684 2525 solatii
715 2471 974 2541 ipsorum,
1013 2472 1254 2527 docendo
1284 2471 1625 2536 conﬁrmant,
1662 2480 1720 2525 ut
1743 2485 1832 2526 co-

241 2567 506 2630 gnoscant
533 2561 674 2614 sicut
713 2562 929 2631 quando
972 2559 1138 2633 [quod
1166 2562 1323 2630 sicut}
1372 2561 1476 2616 illis
1515 2563 1832 2633 praedictum

241 2649 517 2722 navigium
541 2650 830 2706 salubriter
853 2647 1080 2707 contulit
1118 2651 1270 2707 littus
1293 2653 1506 2721 quietis,
1554 2653 1625 2707 ita
1657 2661 1705 2707 et
1731 2651 1835 2707 sibi

240 2741 533 2798 credulitas
571 2744 836 2814 passionis
871 2743 1074 2800 Christi
1120 2752 1174 2798 et
1211 2752 1407 2799 nostrae
1451 2745 1836 2814 redemptionis

242 2835 303 2890 in
335 2835 467 2904 ipsa,
516 2835 560 2890 si
610 2837 874 2907 condigna
901 2838 1076 2891 eidem
1099 2837 1404 2892 credulitati
1446 2845 1501 2890 et
1541 2851 1701 2905 opera
1741 2837 1836 2891 ha-

243 2925 376 2982 bere
403 2925 590 2991 velint,
619 2936 833 2996 portum
860 2927 1050 2982 salutis
1077 2938 1293 2982 aeternae
1323 2926 1566 2982 conferat

320 3015 564 3088 Tryphon
593 3028 766 3072 autem
793 3033 913 3070 cum
941 3019 1041 3071 iter
1075 3016 1266 3086 faceret
1295 3033 1412 3070 cum
1443 3015 1699 3070 Antiocho
1721 3031 1838 3086 rege

245 3108 590 3174 adolescente,
617 3108 737 3163 dolo
781 3109 970 3162 occidit
1008 3125 1149 3174 eum,
1177 3117 1284 3164 etc.
1313 3108 1390 3162 De
1419 3107 1522 3162 hoc
1551 3107 1839 3177 Pompeius

247 3199 322 3254 ita
350 3197 518 3254 refert
556 3217 568 3252 :
614 3199 751 3253 Dum
780 3199 895 3254 haec
925 3207 1156 3270 aguntur
1202 3198 1418 3253 interim
1448 3198 1502 3252 in
1526 3196 1698 3268 Syria:
1723 3212 1838 3266 par-

1929 2028 2055 2068 mon
2090 2011 2348 2082 spiritalis
2399 2011 2745 2066 consentiens
2788 2026 2896 2065 non
2943 2011 3306 2066 anathematis
3349 2010 3528 2082 gladio

1929 2119 2025 2160 eos
2057 2102 2315 2174 percutit,
2360 2103 2454 2156 sed
2495 2102 2563 2157 de
2605 2102 2992 2172 superstitione
3041 2101 3360 2172 gentilitatis
3405 2102 3536 2156 edu-

1931 2211 2080 2262 cens,
2095 2210 2310 2250 errores
2335 2209 2522 2249 eorum
2546 2193 2908 2249 abscindenth
2931 2194 3148 2257 amovit,
3168 2202 3434 2264 quatenus
3447 2193 3535 2247 lia-

1933 2287 2258 2344 bitationem
2283 2286 2608 2356 condignam
2624 2285 2677 2338 in
2704 2299 2890 2340 eorum
2912 2285 3286 2356 peccatoribus
3305 2283 3538 2338 Domino

1933 2377 2152 2433 Christo
2172 2382 2456 2446 praeparet.
2497 2373 2804 2444 Eruperant
2838 2374 2977 2426 intra
3000 2373 3301 2426 machinam
3326 2373 3380 2427 in
3403 2372 3537 2426 civi-

1935 2479 2114 2524 tatem.
2131 2469 2265 2536 Quia
2290 2465 2574 2522 insolentia
2591 2467 2944 2520 barbarorum
2967 2465 3096 2520 licet
3111 2465 3342 2519 evadere
3358 2464 3540 2519 Evan-

1937 2563 2132 2634 gelium
2175 2568 2322 2615 recte
2361 2559 2657 2629 quaesierit,
2699 2567 2878 2612 tamen
2912 2555 3164 2612 veridicis
3207 2552 3539 2610 testimoniis

1935 2653 2068 2725 legis
2101 2653 2192 2708 Dei
2215 2650 2582 2719 circumligata
2613 2659 2774 2718 atque
2801 2663 3109 2718 compressa
3141 2654 3243 2701 est.

2011 2744 2077 2798 Et
2105 2744 2278 2813 factus
2305 2751 2378 2796 est
2413 2751 2584 2794 motus
2625 2756 2848 2810 magnus
2872 2740 2926 2793 in
2969 2739 3196 2793 civitate.
3226 2738 3362 2792 Cum
3389 2725 3554 2792 totus‘

1939 2839 2171 2896 mundus
2227 2852 2525 2893 concussus
2590 2844 2675 2890 est
2732 2834 3040 2905 evangelica
3097 2835 3482 2904 priedicatione
3522 2850 3536 2862 ·

1938 2940 2108 2984 motus
2141 2929 2285 2984 enim
2336 2943 2559 2996 magnus
2608 2925 2777 2994 factus
2829 2934 2901 2978 est
2948 2925 3004 2978 in
3051 2925 3280 2986 civitate,
3327 2921 3544 2992 quando

1941 3023 2178 3094 gentium
2208 3020 2398 3076 feritas
2435 3019 2666 3074 excitata
2705 3024 2788 3071 est
2817 3017 2884 3071 ad
2932 3016 3368 3086 persequendum
3408 3029 3542 3070 oon-

1943 3114 2182 3169 fessores
2210 3110 2434 3174 Christi,
2467 3118 2528 3162 ut
2566 3108 2680 3163 veri
2725 3105 3100 3162 efﬁciebantur
3147 3113 3417 3175 martyres
3452 3104 3544 3174 qui

1941 3205 2064 3260 ﬁdei
2097 3220 2161 3259 ac
2185 3203 2450 3274 dogmatis
2485 3200 2688 3258 Christi
2725 3201 2818 3255 ﬁdi
2867 3209 3025 3256 erant
3066 3209 3392 3254 assertores.

249 3291 413 3358 tibus,
440 3293 718 3363 Tryphon,
746 3293 838 3361 qui
868 3307 926 3348 se
969 3301 1203 3348 tutorem
1238 3290 1543 3358 Antiochio,
1580 3293 1836 3349 Demetrii
1865 3276 1912 3339 (ἶ
2017 3298 2085 3352 Et
2110 3308 2232 3351 tunc
2260 3296 2472 3350 intravit
2497 3295 2553 3350 in
2591 3312 2652 3348 ea
2683 3310 2801 3348 cum
2832 3293 3038 3364 hymnis
3067 3291 3352 3346 Dominum
3389 3289 3543 3344 bene-

247 3385 515 3455 privigno,
549 3386 802 3440 substitui
840 3401 871 3439 a
897 3365 1092 3456 pupulo
1121 3385 1484 3451 laboraverat,
1515 3387 1698 3442 occiso
1745 3403 1844 3457 pu-

247 3477 401 3547 pillo,
423 3478 661 3548 regimen
685 3475 856 3549 Syria:
875 3476 1112 3532 invadit:
1136 3493 1244 3548 quo
1264 3477 1352 3531 diu
1375 3477 1577 3547 potitus
1600 3477 1840 3543 tandem,

253 3568 592 3626 exolescente
640 3569 822 3626 favore
867 3571 1101 3626 recentis
1147 3571 1394 3641 imperii,
1445 3571 1513 3626 ab
1553 3569 1840 3626 Antiocho!

250 3676 421 3735 puero
458 3663 776 3731 admodum,
826 3663 1083 3719 Demetrii
1126 3663 1314 3727 fratre,
1348 3663 1440 3732 qui
1471 3662 1526 3717 in
1555 3662 1685 3717 Asia
1714 3662 1845 3717 edu-

253 3753 500 3819 cabatur,
527 3753 665 3810 bello
684 3755 939 3820 vincitur,
965 3769 1288 3823 rursumque
1318 3769 1543 3825 regnum
1581 3752 1753 3826 Syria:
1778 3753 1844 3808 ad

255 3843 494 3899 sobolem
517 3843 776 3898 Demetrii
806 3844 1116 3899 revertitur.

323 3934 393 3989 Et
423 3935 570 4005 elegit
592 3935 775 3990 Simon
795 3936 952 4000 viros,
977 3945 1022 3990 et
1045 3935 1188 3989 misit
1211 3934 1278 3988 ad
1301 3935 1624 3989 Demetrium
1653 3949 1842 4005 regem,

251 4035 360 4085 etc.
392 4026 544 4094 Quod
589 4025 774 4082 Simon
822 4028 887 4082 ad
939 4027 1269 4081 Demetrium
1313 4041 1492 4097 regem
1524 4026 1670 4081 viros
1699 4026 1847 4080 misit

252 4127 312 4174 ut
338 4118 541 4174 faceret
582 4118 956 4173 remissionem
985 4119 1210 4190 regioni,
1245 4119 1366 4184 hoc,
1395 4119 1450 4172 ni
1479 4118 1655 4184 fallor,
1683 4119 1849 4189 signi-

254 4211 383 4266 ﬁcat
402 4211 544 4280 quod
569 4220 755 4265 sancta
780 4209 1017 4264 Ecclesia
1042 4209 1423 4279 przedicatores
1449 4224 1576 4264 suos
1615 4211 1682 4263 ad
1705 4209 1849 4279 prin-

253 4303 404 4372 cipes
431 4302 586 4356 istius
630 4302 811 4356 mundi
842 4302 1047 4371 dirigit,
1079 4310 1348 4371 quatenus
1385 4316 1480 4356 eos
1519 4302 1684 4356 verbo
1723 4301 1848 4356 ﬁdei

253 4395 359 4449 sibi
403 4394 672 4460 conciliet,
706 4403 761 4449 et
798 4401 916 4449 acta
953 4393 1262 4464 Tryphonis
1307 4393 1568 4465 ﬁguratis,
1603 4394 1704 4447 hoc
1741 4400 1848 4457 est,

254 4485 633 4541 luercticorum
679 4493 842 4554 atque
880 4485 1370 4551 schismaticorum,
1405 4486 1456 4538 in
1494 4485 1710 4538 irritum
1752 4485 1852 4539 du-

255 4585 367 4642 cat,
399 4593 696 4648 eorumque
739 4576 1068 4647 superbiam,
1111 4586 1330 4648 propter
1372 4593 1532 4648 quam
1563 4578 1852 4632 noluerunt

257 4669 659 4725 mansuetudini
696 4669 1077 4724 ecclesiastica:
1112 4669 1326 4734 cedere,
1357 4684 1452 4739 per
1497 4669 1728 4739 rigorem
1757 4683 1850 4722 ex-

259 4772 499 4818 terarum
527 4769 853 4830 potestatum
877 4770 1137 4816 conterat.
1167 4760 1373 4828 Quibus
1400 4770 1454 4817 et
1476 4777 1733 4817 coronam
1754 4776 1848 4816 au-

259 4867 408 4910 ream
439 4853 539 4924 ipsi
582 4852 744 4924 legati
773 4853 1023 4908 deferuut
1049 4863 1105 4908 et
1132 4870 1317 4924 pacem
1357 4851 1572 4926 [Vulg.,
1602 4853 1846 4926 bahem],

261 4947 407 5019 quod
436 4947 655 5002 tradunt
675 4959 796 5000 esse
819 4955 1197 5000 ornamentum
1227 4954 1398 5002 totum
1421 4961 1485 5000 ex
1512 4945 1726 5000 annulis
1754 4961 1850 5000 au-

260 5041 372 5096 reis
417 5039 720 5095 confectum
764 5039 1058 5094 secundum
1107 5053 1309 5094 morem
1363 5037 1693 5108 provinciae:
1725 5053 1849 5094 cum

263 5135 343 5191 eis
371 5148 469 5204 pro
495 5133 634 5188 bono
656 5132 954 5188 certamine
982 5133 1343 5188 :eternze‘viue
1368 5147 1646 5199 coronam,
1678 5139 1732 5186 et
1752 5146 1853 5203 pro

264 5228 458 5284 solatio
483 5237 783 5299 Opportuno
805 5242 913 5298 quo
939 5227 1197 5282 ecclesias
1219 5227 1330 5282 suis
1350 5226 1543 5282 edictis
1571 5235 1738 5296 atque
1759 5225 1855 5281 de-

265 5319 598 5377 fensionibus
627 5322 898 5393 adiuvent,
931 5322 1151 5392 przemia
1181 5321 1423 5377 coelestia
1450 5321 1850 5391 repromittunt.

268 5413 344 5470 Ita
367 5415 742 5468 communiter.

345 5507 404 5562 In
432 5506 611 5562 diebus
631 5506 737 5561 illis
766 5506 949 5561 Simon
971 5507 1220 5578 applicuit
1242 5506 1311 5560 ad
1333 5505 1533 5562 Gazam
1555 5515 1602 5561 et
1624 5507 1852 5561 circum-

269 5602 406 5656 dedit
447 5619 560 5657 eain
602 5603 810 5666 castris,
840 5611 943 5656 etc.
986 5601 1123 5667 Quid
1149 5612 1234 5657 est
1258 5602 1399 5671 quod
1437 5601 1621 5656 Simon
1651 5600 1851 5658 Gazam

270 5712 580 5768 oppugnare
607 5699 946 5770 aggreditur,
990 5698 1091 5752 nisi
1122 5698 1263 5767 quod
1291 5699 1672 5768 praedicatores
1703 5701 1856 5753 dam-

273 5791 480 5845 nandos
507 5805 720 5846 errores
740 5791 1007 5846 debellare
1034 5798 1317 5845 conantur.
1345 5790 1512 5853 Gaza,
1541 5808 1660 5862 qua:
1691 5792 1857 5847 inter-

273 5890 519 5952 pretatur
560 5881 812 5954 fortitudo
853 5883 992 5954 ejus,
1037 5880 1307 5954 signiﬁcat
1343 5881 1584 5954 gentium
1625 5883 1855 5958 rigorem

1877 4635 1930 4697 D

1943 3391 2142 3455 dicens,
2189 3396 2292 3443 etc.
2343 3386 2495 3442 Tunc
2541 3395 2597 3442 et
2640 3387 2854 3456 quando
2891 3399 3110 3440 errores
3146 3384 3306 3454 ejecti
3340 3381 3546 3438 fuerint

1947 3483 2250 3556 gentilium,
2277 3498 2402 3537 cum
2432 3482 2682 3537 laudibus
2711 3481 2805 3536 Dei
2838 3481 3089 3536 doctores
3119 3480 3294 3536 sancti
3327 3479 3382 3534 in
3413 3493 3548 3534 con-

1945 3575 2214 3631 venticula
2271 3575 2552 3629 intrabunt
2602 3574 2887 3646 gentium:
2945 3582 3073 3628 tunc
3131 3587 3350 3643 quoque
3399 3571 3549 3628 viros

1944 3669 2036 3739 qui
2067 3669 2238 3740 legem
2271 3667 2473 3722 faciunt
2517 3667 2715 3722 ibidem
2748 3673 2973 3736 ponunt,
3005 3664 3131 3736 quia
3169 3664 3330 3720 veros'
3371 3662 3548 3719 culto-

1945 3775 2034 3815 res
2059 3759 2262 3815 Christi
2285 3759 2388 3830 piis
2415 3757 2891 3830 prmdicationibus
2920 3757 2992 3812 ibi
3021 3773 3144 3812 esse
3171 3757 3397 3812 faciunt.

2018 3851 2087 3906 Et
2119 3852 2335 3905 munivit
2362 3867 2476 3904 eam
2525 3849 2746 3919 fecitque
2777 3848 2877 3902 sibi
2915 3847 3107 3902 ibidem
3145 3846 3543 3900 habitationem.

1948 3941 2083 3999 Cum
2113 3959 2211 4014 per
2243 3940 2591 4012 Evangelium
2637 3940 2876 4009 undique
2929 3937 3049 3992 fidei
3099 3937 3396 3991 nmnimine
3446 3935 3551 3990 Ee-

1947 4036 2170 4092 clesiam
2219 4035 2516 4096 firmantes,
2565 4033 2618 4086 in
2665 4031 2781 4100 ejus
2832 4031 3106 4086 domicilio
3153 4029 3254 4099 ipsi
3305 4028 3548 4098 magistri

1950 4127 2337 4185 commorando
2385 4141 2484 4195 pro
2533 4124 2720 4178 labore
2756 4123 2845 4193 pio
2869 4132 3072 4178 aeterna
3105 4122 3347 4192 prteinia,
3379 4135 3542 4189 quem

1950 4234 2048 4290 pro
2071 4217 2409 4272 confessione
2439 4217 2678 4285 ipsorum
2709 4214 3110 4282 impenderunt,
3142 4229 3170 4265 a
3193 4210 3376 4279 judice
3393 4211 3546 4265 vivo-

1953 4328 2072 4367 rum
2105 4327 2165 4366 ac
2203 4319 2540 4364 mortuorum
2587 4308 2641 4362 in
2695 4307 2798 4361 ﬁne
2836 4307 2936 4361 sibi
2969 4305 3313 4360 rctribucnda
3355 4319 3547 4373 exspe-

1952 4417 2120 4465 ctant.

2025 4501 2128 4566 Qui
2161 4508 2334 4553 autem
2361 4507 2511 4551 erant
2537 4496 2592 4550 in
2629 4511 2750 4550 arce
2778 4493 3112 4548 Hierusalem
3140 4492 3552 4563 prohibebantur

1953 4592 2148 4664 egredi,
2178 4599 2282 4645 etc.
2319 4589 2383 4643 Hi
2412 4589 2504 4658 qui
2536 4596 2696 4642 erant
2734 4587 2788 4641 in
2820 4601 2947 4640 arce
2989 4583 3288 4640 Jerusalem
3319 4592 3373 4637 et
3399 4582 3548 4652 ipsos

1956 4683 2286 4740 infestabant
2306 4681 2522 4736 Judaeos
2545 4679 2856 4752 signiﬁcant
2883 4677 3168 4733 hareticos
3199 4685 3254 4732 et
3284 4676 3549 4732 schisma—

1954 4776 2114 4839 ticos,
2141 4774 2232 4844 qui
2279 4773 2333 4826 in
2371 4787 2497 4827 arce
2525 4771 2794 4841 superbia:
2821 4784 2932 4824 suae
2958 4784 3016 4824 se
3046 4768 3400 4824 collocantes.
3430 4765 3552 4819 lites

1952 4878 2008 4924 et
2033 4868 2174 4923 bella
2219 4875 2439 4921 movent
2469 4874 2662 4920 contra
2704 4862 3041 4918 catholicos:
3086 4875 3224 4930 quos
3270 4867 3419 4915 vetat
3467 4857 3538 4911 Si-

1952 4975 2077 5014 mon
2099 4958 2272 5030 egredi
2294 4967 2340 5011 et
2365 4955 2568 5027 ingredi
2595 4956 2649 5008 in
2680 4955 2937 5025 regionem
2967 4963 3013 5006 et
3036 4967 3204 5006 emere
3232 4959 3280 5005 et
3305 4949 3551 5011 vendere,

1953 5052 2079 5120 quia
2113 5047 2310 5104 talibus
2345 5049 2598 5103 doctores
2624 5047 2798 5101 sancti
2834 5060 2957 5100 cum
3004 5042 3289 5099 catholicis
3317 5049 3547 5096 contra-

1955 5144 2142 5199 dicunt
2215 5157 2430 5196 omnem
2511 5139 2786 5195 societatis
2847 5139 3046 5192 habere
3116 5135 3554 5192 communionem

1954 5243 2176 5307 propter
2203 5233 2347 5304 quod
2373 5231 2525 5286 multi
2551 5247 2616 5286 ea;
2640 5231 2712 5284 eis
2737 5230 2876 5300 fame
2904 5231 3188 5300 perierunt,
3231 5225 3359 5297 quia
3400 5223 3556 5278 inulti

1955 5341 2024 5382 ex
2051 5326 2175 5391 illis,
2202 5341 2326 5380 cum
2349 5324 2694 5378 anathemate
2721 5329 2877 5376 extra
2901 5319 3342 5376 communionem
3366 5315 3556 5372 Eccle-

1956 5419 2051 5474 size
2096 5417 2423 5490 sequestrati
2476 5415 2700 5478 fuerint,
2738 5411 2880 5467 fame
2911 5411 3060 5466 verbi
3116 5409 3212 5465 Dei
3268 5418 3324 5465 et
3371 5407 3554 5464 inedia

1958 5509 2220 5583 Spiritalis
2267 5508 2509 5564 scientiae
2535 5507 2866 5575 dispereunt.
2901 5502 3008 5557 Sed
3050 5503 3199 5573 quia,
3228 5500 3557 5557 necessitate

1961 5613 2204 5660 extrema
2254 5601 2539 5669 compulsi,
2592 5597 2961 5667 hujuscemodi
3006 5596 3108 5652 sibi
3153 5596 3374 5652 dextras
3401 5605 3554 5649 com-

1962 5693 2346 5750 municationis
2393 5691 2507 5746 dari
2558 5691 2626 5745 ab
2678 5689 2916 5744 Ecclesia
2965 5687 3392 5758 postulaverunt,
3450 5683 3555 5738 hoc

1962 5789 2044 5844 eis
2072 5787 2140 5841 ab
2166 5787 2280 5857 ipsa
2329 5785 2584 5840 indicitur
2614 5791 2854 5855 pactum,
2899 5791 2957 5836 ut
2987 5779 3294 5848 relinquant
3337 5789 3552 5832 errores

1964 5899 2114 5951 suos,
2143 5891 2198 5938 et
2225 5881 2689 5940 anathematizent
2729 5887 2908 5936 sectas
2945 5874 3186 5934 nefarias
3228 5873 3427 5946 quibus
3454 5886 3554 5928 sn-
