4028 6494
532 394 558 448 1
569 393 674 448 205

1167 386 1228 440 Β.
1269 381 1523 441 RABANI
1561 380 1778 439 MAURI
1816 378 2132 436 ARCHIEP.
2175 378 2484 437 MOGUNT.
2526 377 2811 435 OPERUM
2842 377 3025 437 PARS
3059 373 3101 434 l.

3658 374 3823 436 1304

530 513 619 562 tea
662 501 1006 566 adhaescrint,
1057 507 1111 556 et
1154 498 1417 555 mundent
1446 496 1835 555 conscientiam
1864 510 2017 549 suam
2048 494 2116 549 ab
2143 495 2197 559 Α
2221 496 2361 567 apud
2386 495 2666 553 Dominum
2682 496 2821 551 sicut
2846 495 2997 553 .mille
3028 498 3271 559 annuet
3306 493 3447 553 mitte
3478 494 3626 549 anni
3676 494 3829 549 deut

530 594 677 652 omni
712 591 968 664 ‘nequitia
996 590 1408 655 haereticorum,
1451 596 1506 644 et
1531 588 1611 645 sic
1640 586 2116 644 communicationi

520 683 788 741 “Ecclesia:
834 680 1164 739 restituitur.
1219 677 1375 737 Unde
1447 678 1835 735 convenienter
1898 675 2119 747 subjun-

524 777 731 851 gitu'r‘:

598 864 673 926 Et
688 870 1017 925 “intrauerunt
1043 862 1112 922 ‘in
1139 880 1256 922 eam
1280 862 1436 921 tertia
1457 870 1509 919 et
1527 863 1771 919 vicesima
1801 860 1886 917 die
1905 860 2122 919 secundi

533 960 727 1019 mensis
755 1002 771 1029 ,
822 976 960 1016 anno
1018 958 1295 1014 centesimo
1344 956 1722 1027 septuagesimo
1760 955 1944 1026 primo
2002 969 2121 1007 cum

532 1053 711 1119 tande,
748 1059 857 1109 etc.
886 1048 1111 1106 Numeri
1138 1047 1378 1116 isti,hoc
1409 1056 1515 1114 est,
1551 1046 2121 1117 centesimus.Septoa-

2217 604 2353 641 unus
2374 587 2503 641 dies.
2544 584 2669 645 Non
2700 585 2876 643 tardat
2896 584 3833 658 Dominus.promissis£pmmisia.

2217 694 2335 733 nem
2381 677 2579 751 suam],
2627 678 2718 733 sed
2753 680 3025 748 ,patienter
3052 678 3163 750 egit
3217 688 3425 750 propter
3456 695 3580 743 eos,
3630 676 3833 736 me

2200 768 2444 841 .aliquem
2472 770 2679 843 ,perire,
2724 770 2816 826 sed
2860 786 3037 827 onmes
3082 770 3155 827 ad
3603 770 3832 829 uitii.

2206 863 2467 923 Adveniet
2511 872 2687 920 autem
2739 863 2849 920 dies
2881 863 3106 923 .Domint'
3132 865 3284 923 .sicut
3320 864 3431 934 fur,
3470 862 3839 936 summa

2203 974 2409 1030 magna
2441 959 2635 1030 impetu
2662 958 2939 1027 κηπείαις,
2972 957 3230 1017 ulmeam:
3260 956 3839 1015 maculare-solua-

2221 1060 2327 1107 tur.
2356 1052 2489 1108 Cum
2529 1053 2641 1108 licet:
2686 1052 2848 1123 igitur
2881 1051 3212 1107 dissoluenda
3254 1052 3357 1107 sint
3390 1052 3601 1110 om.
3630 1049 3844 1122 quia

534 1143 772 1215 gesimu‘s
808 1143 1041 1214 primus,
1081 1151 1139 1197 et
1176 1140 1468 1198 vicesimus
1502 1138 1716 1205 tertius,
1762 1132 1935 1195 sacris
1965 1138 2123 1214 pleni

534 1244 662 1294 sunt
689 1237 1004 1309 mysteriis:
1051 1250 1177 1291 nam
1226 1234 1580 1299 centesimus,
1624 1232 1682 1288 in
1711 1248 1819 1303 quo
1847 1232 2122 1288 Abraham

2214 1153 2419 1215 oportet
2450 1160 2544 1199 nos
2569 1160 2679 1199 esse
2698 1143 2767 1200 in
2784 1143 3489 1203 sanctimmersatienibus
3508 1153 3568 1199 at
3598 1141 3846 1212 pietati-

2208 1240 2340 1305 ὤας,
2378 1246 2742 1295 .moectantes
2790 1247 2840 1293 et
2873 1246 3219 1309 properantes
3256 1236 3373 1292 diei
3420 1235 3702 1299 ﬂeui-II,
3732 1250 3845 1305 per

528 1330 687 1385 'lsaac
719 1327 1096 1401 promissionis
1120 1325 1293 1383 'ﬁlium
1315 1325 1520 1399 genuit,
1550 1325 1676 1381 vitae
1706 1323 1976 1397 signiﬁcat
2002 1338 2125 1395 per-
2208 1345 2376 1402 quem
2400 1327 2520 1385 coeli
2539 1328 2782 1385 ardentes
2809 1327 3166 1395 δοιυαιιωτνα
3178 1326 3609 1396 ιιοηεηιαευιιῠσ
3638 1325 3849 1381 ardore

538 1424 856 1490 fectionem;
894 1421 1342 1494 septuagesimus,
1370 1420 1425 1475 in
1471 1433 1579 1489 quo
1615 1417 1898 1489 captivitas
1929 1417 2122 1472 Hiero-
2211 1422 2484 1478 .tabescent
2510 1422 2535 1476 ?
2563 1438 2719 1481 nouas
2752 1437 2882 1479 mro
2909 1420 3141 1478 emtosot
3182 1436 3373 1475 novatn
3388 1429 3605 1477 4mm
3632 1427 3691 1472 et
3716 1435 3844 1488 ρω-

539 1516 908 1587 solymitarum
937 1515 1111 1571 soluta
1138 1521 1243 1579 est,
1265 1518 1615 1584 peccatorum
1638 1508 1905 1581 signiﬁcat
1934 1506 2127 1564 remis-
2225 1513 2390 1568 missa
2423 1512 2589 1584 ipsius
2618 1524 3008 1587 exspectemus,
3037 1513 3095 1569 in
3131 1511 3320 1584 quibus
3336 1512 3562 1582 justitia
3590 1510 3845 1564 latitat.

537 1609 785 1665 sionem:
827 1608 920 1663 sed
953 1608 1077 1677 quia
1101 1606 1217 1661 haec
1241 1619 1349 1659 non
1383 1603 1485 1658 nisi
1510 1602 1564 1657 in
1589 1601 1849 1658 Ecclesia:
1878 1599 2126 1656 consistit
2220 1606 2455 1681 Propter
2479 1609 2640 1680 quod,
2683 1608 2999 1673 citatissimi,
3042 1608 3154 1667 hac
3188 1613 3559 1679 suspectantes
3608 1604 3850 1673 tangite

533 1701 784 1766 veritate,
826 1707 1113 1772 propterea
1154 1713 1316 1770 super
1340 1695 1812 1768 septuagenarium
1839 1708 2126 1749 numerum

535 1804 725 1845 monas
761 1790 941 1844 addita
986 1798 1088 1844 est.
1128 1788 1302 1844 Porro
1330 1787 1622 1843 vicesimus
1653 1786 1845 1841 tertius
1868 1799 2127 1840 numerus

2218 1676 2557 1756 .iminaculati
2594 1688 2821 1757 inueniri
2846 1701 2911 1755 .in
2951 1716 3096 1769 pace,
3130 1708 3193 1752 et
3224 1676 3443 1753 Domini
3494 1695 3677 1750 nostri
3704 1693 3849 1748 Iesu

2216 1794 2428 1849 Christi
2495 1792 2946 1864 longanimitatem
3004 1790 3233 1849 salutem
3308 1787 3665 1845 arbitrmini
3736 1784 3849 1855 (ll

536 1880 1046 1936 sanctm‘Trinitatis
1076 1880 1233 1935 fidem
1283 1894 1407 1934 cum
1444 1878 1653 1933 duobus
1680 1876 1966 1949 praeceptis
1996 1877 2129 1932 cha-
2159 1872 2207 1933 B
2232 1881 2382 1941 Rezr.
2416 1884 2523 1955 ιιι).

532 1971 735 2037 ritatis,
770 1972 822 2026 in
867 1972 1062 2042 quibus
1091 1978 1201 2027 tota
1245 1970 1377 2043 legis
1412 1966 1692 2040 plenitudo
1732 1968 1999 2034 consistit,
2039 1968 2130 2023 de-

522 2062 742 2130 signat;
778 2062 1045 2118 secundus
1072 2069 1252 2117 autem
1282 2063 1507 2126 mensis,
1556 2062 1612 2116 in
1642 2077 1749 2131 quo
1796 2061 2002 2116 Pascha
2050 2058 2130 2112 fa-

539 2166 663 2209 cere
688 2153 977 2209 videbatur
1011 2152 1089 2207 illi
1118 2154 1208 2224 qui
1240 2169 1402 2224 super
1424 2153 1659 2207 animam
1685 2152 1919 2207 hominis
1940 2150 2130 2206 mundi

538 2252 715 2310 erant,
745 2252 961 2316 tempus
994 2244 1179 2316 gratim
1202 2253 1256 2299 et
1279 2245 1579 2299 vocationis
1609 2244 1848 2314 gentium
1875 2242 2127 2298 ostendit.

534 2334 673 2391 Cum
703 2350 834 2407 ergo
878 2336 1173 2392 secundum
1220 2337 1365 2392 hanc
1395 2336 1688 2391 dictionem
1719 2344 1880 2407 atque
1920 2334 2131 2405 signiﬁ-

539 2427 779 2484 cantiam
806 2428 1154 2500 mysticorum
1180 2443 1533 2483 numerorum
1562 2427 1790 2481 victoria
1829 2442 1857 2479 a
1884 2425 2132 2481 fidelibus

540 2521 771 2591 capitur,
801 2522 906 2577 hoc
953 2531 1055 2588 est,
1103 2529 1163 2577 ut
1215 2531 1416 2577 sancta:
1464 2512 1748 2597 Trinitatis
1802 2520 1960 2576 fidem
2007 2535 2131 2575 cum

544 2610 754 2664 duobus
797 2612 1080 2681 praeceptis
1115 2613 1398 2666 charitatis
1442 2612 1735 2666 secundum
1766 2611 2131 2681 evangelicam

485 2687 496 2700 ’
541 2697 848 2753 doctrinam
896 2701 1164 2771 integram
1204 2708 1439 2767 servent,
1475 2708 1530 2753 et
1574 2701 1699 2755 vita:
1743 2701 2131 2770 perfectionem

528 2801 639 2861 pro
663 2788 879 2844 modulo
903 2805 1000 2845 suo
1029 2789 1309 2855 habentes,
1345 2791 1398 2845 in
1428 2790 1683 2845 Ecclesia:
1729 2791 1935 2845 unitate
1974 2789 2133 2846 intel-

537 2878 681 2939 lectu
727 2889 781 2937 et
820 2881 924 2936 ﬁde
950 2883 1316 2953 permanendo
1343 2883 1409 2938 ad
1434 2884 1823 2954 plenitudinem
1858 2883 2132 2939 remissio-

540 2975 626 3029 nis
646 2974 1005 3044 perveniant:
1042 2976 1119 3030 sic
1150 2984 1277 3030 tunc
1307 2976 1412 3030 rite
1434 2992 1554 3031 cum
1593 2977 1807 3031 cantico
1854 2983 1911 3031 et
1960 2975 2130 3030 ramis

537 3066 863 3136 palmarum,
902 3068 1011 3123 hoc
1037 3076 1138 3133 est,
1169 3083 1293 3123 cum
1334 3068 1490 3123 laude
1515 3085 1644 3124 vera
1686 3078 1741 3124 et
1771 3078 1923 3148 certa
1953 3070 2127 3125 victo-

540 3156 663 3223 ria,
719 3157 993 3214 caelestem
1050 3160 1328 3214 intrabunt
1379 3156 1736 3226 Hierusalem,
1806 3160 2129 3231 multiplices

540 3248 744 3318 gratias
797 3256 850 3302 et
900 3248 1085 3305 laudes
1128 3264 1227 3319 pro
1272 3251 1464 3320 adepta
1500 3251 1680 3307 salute
1728 3262 1783 3307 et
1840 3253 2131 3309 securitate
2148 3235 2203 3299 πί]

526 3336 783 3394 Creatori
819 3355 917 3395 suo
947 3341 1335 3411 perpetualiter
1379 3341 1639 3407 referant,
1690 3344 1817 3412 quia
1863 3344 2131 3399 contritus

530 3438 625 3486 ‘est
660 3432 914 3488 inimicus
960 3449 1190 3503 magnus
1219 3451 1284 3489 ex
1326 3435 1496 3491 Israel
1533 3444 1587 3491 et
1630 3451 1796 3503 mors,
1842 3452 1964 3492 cum
2013 3437 2129 3507 ipso

524 3534 759 3583 'mortua
789 3538 1033 3597 auctore,
1065 3531 1118 3586 in
1146 3540 1465 3603 perpetuum
1495 3540 1678 3587 exstat
1706 3532 1982 3588 damnata.
2019 3531 2131 3588 Nec

529 3618 1273 3692 refugit'hoc'expositionls
1314 3624 1589 3693 sequentis
1630 3639 1842 3691 sensus,
1876 3624 1967 3679 ubi
1995 3625 2132 3679 scri-

494 3718 694 3789 Fptum
712 3718 804 3768 est
830 3715 972 3784 quod
1002 3715 1344 3771 constituerit
1374 3714 1557 3771 Simon
1604 3723 1661 3770 ut
1702 3717 1952 3773 omnibus
1976 3718 2132 3772 annis

542 3802 650 3859 diei
668 3802 1045 3872 ‘hujus‘laetitia
1072 3818 1342 3878 ageretur,
1385 3819 1440 3862 et
1478 3807 1621 3878 quod
1677 3808 1933 3861 munierit
1979 3823 2130 3862 mon-

528 3900 654 3950 "tem
696 3893 904 3966 templi,
952 3897 1045 3965 qui
1080 3906 1197 3952 erat
1254 3906 1411 3952 seCus
1455 3912 1660 3961 arcem,
1696 3904 1753 3951 et
1807 3895 2131 3951 habitaverit

526 3987 615 4044 ibi
639 3989 755 4060 ipse
800 3998 855 4045 et
897 3992 989 4060 qui
1030 4007 1150 4046 cum
1201 4007 1266 4047 eo
1307 4001 1462 4048 erant
1489 4011 1507 4047 :
1545 3994 1670 4063 quia
1712 3993 1857 4048 omni
1890 4003 2132 4064 tempore

541 4080 701 4136 istius
731 4082 850 4135 vitm
878 4081 1025 4137 illius
1052 4082 1158 4137 diei
1196 4084 1454 4141 memoria
1484 4084 1537 4138 in
1570 4099 1664 4154 spe
1705 4084 1984 4140 retinenda
2025 4093 2127 4153 est,

542 4172 599 4229 in
633 4186 738 4243 qua
769 4173 1163 4245 triumphantes
1193 4175 1257 4231 de
1298 4184 1472 4231 morte
1507 4192 1604 4247 per
1632 4177 1865 4248 gratiam
1893 4176 2128 4234 Redem-

538 4265 713 4338 ptoris
752 4260 923 4322 nostri
942 4267 1070 4323 vitae
1100 4269 1448 4323 restituemur
1470 4277 1709 4324 ceterum.

612 4358 727 4413 imo
761 4373 882 4414 cum
919 4359 1144 4429 singulis
1187 4361 1343 4415 annis
1388 4360 1799 4417 resurrectionis
1838 4360 2131 4418 Dominicze

542 4448 801 4505 solemnia
829 4449 1166 4505 celebramus
1194 4459 1252 4504 ut
1283 4451 1586 4507 indicemus
1631 4468 1728 4508 nos
1761 4467 1859 4523 per
1900 4450 2017 4520 ejus
2045 4468 2131 4509 re-

533 4540 936 4596 tturr'ectionem
985 4549 1041 4596 et
1082 4542 1372 4596 victoriam
1426 4543 1493 4598 de
1541 4552 1716 4600 morte
1767 4558 2031 4614 sperare,
2063 4561 2130 4601 ac

2304 1975 2373 2029 Et
2409 1976 2533 2030 uidit
2576 1974 2759 2030 Simon
2798 1973 3043 2028 Ioachim
3086 1972 3266 2044 [Vulg.
3311 1968 3605 2041 Joannem]
3660 1967 3849 2037 ﬁlium

2220 2086 2409 2135 suum,
2432 2068 2573 2141 quod
2602 2070 2680 2122 vir
2706 2068 2859 2138 fortis
2881 2077 3033 2130 esset,
3060 2073 3168 2122 etc.
3200 2063 3401 2125 .Simon
3439 2061 3705 2119 locarim
3734 2061 3853 2115 ﬁlio

2220 2176 2351 2224 suo,
2396 2175 2519 2215 cum
2549 2159 2757 2215 videret
2802 2160 2945 2230 quod
2979 2159 3063 2213 vir
3107 2165 3267 2213 esset.
3309 2156 3572 2212 ducatum
3616 2152 3850 2209 univer—

2219 2267 2418 2313 :sarum
2441 2251 2704 2308 virtutum
2730 2250 3021 2315 commisit,
3044 2258 3116 2303 ut
3138 2248 3451 2305 ostenderet
3471 2245 3625 2318 quod
3648 2243 3853 2299 nouns

2232 2344 2622 2416 magistrorum
2645 2342 2755 2398 tilio
2776 2342 2859 2397 vel
2884 2341 3149 2411 discipulo
3162 2356 3271 2396 suo
3292 2338 3452 2394 debet
3479 2335 3851 2392 committere

2222 2442 2558 2506 potestatem
2586 2450 2650 2491 ac
2694 2432 2943 2489 ordinem
2987 2431 3344 2489 ecclesiastici
3378 2427 3690 2500 regiminis
3740 2424 3848 2479 tusi

2233 2536 2393 2585 antea
2414 2544 2537 2585 eum
2566 2527 2763 2583 viderit
2788 2541 2911 2582 esse
2932 2526 3130 2588 virum,
3159 2526 3264 2580 hoc
3290 2531 3394 2586 est,
3424 2536 3593 2577 sensu
3622 2518 3847 2589 proba-

2225 2630 2353 2675 itum
2396 2629 2451 2675 et
2478 2620 2742 2674 virtutum
2784 2617 3040 2688 operibus
3070 2615 3422 2675 studiosum:
3472 2612 3574 2671 sed
3608 2610 3845 2680 quinia

2211 2699 2606 2782 superioribus
2657 2710 2891 2767 diximus
2942 2709 3216 2767 Simonem
3258 2715 3584 2764 sanctorum
3642 2717 3846 2775 genere

2222 2803 2465 2876 ﬁguram
2511 2804 2825 2868 doctorum,
2869 2810 3048 2873 potest
3074 2801 3131 2856 in
3166 2801 3269 2857 hoc
3310 2798 3429 2855 loco
3468 2795 3845 2869 signiﬁcatio-

2233 2912 2358 2952 nem
2399 2897 2707 2967 exprimere
2736 2894 2997 2967 principis
3040 2902 3339 2963 pastorum,
3385 2890 3477 2961 qui
3502 2887 3845 2959 populou-

2226 2989 2438 3045 tholico
2464 2988 2608 3043 sacri
2639 2986 2918 3058 regiminis
2938 2984 3309 3041 ministerium
3346 2991 3411 3036 et
3433 2980 3689 3036 omnium
3716 2979 3837 3032 vir—

2235 3085 2408 3134 tutum
2437 3078 2585 3135 dedit
2609 3078 2860 3135 notitiam
2901 3084 3063 3145 atque
3084 3074 3372 3139 edoctum,
3406 3074 3495 3127 cui
3524 3080 3585 3127 et
3610 3070 3841 3142 «ptine

2234 3170 2489 3226 convenit
2517 3171 2663 3240 quod
2686 3171 2741 3225 in
2775 3168 3126 3240 sequentibus
3146 3166 3418 3236 scriptum
3444 3170 3531 3222 est

2827 3322 3054 3383 CAPUT
3088 3318 3225 3379 XIV.

2228 3436 2311 3495 De
2336 3436 2652 3493 sublimitate
2674 3446 2721 3492 et
2738 3437 2967 3509 potentia
2985 3433 3222 3509 Simonis
3244 3433 3378 3509 regis
3393 3429 3432 3485 ,Ι
3436 3430 3541 3485 uda
3560 3470 3581 3496 ,
3596 3428 3674 3484 de

2305 3510 2526 3563 titudine
2549 3510 2691 3579 pacis
2739 3506 2847 3561 illis
2890 3506 3224 3579 temporibus.
3271 3506 3609 3558 Renovantur
3651 3506 3840 3555 amici-

2305 3576 2834 3635 tiae-interﬂomanos
2869 3586 2918 3632 et
2942 3576 3188 3641 Judwos,
3215 3582 3319 3630 etc.

2306 3715 2375 3770 Et
2398 3715 2541 3771 siluit
2573 3723 2711 3770 terra
2742 3712 2778 3768 Ι
2784 3713 2888 3769 uda
2923 3712 3162 3766 omnibus
3205 3709 3386 3764 diebus
3426 3706 3693 3773 Simonis,
3724 3715 3834 3762 etc.

2235 3808 2509 3878 Scriptum
2533 3816 2616 3863 est
2654 3808 2709 3862 in
2738 3805 2874 3861 Isaia
2901 3806 3165 3875 propheta
3194 3803 3261 3858 de
3297 3802 3413 3873 ipso
3440 3800 3677 3856 Domino
3715 3798 3837 3856 Sul—

2232 3908 2420 3955 vatore
2449 3918 2461 3954 :
2494 3897 2937 3970 Multiplicabitur
2957 3897 3073 3968 eius
3120 3895 3395 3966 imperium
3435 3902 3486 3948 et
3530 3893 3685 3963 pacis
3728 3907 3833 3945 non

2230 3993 2331 4046 erit
2358 3992 2500 4060 ﬁnis.
2533 3989 2701 4061 Super
2735 3989 2924 4044 solium
2948 3989 3125 4044 David
3153 3998 3202 4042 et
3248 4003 3407 4057 super
3444 4002 3667 4057 regnum
3716 3985 3835 4054 qius

2230 4083 2450 4150 sedebit,
2487 4093 2545 4138 ut
2578 4082 2845 4150 conﬁrmet
2878 4091 2927 4137 et
2970 4082 3268 4135 corroboret
3308 4078 3440 4133 illud
3474 4079 3529 4133 in
3542 4078 3833 4147 judicioet

2222 4176 2459 4250 justitia,
2510 4175 2699 4231 amodo
2730 4184 2778 4230 et
2817 4190 2978 4245 usque
3024 4174 3079 4228 in
3115 4172 3486 4243 sempiternum
3532 4168 3673 4241 (ha.
3716 4170 3827 4243 ιι).

2230 4265 2574 4336 Principatus
2596 4273 2775 4321 autem
2809 4265 2949 4320 illius
2992 4273 3048 4319 et
3087 4263 3373 4334 imperium
3398 4262 3506 4317 erit
3543 4276 3714 4331 super
3740 4276 3830 4317 so—

2230 4356 2363 4412 lium
2390 4365 2445 4411 ct
2465 4371 2628 4427 super
2654 4371 2879 4428 regnum
2909 4354 3098 4420 David,
3126 4353 3272 4425 quod
3298 4361 3422 4423 post
3446 4352 3825 4422 captivitatem

2230 4448 2619 4521 Babylonicam
2671 4448 2849 4506 fuerat
2871 4448 3188 4519 dissipatum
3234 4455 3296 4503 ut
3343 4444 3636 4503 continuet
3688 4444 3823 4503 illud

2232 4548 2288 4596 et
2314 4540 2647 4608 corroboret,
2695 4549 2751 4595 et
2777 4541 2965 4597 doceat
2994 4554 3113 4595 esse
3152 4547 3503 4608 perpetuum,
3554 4552 3626 4592 ne
3666 4552 3821 4592 cassa

532 4640 849 4686 nostrorum
878 4642 1167 4701 carporum
1214 4635 1668 4689 resurrectionem
1718 4635 1770 4692 in
1812 4636 1918 4691 line
1944 4634 2126 4691 saeculi
2152 4632 2208 4691 ι)
2234 4632 2328 4687 Dei
2378 4632 2667 4702 promissio
2688 4630 2979 4702 iudicetur,
3016 4641 3069 4687 et
3102 4633 3154 4687 in
3182 4631 3391 4703 psalmo
3431 4630 3706 4702 Propheta
3735 4632 3821 4687 di-

532 4718 800 4786 ‘i’uturam,
859 4730 911 4776 ct
960 4718 1125 4777 vitam
1192 4725 1242 4779 in
1294 4726 1499 4780 cmlesti
1560 4742 1723 4798 regno
1766 4736 2122 4798 perpetuam:

539 4814 926 4883 propter'quod
954 4823 1194 4868 montem
1240 4815 1443 4885 templi,
1476 4817 1564 4885 qui
1617 4826 1699 4870 est
1721 4831 1879 4873 secus
1920 4834 2122 4884 arcem,

538 4906 753 4960 munire
779 4907 1052 4972 debemus,
1107 4909 1209 4963 hoc
1259 4917 1362 4975 est,
1416 4908 1619 4964 Christi
1670 4910 2123 4979 incarnationem,

539 5012 661 5068 quae
712 5014 926 5054 omnem
982 5000 1319 5055 altitudinem
1390 5000 1739 5071 perfectionis
1806 5012 2119 5058 sanctorum

538 5089 868 5163 perfectione
900 5106 994 5146 sua
1042 5093 1391 5158 transcendit,
1441 5093 1593 5147 firma
1626 5094 1727 5149 fide
1775 5094 1827 5149 in
1853 5097 2015 5150 corde
2046 5103 2122 5151 tet

430 5256 437 5261 1
539 5195 671 5236 nere
693 5189 747 5237 et
770 5182 838 5236 ‘tn
871 5184 975 5237 hoc
1002 5184 1147 5237 omni
1180 5191 1421 5253 tempore
1450 5184 1573 5239 vita:
1610 5194 1828 5249 nostrae,
1870 5193 1977 5239 tam
2029 5201 2124 5255 per

536 5284 641 5325 nos
670 5280 829 5341 quam
866 5289 959 5343 per
987 5274 1143 5329 nobis
1173 5276 1512 5340 connnissos,
1540 5276 1652 5329 sive
1682 5290 1778 5344 per
1805 5276 2117 5331 societatem

542 5362 874 5431 coniunctos,
924 5366 1009 5435 pie
1054 5367 1320 5432 laborare,
1377 5375 1640 5437 quatenus
1684 5365 1799 5435 ejus
1845 5365 2118 5434 conjuncti

540 5455 757 5525 wrpori
784 5464 946 5524 atoue
984 5447 1295 5523 coadunati,
1352 5457 1601 5513 similiter
1631 5473 1751 5512 cum
1801 5457 1919 5527 ipso
1944 5457 2119 5527 capite

525 5545 692 5615 ‘regni
740 5545 973 5601 caelestis
1016 5549 1312 5603 efﬁciamur
1353 5550 1635 5615 lucreties;
1678 5547 1830 5618 cujus
1873 5550 2122 5606 videlicet

539 5636 646 5693 diei
672 5637 909 5693 laetitiam
936 5652 999 5694 ac
1043 5642 1359 5695 memoriam
1391 5642 1583 5697 beatus
1622 5639 1816 5696 Petrus
1846 5642 2119 5713 apostolus

520 5726 595 5784 ηπ
652 5730 885 5801 Ερίεῑοῐθ
934 5746 1033 5786 sua
1079 5732 1233 5786 nobis
1284 5734 1628 5789 commendat
1678 5734 1865 5790 dicens
1900 5755 1911 5789 :
1946 5732 2116 5791 Unum

523 5826 661 5875 vero
692 5822 798 5876 ‘hoc
838 5838 943 5878 non
971 5822 1132 5877 lateat
1180 5838 1287 5889 vos,
1330 5823 1648 5891 charissimi,
1693 5826 1818 5896 quia
1840 5841 1975 5880 unus
2008 5826 2118 5883 dies

2226 4722 2301 4779 cit
2326 4742 2336 4775 :
2372 4722 2588 4778 Orietur
2612 4725 2666 4778 in
2695 4724 2877 4778 diebus
2905 4724 3017 4795 ejus
3044 4724 3257 4793 justitia
3281 4733 3331 4779 et
3358 4724 3695 4780 abundantia
3725 4740 3819 4794 pa-

2225 4812 2300 4865 cis
2326 4812 2488 4866 donec
2535 4812 2754 4868 tollatur
2800 4813 2927 4871 luna
2981 4812 3153 4887 (Psal.
3185 4814 3359 4885 Lxxt).
3410 4814 3624 4870 Nemini
3668 4816 3815 4870 enim

2226 4902 2382 4959 alteri
2431 4904 2546 4960 hzec
2584 4906 2835 4960 convenit
2886 4908 3175 4977 promissio
3212 4909 3330 4963 ,nisi
3380 4907 3480 4962 soli
3527 4906 3814 4963 mediatori

2224 4997 2322 5057 Dei
2349 5006 2403 5052 et
2435 4999 2711 5054 hominum
2754 4998 2972 5055 Christo
3002 5000 3150 5067 Jesu,
3180 5002 3272 5070 qui
3301 5015 3400 5070 pro
3427 5001 3587 5056 nobis
3631 5001 3812 5055 incar-

2226 5098 2388 5144 natus
2415 5104 2509 5159 per
2550 5090 2912 5145 obedientiam
2940 5092 3117 5148 crucis
3144 5091 3268 5147 coeli
3300 5100 3572 5161 terrmque
3598 5106 3812 5161 posses-

2227 5196 2318 5236 sor
2344 5191 2427 5237 est
2464 5180 2661 5247 factus,
2696 5182 2783 5237 cui
2822 5183 2983 5238 Pater
3029 5184 3082 5237 in
3126 5183 3387 5239 Psalterio
3430 5198 3532 5252 per
3575 5182 3813 5254 Prophe-

2227 5272 2440 5351 tam'ait
2474 5291 2485 5325 :
2519 5270 2739 5326 Postulo
2766 5289 2798 5326 a
2824 5289 2904 5326 me
2932 5284 2979 5328 et
3020 5273 3154 5327 dabo
3193 5274 3285 5327 tibi
3318 5284 3494 5345 gentes
3528 5273 3809 5329 heredita-

2222 5364 2328 5420 tem
2384 5373 2528 5419 tuam
2591 5375 2639 5418 et
2702 5367 3076 5436 possessionem
3147 5377 3291 5421 tuam
3356 5369 3606 5422 terminos
3658 5378 3807 5421 terra

2226 5452 2398 5528 (Psal.
2445 5454 2527 5529 ιι).
2563 5454 2697 5510 Silet
2734 5456 2901 5511 omnis
2954 5466 3091 5511 terra
3142 5456 3310 5522 Juda,
3349 5457 3589 5512 omnibus
3628 5458 3807 5511 diebus

2226 5544 2476 5615 Simonis,
2507 5549 2632 5619 quia
2663 5558 2803 5605 terra
2842 5550 3095 5606 Ecclesia:
3141 5566 3173 5603 a
3210 5562 3449 5621 tempore
3480 5550 3809 5606 incarnatio-

2226 5638 2312 5694 nis
2342 5639 2539 5696 Christi
2591 5658 2762 5712 usque
2804 5642 2855 5696 in
2905 5641 3310 5711 sempiternum,
3348 5641 3474 5697 licet
3504 5641 3804 5699 forinsecus

2223 5737 2627 5808 persecutiones
2657 5737 2725 5791 ab
2752 5736 2985 5791 inimicis
3014 5736 3223 5801 toleret,
3270 5737 3415 5791 intus
3447 5746 3630 5797 tamen
3672 5752 3805 5809 pace

2222 5826 2420 5883 fruitur
2448 5842 2596 5881 vera.
2622 5824 2718 5881 Cui
2748 5826 2890 5883 idem
2939 5827 3190 5884 Salvator
3235 5828 3290 5882 in
3338 5826 3633 5900 Evangelio
3678 5831 3757 5884 ait
3791 5845 3804 5888 :
