  <div class='ocr_page' id='page_1' title='image "/cluster/home/n/w/nwhite01/storage/ocr_20150623/109/hvd.32044015466857/606.png"; bbox 0 0 4028 6466; ppageno 0'>
   <div class='ocr_carea' id='block_1_1' title="bbox 312 461 452 520">
    <p class='ocr_par' dir='ltr' id='par_1_1' title="bbox 312 461 452 520">
     <span class='ocr_line' id='line_1_1' title="bbox 312 461 452 520; baseline -0.029 0"><span class='ocrx_word' id='word_1_1' title='bbox 312 461 452 520; x_wconf 74' lang='grc'><strong>1205</strong></span> 
     </span>
    </p>
   </div>
   <div class='ocr_carea' id='block_1_2' title="bbox 1014 440 2836 513">
    <p class='ocr_par' dir='ltr' id='par_1_2' title="bbox 1014 440 2836 513">
     <span class='ocr_line' id='line_1_2' title="bbox 1014 440 2836 513; baseline -0.004 0"><span class='ocrx_word' id='word_1_2' title='bbox 1014 456 1366 513; x_wconf 78' lang='lat' dir='ltr'><strong>COMMENT.</strong></span> <span class='ocrx_word' id='word_1_3' title='bbox 1404 455 1474 511; x_wconf 85' lang='lat' dir='ltr'><strong>IN</strong></span> <span class='ocrx_word' id='word_1_4' title='bbox 1512 453 1757 511; x_wconf 81' lang='lat' dir='ltr'><strong>LIBROS</strong></span> <span class='ocrx_word' id='word_1_5' title='bbox 1796 440 2370 511; x_wconf 61' lang='lat' dir='ltr'><strong>MACHABEORUM.</strong></span> <span class='ocrx_word' id='word_1_6' title='bbox 2410 485 2482 497; x_wconf 86' lang='lat'><strong>--</strong></span> <span class='ocrx_word' id='word_1_7' title='bbox 2520 452 2585 507; x_wconf 83' lang='lat' dir='ltr'><strong>IN</strong></span> <span class='ocrx_word' id='word_1_8' title='bbox 2626 450 2752 507; x_wconf 77' lang='lat' dir='ltr'><strong>LIB.</strong></span> <span class='ocrx_word' id='word_1_9' title='bbox 2794 452 2836 505; x_wconf 90' lang='grc'><strong>1.</strong></span> 
     </span>
    </p>
   </div>
   <div class='ocr_carea' id='block_1_3' title="bbox 3434 447 3572 504">
    <p class='ocr_par' dir='ltr' id='par_1_3' title="bbox 3434 447 3572 504">
     <span class='ocr_line' id='line_1_3' title="bbox 3434 447 3572 504; baseline -0.007 -1"><span class='ocrx_word' id='word_1_10' title='bbox 3434 447 3572 504; x_wconf 69' lang='grc'>1206</span> 
     </span>
    </p>
   </div>
   <div class='ocr_carea' id='block_1_4' title="bbox 310 568 3572 643">
    <p class='ocr_par' dir='ltr' id='par_1_4' title="bbox 310 568 3572 643">
     <span class='ocr_line' id='line_1_4' title="bbox 310 568 3572 643; baseline -0.001 -11"><span class='ocrx_word' id='word_1_11' title='bbox 310 576 502 634; x_wconf 81' lang='lat' dir='ltr'><strong>Pacem</strong></span> <span class='ocrx_word' id='word_1_12' title='bbox 531 590 699 630; x_wconf 85' lang='lat' dir='ltr'><strong>meam</strong></span> <span class='ocrx_word' id='word_1_13' title='bbox 744 580 811 628; x_wconf 89' lang='lat' dir='ltr'><strong>do</strong></span> <span class='ocrx_word' id='word_1_14' title='bbox 838 573 992 637; x_wconf 92' lang='lat' dir='ltr'><strong>vobis,</strong></span> <span class='ocrx_word' id='word_1_15' title='bbox 1037 588 1215 643; x_wconf 88' lang='lat' dir='ltr'><strong>pacem</strong></span> <span class='ocrx_word' id='word_1_16' title='bbox 1254 588 1423 627; x_wconf 87' lang='lat' dir='ltr'><strong>meam</strong></span> <span class='ocrx_word' id='word_1_17' title='bbox 1458 571 1689 643; x_wconf 78' lang='lat' dir='ltr'><strong>relinquo</strong></span> <span class='ocrx_word' id='word_1_18' title='bbox 1726 571 1885 636; x_wconf 87' lang='lat' dir='ltr'><strong>vobis,</strong></span> <span class='ocrx_word' id='word_1_19' title='bbox 1915 573 1970 634; x_wconf 80' lang='grc' dir='ltr'><strong>Α</strong></span> <span class='ocrx_word' id='word_1_20' title='bbox 2064 568 2210 625; x_wconf 85' lang='lat' dir='ltr'><strong>Fecit</strong></span> <span class='ocrx_word' id='word_1_21' title='bbox 2233 586 2411 639; x_wconf 88' lang='lat' dir='ltr'><strong>pacem</strong></span> <span class='ocrx_word' id='word_1_22' title='bbox 2436 588 2589 642; x_wconf 80' lang='lat' dir='ltr'><strong><em>super</em></strong></span> <span class='ocrx_word' id='word_1_23' title='bbox 2616 582 2829 625; x_wconf 88' lang='lat' dir='ltr'><strong>terram.</strong></span> <span class='ocrx_word' id='word_1_24' title='bbox 2856 568 2990 637; x_wconf 84' lang='lat' dir='ltr'><strong>Quia</strong></span> <span class='ocrx_word' id='word_1_25' title='bbox 3015 572 3123 640; x_wconf 86' lang='lat' dir='ltr'><strong>ipse</strong></span> <span class='ocrx_word' id='word_1_26' title='bbox 3144 580 3216 624; x_wconf 89' lang='lat' dir='ltr'><strong>est</strong></span> <span class='ocrx_word' id='word_1_27' title='bbox 3241 587 3347 642; x_wconf 75' lang='lat' dir='ltr'><strong>pax</strong></span> <span class='ocrx_word' id='word_1_28' title='bbox 3370 582 3572 641; x_wconf 84' lang='lat' dir='ltr'><strong>nostra,</strong></span> 
     </span>
    </p>
   </div>
   <div class='ocr_carea' id='block_1_5' title="bbox 311 665 1636 745">
    <p class='ocr_par' dir='ltr' id='par_1_5' title="bbox 311 665 1636 745">
     <span class='ocr_line' id='line_1_5' title="bbox 311 665 1636 745; baseline -0.005 -19"><span class='ocrx_word' id='word_1_29' title='bbox 311 671 496 745; x_wconf 78' lang='lat' dir='ltr'><strong>(Joan.</strong></span> <span class='ocrx_word' id='word_1_30' title='bbox 530 667 667 741; x_wconf 62' lang='lat' dir='ltr'><strong>xiv),</strong></span> <span class='ocrx_word' id='word_1_31' title='bbox 698 667 813 738; x_wconf 86' lang='lat' dir='ltr'><strong>ipse</strong></span> <span class='ocrx_word' id='word_1_32' title='bbox 853 669 944 738; x_wconf 91' lang='lat' dir='ltr'><strong>qui</strong></span> <span class='ocrx_word' id='word_1_33' title='bbox 974 666 1135 722; x_wconf 90' lang='lat' dir='ltr'><strong>struit</strong></span> <span class='ocrx_word' id='word_1_34' title='bbox 1162 665 1305 722; x_wconf 91' lang='lat' dir='ltr'><strong>bona</strong></span> <span class='ocrx_word' id='word_1_35' title='bbox 1333 665 1478 738; x_wconf 88' lang='lat' dir='ltr'><strong>genti</strong></span> <span class='ocrx_word' id='word_1_36' title='bbox 1508 678 1636 720; x_wconf 66' lang='lat' dir='ltr'><strong>suae.</strong></span> 
     </span>
    </p>
   </div>
   <div class='ocr_carea' id='block_1_6' title="bbox 380 756 1888 832">
    <p class='ocr_par' dir='ltr' id='par_1_6' title="bbox 380 756 1888 832">
     <span class='ocr_line' id='line_1_6' title="bbox 380 756 1888 832; baseline -0.002 -17"><span class='ocrx_word' id='word_1_37' title='bbox 380 760 451 815; x_wconf 81' lang='lat' dir='ltr'><strong>Et</strong></span> <span class='ocrx_word' id='word_1_38' title='bbox 471 760 664 832; x_wconf 90' lang='lat' dir='ltr'><strong>placuit</strong></span> <span class='ocrx_word' id='word_1_39' title='bbox 696 758 800 814; x_wconf 92' lang='lat' dir='ltr'><strong>illis</strong></span> <span class='ocrx_word' id='word_1_40' title='bbox 821 768 1045 828; x_wconf 79' lang='lat' dir='ltr'><strong>potestas</strong></span> <span class='ocrx_word' id='word_1_41' title='bbox 1073 759 1210 829; x_wconf 87' lang='lat' dir='ltr'><strong>ejus,</strong></span> <span class='ocrx_word' id='word_1_42' title='bbox 1240 768 1288 811; x_wconf 91' lang='lat' dir='ltr'><strong>et</strong></span> <span class='ocrx_word' id='word_1_43' title='bbox 1309 756 1478 829; x_wconf 82' lang='lat' dir='ltr'><strong><em>gloria</em></strong></span> <span class='ocrx_word' id='word_1_44' title='bbox 1507 757 1621 828; x_wconf 85' lang='lat' dir='ltr'><strong>ejus</strong></span> <span class='ocrx_word' id='word_1_45' title='bbox 1650 756 1888 812; x_wconf 88' lang='lat' dir='ltr'><strong>omnibus</strong></span> 
     </span>
    </p>
   </div>
   <div class='ocr_carea' id='block_1_7' title="bbox 310 844 1891 919">
    <p class='ocr_par' dir='ltr' id='par_1_7' title="bbox 310 844 1891 919">
     <span class='ocr_line' id='line_1_7' title="bbox 310 844 1891 919; baseline -0.004 -11"><span class='ocrx_word' id='word_1_46' title='bbox 310 852 510 908; x_wconf 86' lang='lat' dir='ltr'><strong>diebus.</strong></span> <span class='ocrx_word' id='word_1_47' title='bbox 544 844 736 906; x_wconf 78' lang='lat' dir='ltr'><strong>Omnia</strong></span> <span class='ocrx_word' id='word_1_48' title='bbox 778 848 1030 904; x_wconf 81' lang='lat' dir='ltr'><strong>videlicet</strong></span> <span class='ocrx_word' id='word_1_49' title='bbox 1068 849 1212 904; x_wconf 91' lang='lat' dir='ltr'><strong>bona</strong></span> <span class='ocrx_word' id='word_1_50' title='bbox 1248 847 1317 902; x_wconf 90' lang='lat' dir='ltr'><strong>ab</strong></span> <span class='ocrx_word' id='word_1_51' title='bbox 1362 846 1478 919; x_wconf 90' lang='lat' dir='ltr'><strong>ipso</strong></span> <span class='ocrx_word' id='word_1_52' title='bbox 1528 845 1720 903; x_wconf 88' lang='lat' dir='ltr'><strong>collata</strong></span> <span class='ocrx_word' id='word_1_53' title='bbox 1763 855 1891 902; x_wconf 87' lang='lat' dir='ltr'><strong>sunt</strong></span> 
     </span>
    </p>
   </div>
   <div class='ocr_carea' id='block_1_8' title="bbox 309 934 1893 1008">
    <p class='ocr_par' dir='ltr' id='par_1_8' title="bbox 309 934 1893 1008">
     <span class='ocr_line' id='line_1_8' title="bbox 309 934 1893 1008; baseline -0.004 -9"><span class='ocrx_word' id='word_1_54' title='bbox 309 940 566 999; x_wconf 75' lang='lat' dir='ltr'><strong>Ecclesia:</strong></span> <span class='ocrx_word' id='word_1_55' title='bbox 595 941 648 996; x_wconf 92' lang='lat' dir='ltr'><strong>in</strong></span> <span class='ocrx_word' id='word_1_56' title='bbox 677 940 1048 996; x_wconf 82' lang='lat' dir='ltr'><strong>remissionem</strong></span> <span class='ocrx_word' id='word_1_57' title='bbox 1094 947 1441 1008; x_wconf 83' lang='lat' dir='ltr'><strong>peccatorum</strong></span> <span class='ocrx_word' id='word_1_58' title='bbox 1485 947 1539 993; x_wconf 90' lang='lat' dir='ltr'><strong>et</strong></span> <span class='ocrx_word' id='word_1_59' title='bbox 1576 934 1893 993; x_wconf 90' lang='lat' dir='ltr'><strong>dominatio-</strong></span> 
     </span>
    </p>
   </div>
   <div class='ocr_carea' id='block_1_9' title="bbox 309 1026 1891 1101">
    <p class='ocr_par' dir='ltr' id='par_1_9' title="bbox 309 1026 1891 1101">
     <span class='ocr_line' id='line_1_9' title="bbox 309 1026 1891 1101; baseline -0.004 -13"><span class='ocrx_word' id='word_1_60' title='bbox 309 1038 435 1088; x_wconf 85' lang='lat' dir='ltr'><strong>nem</strong></span> <span class='ocrx_word' id='word_1_61' title='bbox 464 1026 746 1086; x_wconf 70' lang='lat' dir='ltr'><strong>virtulum.</strong></span> <span class='ocrx_word' id='word_1_62' title='bbox 782 1030 931 1086; x_wconf 87' lang='lat' dir='ltr'><strong>Unde</strong></span> <span class='ocrx_word' id='word_1_63' title='bbox 973 1029 1268 1101; x_wconf 91' lang='lat' dir='ltr'><strong>complacet</strong></span> <span class='ocrx_word' id='word_1_64' title='bbox 1315 1029 1390 1084; x_wconf 88' lang='lat' dir='ltr'><strong>illi</strong></span> <span class='ocrx_word' id='word_1_65' title='bbox 1421 1037 1663 1100; x_wconf 78' lang='lat' dir='ltr'><strong>potestas</strong></span> <span class='ocrx_word' id='word_1_66' title='bbox 1691 1026 1810 1098; x_wconf 85' lang='lat' dir='ltr'><strong>ejus</strong></span> <span class='ocrx_word' id='word_1_67' title='bbox 1836 1036 1891 1084; x_wconf 90' lang='lat' dir='ltr'><strong>et</strong></span> 
     </span>
    </p>
   </div>
   <div class='ocr_carea' id='block_1_10' title="bbox 310 1114 1884 1195">
    <p class='ocr_par' dir='ltr' id='par_1_10' title="bbox 310 1114 1884 1195">
     <span class='ocr_line' id='line_1_10' title="bbox 310 1114 1884 1195; baseline -0.002 -19"><span class='ocrx_word' id='word_1_68' title='bbox 310 1123 478 1195; x_wconf 85' lang='lat' dir='ltr'><strong>gloria</strong></span> <span class='ocrx_word' id='word_1_69' title='bbox 496 1114 634 1194; x_wconf 72' lang='lat' dir='ltr'><strong>e’jus,</strong></span> <span class='ocrx_word' id='word_1_70' title='bbox 654 1122 780 1192; x_wconf 75' lang='lat' dir='ltr'><strong>quia</strong></span> <span class='ocrx_word' id='word_1_71' title='bbox 812 1121 886 1175; x_wconf 86' lang='lat' dir='ltr'><strong>illi</strong></span> <span class='ocrx_word' id='word_1_72' title='bbox 917 1120 1015 1176; x_wconf 93' lang='lat' dir='ltr'><strong>soli</strong></span> <span class='ocrx_word' id='word_1_73' title='bbox 1041 1121 1244 1176; x_wconf 83' lang='lat' dir='ltr'><strong>servire</strong></span> <span class='ocrx_word' id='word_1_74' title='bbox 1268 1120 1415 1175; x_wconf 90' lang='lat' dir='ltr'><strong>omni</strong></span> <span class='ocrx_word' id='word_1_75' title='bbox 1449 1128 1689 1191; x_wconf 90' lang='lat' dir='ltr'><strong>tempore</strong></span> <span class='ocrx_word' id='word_1_76' title='bbox 1704 1118 1884 1191; x_wconf 90' lang='lat' dir='ltr'><strong>elegit.</strong></span> 
     </span>
    </p>
   </div>
   <div class='ocr_carea' id='block_1_11' title="bbox 381 1200 1891 1285">
    <p class='ocr_par' dir='ltr' id='par_1_11' title="bbox 381 1200 1891 1285">
     <span class='ocr_line' id='line_1_11' title="bbox 381 1200 1891 1285; baseline -0.002 -18"><span class='ocrx_word' id='word_1_77' title='bbox 381 1210 501 1285; x_wconf 70' lang='lat' dir='ltr'><strong>Ipse</strong></span> <span class='ocrx_word' id='word_1_78' title='bbox 526 1212 720 1284; x_wconf 89' lang='lat' dir='ltr'><strong>accepit</strong></span> <span class='ocrx_word' id='word_1_79' title='bbox 744 1200 968 1282; x_wconf 56' lang='lat' dir='ltr'><strong>Ioppem</strong></span> <span class='ocrx_word' id='word_1_80' title='bbox 1002 1211 1055 1264; x_wconf 91' lang='lat' dir='ltr'><strong>in</strong></span> <span class='ocrx_word' id='word_1_81' title='bbox 1079 1221 1283 1282; x_wconf 90' lang='lat' dir='ltr'><strong>portum</strong></span> <span class='ocrx_word' id='word_1_82' title='bbox 1304 1216 1350 1265; x_wconf 80' lang='lat' dir='ltr'><strong>e‘t</strong></span> <span class='ocrx_word' id='word_1_83' title='bbox 1386 1210 1509 1281; x_wconf 77' lang='lat' dir='ltr'><strong>fecit</strong></span> <span class='ocrx_word' id='word_1_84' title='bbox 1539 1209 1809 1264; x_wconf 82' lang='lat' dir='ltr'><strong>introitum</strong></span> <span class='ocrx_word' id='word_1_85' title='bbox 1834 1208 1891 1264; x_wconf 91' lang='lat' dir='ltr'><strong>in</strong></span> 
     </span>
    </p>
   </div>
   <div class='ocr_carea' id='block_1_12' title="bbox 306 1294 1890 1372">
    <p class='ocr_par' dir='ltr' id='par_1_12' title="bbox 306 1294 1890 1372">
     <span class='ocr_line' id='line_1_12' title="bbox 306 1294 1890 1372; baseline -0.004 -12"><span class='ocrx_word' id='word_1_86' title='bbox 306 1300 497 1360; x_wconf 82' lang='lat' dir='ltr'><strong><em>insulis</em></strong></span> <span class='ocrx_word' id='word_1_87' title='bbox 537 1303 717 1358; x_wconf 85' lang='lat' dir='ltr'><strong>maris.</strong></span> <span class='ocrx_word' id='word_1_88' title='bbox 761 1294 894 1356; x_wconf 84' lang='lat' dir='ltr'><strong>Cum</strong></span> <span class='ocrx_word' id='word_1_89' title='bbox 946 1301 1226 1357; x_wconf 86' lang='lat' dir='ltr'><strong>introitum</strong></span> <span class='ocrx_word' id='word_1_90' title='bbox 1270 1299 1393 1355; x_wconf 90' lang='lat' dir='ltr'><strong>ﬁdei</strong></span> <span class='ocrx_word' id='word_1_91' title='bbox 1425 1317 1491 1356; x_wconf 84' lang='lat' dir='ltr'><strong>ex</strong></span> <span class='ocrx_word' id='word_1_92' title='bbox 1522 1300 1761 1372; x_wconf 88' lang='lat' dir='ltr'><strong>gentium</strong></span> <span class='ocrx_word' id='word_1_93' title='bbox 1790 1314 1890 1371; x_wconf 87' lang='lat' dir='ltr'><strong>po-</strong></span> 
     </span>
    </p>
   </div>
   <div class='ocr_carea' id='block_1_13' title="bbox 309 1388 1891 1468">
    <p class='ocr_par' dir='ltr' id='par_1_13' title="bbox 309 1388 1891 1468">
     <span class='ocr_line' id='line_1_13' title="bbox 309 1388 1891 1468; baseline -0.002 -18"><span class='ocrx_word' id='word_1_94' title='bbox 309 1396 436 1468; x_wconf 84' lang='lat' dir='ltr'><strong>pulo</strong></span> <span class='ocrx_word' id='word_1_95' title='bbox 485 1392 586 1451; x_wconf 81' lang='lat' dir='ltr'><strong>sibi</strong></span> <span class='ocrx_word' id='word_1_96' title='bbox 633 1394 886 1450; x_wconf 68' lang='lat' dir='ltr'><strong>fundavit</strong></span> <span class='ocrx_word' id='word_1_97' title='bbox 938 1388 1254 1458; x_wconf 76' lang='lat' dir='ltr'><strong>Ecclesium,</strong></span> <span class='ocrx_word' id='word_1_98' title='bbox 1310 1394 1453 1449; x_wconf 89' lang='lat' dir='ltr'><strong>unde</strong></span> <span class='ocrx_word' id='word_1_99' title='bbox 1506 1393 1787 1449; x_wconf 87' lang='lat' dir='ltr'><strong>introitum</strong></span> <span class='ocrx_word' id='word_1_100' title='bbox 1836 1392 1891 1448; x_wconf 91' lang='lat' dir='ltr'><strong>in</strong></span> 
     </span>
    </p>
   </div>
   <div class='ocr_carea' id='block_1_14' title="bbox 310 1488 1888 1562">
    <p class='ocr_par' dir='ltr' id='par_1_14' title="bbox 310 1488 1888 1562">
     <span class='ocr_line' id='line_1_14' title="bbox 310 1488 1888 1562; baseline -0.002 -16"><span class='ocrx_word' id='word_1_101' title='bbox 310 1490 436 1548; x_wconf 89' lang='lat' dir='ltr'><strong>ﬁdei</strong></span> <span class='ocrx_word' id='word_1_102' title='bbox 460 1507 553 1562; x_wconf 91' lang='lat' dir='ltr'><strong>per</strong></span> <span class='ocrx_word' id='word_1_103' title='bbox 576 1488 924 1561; x_wconf 88' lang='lat' dir='ltr'><strong>Evangelium</strong></span> <span class='ocrx_word' id='word_1_104' title='bbox 947 1489 1211 1559; x_wconf 83' lang='lat' dir='ltr'><strong>panderet</strong></span> <span class='ocrx_word' id='word_1_105' title='bbox 1239 1488 1487 1559; x_wconf 83' lang='lat' dir='ltr'><strong>gentibus</strong></span> <span class='ocrx_word' id='word_1_106' title='bbox 1513 1488 1679 1544; x_wconf 82' lang='lat' dir='ltr'><strong>totius</strong></span> <span class='ocrx_word' id='word_1_107' title='bbox 1720 1488 1888 1545; x_wconf 87' lang='lat' dir='ltr'><strong>orbis.</strong></span> 
     </span>
    </p>
   </div>
   <div class='ocr_carea' id='block_1_15' title="bbox 310 1577 1893 1652">
    <p class='ocr_par' dir='ltr' id='par_1_15' title="bbox 310 1577 1893 1652">
     <span class='ocr_line' id='line_1_15' title="bbox 310 1577 1893 1652; baseline 0.001 -17"><span class='ocrx_word' id='word_1_108' title='bbox 310 1577 478 1652; x_wconf 85' lang='lat' dir='ltr'><strong>Joppe</strong></span> <span class='ocrx_word' id='word_1_109' title='bbox 498 1580 833 1651; x_wconf 82' lang='lat' dir='ltr'><strong>pulchritudo</strong></span> <span class='ocrx_word' id='word_1_110' title='bbox 858 1580 1264 1650; x_wconf 81' lang='lat' dir='ltr'><strong>interpretatur,</strong></span> <span class='ocrx_word' id='word_1_111' title='bbox 1288 1588 1343 1635; x_wconf 89' lang='lat' dir='ltr'><strong>et</strong></span> <span class='ocrx_word' id='word_1_112' title='bbox 1364 1595 1483 1648; x_wconf 76' lang='lat' dir='ltr'><strong>quae</strong></span> <span class='ocrx_word' id='word_1_113' title='bbox 1508 1578 1786 1649; x_wconf 87' lang='lat' dir='ltr'><strong>pulchrior</strong></span> <span class='ocrx_word' id='word_1_114' title='bbox 1811 1589 1893 1636; x_wconf 89' lang='lat' dir='ltr'><strong>est</strong></span> 
     </span>
    </p>
   </div>
   <div class='ocr_carea' id='block_1_16' title="bbox 310 1668 1893 1740">
    <p class='ocr_par' dir='ltr' id='par_1_16' title="bbox 310 1668 1893 1740">
     <span class='ocr_line' id='line_1_16' title="bbox 310 1668 1893 1740; baseline -0.001 -14"><span class='ocrx_word' id='word_1_115' title='bbox 310 1678 497 1726; x_wconf 85' lang='lat' dir='ltr'><strong>sancta</strong></span> <span class='ocrx_word' id='word_1_116' title='bbox 525 1670 766 1725; x_wconf 82' lang='lat' dir='ltr'><strong>Ecclesia</strong></span> <span class='ocrx_word' id='word_1_117' title='bbox 805 1669 891 1725; x_wconf 91' lang='lat' dir='ltr'><strong>cui</strong></span> <span class='ocrx_word' id='word_1_118' title='bbox 934 1684 1163 1740; x_wconf 91' lang='lat' dir='ltr'><strong>sponsus</strong></span> <span class='ocrx_word' id='word_1_119' title='bbox 1206 1670 1259 1725; x_wconf 91' lang='lat' dir='ltr'><strong>in</strong></span> <span class='ocrx_word' id='word_1_120' title='bbox 1306 1668 1529 1725; x_wconf 87' lang='lat' dir='ltr'><strong>Cantico</strong></span> <span class='ocrx_word' id='word_1_121' title='bbox 1559 1671 1893 1727; x_wconf 82' lang='lat' dir='ltr'><strong>canticorum</strong></span> 
     </span>
    </p>
   </div>
   <div class='ocr_carea' id='block_1_17' title="bbox 311 1760 1895 1833">
    <p class='ocr_par' dir='ltr' id='par_1_17' title="bbox 311 1760 1895 1833">
     <span class='ocr_line' id='line_1_17' title="bbox 311 1760 1895 1833; baseline 0 -16"><span class='ocrx_word' id='word_1_122' title='bbox 311 1763 387 1818; x_wconf 88' lang='lat' dir='ltr'><strong>ait</strong></span> <span class='ocrx_word' id='word_1_123' title='bbox 423 1781 435 1816; x_wconf 90' lang='lat'><strong>:</strong></span> <span class='ocrx_word' id='word_1_124' title='bbox 472 1760 645 1829; x_wconf 81' lang='lat' dir='ltr'><strong>Quam</strong></span> <span class='ocrx_word' id='word_1_125' title='bbox 692 1761 910 1833; x_wconf 87' lang='lat' dir='ltr'><strong>pulchra</strong></span> <span class='ocrx_word' id='word_1_126' title='bbox 951 1778 1025 1828; x_wconf 90' lang='lat' dir='ltr'><strong>es,</strong></span> <span class='ocrx_word' id='word_1_127' title='bbox 1075 1762 1245 1816; x_wconf 87' lang='lat' dir='ltr'><strong>amica</strong></span> <span class='ocrx_word' id='word_1_128' title='bbox 1284 1779 1420 1829; x_wconf 89' lang='lat' dir='ltr'><strong>mea,</strong></span> <span class='ocrx_word' id='word_1_129' title='bbox 1470 1779 1628 1833; x_wconf 91' lang='lat' dir='ltr'><strong>quam</strong></span> <span class='ocrx_word' id='word_1_130' title='bbox 1673 1761 1895 1833; x_wconf 84' lang='lat' dir='ltr'><strong>pulchra</strong></span> 
     </span>
    </p>
   </div>
   <div class='ocr_carea' id='block_1_18' title="bbox 308 1852 1895 1924">
    <p class='ocr_par' dir='ltr' id='par_1_18' title="bbox 308 1852 1895 1924">
     <span class='ocr_line' id='line_1_18' title="bbox 308 1852 1895 1924; baseline -0.002 -14"><span class='ocrx_word' id='word_1_131' title='bbox 308 1874 382 1921; x_wconf 89' lang='lat' dir='ltr'><strong>es,</strong></span> <span class='ocrx_word' id='word_1_132' title='bbox 430 1852 567 1908; x_wconf 91' lang='lat' dir='ltr'><strong>oculi</strong></span> <span class='ocrx_word' id='word_1_133' title='bbox 594 1854 670 1907; x_wconf 92' lang='lat' dir='ltr'><strong>tui</strong></span> <span class='ocrx_word' id='word_1_134' title='bbox 713 1853 1070 1907; x_wconf 82' lang='lat' dir='ltr'><strong>columbarum</strong></span> <span class='ocrx_word' id='word_1_135' title='bbox 1106 1852 1297 1924; x_wconf 86' lang='lat' dir='ltr'><strong>absque</strong></span> <span class='ocrx_word' id='word_1_136' title='bbox 1334 1869 1393 1907; x_wconf 90' lang='lat' dir='ltr'><strong>eo</strong></span> <span class='ocrx_word' id='word_1_137' title='bbox 1417 1853 1555 1923; x_wconf 91' lang='lat' dir='ltr'><strong>quod</strong></span> <span class='ocrx_word' id='word_1_138' title='bbox 1586 1853 1895 1908; x_wconf 81' lang='lat' dir='ltr'><strong>intrinsecus</strong></span> 
     </span>
    </p>
   </div>
   <div class='ocr_carea' id='block_1_19' title="bbox 1987 654 3023 737">
    <p class='ocr_par' dir='ltr' id='par_1_19' title="bbox 1987 654 3023 737">
     <span class='ocr_line' id='line_1_19' title="bbox 1987 654 3023 737; baseline -0.002 -19"><span class='ocrx_word' id='word_1_139' title='bbox 1987 666 2076 736; x_wconf 88' lang='lat' dir='ltr'><strong>qui</strong></span> <span class='ocrx_word' id='word_1_140' title='bbox 2108 665 2227 735; x_wconf 82' lang='lat' dir='ltr'><strong>fecit</strong></span> <span class='ocrx_word' id='word_1_141' title='bbox 2270 675 2487 735; x_wconf 90' lang='lat' dir='ltr'><strong>utraque</strong></span> <span class='ocrx_word' id='word_1_142' title='bbox 2514 681 2673 718; x_wconf 89' lang='lat' dir='ltr'><strong>unum</strong></span> <span class='ocrx_word' id='word_1_143' title='bbox 2700 663 2915 737; x_wconf 85' lang='lat' dir='ltr'><strong>(Ephes.</strong></span> <span class='ocrx_word' id='word_1_144' title='bbox 2942 654 3023 735; x_wconf 83' lang='grc' dir='ltr'>ιι).</span> 
     </span>
    </p>
   </div>
   <div class='ocr_carea' id='block_1_20' title="bbox 2060 744 3575 825">
    <p class='ocr_par' dir='ltr' id='par_1_20' title="bbox 2060 744 3575 825">
     <span class='ocr_line' id='line_1_20' title="bbox 2060 744 3575 825; baseline 0.003 -18"><span class='ocrx_word' id='word_1_145' title='bbox 2060 752 2131 808; x_wconf 86' lang='lat' dir='ltr'><strong>Et</strong></span> <span class='ocrx_word' id='word_1_146' title='bbox 2160 753 2368 809; x_wconf 74' lang='lat' dir='ltr'><strong>(tutatus</strong></span> <span class='ocrx_word' id='word_1_147' title='bbox 2394 762 2468 809; x_wconf 89' lang='lat' dir='ltr'><strong>est</strong></span> <span class='ocrx_word' id='word_1_148' title='bbox 2500 752 2669 808; x_wconf 84' lang='lat' dir='ltr'><strong>Israel</strong></span> <span class='ocrx_word' id='word_1_149' title='bbox 2695 752 2880 809; x_wconf 76' lang='lat' dir='ltr'><strong>ltrtitia</strong></span> <span class='ocrx_word' id='word_1_150' title='bbox 2904 770 3115 825; x_wconf 89' lang='lat' dir='ltr'><strong>magna.</strong></span> <span class='ocrx_word' id='word_1_151' title='bbox 3140 744 3283 822; x_wconf 81' lang='lat' dir='ltr'><strong>‘Quia</strong></span> <span class='ocrx_word' id='word_1_152' title='bbox 3308 754 3575 811; x_wconf 77' lang='lat' dir='ltr'><strong>la&#39;tabitur</strong></span> 
     </span>
    </p>
   </div>
   <div class='ocr_carea' id='block_1_21' title="bbox 1982 845 3576 918">
    <p class='ocr_par' dir='ltr' id='par_1_21' title="bbox 1982 845 3576 918">
     <span class='ocr_line' id='line_1_21' title="bbox 1982 845 3576 918; baseline 0.001 -17"><span class='ocrx_word' id='word_1_153' title='bbox 1982 847 2162 918; x_wconf 86' lang='lat' dir='ltr'><strong>justus</strong></span> <span class='ocrx_word' id='word_1_154' title='bbox 2188 847 2243 901; x_wconf 88' lang='lat' dir='ltr'><strong>in</strong></span> <span class='ocrx_word' id='word_1_155' title='bbox 2283 846 2529 911; x_wconf 84' lang='lat' dir='ltr'><strong>Domino,</strong></span> <span class='ocrx_word' id='word_1_156' title='bbox 2569 856 2616 901; x_wconf 93' lang='lat' dir='ltr'><strong>et</strong></span> <span class='ocrx_word' id='word_1_157' title='bbox 2650 846 2876 918; x_wconf 85' lang='lat' dir='ltr'><strong>sperabit</strong></span> <span class='ocrx_word' id='word_1_158' title='bbox 2917 846 2975 901; x_wconf 86' lang='lat' dir='ltr'><strong>in</strong></span> <span class='ocrx_word' id='word_1_159' title='bbox 3008 863 3093 915; x_wconf 88' lang='lat' dir='ltr'><strong>eo,</strong></span> <span class='ocrx_word' id='word_1_160' title='bbox 3122 854 3170 902; x_wconf 94' lang='lat' dir='ltr'><strong>et</strong></span> <span class='ocrx_word' id='word_1_161' title='bbox 3213 845 3576 903; x_wconf 68' lang='lat' dir='ltr'><strong>laudabuntur</strong></span> 
     </span>
    </p>
   </div>
   <div class='ocr_carea' id='block_1_22' title="bbox 1992 935 2910 1010">
    <p class='ocr_par' dir='ltr' id='par_1_22' title="bbox 1992 935 2910 1010">
     <span class='ocr_line' id='line_1_22' title="bbox 1992 935 2910 1010; baseline -0.002 -16"><span class='ocrx_word' id='word_1_162' title='bbox 1992 955 2168 994; x_wconf 89' lang='lat' dir='ltr'><strong>omnes</strong></span> <span class='ocrx_word' id='word_1_163' title='bbox 2202 939 2328 993; x_wconf 90' lang='lat' dir='ltr'><strong>recti</strong></span> <span class='ocrx_word' id='word_1_164' title='bbox 2354 938 2510 992; x_wconf 88' lang='lat' dir='ltr'><strong>corde</strong></span> <span class='ocrx_word' id='word_1_165' title='bbox 2536 935 2707 1010; x_wconf 86' lang='lat' dir='ltr'><strong>(Psal.</strong></span> <span class='ocrx_word' id='word_1_166' title='bbox 2735 935 2910 1010; x_wconf 76' lang='lat' dir='ltr'><strong>um).</strong></span> 
     </span>
    </p>
   </div>
   <div class='ocr_carea' id='block_1_23' title="bbox 2061 1020 3571 1101">
    <p class='ocr_par' dir='ltr' id='par_1_23' title="bbox 2061 1020 3571 1101">
     <span class='ocr_line' id='line_1_23' title="bbox 2061 1020 3571 1101; baseline 0.001 -16"><span class='ocrx_word' id='word_1_167' title='bbox 2061 1031 2131 1085; x_wconf 85' lang='lat' dir='ltr'><em>Et</em></span> <span class='ocrx_word' id='word_1_168' title='bbox 2162 1031 2293 1086; x_wconf 85' lang='lat' dir='ltr'><strong>sedit</strong></span> <span class='ocrx_word' id='word_1_169' title='bbox 2334 1031 2688 1101; x_wconf 81' lang='lat' dir='ltr'><strong>unusquisque</strong></span> <span class='ocrx_word' id='word_1_170' title='bbox 2732 1030 2825 1084; x_wconf 86' lang='lat' dir='ltr'><strong>sub</strong></span> <span class='ocrx_word' id='word_1_171' title='bbox 2857 1030 2955 1085; x_wconf 90' lang='lat' dir='ltr'><strong>vite</strong></span> <span class='ocrx_word' id='word_1_172' title='bbox 2988 1030 3088 1085; x_wconf 82' lang='lat' dir='ltr'><strong>sua</strong></span> <span class='ocrx_word' id='word_1_173' title='bbox 3113 1020 3161 1085; x_wconf 67' lang='lat' dir='ltr'><strong>ei</strong></span> <span class='ocrx_word' id='word_1_174' title='bbox 3190 1031 3297 1099; x_wconf 43' lang='lat' dir='ltr'><strong>.sub</strong></span> <span class='ocrx_word' id='word_1_175' title='bbox 3324 1026 3571 1099; x_wconf 82' lang='lat' dir='ltr'><strong>ﬁculnea,</strong></span> 
     </span>
    </p>
   </div>
   <div class='ocr_carea' id='block_1_24' title="bbox 1994 1118 3574 1195">
    <p class='ocr_par' dir='ltr' id='par_1_24' title="bbox 1994 1118 3574 1195">
     <span class='ocr_line' id='line_1_24' title="bbox 1994 1118 3574 1195; baseline 0 -16"><span class='ocrx_word' id='word_1_176' title='bbox 1994 1141 2087 1179; x_wconf 89' lang='lat' dir='ltr'><strong>nec</strong></span> <span class='ocrx_word' id='word_1_177' title='bbox 2112 1133 2222 1179; x_wconf 89' lang='lat' dir='ltr'><strong>erat</strong></span> <span class='ocrx_word' id='word_1_178' title='bbox 2242 1120 2332 1195; x_wconf 82' lang='lat' dir='ltr'><strong>qui</strong></span> <span class='ocrx_word' id='word_1_179' title='bbox 2355 1141 2441 1180; x_wconf 86' lang='lat' dir='ltr'><strong>eos</strong></span> <span class='ocrx_word' id='word_1_180' title='bbox 2463 1134 2695 1179; x_wconf 89' lang='lat' dir='ltr'><strong>terreret.</strong></span> <span class='ocrx_word' id='word_1_181' title='bbox 2739 1122 2852 1179; x_wconf 83' lang='lat' dir='ltr'><strong>Hoc</strong></span> <span class='ocrx_word' id='word_1_182' title='bbox 2886 1132 2969 1180; x_wconf 89' lang='lat' dir='ltr'><strong>est</strong></span> <span class='ocrx_word' id='word_1_183' title='bbox 3005 1123 3159 1194; x_wconf 83' lang='lat' dir='ltr'><strong>juxta</strong></span> <span class='ocrx_word' id='word_1_184' title='bbox 3184 1118 3314 1180; x_wconf 91' lang='lat' dir='ltr'><strong>illud</strong></span> <span class='ocrx_word' id='word_1_185' title='bbox 3345 1126 3490 1195; x_wconf 89' lang='lat' dir='ltr'><strong>quod</strong></span> <span class='ocrx_word' id='word_1_186' title='bbox 3519 1125 3574 1180; x_wconf 91' lang='lat' dir='ltr'><strong>in</strong></span> 
     </span>
    </p>
   </div>
   <div class='ocr_carea' id='block_1_25' title="bbox 1993 1214 3577 1287">
    <p class='ocr_par' dir='ltr' id='par_1_25' title="bbox 1993 1214 3577 1287">
     <span class='ocr_line' id='line_1_25' title="bbox 1993 1214 3577 1287; baseline 0.001 -16"><span class='ocrx_word' id='word_1_187' title='bbox 1993 1214 2230 1271; x_wconf 68' lang='lat' dir='ltr'><strong>Macbaza</strong></span> <span class='ocrx_word' id='word_1_188' title='bbox 2268 1214 2465 1272; x_wconf 90' lang='lat' dir='ltr'><strong>dicitur</strong></span> <span class='ocrx_word' id='word_1_189' title='bbox 2511 1234 2523 1270; x_wconf 91' lang='lat'>:</span> <span class='ocrx_word' id='word_1_190' title='bbox 2574 1214 2875 1287; x_wconf 85' lang='lat' dir='ltr'><strong>Requiescet</strong></span> <span class='ocrx_word' id='word_1_191' title='bbox 2930 1215 3284 1287; x_wconf 85' lang='lat' dir='ltr'><strong>unusquisque</strong></span> <span class='ocrx_word' id='word_1_192' title='bbox 3334 1217 3429 1271; x_wconf 86' lang='lat' dir='ltr'><strong>sub</strong></span> <span class='ocrx_word' id='word_1_193' title='bbox 3480 1218 3577 1273; x_wconf 88' lang='lat' dir='ltr'><strong>vite</strong></span> 
     </span>
    </p>
   </div>
   <div class='ocr_carea' id='block_1_26' title="bbox 1993 1304 3575 1377">
    <p class='ocr_par' dir='ltr' id='par_1_26' title="bbox 1993 1304 3575 1377">
     <span class='ocr_line' id='line_1_26' title="bbox 1993 1304 3575 1377; baseline -0.001 -17"><span class='ocrx_word' id='word_1_194' title='bbox 1993 1323 2091 1360; x_wconf 85' lang='lat' dir='ltr'><strong>sua</strong></span> <span class='ocrx_word' id='word_1_195' title='bbox 2140 1314 2186 1360; x_wconf 87' lang='lat' dir='ltr'><strong>et</strong></span> <span class='ocrx_word' id='word_1_196' title='bbox 2231 1304 2325 1359; x_wconf 90' lang='lat' dir='ltr'><strong>sub</strong></span> <span class='ocrx_word' id='word_1_197' title='bbox 2365 1304 2591 1374; x_wconf 84' lang='lat' dir='ltr'><strong>ﬁculnea</strong></span> <span class='ocrx_word' id='word_1_198' title='bbox 2636 1320 2752 1368; x_wconf 88' lang='lat' dir='ltr'><strong>sua,</strong></span> <span class='ocrx_word' id='word_1_199' title='bbox 2798 1314 2846 1359; x_wconf 91' lang='lat' dir='ltr'><strong>et</strong></span> <span class='ocrx_word' id='word_1_200' title='bbox 2892 1322 2996 1360; x_wconf 92' lang='lat' dir='ltr'><strong>non</strong></span> <span class='ocrx_word' id='word_1_201' title='bbox 3039 1305 3136 1359; x_wconf 91' lang='lat' dir='ltr'><strong>erit</strong></span> <span class='ocrx_word' id='word_1_202' title='bbox 3185 1308 3274 1377; x_wconf 90' lang='lat' dir='ltr'><strong>qui</strong></span> <span class='ocrx_word' id='word_1_203' title='bbox 3320 1316 3575 1361; x_wconf 74' lang='lat' dir='ltr'><strong>exterreat</strong></span> 
     </span>
    </p>
   </div>
   <div class='ocr_carea' id='block_1_27' title="bbox 1995 1392 3579 1468">
    <p class='ocr_par' dir='ltr' id='par_1_27' title="bbox 1995 1392 3579 1468">
     <span class='ocr_line' id='line_1_27' title="bbox 1995 1392 3579 1468; baseline 0.001 -19"><span class='ocrx_word' id='word_1_204' title='bbox 1995 1392 2117 1468; x_wconf 88' lang='lat' dir='ltr'><strong>(III</strong></span> <span class='ocrx_word' id='word_1_205' title='bbox 2142 1394 2268 1467; x_wconf 82' lang='lat' dir='ltr'><strong>Reg.</strong></span> <span class='ocrx_word' id='word_1_206' title='bbox 2317 1395 2414 1467; x_wconf 84' lang='lat' dir='ltr'><strong>tv).</strong></span> <span class='ocrx_word' id='word_1_207' title='bbox 2447 1393 2574 1450; x_wconf 70' lang='lat' dir='ltr'><strong>Haec</strong></span> <span class='ocrx_word' id='word_1_208' title='bbox 2604 1404 2689 1450; x_wconf 92' lang='lat' dir='ltr'><strong>est</strong></span> <span class='ocrx_word' id='word_1_209' title='bbox 2710 1396 2866 1449; x_wconf 78' lang='lat' dir='ltr'><strong>vinea</strong></span> <span class='ocrx_word' id='word_1_210' title='bbox 2912 1411 3032 1465; x_wconf 62' lang='lat' dir='ltr'><strong>quae</strong></span> <span class='ocrx_word' id='word_1_211' title='bbox 3081 1395 3136 1450; x_wconf 91' lang='lat' dir='ltr'><strong>in</strong></span> <span class='ocrx_word' id='word_1_212' title='bbox 3180 1394 3469 1466; x_wconf 85' lang='lat' dir='ltr'><strong>Evangelio</strong></span> <span class='ocrx_word' id='word_1_213' title='bbox 3502 1397 3579 1451; x_wconf 88' lang='lat' dir='ltr'><strong>lo-</strong></span> 
     </span>
    </p>
   </div>
   <div class='ocr_carea' id='block_1_28' title="bbox 1995 1484 3581 1557">
    <p class='ocr_par' dir='ltr' id='par_1_28' title="bbox 1995 1484 3581 1557">
     <span class='ocr_line' id='line_1_28' title="bbox 1995 1484 3581 1557; baseline 0 -18"><span class='ocrx_word' id='word_1_214' title='bbox 1995 1487 2299 1557; x_wconf 86' lang='lat' dir='ltr'><strong>quebatur:</strong></span> <span class='ocrx_word' id='word_1_215' title='bbox 2333 1485 2445 1557; x_wconf 86' lang='lat' dir='ltr'><strong>Ego</strong></span> <span class='ocrx_word' id='word_1_216' title='bbox 2494 1502 2609 1540; x_wconf 90' lang='lat' dir='ltr'><strong>sum</strong></span> <span class='ocrx_word' id='word_1_217' title='bbox 2660 1487 2775 1540; x_wconf 90' lang='lat' dir='ltr'><strong>vitis</strong></span> <span class='ocrx_word' id='word_1_218' title='bbox 2818 1493 2865 1540; x_wconf 91' lang='lat' dir='ltr'><strong>et</strong></span> <span class='ocrx_word' id='word_1_219' title='bbox 2902 1502 2990 1539; x_wconf 87' lang='lat' dir='ltr'><strong>vos</strong></span> <span class='ocrx_word' id='word_1_220' title='bbox 3036 1484 3274 1556; x_wconf 88' lang='lat' dir='ltr'><strong>palmites</strong></span> <span class='ocrx_word' id='word_1_221' title='bbox 3320 1496 3370 1541; x_wconf 89' lang='lat' dir='ltr'><strong>et-</strong></span> <span class='ocrx_word' id='word_1_222' title='bbox 3418 1484 3581 1540; x_wconf 88' lang='lat' dir='ltr'><strong>Pater</strong></span> 
     </span>
    </p>
   </div>
   <div class='ocr_carea' id='block_1_29' title="bbox 1995 1574 3575 1647">
    <p class='ocr_par' dir='ltr' id='par_1_29' title="bbox 1995 1574 3575 1647">
     <span class='ocr_line' id='line_1_29' title="bbox 1995 1574 3575 1647; baseline 0 -17"><span class='ocrx_word' id='word_1_223' title='bbox 1995 1592 2141 1631; x_wconf 85' lang='lat' dir='ltr'><strong>meus</strong></span> <span class='ocrx_word' id='word_1_224' title='bbox 2169 1574 2420 1647; x_wconf 89' lang='lat' dir='ltr'><strong>agricola.</strong></span> <span class='ocrx_word' id='word_1_225' title='bbox 2456 1574 2639 1630; x_wconf 87' lang='lat' dir='ltr'><strong>Omnis</strong></span> <span class='ocrx_word' id='word_1_226' title='bbox 2670 1578 2758 1646; x_wconf 90' lang='lat' dir='ltr'><strong>qui</strong></span> <span class='ocrx_word' id='word_1_227' title='bbox 2808 1592 2911 1630; x_wconf 88' lang='lat' dir='ltr'><strong>non</strong></span> <span class='ocrx_word' id='word_1_228' title='bbox 2955 1575 3083 1645; x_wconf 80' lang='lat' dir='ltr'><strong>facit</strong></span> <span class='ocrx_word' id='word_1_229' title='bbox 3112 1576 3341 1647; x_wconf 79' lang='lat' dir='ltr'><strong>fructum</strong></span> <span class='ocrx_word' id='word_1_230' title='bbox 3384 1576 3575 1631; x_wconf 89' lang='lat' dir='ltr'><strong>bonum</strong></span> 
     </span>
    </p>
   </div>
   <div class='ocr_carea' id='block_1_30' title="bbox 1996 1667 3579 1741">
    <p class='ocr_par' dir='ltr' id='par_1_30' title="bbox 1996 1667 3579 1741">
     <span class='ocr_line' id='line_1_30' title="bbox 1996 1667 3579 1741; baseline 0.001 -17"><span class='ocrx_word' id='word_1_231' title='bbox 1996 1668 2285 1734; x_wconf 70' lang='lat' dir='ltr'><strong>excidetur,</strong></span> <span class='ocrx_word' id='word_1_232' title='bbox 2320 1678 2367 1723; x_wconf 92' lang='lat' dir='ltr'><strong>et</strong></span> <span class='ocrx_word' id='word_1_233' title='bbox 2400 1668 2457 1722; x_wconf 90' lang='lat' dir='ltr'><strong>in</strong></span> <span class='ocrx_word' id='word_1_234' title='bbox 2482 1669 2651 1739; x_wconf 88' lang='lat' dir='ltr'><strong>ignem</strong></span> <span class='ocrx_word' id='word_1_235' title='bbox 2673 1669 2905 1723; x_wconf 83' lang='lat' dir='ltr'><strong>mittetur</strong></span> <span class='ocrx_word' id='word_1_236' title='bbox 2929 1667 3112 1741; x_wconf 85' lang='lat' dir='ltr'><strong>(Joan.</strong></span> <span class='ocrx_word' id='word_1_237' title='bbox 3138 1685 3228 1735; x_wconf 77' lang='lat' dir='ltr'><strong>xv,</strong></span> <span class='ocrx_word' id='word_1_238' title='bbox 3254 1668 3444 1724; x_wconf 81' lang='lat' dir='ltr'><strong>Matth.</strong></span> <span class='ocrx_word' id='word_1_239' title='bbox 3470 1685 3579 1738; x_wconf 86' lang='lat' dir='ltr'><strong>vn,</strong></span> 
     </span>
    </p>
   </div>
   <div class='ocr_carea' id='block_1_31' title="bbox 1998 1761 3579 1835">
    <p class='ocr_par' dir='ltr' id='par_1_31' title="bbox 1998 1761 3579 1835">
     <span class='ocr_line' id='line_1_31' title="bbox 1998 1761 3579 1835; baseline 0 -17"><span class='ocrx_word' id='word_1_240' title='bbox 1998 1762 2127 1818; x_wconf 92' lang='lat' dir='ltr'><strong>Luc.</strong></span> <span class='ocrx_word' id='word_1_241' title='bbox 2156 1761 2261 1835; x_wconf 87' lang='grc' dir='ltr'>ιιι).</span> <span class='ocrx_word' id='word_1_242' title='bbox 2313 1762 2483 1833; x_wconf 81' lang='lat' dir='ltr'><strong>Hujus</strong></span> <span class='ocrx_word' id='word_1_243' title='bbox 2531 1762 2738 1817; x_wconf 82' lang='lat' dir='ltr'><strong>fructus</strong></span> <span class='ocrx_word' id='word_1_244' title='bbox 2778 1762 3036 1817; x_wconf 88' lang='lat' dir='ltr'><strong>bibuntur</strong></span> <span class='ocrx_word' id='word_1_245' title='bbox 3061 1770 3115 1817; x_wconf 89' lang='lat' dir='ltr'><strong>et</strong></span> <span class='ocrx_word' id='word_1_246' title='bbox 3141 1763 3499 1818; x_wconf 90' lang='lat' dir='ltr'><strong>comeduntur</strong></span> <span class='ocrx_word' id='word_1_247' title='bbox 3527 1771 3579 1818; x_wconf 86' lang='lat' dir='ltr'><strong>et</strong></span> 
     </span>
    </p>
   </div>
   <div class='ocr_carea' id='block_1_32' title="bbox 1997 1851 3584 1921">
    <p class='ocr_par' dir='ltr' id='par_1_32' title="bbox 1997 1851 3584 1921">
     <span class='ocr_line' id='line_1_32' title="bbox 1997 1851 3584 1921; baseline 0 -14"><span class='ocrx_word' id='word_1_248' title='bbox 1997 1851 2276 1909; x_wconf 81' lang='lat' dir='ltr'><strong>laetiﬁcum</strong></span> <span class='ocrx_word' id='word_1_249' title='bbox 2302 1867 2397 1906; x_wconf 91' lang='lat' dir='ltr'><strong>cor</strong></span> <span class='ocrx_word' id='word_1_250' title='bbox 2440 1852 2698 1917; x_wconf 87' lang='lat' dir='ltr'><strong>hominis,</strong></span> <span class='ocrx_word' id='word_1_251' title='bbox 2730 1860 2785 1907; x_wconf 90' lang='lat' dir='ltr'><strong>et</strong></span> <span class='ocrx_word' id='word_1_252' title='bbox 2817 1852 3089 1907; x_wconf 87' lang='lat' dir='ltr'><strong>inebriant</strong></span> <span class='ocrx_word' id='word_1_253' title='bbox 3132 1851 3336 1907; x_wconf 89' lang='lat' dir='ltr'><strong>amicos</strong></span> <span class='ocrx_word' id='word_1_254' title='bbox 3375 1867 3584 1921; x_wconf 81' lang='lat' dir='ltr'><strong>sponsa:</strong></span> 
     </span>
    </p>
   </div>
   <div class='ocr_carea' id='block_1_33' title="bbox 309 1940 3583 2020">
    <p class='ocr_par' dir='ltr' id='par_1_33' title="bbox 309 1940 3583 2020">
     <span class='ocr_line' id='line_1_33' title="bbox 309 1940 3583 2020; baseline -0.002 -17"><span class='ocrx_word' id='word_1_255' title='bbox 309 1949 431 2003; x_wconf 87' lang='lat' dir='ltr'><strong>latet</strong></span> <span class='ocrx_word' id='word_1_256' title='bbox 474 1945 670 2020; x_wconf 86' lang='lat' dir='ltr'><strong>(Cant.</strong></span> <span class='ocrx_word' id='word_1_257' title='bbox 698 1947 781 2019; x_wconf 78' lang='lat'><strong>1)?</strong></span> <span class='ocrx_word' id='word_1_258' title='bbox 818 1946 970 2003; x_wconf 86' lang='lat' dir='ltr'><strong>Unde</strong></span> <span class='ocrx_word' id='word_1_259' title='bbox 1012 1946 1250 2001; x_wconf 81' lang='lat' dir='ltr'><strong>dilatavit</strong></span> <span class='ocrx_word' id='word_1_260' title='bbox 1296 1947 1429 2016; x_wconf 75' lang='lat' dir='ltr'><strong>“ﬁnes</strong></span> <span class='ocrx_word' id='word_1_261' title='bbox 1469 1948 1634 2018; x_wconf 83' lang='lat' dir='ltr'><strong>gentis</strong></span> <span class='ocrx_word' id='word_1_262' title='bbox 1675 1964 1808 2013; x_wconf 78' lang='lat' dir='ltr'><strong>suto,</strong></span> <span class='ocrx_word' id='word_1_263' title='bbox 1842 1946 1895 2002; x_wconf 90' lang='lat' dir='ltr'><strong>id</strong></span> <span class='ocrx_word' id='word_1_264' title='bbox 1923 1942 1973 2003; x_wconf 91' lang='lat' dir='ltr'><strong>B</strong></span> <span class='ocrx_word' id='word_1_265' title='bbox 2000 1952 2055 1998; x_wconf 78' lang='lat' dir='ltr'><strong>et</strong></span> <span class='ocrx_word' id='word_1_266' title='bbox 2082 1944 2136 1999; x_wconf 90' lang='lat' dir='ltr'><strong>in</strong></span> <span class='ocrx_word' id='word_1_267' title='bbox 2164 1957 2331 2013; x_wconf 81' lang='lat' dir='ltr'><strong>regno</strong></span> <span class='ocrx_word' id='word_1_268' title='bbox 2354 1942 2449 1998; x_wconf 89' lang='lat' dir='ltr'><strong>Dei</strong></span> <span class='ocrx_word' id='word_1_269' title='bbox 2476 1943 2600 1997; x_wconf 85' lang='lat' dir='ltr'><strong>novi</strong></span> <span class='ocrx_word' id='word_1_270' title='bbox 2640 1943 2897 1998; x_wconf 90' lang='lat' dir='ltr'><strong>bibuntur</strong></span> <span class='ocrx_word' id='word_1_271' title='bbox 2920 1943 3178 2011; x_wconf 86' lang='lat' dir='ltr'><strong>quotidie.</strong></span> <span class='ocrx_word' id='word_1_272' title='bbox 3213 1940 3329 1997; x_wconf 87' lang='lat' dir='ltr'><strong>Sub</strong></span> <span class='ocrx_word' id='word_1_273' title='bbox 3356 1941 3457 1997; x_wconf 87' lang='lat' dir='ltr'><strong>ﬁcu</strong></span> <span class='ocrx_word' id='word_1_274' title='bbox 3489 1956 3583 1995; x_wconf 89' lang='lat' dir='ltr'><strong>au-</strong></span> 
     </span>
    </p>
   </div>
   <div class='ocr_carea' id='block_1_34' title="bbox 310 2032 1895 2110">
    <p class='ocr_par' dir='ltr' id='par_1_34' title="bbox 310 2032 1895 2110">
     <span class='ocr_line' id='line_1_34' title="bbox 310 2032 1895 2110; baseline -0.003 -15"><span class='ocrx_word' id='word_1_275' title='bbox 310 2049 416 2106; x_wconf 90' lang='lat' dir='ltr'><strong>est,</strong></span> <span class='ocrx_word' id='word_1_276' title='bbox 447 2038 720 2103; x_wconf 69' lang='lat' dir='ltr'><strong>Eccles&#39;ite,</strong></span> <span class='ocrx_word' id='word_1_277' title='bbox 748 2032 980 2094; x_wconf 85' lang='lat' dir='ltr'><strong>obtinuit</strong></span> <span class='ocrx_word' id='word_1_278' title='bbox 1023 2037 1295 2110; x_wconf 84' lang='lat' dir='ltr'><strong>regionem</strong></span> <span class='ocrx_word' id='word_1_279' title='bbox 1344 2038 1508 2093; x_wconf 91' lang='lat' dir='ltr'><strong>totius</strong></span> <span class='ocrx_word' id='word_1_280' title='bbox 1564 2036 1769 2093; x_wconf 87' lang='lat' dir='ltr'><strong>mundi.</strong></span> <span class='ocrx_word' id='word_1_281' title='bbox 1826 2034 1895 2091; x_wconf 85' lang='lat' dir='ltr'><strong>Et</strong></span> 
     </span>
    </p>
   </div>
   <div class='ocr_carea' id='block_1_35' title="bbox 311 2125 1898 2201">
    <p class='ocr_par' dir='ltr' id='par_1_35' title="bbox 311 2125 1898 2201">
     <span class='ocr_line' id='line_1_35' title="bbox 311 2125 1898 2201; baseline -0.002 -17"><span class='ocrx_word' id='word_1_282' title='bbox 311 2132 636 2201; x_wconf 84' lang='lat' dir='ltr'><strong>congregavit</strong></span> <span class='ocrx_word' id='word_1_283' title='bbox 660 2129 1009 2199; x_wconf 85' lang='lat' dir='ltr'><strong>captivitatem</strong></span> <span class='ocrx_word' id='word_1_284' title='bbox 1044 2126 1283 2182; x_wconf 88' lang='lat' dir='ltr'><strong>multam.</strong></span> <span class='ocrx_word' id='word_1_285' title='bbox 1314 2125 1391 2183; x_wconf 89' lang='lat' dir='ltr'><strong>De</strong></span> <span class='ocrx_word' id='word_1_286' title='bbox 1426 2134 1533 2197; x_wconf 76' lang='lat' dir='ltr'><strong>quo</strong></span> <span class='ocrx_word' id='word_1_287' title='bbox 1562 2142 1725 2198; x_wconf 87' lang='lat' dir='ltr'><strong>supra</strong></span> <span class='ocrx_word' id='word_1_288' title='bbox 1763 2126 1898 2182; x_wconf 89' lang='lat' dir='ltr'><strong>scri-</strong></span> 
     </span>
    </p>
   </div>
   <div class='ocr_carea' id='block_1_36' title="bbox 308 2219 1896 2293">
    <p class='ocr_par' dir='ltr' id='par_1_36' title="bbox 308 2219 1896 2293">
     <span class='ocr_line' id='line_1_36' title="bbox 308 2219 1896 2293; baseline 0.002 -18"><span class='ocrx_word' id='word_1_289' title='bbox 308 2230 459 2292; x_wconf 87' lang='lat' dir='ltr'><strong>ptum</strong></span> <span class='ocrx_word' id='word_1_290' title='bbox 482 2231 565 2275; x_wconf 88' lang='lat' dir='ltr'><strong>est</strong></span> <span class='ocrx_word' id='word_1_291' title='bbox 594 2239 606 2274; x_wconf 92' lang='lat'>:</span> <span class='ocrx_word' id='word_1_292' title='bbox 650 2219 945 2275; x_wconf 80' lang='lat' dir='ltr'><strong>Ascendens</strong></span> <span class='ocrx_word' id='word_1_293' title='bbox 970 2221 1026 2275; x_wconf 91' lang='lat' dir='ltr'><strong>in</strong></span> <span class='ocrx_word' id='word_1_294' title='bbox 1064 2220 1229 2276; x_wconf 92' lang='lat' dir='ltr'><strong>altum</strong></span> <span class='ocrx_word' id='word_1_295' title='bbox 1255 2223 1510 2293; x_wconf 77' lang='lat' dir='ltr'><strong>captivam</strong></span> <span class='ocrx_word' id='word_1_296' title='bbox 1546 2223 1701 2276; x_wconf 76' lang='lat' dir='ltr'><strong>duxit</strong></span> <span class='ocrx_word' id='word_1_297' title='bbox 1727 2220 1896 2293; x_wconf 90' lang='lat' dir='ltr'><strong>capti-</strong></span> 
     </span>
    </p>
   </div>
   <div class='ocr_carea' id='block_1_37' title="bbox 306 2311 1616 2384">
    <p class='ocr_par' dir='ltr' id='par_1_37' title="bbox 306 2311 1616 2384">
     <span class='ocr_line' id='line_1_37' title="bbox 306 2311 1616 2384; baseline -0.002 -14"><span class='ocrx_word' id='word_1_298' title='bbox 306 2316 543 2377; x_wconf 85' lang='lat' dir='ltr'><strong>vitatem,</strong></span> <span class='ocrx_word' id='word_1_299' title='bbox 586 2311 731 2367; x_wconf 84' lang='lat' dir='ltr'><strong>dedit</strong></span> <span class='ocrx_word' id='word_1_300' title='bbox 767 2311 905 2367; x_wconf 88' lang='lat' dir='ltr'><strong>dona</strong></span> <span class='ocrx_word' id='word_1_301' title='bbox 942 2312 1237 2367; x_wconf 85' lang='lat' dir='ltr'><strong>hominibus</strong></span> <span class='ocrx_word' id='word_1_302' title='bbox 1269 2312 1485 2384; x_wconf 75' lang='lat' dir='ltr'><strong>(Ezech.</strong></span> <span class='ocrx_word' id='word_1_303' title='bbox 1518 2312 1616 2383; x_wconf 77' lang='lat' dir='ltr'><strong>vi).</strong></span> 
     </span>
    </p>
   </div>
   <div class='ocr_carea' id='block_1_38' title="bbox 383 2396 1894 2472">
    <p class='ocr_par' dir='ltr' id='par_1_38' title="bbox 383 2396 1894 2472">
     <span class='ocr_line' id='line_1_38' title="bbox 383 2396 1894 2472; baseline 0.001 -14"><span class='ocrx_word' id='word_1_304' title='bbox 383 2402 451 2458; x_wconf 86' lang='lat' dir='ltr'><strong>Et</strong></span> <span class='ocrx_word' id='word_1_305' title='bbox 494 2403 792 2458; x_wconf 83' lang='lat' dir='ltr'><strong>dominatus</strong></span> <span class='ocrx_word' id='word_1_306' title='bbox 839 2396 913 2457; x_wconf 79' lang='lat' dir='ltr'><strong>est</strong></span> <span class='ocrx_word' id='word_1_307' title='bbox 953 2398 1200 2472; x_wconf 78' lang='lat' dir='ltr'><strong>‘Gazarte,</strong></span> <span class='ocrx_word' id='word_1_308' title='bbox 1249 2413 1297 2459; x_wconf 89' lang='lat' dir='ltr'><strong>et</strong></span> <span class='ocrx_word' id='word_1_309' title='bbox 1341 2403 1635 2471; x_wconf 80' lang='lat' dir='ltr'><strong>Betltsurte,</strong></span> <span class='ocrx_word' id='word_1_310' title='bbox 1670 2413 1719 2460; x_wconf 91' lang='lat' dir='ltr'><strong>et</strong></span> <span class='ocrx_word' id='word_1_311' title='bbox 1763 2407 1894 2460; x_wconf 90' lang='lat' dir='ltr'><strong>arci.</strong></span> 
     </span>
    </p>
   </div>
   <div class='ocr_carea' id='block_1_39' title="bbox 302 2484 1899 2569">
    <p class='ocr_par' dir='ltr' id='par_1_39' title="bbox 302 2484 1899 2569">
     <span class='ocr_line' id='line_1_39' title="bbox 302 2484 1899 2569; baseline 0.001 -18"><span class='ocrx_word' id='word_1_312' title='bbox 302 2502 340 2538; x_wconf 59' lang='grc' dir='ltr'>τι</span> <span class='ocrx_word' id='word_1_313' title='bbox 366 2495 501 2564; x_wconf 86' lang='lat' dir='ltr'><strong>Quia</strong></span> <span class='ocrx_word' id='word_1_314' title='bbox 528 2495 778 2551; x_wconf 87' lang='lat' dir='ltr'><strong>mundavi</strong></span> <span class='ocrx_word' id='word_1_315' title='bbox 808 2484 1013 2552; x_wconf 66' lang='lat' dir='ltr'><strong>factum</strong></span> <span class='ocrx_word' id='word_1_316' title='bbox 1039 2511 1136 2567; x_wconf 88' lang='lat' dir='ltr'><strong>per</strong></span> <span class='ocrx_word' id='word_1_317' title='bbox 1161 2496 1510 2569; x_wconf 87' lang='lat' dir='ltr'><strong>Evangelium</strong></span> <span class='ocrx_word' id='word_1_318' title='bbox 1540 2497 1808 2553; x_wconf 88' lang='lat' dir='ltr'><strong>domando</strong></span> <span class='ocrx_word' id='word_1_319' title='bbox 1842 2496 1899 2552; x_wconf 88' lang='lat' dir='ltr'><strong>in</strong></span> 
     </span>
    </p>
   </div>
   <div class='ocr_carea' id='block_1_40' title="bbox 311 2586 1899 2661">
    <p class='ocr_par' dir='ltr' id='par_1_40' title="bbox 311 2586 1899 2661">
     <span class='ocr_line' id='line_1_40' title="bbox 311 2586 1899 2661; baseline 0.001 -18"><span class='ocrx_word' id='word_1_320' title='bbox 311 2588 589 2661; x_wconf 90' lang='lat' dir='ltr'><strong>proprium</strong></span> <span class='ocrx_word' id='word_1_321' title='bbox 616 2586 821 2657; x_wconf 84' lang='lat' dir='ltr'><strong>redegit</strong></span> <span class='ocrx_word' id='word_1_322' title='bbox 848 2586 1136 2642; x_wconf 91' lang='lat' dir='ltr'><strong>Dominum</strong></span> <span class='ocrx_word' id='word_1_323' title='bbox 1165 2596 1220 2643; x_wconf 88' lang='lat' dir='ltr'><strong>et</strong></span> <span class='ocrx_word' id='word_1_324' title='bbox 1258 2587 1481 2643; x_wconf 90' lang='lat' dir='ltr'><strong>abstulit</strong></span> <span class='ocrx_word' id='word_1_325' title='bbox 1531 2588 1899 2645; x_wconf 88' lang='lat' dir='ltr'><strong>immunditias</strong></span> 
     </span>
    </p>
   </div>
   <div class='ocr_carea' id='block_1_41' title="bbox 312 2676 1900 2751">
    <p class='ocr_par' dir='ltr' id='par_1_41' title="bbox 312 2676 1900 2751">
     <span class='ocr_line' id='line_1_41' title="bbox 312 2676 1900 2751; baseline 0 -16"><span class='ocrx_word' id='word_1_326' title='bbox 312 2688 615 2751; x_wconf 82' lang='lat' dir='ltr'><strong>peccatorts</strong></span> <span class='ocrx_word' id='word_1_327' title='bbox 666 2687 831 2747; x_wconf 89' lang='lat' dir='ltr'><strong>atque</strong></span> <span class='ocrx_word' id='word_1_328' title='bbox 876 2676 1152 2745; x_wconf 77' lang='lat' dir='ltr'><strong>vitiorum,</strong></span> <span class='ocrx_word' id='word_1_329' title='bbox 1198 2678 1466 2735; x_wconf 89' lang='lat' dir='ltr'><strong>mundans</strong></span> <span class='ocrx_word' id='word_1_330' title='bbox 1510 2693 1631 2734; x_wconf 90' lang='lat' dir='ltr'><strong>eam</strong></span> <span class='ocrx_word' id='word_1_331' title='bbox 1679 2677 1900 2735; x_wconf 83' lang='lat' dir='ltr'><strong>lavacro</strong></span> 
     </span>
    </p>
   </div>
   <div class='ocr_carea' id='block_1_42' title="bbox 306 2768 768 2842">
    <p class='ocr_par' dir='ltr' id='par_1_42' title="bbox 306 2768 768 2842">
     <span class='ocr_line' id='line_1_42' title="bbox 306 2768 768 2842; baseline -0.015 -14"><span class='ocrx_word' id='word_1_332' title='bbox 306 2768 768 2842; x_wconf 64' lang='lat' dir='ltr'><strong>regenerationis.</strong></span> 
     </span>
    </p>
   </div>
   <div class='ocr_carea' id='block_1_43' title="bbox 386 2861 1894 2934">
    <p class='ocr_par' dir='ltr' id='par_1_43' title="bbox 386 2861 1894 2934">
     <span class='ocr_line' id='line_1_43' title="bbox 386 2861 1894 2934; baseline 0.001 -17"><span class='ocrx_word' id='word_1_333' title='bbox 386 2861 456 2917; x_wconf 80' lang='lat' dir='ltr'><strong>Et</strong></span> <span class='ocrx_word' id='word_1_334' title='bbox 484 2876 587 2916; x_wconf 88' lang='lat' dir='ltr'><strong>non</strong></span> <span class='ocrx_word' id='word_1_335' title='bbox 620 2868 730 2916; x_wconf 87' lang='lat' dir='ltr'><strong>erat</strong></span> <span class='ocrx_word' id='word_1_336' title='bbox 753 2861 841 2932; x_wconf 78' lang='lat' dir='ltr'><strong>qui</strong></span> <span class='ocrx_word' id='word_1_337' title='bbox 866 2862 1129 2919; x_wconf 73' lang='lat' dir='ltr'><strong>resisteret</strong></span> <span class='ocrx_word' id='word_1_338' title='bbox 1154 2863 1223 2917; x_wconf 87' lang='lat' dir='ltr'><strong>ei.</strong></span> <span class='ocrx_word' id='word_1_339' title='bbox 1251 2862 1327 2918; x_wconf 91' lang='lat' dir='ltr'><strong>De</strong></span> <span class='ocrx_word' id='word_1_340' title='bbox 1356 2877 1463 2933; x_wconf 90' lang='lat' dir='ltr'><strong>quo</strong></span> <span class='ocrx_word' id='word_1_341' title='bbox 1490 2863 1758 2934; x_wconf 87' lang='lat' dir='ltr'><strong>scriptum</strong></span> <span class='ocrx_word' id='word_1_342' title='bbox 1778 2872 1894 2920; x_wconf 86' lang='lat' dir='ltr'><strong>est:</strong></span> 
     </span>
    </p>
   </div>
   <div class='ocr_carea' id='block_1_44' title="bbox 315 2946 1902 3027">
    <p class='ocr_par' dir='ltr' id='par_1_44' title="bbox 315 2946 1902 3027">
     <span class='ocr_line' id='line_1_44' title="bbox 315 2946 1902 3027; baseline -0.001 -16"><span class='ocrx_word' id='word_1_343' title='bbox 315 2950 384 3011; x_wconf 80' lang='lat' dir='ltr'><strong>In</strong></span> <span class='ocrx_word' id='word_1_344' title='bbox 410 2953 672 3011; x_wconf 91' lang='lat' dir='ltr'><strong>voluntate</strong></span> <span class='ocrx_word' id='word_1_345' title='bbox 693 2963 806 3020; x_wconf 90' lang='lat' dir='ltr'><strong>tua,</strong></span> <span class='ocrx_word' id='word_1_346' title='bbox 832 2946 1076 3021; x_wconf 81' lang='lat' dir='ltr'><strong>Domine,</strong></span> <span class='ocrx_word' id='word_1_347' title='bbox 1101 2956 1345 3011; x_wconf 90' lang='lat' dir='ltr'><strong>universa</strong></span> <span class='ocrx_word' id='word_1_348' title='bbox 1366 2965 1489 3011; x_wconf 89' lang='lat' dir='ltr'><strong>sunt</strong></span> <span class='ocrx_word' id='word_1_349' title='bbox 1510 2958 1704 3027; x_wconf 88' lang='lat' dir='ltr'><strong>posita,</strong></span> <span class='ocrx_word' id='word_1_350' title='bbox 1726 2966 1775 3011; x_wconf 88' lang='lat' dir='ltr'><strong>et</strong></span> <span class='ocrx_word' id='word_1_351' title='bbox 1797 2973 1902 3011; x_wconf 90' lang='lat' dir='ltr'><strong>non</strong></span> 
     </span>
    </p>
   </div>
   <div class='ocr_carea' id='block_1_45' title="bbox 314 3045 1902 3119">
    <p class='ocr_par' dir='ltr' id='par_1_45' title="bbox 314 3045 1902 3119">
     <span class='ocr_line' id='line_1_45' title="bbox 314 3045 1902 3119; baseline -0.001 -16"><span class='ocrx_word' id='word_1_352' title='bbox 314 3056 388 3104; x_wconf 88' lang='lat' dir='ltr'><strong>est</strong></span> <span class='ocrx_word' id='word_1_353' title='bbox 409 3047 498 3119; x_wconf 88' lang='lat' dir='ltr'><strong>qui</strong></span> <span class='ocrx_word' id='word_1_354' title='bbox 517 3046 679 3117; x_wconf 90' lang='lat' dir='ltr'><strong>possit</strong></span> <span class='ocrx_word' id='word_1_355' title='bbox 704 3045 942 3100; x_wconf 83' lang='lat' dir='ltr'><strong>resistere</strong></span> <span class='ocrx_word' id='word_1_356' title='bbox 966 3048 1220 3100; x_wconf 85' lang='lat' dir='ltr'><strong>voluntati</strong></span> <span class='ocrx_word' id='word_1_357' title='bbox 1262 3056 1383 3102; x_wconf 80' lang='lat' dir='ltr'><strong>tute.</strong></span> <span class='ocrx_word' id='word_1_358' title='bbox 1432 3046 1512 3101; x_wconf 88' lang='lat' dir='ltr'><strong>Tu</strong></span> <span class='ocrx_word' id='word_1_359' title='bbox 1555 3047 1694 3101; x_wconf 87' lang='lat' dir='ltr'><strong>enim</strong></span> <span class='ocrx_word' id='word_1_360' title='bbox 1733 3047 1902 3117; x_wconf 79' lang='lat' dir='ltr'><strong>fecisti</strong></span> 
     </span>
    </p>
   </div>
   <div class='ocr_carea' id='block_1_46' title="bbox 314 3136 1903 3208">
    <p class='ocr_par' dir='ltr' id='par_1_46' title="bbox 314 3136 1903 3208">
     <span class='ocr_line' id='line_1_46' title="bbox 314 3136 1903 3208; baseline -0.001 -15"><span class='ocrx_word' id='word_1_361' title='bbox 314 3136 566 3193; x_wconf 73' lang='lat' dir='ltr'><strong>mlumet</strong></span> <span class='ocrx_word' id='word_1_362' title='bbox 602 3140 797 3192; x_wconf 78' lang='lat' dir='ltr'><strong>terram</strong></span> <span class='ocrx_word' id='word_1_363' title='bbox 830 3143 879 3191; x_wconf 86' lang='lat' dir='ltr'><strong>et</strong></span> <span class='ocrx_word' id='word_1_364' title='bbox 914 3136 1159 3191; x_wconf 83' lang='lat' dir='ltr'><strong>universa</strong></span> <span class='ocrx_word' id='word_1_365' title='bbox 1187 3151 1303 3208; x_wconf 76' lang='lat' dir='ltr'><strong>qua:</strong></span> <span class='ocrx_word' id='word_1_366' title='bbox 1343 3136 1456 3193; x_wconf 73' lang='lat' dir='ltr'><strong>coeli</strong></span> <span class='ocrx_word' id='word_1_367' title='bbox 1498 3138 1697 3193; x_wconf 75' lang='lat' dir='ltr'><strong>ambitu</strong></span> <span class='ocrx_word' id='word_1_368' title='bbox 1737 3138 1903 3193; x_wconf 87' lang='lat' dir='ltr'><strong>conti-</strong></span> 
     </span>
    </p>
   </div>
   <div class='ocr_carea' id='block_1_47' title="bbox 314 3226 1808 3301">
    <p class='ocr_par' dir='ltr' id='par_1_47' title="bbox 314 3226 1808 3301">
     <span class='ocr_line' id='line_1_47' title="bbox 314 3226 1808 3301; baseline -0.001 -16"><span class='ocrx_word' id='word_1_369' title='bbox 314 3239 526 3296; x_wconf 78' lang='lat' dir='ltr'><strong>nentur,</strong></span> <span class='ocrx_word' id='word_1_370' title='bbox 558 3226 813 3285; x_wconf 89' lang='lat' dir='ltr'><strong>Dominus</strong></span> <span class='ocrx_word' id='word_1_371' title='bbox 838 3228 1196 3283; x_wconf 89' lang='lat' dir='ltr'><strong>universorum</strong></span> <span class='ocrx_word' id='word_1_372' title='bbox 1228 3236 1285 3283; x_wconf 90' lang='lat' dir='ltr'><strong>tu</strong></span> <span class='ocrx_word' id='word_1_373' title='bbox 1310 3246 1363 3285; x_wconf 88' lang='lat' dir='ltr'><strong>es</strong></span> <span class='ocrx_word' id='word_1_374' title='bbox 1388 3229 1622 3301; x_wconf 82' lang='lat' dir='ltr'><strong>(Esther.</strong></span> <span class='ocrx_word' id='word_1_375' title='bbox 1662 3228 1808 3301; x_wconf 83' lang='lat' dir='ltr'><strong>xm).</strong></span> 
     </span>
    </p>
   </div>
   <div class='ocr_carea' id='block_1_48' title="bbox 1994 2028 3581 2105">
    <p class='ocr_par' dir='ltr' id='par_1_48' title="bbox 1994 2028 3581 2105">
     <span class='ocr_line' id='line_1_48' title="bbox 1994 2028 3581 2105; baseline -0.003 -16"><span class='ocrx_word' id='word_1_376' title='bbox 1994 2042 2106 2089; x_wconf 88' lang='lat' dir='ltr'><strong>tem</strong></span> <span class='ocrx_word' id='word_1_377' title='bbox 2144 2034 2457 2105; x_wconf 82' lang='lat' dir='ltr'><strong>requiescit,</strong></span> <span class='ocrx_word' id='word_1_378' title='bbox 2481 2042 2535 2088; x_wconf 89' lang='lat' dir='ltr'><strong>et</strong></span> <span class='ocrx_word' id='word_1_379' title='bbox 2565 2032 2740 2087; x_wconf 89' lang='lat' dir='ltr'><strong>nullas</strong></span> <span class='ocrx_word' id='word_1_380' title='bbox 2769 2032 2991 2088; x_wconf 85' lang='lat' dir='ltr'><strong>insidias</strong></span> <span class='ocrx_word' id='word_1_381' title='bbox 3028 2031 3303 2096; x_wconf 80' lang='lat' dir='ltr'><strong>formidat,</strong></span> <span class='ocrx_word' id='word_1_382' title='bbox 3346 2032 3439 2103; x_wconf 90' lang='lat' dir='ltr'><strong>qui</strong></span> <span class='ocrx_word' id='word_1_383' title='bbox 3468 2028 3581 2086; x_wconf 88' lang='lat' dir='ltr'><strong>dul-</strong></span> 
     </span>
    </p>
   </div>
   <div class='ocr_carea' id='block_1_49' title="bbox 1996 2121 3585 2195">
    <p class='ocr_par' dir='ltr' id='par_1_49' title="bbox 1996 2121 3585 2195">
     <span class='ocr_line' id='line_1_49' title="bbox 1996 2121 3585 2195; baseline -0.004 -13"><span class='ocrx_word' id='word_1_384' title='bbox 1996 2125 2185 2182; x_wconf 84' lang='lat' dir='ltr'><strong>cedine</strong></span> <span class='ocrx_word' id='word_1_385' title='bbox 2214 2123 2387 2181; x_wconf 89' lang='lat' dir='ltr'><strong>sancti</strong></span> <span class='ocrx_word' id='word_1_386' title='bbox 2422 2123 2657 2195; x_wconf 88' lang='lat' dir='ltr'><strong>Spiritus</strong></span> <span class='ocrx_word' id='word_1_387' title='bbox 2688 2122 2903 2189; x_wconf 80' lang='lat' dir='ltr'><strong>fruitur,</strong></span> <span class='ocrx_word' id='word_1_388' title='bbox 2932 2131 2986 2177; x_wconf 90' lang='lat' dir='ltr'><strong>et</strong></span> <span class='ocrx_word' id='word_1_389' title='bbox 3009 2121 3151 2178; x_wconf 91' lang='lat' dir='ltr'><strong>illius</strong></span> <span class='ocrx_word' id='word_1_390' title='bbox 3184 2121 3449 2177; x_wconf 84' lang='lat' dir='ltr'><strong>fructibus</strong></span> <span class='ocrx_word' id='word_1_391' title='bbox 3494 2135 3585 2176; x_wconf 88' lang='lat' dir='ltr'><strong>sa-</strong></span> 
     </span>
    </p>
   </div>
   <div class='ocr_carea' id='block_1_50' title="bbox 1994 2213 3587 2286">
    <p class='ocr_par' dir='ltr' id='par_1_50' title="bbox 1994 2213 3587 2286">
     <span class='ocr_line' id='line_1_50' title="bbox 1994 2213 3587 2286; baseline -0.003 -15"><span class='ocrx_word' id='word_1_392' title='bbox 1994 2220 2233 2282; x_wconf 83' lang='lat' dir='ltr'><strong>turatur,</strong></span> <span class='ocrx_word' id='word_1_393' title='bbox 2288 2215 2572 2280; x_wconf 85' lang='lat' dir='ltr'><strong>charitate,</strong></span> <span class='ocrx_word' id='word_1_394' title='bbox 2622 2215 2835 2286; x_wconf 83' lang='lat' dir='ltr'><strong>gaudio,</strong></span> <span class='ocrx_word' id='word_1_395' title='bbox 2883 2228 3041 2285; x_wconf 84' lang='lat' dir='ltr'><strong>pace,</strong></span> <span class='ocrx_word' id='word_1_396' title='bbox 3090 2213 3442 2278; x_wconf 82' lang='lat' dir='ltr'><strong>continentia,</strong></span> <span class='ocrx_word' id='word_1_397' title='bbox 3491 2227 3587 2282; x_wconf 88' lang='lat' dir='ltr'><strong>pa-</strong></span> 
     </span>
    </p>
   </div>
   <div class='ocr_carea' id='block_1_51' title="bbox 1992 2296 3586 2374">
    <p class='ocr_par' dir='ltr' id='par_1_51' title="bbox 1992 2296 3586 2374">
     <span class='ocr_line' id='line_1_51' title="bbox 1992 2296 3586 2374; baseline -0.004 -15"><span class='ocrx_word' id='word_1_398' title='bbox 1992 2296 2209 2371; x_wconf 78' lang='lat' dir='ltr'><strong>tientia,</strong></span> <span class='ocrx_word' id='word_1_399' title='bbox 2237 2302 2304 2359; x_wconf 88' lang='lat' dir='ltr'><strong>de</strong></span> <span class='ocrx_word' id='word_1_400' title='bbox 2331 2297 2639 2374; x_wconf 67' lang='lat' dir='ltr'><strong>huiusmodi</strong></span> <span class='ocrx_word' id='word_1_401' title='bbox 2677 2302 2873 2357; x_wconf 87' lang='lat' dir='ltr'><strong>dicitur</strong></span> <span class='ocrx_word' id='word_1_402' title='bbox 2910 2303 3237 2373; x_wconf 88' lang='lat' dir='ltr'><strong>plantatore,</strong></span> <span class='ocrx_word' id='word_1_403' title='bbox 3267 2303 3356 2371; x_wconf 87' lang='lat' dir='ltr'><strong>qui</strong></span> <span class='ocrx_word' id='word_1_404' title='bbox 3380 2300 3586 2373; x_wconf 90' lang='lat' dir='ltr'><strong>plantat</strong></span> 
     </span>
    </p>
   </div>
   <div class='ocr_carea' id='block_1_52' title="bbox 1994 2390 3588 2466">
    <p class='ocr_par' dir='ltr' id='par_1_52' title="bbox 1994 2390 3588 2466">
     <span class='ocr_line' id='line_1_52' title="bbox 1994 2390 3588 2466; baseline -0.003 -16"><span class='ocrx_word' id='word_1_405' title='bbox 1994 2396 2177 2466; x_wconf 76' lang='lat' dir='ltr'><strong>ﬁcum,</strong></span> <span class='ocrx_word' id='word_1_406' title='bbox 2204 2395 2652 2465; x_wconf 39' lang='lat' dir='ltr'><strong>cornedit‘fru‘ctus</strong></span> <span class='ocrx_word' id='word_1_407' title='bbox 2676 2394 2789 2464; x_wconf 85' lang='lat' dir='ltr'><strong>ejus</strong></span> <span class='ocrx_word' id='word_1_408' title='bbox 2812 2394 2993 2465; x_wconf 67' lang='grc' dir='ltr'><strong>(θεαί.</strong></span> <span class='ocrx_word' id='word_1_409' title='bbox 3020 2394 3140 2465; x_wconf 79' lang='lat' dir='ltr'><strong>xx),</strong></span> <span class='ocrx_word' id='word_1_410' title='bbox 3175 2393 3267 2463; x_wconf 91' lang='lat' dir='ltr'><strong>qui</strong></span> <span class='ocrx_word' id='word_1_411' title='bbox 3294 2393 3431 2448; x_wconf 90' lang='lat' dir='ltr'><strong>tales</strong></span> <span class='ocrx_word' id='word_1_412' title='bbox 3457 2390 3588 2447; x_wconf 72' lang='lat' dir='ltr'><strong>tedi-</strong></span> 
     </span>
    </p>
   </div>
   <div class='ocr_carea' id='block_1_53' title="bbox 1990 2481 3589 2554">
    <p class='ocr_par' dir='ltr' id='par_1_53' title="bbox 1990 2481 3589 2554">
     <span class='ocr_line' id='line_1_53' title="bbox 1990 2481 3589 2554; baseline -0.003 -13"><span class='ocrx_word' id='word_1_413' title='bbox 1990 2485 2258 2542; x_wconf 83' lang='lat' dir='ltr'><strong>-ﬁcaverat</strong></span> <span class='ocrx_word' id='word_1_414' title='bbox 2287 2484 2476 2540; x_wconf 87' lang='lat' dir='ltr'><strong>domos</strong></span> <span class='ocrx_word' id='word_1_415' title='bbox 2523 2493 2578 2539; x_wconf 88' lang='lat' dir='ltr'><strong>et</strong></span> <span class='ocrx_word' id='word_1_416' title='bbox 2622 2485 2963 2554; x_wconf 83' lang='lat' dir='ltr'><strong>plantaverat</strong></span> <span class='ocrx_word' id='word_1_417' title='bbox 3007 2485 3217 2550; x_wconf 86' lang='lat' dir='ltr'><strong>vineas,</strong></span> <span class='ocrx_word' id='word_1_418' title='bbox 3270 2483 3336 2538; x_wconf 90' lang='lat' dir='ltr'><strong>de</strong></span> <span class='ocrx_word' id='word_1_419' title='bbox 3391 2481 3589 2551; x_wconf 90' lang='lat' dir='ltr'><strong>quibus</strong></span> 
     </span>
    </p>
   </div>
   <div class='ocr_carea' id='block_1_54' title="bbox 1998 2571 3588 2649">
    <p class='ocr_par' dir='ltr' id='par_1_54' title="bbox 1998 2571 3588 2649">
     <span class='ocr_line' id='line_1_54' title="bbox 1998 2571 3588 2649; baseline -0.006 -17"><span class='ocrx_word' id='word_1_420' title='bbox 1998 2576 2293 2649; x_wconf 72' lang='lat' dir='ltr'><strong>Apostolus</strong></span> <span class='ocrx_word' id='word_1_421' title='bbox 2346 2575 2624 2646; x_wconf 88' lang='lat' dir='ltr'><strong>loquitur:</strong></span> <span class='ocrx_word' id='word_1_422' title='bbox 2676 2575 2788 2646; x_wconf 89' lang='lat' dir='ltr'><strong>Ego</strong></span> <span class='ocrx_word' id='word_1_423' title='bbox 2843 2575 3096 2645; x_wconf 86' lang='lat' dir='ltr'><strong>plantavi,</strong></span> <span class='ocrx_word' id='word_1_424' title='bbox 3142 2572 3328 2643; x_wconf 82' lang='lat' dir='ltr'><strong>Apollo</strong></span> <span class='ocrx_word' id='word_1_425' title='bbox 3377 2571 3588 2643; x_wconf 84' lang='lat' dir='ltr'><strong>rigavit,</strong></span> 
     </span>
    </p>
   </div>
   <div class='ocr_carea' id='block_1_55' title="bbox 1996 2661 3590 2735">
    <p class='ocr_par' dir='ltr' id='par_1_55' title="bbox 1996 2661 3590 2735">
     <span class='ocr_line' id='line_1_55' title="bbox 1996 2661 3590 2735; baseline -0.004 -13"><span class='ocrx_word' id='word_1_426' title='bbox 1996 2667 2142 2722; x_wconf 73' lang='lat' dir='ltr'><strong>Deus</strong></span> <span class='ocrx_word' id='word_1_427' title='bbox 2164 2675 2542 2721; x_wconf 75' lang='lat' dir='ltr'><strong>incrementum</strong></span> <span class='ocrx_word' id='word_1_428' title='bbox 2563 2664 2703 2719; x_wconf 81' lang='lat' dir='ltr'><strong>dedit</strong></span> <span class='ocrx_word' id='word_1_429' title='bbox 2725 2664 2776 2735; x_wconf 82' lang='grc'><strong>(1</strong></span> <span class='ocrx_word' id='word_1_430' title='bbox 2804 2663 2925 2718; x_wconf 89' lang='lat' dir='ltr'><strong>Cor.</strong></span> <span class='ocrx_word' id='word_1_431' title='bbox 2958 2664 3066 2735; x_wconf 82' lang='lat' dir='ltr'><strong>tu).</strong></span> <span class='ocrx_word' id='word_1_432' title='bbox 3088 2662 3349 2720; x_wconf 78' lang='lat' dir='ltr'><strong>Comedet</strong></span> <span class='ocrx_word' id='word_1_433' title='bbox 3378 2661 3590 2717; x_wconf 73' lang='lat' dir='ltr'><strong>labores</strong></span> 
     </span>
    </p>
   </div>
   <div class='ocr_carea' id='block_1_56' title="bbox 1991 2753 3589 2825">
    <p class='ocr_par' dir='ltr' id='par_1_56' title="bbox 1991 2753 3589 2825">
     <span class='ocr_line' id='line_1_56' title="bbox 1991 2753 3589 2825; baseline -0.006 -11"><span class='ocrx_word' id='word_1_434' title='bbox 1991 2770 2260 2814; x_wconf 73' lang='lat' dir='ltr'><strong>manuum</strong></span> <span class='ocrx_word' id='word_1_435' title='bbox 2288 2772 2527 2824; x_wconf 86' lang='lat' dir='ltr'><strong>suarum,</strong></span> <span class='ocrx_word' id='word_1_436' title='bbox 2570 2767 2617 2811; x_wconf 89' lang='lat' dir='ltr'><strong>et</strong></span> <span class='ocrx_word' id='word_1_437' title='bbox 2649 2757 2913 2811; x_wconf 84' lang='lat' dir='ltr'><strong>seminans</strong></span> <span class='ocrx_word' id='word_1_438' title='bbox 2956 2758 3013 2809; x_wconf 79' lang='lat' dir='ltr'><strong>in</strong></span> <span class='ocrx_word' id='word_1_439' title='bbox 3058 2756 3267 2825; x_wconf 73' lang='lat' dir='ltr'><strong>spiritu,</strong></span> <span class='ocrx_word' id='word_1_440' title='bbox 3306 2754 3371 2807; x_wconf 86' lang='lat' dir='ltr'><strong>de</strong></span> <span class='ocrx_word' id='word_1_441' title='bbox 3402 2753 3589 2823; x_wconf 88' lang='lat' dir='ltr'><strong>spiritu</strong></span> 
     </span>
    </p>
   </div>
   <div class='ocr_carea' id='block_1_57' title="bbox 1988 2845 3588 2920">
    <p class='ocr_par' dir='ltr' id='par_1_57' title="bbox 1988 2845 3588 2920">
     <span class='ocr_line' id='line_1_57' title="bbox 1988 2845 3588 2920; baseline -0.005 -13"><span class='ocrx_word' id='word_1_442' title='bbox 1988 2858 2155 2907; x_wconf 68' lang='lat' dir='ltr'><strong>metet</strong></span> <span class='ocrx_word' id='word_1_443' title='bbox 2180 2851 2339 2906; x_wconf 91' lang='lat' dir='ltr'><strong>vitam</strong></span> <span class='ocrx_word' id='word_1_444' title='bbox 2383 2861 2634 2905; x_wconf 76' lang='lat' dir='ltr'><strong>attentam</strong></span> <span class='ocrx_word' id='word_1_445' title='bbox 2659 2847 2711 2920; x_wconf 89' lang='grc'><strong>(1</strong></span> <span class='ocrx_word' id='word_1_446' title='bbox 2743 2846 2867 2902; x_wconf 88' lang='lat' dir='ltr'><strong>Cor.</strong></span> <span class='ocrx_word' id='word_1_447' title='bbox 2913 2848 3021 2919; x_wconf 90' lang='grc' dir='ltr'>ιιι),</span> <span class='ocrx_word' id='word_1_448' title='bbox 3054 2860 3157 2903; x_wconf 87' lang='lat' dir='ltr'><strong>nec</strong></span> <span class='ocrx_word' id='word_1_449' title='bbox 3184 2845 3387 2902; x_wconf 84' lang='lat' dir='ltr'><strong>diaboli</strong></span> <span class='ocrx_word' id='word_1_450' title='bbox 3414 2854 3469 2901; x_wconf 89' lang='lat' dir='ltr'><strong>et</strong></span> <span class='ocrx_word' id='word_1_451' title='bbox 3498 2859 3588 2900; x_wconf 80' lang='lat' dir='ltr'><strong>sa-</strong></span> 
     </span>
    </p>
   </div>
   <div class='ocr_carea' id='block_1_58' title="bbox 1998 2938 3265 3011">
    <p class='ocr_par' dir='ltr' id='par_1_58' title="bbox 1998 2938 3265 3011">
     <span class='ocr_line' id='line_1_58' title="bbox 1998 2938 3265 3011; baseline -0.005 -13"><span class='ocrx_word' id='word_1_452' title='bbox 1998 2943 2233 2998; x_wconf 72' lang='lat' dir='ltr'><strong>tellitum</strong></span> <span class='ocrx_word' id='word_1_453' title='bbox 2260 2940 2379 3011; x_wconf 86' lang='lat' dir='ltr'><strong>ejus</strong></span> <span class='ocrx_word' id='word_1_454' title='bbox 2400 2940 2684 2997; x_wconf 77' lang='lat' dir='ltr'><strong>fraudibus</strong></span> <span class='ocrx_word' id='word_1_455' title='bbox 2714 2938 3168 3010; x_wconf 71' lang='lat' dir='ltr'><strong>supplantabitur.</strong></span> <span class='ocrx_word' id='word_1_456' title='bbox 3258 2958 3265 2965; x_wconf 72' lang='grc' dir='ltr'><strong>ο</strong></span> 
     </span>
    </p>
   </div>
   <div class='ocr_carea' id='block_1_59' title="bbox 2079 3048 3609 3123">
    <p class='ocr_par' dir='ltr' id='par_1_59' title="bbox 2079 3048 3609 3123">
     <span class='ocr_line' id='line_1_59' title="bbox 2079 3048 3609 3123; baseline -0.005 -15"><span class='ocrx_word' id='word_1_457' title='bbox 2079 3053 2144 3108; x_wconf 88' lang='lat' dir='ltr'><strong>Et</strong></span> <span class='ocrx_word' id='word_1_458' title='bbox 2170 3053 2500 3123; x_wconf 74' lang='lat' dir='ltr'><strong>confirmavit</strong></span> <span class='ocrx_word' id='word_1_459' title='bbox 2532 3069 2707 3107; x_wconf 86' lang='lat' dir='ltr'><strong>omnes</strong></span> <span class='ocrx_word' id='word_1_460' title='bbox 2752 3052 2973 3106; x_wconf 82' lang='lat' dir='ltr'><strong>Immites</strong></span> <span class='ocrx_word' id='word_1_461' title='bbox 3004 3050 3182 3122; x_wconf 91' lang='lat' dir='ltr'><strong>populi</strong></span> <span class='ocrx_word' id='word_1_462' title='bbox 3224 3050 3308 3105; x_wconf 87' lang='lat' dir='ltr'><strong>sui</strong></span> <span class='ocrx_word' id='word_1_463' title='bbox 3344 3050 3391 3103; x_wconf 83' lang='lat' dir='ltr'><strong>et</strong></span> <span class='ocrx_word' id='word_1_464' title='bbox 3427 3048 3609 3120; x_wconf 88' lang='lat' dir='ltr'><strong>legem&#39;</strong></span> 
     </span>
    </p>
   </div>
   <div class='ocr_carea' id='block_1_60' title="bbox 2003 3140 3588 3219">
    <p class='ocr_par' dir='ltr' id='par_1_60' title="bbox 2003 3140 3588 3219">
     <span class='ocr_line' id='line_1_60' title="bbox 2003 3140 3588 3219; baseline -0.003 -18"><span class='ocrx_word' id='word_1_465' title='bbox 2003 3148 2275 3219; x_wconf 71' lang='lat' dir='ltr'><strong>exquisivit</strong></span> <span class='ocrx_word' id='word_1_466' title='bbox 2306 3145 2447 3219; x_wconf 80' lang='lat' dir='ltr'><strong>(Gal.</strong></span> <span class='ocrx_word' id='word_1_467' title='bbox 2474 3147 2570 3216; x_wconf 83' lang='lat' dir='ltr'><strong>vt).</strong></span> <span class='ocrx_word' id='word_1_468' title='bbox 2596 3140 2838 3201; x_wconf 74' lang='lat' dir='ltr'><strong>Humiles</strong></span> <span class='ocrx_word' id='word_1_469' title='bbox 2862 3142 3046 3215; x_wconf 86' lang='lat' dir='ltr'><strong>p0puli</strong></span> <span class='ocrx_word' id='word_1_470' title='bbox 3091 3152 3219 3200; x_wconf 87' lang='lat' dir='ltr'><strong>sunt</strong></span> <span class='ocrx_word' id='word_1_471' title='bbox 3246 3143 3423 3198; x_wconf 85' lang='lat' dir='ltr'><strong>sancti</strong></span> <span class='ocrx_word' id='word_1_472' title='bbox 3451 3157 3588 3212; x_wconf 90' lang='lat' dir='ltr'><strong>quos</strong></span> 
     </span>
    </p>
   </div>
   <div class='ocr_carea' id='block_1_61' title="bbox 2005 3233 3586 3310">
    <p class='ocr_par' dir='ltr' id='par_1_61' title="bbox 2005 3233 3586 3310">
     <span class='ocr_line' id='line_1_61' title="bbox 2005 3233 3586 3310; baseline -0.005 -15"><span class='ocrx_word' id='word_1_473' title='bbox 2005 3238 2065 3295; x_wconf 90' lang='lat' dir='ltr'><strong>in</strong></span> <span class='ocrx_word' id='word_1_474' title='bbox 2108 3238 2402 3310; x_wconf 88' lang='lat' dir='ltr'><strong>Evangelio</strong></span> <span class='ocrx_word' id='word_1_475' title='bbox 2451 3234 2667 3309; x_wconf 59' lang='lat' dir='ltr'><strong>(Matis-</strong></span> <span class='ocrx_word' id='word_1_476' title='bbox 2700 3238 2755 3309; x_wconf 80' lang='grc' dir='ltr'><strong>ν)</strong></span> <span class='ocrx_word' id='word_1_477' title='bbox 2802 3252 3053 3308; x_wconf 83' lang='lat' dir='ltr'><strong>pauperes</strong></span> <span class='ocrx_word' id='word_1_478' title='bbox 3098 3235 3284 3306; x_wconf 86' lang='lat' dir='ltr'><strong>spiritu</strong></span> <span class='ocrx_word' id='word_1_479' title='bbox 3334 3233 3586 3304; x_wconf 87' lang='lat' dir='ltr'><strong>appellat.</strong></span> 
     </span>
    </p>
   </div>
   <div class='ocr_carea' id='block_1_62' title="bbox 388 3302 3591 3402">
    <p class='ocr_par' dir='ltr' id='par_1_62' title="bbox 388 3302 3591 3402">
     <span class='ocr_line' id='line_1_62' title="bbox 388 3302 3591 3402; baseline 0.002 -29"><span class='ocrx_word' id='word_1_480' title='bbox 388 3319 456 3373; x_wconf 86' lang='lat' dir='ltr'><strong>Et</strong></span> <span class='ocrx_word' id='word_1_481' title='bbox 499 3319 860 3390; x_wconf 81' lang='lat' dir='ltr'><strong>unusquisque</strong></span> <span class='ocrx_word' id='word_1_482' title='bbox 903 3319 1101 3374; x_wconf 89' lang='lat' dir='ltr'><strong>colebat</strong></span> <span class='ocrx_word' id='word_1_483' title='bbox 1149 3329 1345 3375; x_wconf 87' lang='lat' dir='ltr'><strong>terram</strong></span> <span class='ocrx_word' id='word_1_484' title='bbox 1391 3337 1541 3375; x_wconf 88' lang='lat' dir='ltr'><strong>suam</strong></span> <span class='ocrx_word' id='word_1_485' title='bbox 1590 3336 1708 3375; x_wconf 90' lang='lat' dir='ltr'><strong>cum</strong></span> <span class='ocrx_word' id='word_1_486' title='bbox 1753 3337 1898 3392; x_wconf 87' lang='lat' dir='ltr'><strong>pace.</strong></span> <span class='ocrx_word' id='word_1_487' title='bbox 1931 3302 1977 3366; x_wconf 67' lang='grc' dir='ltr'>Ο</span> <span class='ocrx_word' id='word_1_488' title='bbox 2005 3328 2183 3402; x_wconf 72' lang='lat' dir='ltr'><strong>Opera</strong></span> <span class='ocrx_word' id='word_1_489' title='bbox 2206 3302 2420 3401; x_wconf 45' lang='lat' dir='ltr'><strong>quoque</strong></span> <span class='ocrx_word' id='word_1_490' title='bbox 2439 3302 2621 3400; x_wconf 70' lang='lat' dir='ltr'><strong>populi</strong></span> <span class='ocrx_word' id='word_1_491' title='bbox 2652 3302 2751 3383; x_wconf 71' lang='lat' dir='ltr'><strong>Dei</strong></span> <span class='ocrx_word' id='word_1_492' title='bbox 2777 3302 2883 3384; x_wconf 75' lang='lat' dir='ltr'><strong>nm</strong></span> <span class='ocrx_word' id='word_1_493' title='bbox 2905 3302 3265 3392; x_wconf 52' lang='lat' dir='ltr'><strong>reminiscent,</strong></span> <span class='ocrx_word' id='word_1_494' title='bbox 3312 3302 3591 3383; x_wconf 35' lang='lat' dir='ltr'><strong>sed‘inno-</strong></span> 
     </span>
    </p>
   </div>
   <div class='ocr_carea' id='block_1_63' title="bbox 304 3406 1905 3479">
    <p class='ocr_par' dir='ltr' id='par_1_63' title="bbox 304 3406 1905 3479">
     <span class='ocr_line' id='line_1_63' title="bbox 304 3406 1905 3479; baseline 0.004 -18"><span class='ocrx_word' id='word_1_495' title='bbox 304 3408 525 3478; x_wconf 71' lang='lat' dir='ltr'><strong>Corpus</strong></span> <span class='ocrx_word' id='word_1_496' title='bbox 565 3418 720 3463; x_wconf 88' lang='lat' dir='ltr'><strong>suum</strong></span> <span class='ocrx_word' id='word_1_497' title='bbox 772 3406 977 3464; x_wconf 83' lang='lat' dir='ltr'><strong>scilicet</strong></span> <span class='ocrx_word' id='word_1_498' title='bbox 1019 3409 1311 3466; x_wconf 84' lang='lat' dir='ltr'><strong>virtutibus</strong></span> <span class='ocrx_word' id='word_1_499' title='bbox 1333 3425 1637 3479; x_wconf 60' lang='lat' dir='ltr'><strong>exercens,</strong></span> <span class='ocrx_word' id='word_1_500' title='bbox 1668 3410 1755 3468; x_wconf 92' lang='lat' dir='ltr'><strong>vel</strong></span> <span class='ocrx_word' id='word_1_501' title='bbox 1798 3419 1905 3467; x_wconf 88' lang='lat' dir='ltr'><strong>ter-</strong></span> 
     </span>
    </p>
   </div>
   <div class='ocr_carea' id='block_1_64' title="bbox 319 3497 1903 3575">
    <p class='ocr_par' dir='ltr' id='par_1_64' title="bbox 319 3497 1903 3575">
     <span class='ocr_line' id='line_1_64' title="bbox 319 3497 1903 3575; baseline 0.004 -23"><span class='ocrx_word' id='word_1_502' title='bbox 319 3512 435 3552; x_wconf 86' lang='lat' dir='ltr'><strong>ram</strong></span> <span class='ocrx_word' id='word_1_503' title='bbox 468 3497 725 3554; x_wconf 62' lang='lat' dir='ltr'><strong>Ecclesia</strong></span> <span class='ocrx_word' id='word_1_504' title='bbox 766 3498 924 3554; x_wconf 79' lang='lat' dir='ltr'><strong>bonis</strong></span> <span class='ocrx_word' id='word_1_505' title='bbox 961 3500 1237 3569; x_wconf 85' lang='lat' dir='ltr'><strong>operibus.</strong></span> <span class='ocrx_word' id='word_1_506' title='bbox 1287 3499 1496 3573; x_wconf 83' lang='lat' dir='ltr'><strong>Singuli</strong></span> <span class='ocrx_word' id='word_1_507' title='bbox 1546 3504 1749 3575; x_wconf 88' lang='lat' dir='ltr'><strong>quique</strong></span> <span class='ocrx_word' id='word_1_508' title='bbox 1776 3517 1903 3559; x_wconf 90' lang='lat' dir='ltr'><strong>san-</strong></span> 
     </span>
    </p>
   </div>
   <div class='ocr_carea' id='block_1_65' title="bbox 320 3586 1117 3659">
    <p class='ocr_par' dir='ltr' id='par_1_65' title="bbox 320 3586 1117 3659">
     <span class='ocr_line' id='line_1_65' title="bbox 320 3586 1117 3659; baseline 0 -16"><span class='ocrx_word' id='word_1_509' title='bbox 320 3597 529 3655; x_wconf 85' lang='lat' dir='ltr'><strong>ctorum</strong></span> <span class='ocrx_word' id='word_1_510' title='bbox 556 3602 660 3659; x_wconf 85' lang='lat' dir='ltr'><strong>pro</strong></span> <span class='ocrx_word' id='word_1_511' title='bbox 681 3586 889 3644; x_wconf 78' lang='lat' dir='ltr'><strong>viribus</strong></span> <span class='ocrx_word' id='word_1_512' title='bbox 914 3587 1117 3644; x_wconf 84' lang='lat' dir='ltr'><strong>colunt.</strong></span> 
     </span>
    </p>
   </div>
   <div class='ocr_carea' id='block_1_66' title="bbox 393 3677 1900 3750">
    <p class='ocr_par' dir='ltr' id='par_1_66' title="bbox 393 3677 1900 3750">
     <span class='ocr_line' id='line_1_66' title="bbox 393 3677 1900 3750; baseline 0.006 -18"><span class='ocrx_word' id='word_1_513' title='bbox 393 3677 460 3733; x_wconf 80' lang='lat' dir='ltr'><strong>Et</strong></span> <span class='ocrx_word' id='word_1_514' title='bbox 476 3688 621 3734; x_wconf 76' lang='lat' dir='ltr'><strong>terra</strong></span> <span class='ocrx_word' id='word_1_515' title='bbox 640 3680 798 3734; x_wconf 76' lang='lat' dir='ltr'><strong>dabat</strong></span> <span class='ocrx_word' id='word_1_516' title='bbox 822 3680 1052 3750; x_wconf 76' lang='lat' dir='ltr'><strong>fructum</strong></span> <span class='ocrx_word' id='word_1_517' title='bbox 1072 3697 1249 3736; x_wconf 83' lang='lat' dir='ltr'><strong>suum.</strong></span> <span class='ocrx_word' id='word_1_518' title='bbox 1270 3682 1415 3739; x_wconf 87' lang='lat' dir='ltr'><strong>Caro</strong></span> <span class='ocrx_word' id='word_1_519' title='bbox 1434 3683 1693 3741; x_wconf 80' lang='lat' dir='ltr'><strong>videlicet</strong></span> <span class='ocrx_word' id='word_1_520' title='bbox 1715 3693 1900 3742; x_wconf 89' lang='lat' dir='ltr'><strong>nostra</strong></span> 
     </span>
    </p>
   </div>
   <div class='ocr_carea' id='block_1_67' title="bbox 310 3770 1545 3843">
    <p class='ocr_par' dir='ltr' id='par_1_67' title="bbox 310 3770 1545 3843">
     <span class='ocr_line' id='line_1_67' title="bbox 310 3770 1545 3843; baseline 0.003 -16"><span class='ocrx_word' id='word_1_521' title='bbox 310 3770 528 3827; x_wconf 79' lang='lat' dir='ltr'><strong>&#39;fructus</strong></span> <span class='ocrx_word' id='word_1_522' title='bbox 549 3774 813 3829; x_wconf 85' lang='lat' dir='ltr'><strong>bonorum</strong></span> <span class='ocrx_word' id='word_1_523' title='bbox 841 3788 1063 3843; x_wconf 88' lang='lat' dir='ltr'><strong>operum</strong></span> <span class='ocrx_word' id='word_1_524' title='bbox 1094 3773 1249 3832; x_wconf 79' lang='lat' dir='ltr'><strong>aﬂ‘ert</strong></span> <span class='ocrx_word' id='word_1_525' title='bbox 1274 3776 1545 3833; x_wconf 83' lang='lat' dir='ltr'><strong>similiter.</strong></span> 
     </span>
    </p>
   </div>
   <div class='ocr_carea' id='block_1_68' title="bbox 392 3862 1907 3935">
    <p class='ocr_par' dir='ltr' id='par_1_68' title="bbox 392 3862 1907 3935">
     <span class='ocr_line' id='line_1_68' title="bbox 392 3862 1907 3935; baseline 0.005 -19"><span class='ocrx_word' id='word_1_526' title='bbox 392 3863 461 3917; x_wconf 85' lang='lat' dir='ltr'><strong>Et</strong></span> <span class='ocrx_word' id='word_1_527' title='bbox 509 3862 651 3934; x_wconf 81' lang='lat' dir='ltr'><strong>ligna</strong></span> <span class='ocrx_word' id='word_1_528' title='bbox 699 3878 1020 3935; x_wconf 82' lang='lat' dir='ltr'><strong>camporum.</strong></span> <span class='ocrx_word' id='word_1_529' title='bbox 1065 3863 1181 3922; x_wconf 71' lang='lat' dir='ltr'><strong>Hoc</strong></span> <span class='ocrx_word' id='word_1_530' title='bbox 1216 3876 1318 3934; x_wconf 88' lang='lat' dir='ltr'><strong>est,</strong></span> <span class='ocrx_word' id='word_1_531' title='bbox 1350 3868 1599 3924; x_wconf 82' lang='lat' dir='ltr'><strong>homines</strong></span> <span class='ocrx_word' id='word_1_532' title='bbox 1628 3867 1907 3924; x_wconf 86' lang='lat' dir='ltr'><strong>viriditate</strong></span> 
     </span>
    </p>
   </div>
   <div class='ocr_carea' id='block_1_69' title="bbox 310 3952 1903 4031">
    <p class='ocr_par' dir='ltr' id='par_1_69' title="bbox 310 3952 1903 4031">
     <span class='ocr_line' id='line_1_69' title="bbox 310 3952 1903 4031; baseline 0.005 -24"><span class='ocrx_word' id='word_1_533' title='bbox 310 3952 443 4009; x_wconf 67' lang='lat' dir='ltr'><strong>ﬁdei</strong></span> <span class='ocrx_word' id='word_1_534' title='bbox 473 3968 687 4025; x_wconf 83' lang='lat' dir='ltr'><strong>semper</strong></span> <span class='ocrx_word' id='word_1_535' title='bbox 706 3954 969 4013; x_wconf 67' lang='lat' dir='ltr'><strong>*ﬁomntes</strong></span> <span class='ocrx_word' id='word_1_536' title='bbox 1007 3958 1251 4029; x_wconf 86' lang='lat' dir='ltr'><strong>germina</strong></span> <span class='ocrx_word' id='word_1_537' title='bbox 1295 3960 1557 4014; x_wconf 88' lang='lat' dir='ltr'><strong>virtutum</strong></span> <span class='ocrx_word' id='word_1_538' title='bbox 1602 3960 1903 4031; x_wconf 77' lang='lat' dir='ltr'><strong>proferunt.</strong></span> 
     </span>
    </p>
   </div>
   <div class='ocr_carea' id='block_1_70' title="bbox 394 4044 1906 4118">
    <p class='ocr_par' dir='ltr' id='par_1_70' title="bbox 394 4044 1906 4118">
     <span class='ocr_line' id='line_1_70' title="bbox 394 4044 1906 4118; baseline 0.005 -18"><span class='ocrx_word' id='word_1_539' title='bbox 394 4044 636 4100; x_wconf 84' lang='lat' dir='ltr'><strong>Seniores</strong></span> <span class='ocrx_word' id='word_1_540' title='bbox 677 4047 734 4101; x_wconf 73' lang='lat' dir='ltr'><strong>in</strong></span> <span class='ocrx_word' id='word_1_541' title='bbox 778 4046 977 4118; x_wconf 81' lang='lat' dir='ltr'><strong>plateas</strong></span> <span class='ocrx_word' id='word_1_542' title='bbox 1017 4049 1261 4103; x_wconf 80' lang='lat' dir='ltr'><strong>sedebant</strong></span> <span class='ocrx_word' id='word_1_543' title='bbox 1306 4065 1504 4117; x_wconf 88' lang='lat' dir='ltr'><strong>omnes,</strong></span> <span class='ocrx_word' id='word_1_544' title='bbox 1552 4062 1601 4105; x_wconf 89' lang='lat' dir='ltr'><strong>et</strong></span> <span class='ocrx_word' id='word_1_545' title='bbox 1648 4053 1712 4106; x_wconf 87' lang='lat' dir='ltr'><strong>de</strong></span> <span class='ocrx_word' id='word_1_546' title='bbox 1760 4052 1906 4107; x_wconf 91' lang='lat' dir='ltr'><strong>bonis</strong></span> 
     </span>
    </p>
   </div>
   <div class='ocr_carea' id='block_1_71' title="bbox 318 4139 1909 4214">
    <p class='ocr_par' dir='ltr' id='par_1_71' title="bbox 318 4139 1909 4214">
     <span class='ocr_line' id='line_1_71' title="bbox 318 4139 1909 4214; baseline 0.001 -19"><span class='ocrx_word' id='word_1_547' title='bbox 318 4149 478 4196; x_wconf 68' lang='lat' dir='ltr'><strong>terra:</strong></span> <span class='ocrx_word' id='word_1_548' title='bbox 499 4139 819 4206; x_wconf 85' lang='lat' dir='ltr'><strong>tractabant,</strong></span> <span class='ocrx_word' id='word_1_549' title='bbox 844 4148 893 4195; x_wconf 78' lang='lat' dir='ltr'><strong>et</strong></span> <span class='ocrx_word' id='word_1_550' title='bbox 928 4140 1143 4211; x_wconf 73' lang='lat' dir='ltr'><strong>juvenes</strong></span> <span class='ocrx_word' id='word_1_551' title='bbox 1172 4141 1461 4196; x_wconf 85' lang='lat' dir='ltr'><strong>induebant</strong></span> <span class='ocrx_word' id='word_1_552' title='bbox 1504 4159 1559 4197; x_wconf 89' lang='lat' dir='ltr'><strong>se</strong></span> <span class='ocrx_word' id='word_1_553' title='bbox 1602 4143 1825 4214; x_wconf 87' lang='lat' dir='ltr'><strong>gloriam</strong></span> <span class='ocrx_word' id='word_1_554' title='bbox 1860 4152 1909 4198; x_wconf 82' lang='lat' dir='ltr'><strong>et</strong></span> 
     </span>
    </p>
   </div>
   <div class='ocr_carea' id='block_1_72' title="bbox 324 4230 1910 4303">
    <p class='ocr_par' dir='ltr' id='par_1_72' title="bbox 324 4230 1910 4303">
     <span class='ocr_line' id='line_1_72' title="bbox 324 4230 1910 4303; baseline 0.002 -16"><span class='ocrx_word' id='word_1_555' title='bbox 324 4234 487 4288; x_wconf 81' lang='lat' dir='ltr'><strong>stolas</strong></span> <span class='ocrx_word' id='word_1_556' title='bbox 536 4230 675 4286; x_wconf 88' lang='lat' dir='ltr'><strong>belli.</strong></span> <span class='ocrx_word' id='word_1_557' title='bbox 714 4230 775 4285; x_wconf 79' lang='lat' dir='ltr'><strong>in</strong></span> <span class='ocrx_word' id='word_1_558' title='bbox 818 4231 1123 4288; x_wconf 80' lang='lat' dir='ltr'><strong>senioribus</strong></span> <span class='ocrx_word' id='word_1_559' title='bbox 1165 4247 1455 4303; x_wconf 83' lang='lat' dir='ltr'><strong>possumus</strong></span> <span class='ocrx_word' id='word_1_560' title='bbox 1500 4234 1748 4303; x_wconf 87' lang='lat' dir='ltr'><strong>accipere</strong></span> <span class='ocrx_word' id='word_1_561' title='bbox 1783 4248 1910 4303; x_wconf 90' lang='lat' dir='ltr'><strong>pro-</strong></span> 
     </span>
    </p>
   </div>
   <div class='ocr_carea' id='block_1_73' title="bbox 313 4323 1909 4399">
    <p class='ocr_par' dir='ltr' id='par_1_73' title="bbox 313 4323 1909 4399">
     <span class='ocr_line' id='line_1_73' title="bbox 313 4323 1909 4399; baseline 0 -18"><span class='ocrx_word' id='word_1_562' title='bbox 313 4326 536 4399; x_wconf 62' lang='lat' dir='ltr'><strong>phetas,</strong></span> <span class='ocrx_word' id='word_1_563' title='bbox 574 4324 847 4396; x_wconf 86' lang='lat' dir='ltr'><strong>apostolos</strong></span> <span class='ocrx_word' id='word_1_564' title='bbox 884 4331 941 4382; x_wconf 86' lang='lat' dir='ltr'><strong>et</strong></span> <span class='ocrx_word' id='word_1_565' title='bbox 981 4325 1230 4381; x_wconf 79' lang='lat' dir='ltr'><strong>doctores</strong></span> <span class='ocrx_word' id='word_1_566' title='bbox 1268 4335 1472 4381; x_wconf 62' lang='lat' dir='ltr'><strong>sanctas</strong></span> <span class='ocrx_word' id='word_1_567' title='bbox 1509 4323 1784 4391; x_wconf 63' lang='lat' dir='ltr'><strong>Ecclesiae,</strong></span> <span class='ocrx_word' id='word_1_568' title='bbox 1815 4326 1909 4397; x_wconf 88' lang='lat' dir='ltr'><strong>qui</strong></span> 
     </span>
    </p>
   </div>
   <div class='ocr_carea' id='block_1_74' title="bbox 224 4414 1910 4490">
    <p class='ocr_par' dir='ltr' id='par_1_74' title="bbox 224 4414 1910 4490">
     <span class='ocr_line' id='line_1_74' title="bbox 224 4414 1910 4490; baseline 0.001 -17"><span class='ocrx_word' id='word_1_569' title='bbox 224 4424 227 4429; x_wconf 85' lang='lat'>&#39;</span> <span class='ocrx_word' id='word_1_570' title='bbox 321 4418 602 4474; x_wconf 71' lang='lat' dir='ltr'><strong>auditores</strong></span> <span class='ocrx_word' id='word_1_571' title='bbox 637 4432 764 4474; x_wconf 87' lang='lat' dir='ltr'><strong>suos</strong></span> <span class='ocrx_word' id='word_1_572' title='bbox 802 4416 1043 4474; x_wconf 80' lang='lat' dir='ltr'><strong>consiliis</strong></span> <span class='ocrx_word' id='word_1_573' title='bbox 1078 4417 1275 4490; x_wconf 81' lang='lat' dir='ltr'><strong>juvant</strong></span> <span class='ocrx_word' id='word_1_574' title='bbox 1297 4425 1355 4473; x_wconf 87' lang='lat' dir='ltr'><strong>et</strong></span> <span class='ocrx_word' id='word_1_575' title='bbox 1382 4414 1724 4473; x_wconf 87' lang='lat' dir='ltr'><strong>sermonibus</strong></span> <span class='ocrx_word' id='word_1_576' title='bbox 1748 4418 1910 4474; x_wconf 87' lang='lat' dir='ltr'><strong>robo-</strong></span> 
     </span>
    </p>
   </div>
   <div class='ocr_carea' id='block_1_75' title="bbox 318 4507 1910 4582">
    <p class='ocr_par' dir='ltr' id='par_1_75' title="bbox 318 4507 1910 4582">
     <span class='ocr_line' id='line_1_75' title="bbox 318 4507 1910 4582; baseline 0 -16"><span class='ocrx_word' id='word_1_577' title='bbox 318 4516 481 4577; x_wconf 70' lang='lat' dir='ltr'><strong>rant;</strong></span> <span class='ocrx_word' id='word_1_578' title='bbox 507 4507 734 4579; x_wconf 75' lang='lat' dir='ltr'><strong>juvenes</strong></span> <span class='ocrx_word' id='word_1_579' title='bbox 775 4517 983 4578; x_wconf 85' lang='lat' dir='ltr'><strong>autem,</strong></span> <span class='ocrx_word' id='word_1_580' title='bbox 1013 4517 1189 4566; x_wconf 69' lang='lat' dir='ltr'><strong>cintus</strong></span> <span class='ocrx_word' id='word_1_581' title='bbox 1234 4509 1499 4579; x_wconf 76' lang='lat' dir='ltr'><strong>ﬁdelium,</strong></span> <span class='ocrx_word' id='word_1_582' title='bbox 1545 4511 1693 4581; x_wconf 78' lang='lat' dir='ltr'><strong>quia,</strong></span> <span class='ocrx_word' id='word_1_583' title='bbox 1741 4510 1910 4582; x_wconf 81' lang='lat' dir='ltr'><strong>gloria</strong></span> 
     </span>
    </p>
   </div>
   <div class='ocr_carea' id='block_1_76' title="bbox 322 4600 1913 4671">
    <p class='ocr_par' dir='ltr' id='par_1_76' title="bbox 322 4600 1913 4671">
     <span class='ocr_line' id='line_1_76' title="bbox 322 4600 1913 4671; baseline -0.001 -12"><span class='ocrx_word' id='word_1_584' title='bbox 322 4601 686 4659; x_wconf 65' lang='lat' dir='ltr'><strong>confessionis</strong></span> <span class='ocrx_word' id='word_1_585' title='bbox 712 4601 916 4659; x_wconf 83' lang='lat' dir='ltr'><strong>Christi</strong></span> <span class='ocrx_word' id='word_1_586' title='bbox 956 4600 1104 4669; x_wconf 79' lang='lat' dir='ltr'><strong>freti,</strong></span> <span class='ocrx_word' id='word_1_587' title='bbox 1153 4601 1386 4658; x_wconf 80' lang='lat' dir='ltr'><strong>induunt</strong></span> <span class='ocrx_word' id='word_1_588' title='bbox 1414 4612 1489 4671; x_wconf 77' lang='lat' dir='ltr'><strong>se</strong></span> <span class='ocrx_word' id='word_1_589' title='bbox 1528 4602 1699 4658; x_wconf 84' lang='lat' dir='ltr'><strong>armis</strong></span> <span class='ocrx_word' id='word_1_590' title='bbox 1741 4600 1913 4657; x_wconf 83' lang='lat' dir='ltr'><strong>virtu-</strong></span> 
     </span>
    </p>
   </div>
   <div class='ocr_carea' id='block_1_77' title="bbox 1964 3414 3592 3497">
    <p class='ocr_par' dir='ltr' id='par_1_77' title="bbox 1964 3414 3592 3497">
     <span class='ocr_line' id='line_1_77' title="bbox 1964 3414 3592 3497; baseline -0.005 -20"><span class='ocrx_word' id='word_1_591' title='bbox 1964 3422 2279 3497; x_wconf 42' lang='lat' dir='ltr'><strong>,vabuntur</strong></span> <span class='ocrx_word' id='word_1_592' title='bbox 2306 3429 2360 3475; x_wconf 88' lang='lat' dir='ltr'><strong>et</strong></span> <span class='ocrx_word' id='word_1_593' title='bbox 2405 3418 2947 3484; x_wconf 85' lang='lat' dir='ltr'><strong>consummabuntur,</strong></span> <span class='ocrx_word' id='word_1_594' title='bbox 2995 3416 3082 3473; x_wconf 85' lang='lat' dir='ltr'><strong>vel</strong></span> <span class='ocrx_word' id='word_1_595' title='bbox 3126 3414 3592 3473; x_wconf 77' lang='lat' dir='ltr'><strong>conﬁrmabuntur</strong></span> 
     </span>
    </p>
   </div>
   <div class='ocr_carea' id='block_1_78' title="bbox 1962 3506 3592 3596">
    <p class='ocr_par' dir='ltr' id='par_1_78' title="bbox 1962 3506 3592 3596">
     <span class='ocr_line' id='line_1_78' title="bbox 1962 3506 3592 3596; baseline -0.006 -26"><span class='ocrx_word' id='word_1_596' title='bbox 1962 3578 1971 3582; x_wconf 47' lang='grc'><em>,</em></span> <span class='ocrx_word' id='word_1_597' title='bbox 2007 3513 2269 3596; x_wconf 73' lang='lat' dir='ltr'><strong>quotidie,</strong></span> <span class='ocrx_word' id='word_1_598' title='bbox 2300 3523 2357 3567; x_wconf 91' lang='lat' dir='ltr'><strong>ut</strong></span> <span class='ocrx_word' id='word_1_599' title='bbox 2392 3529 2495 3567; x_wconf 85' lang='lat' dir='ltr'><strong>non</strong></span> <span class='ocrx_word' id='word_1_600' title='bbox 2526 3511 2792 3566; x_wconf 81' lang='lat' dir='ltr'><strong>ambulent</strong></span> <span class='ocrx_word' id='word_1_601' title='bbox 2822 3511 2877 3566; x_wconf 90' lang='lat' dir='ltr'><strong>in</strong></span> <span class='ocrx_word' id='word_1_602' title='bbox 2907 3518 3156 3565; x_wconf 83' lang='lat' dir='ltr'><strong>vetustate</strong></span> <span class='ocrx_word' id='word_1_603' title='bbox 3185 3508 3393 3573; x_wconf 57' lang='lat' dir='ltr'><strong>littera},</strong></span> <span class='ocrx_word' id='word_1_604' title='bbox 3425 3508 3514 3562; x_wconf 90' lang='lat' dir='ltr'><strong>sed</strong></span> <span class='ocrx_word' id='word_1_605' title='bbox 3535 3506 3592 3561; x_wconf 84' lang='lat' dir='ltr'><strong>in</strong></span> 
     </span>
    </p>
   </div>
   <div class='ocr_carea' id='block_1_79' title="bbox 2004 3598 3594 3678">
    <p class='ocr_par' dir='ltr' id='par_1_79' title="bbox 2004 3598 3594 3678">
     <span class='ocr_line' id='line_1_79' title="bbox 2004 3598 3594 3678; baseline -0.004 -18"><span class='ocrx_word' id='word_1_606' title='bbox 2004 3608 2230 3660; x_wconf 77' lang='lat' dir='ltr'><strong>novitate</strong></span> <span class='ocrx_word' id='word_1_607' title='bbox 2262 3603 2493 3676; x_wconf 82' lang='lat' dir='ltr'><strong>Spiritus</strong></span> <span class='ocrx_word' id='word_1_608' title='bbox 2538 3602 2716 3678; x_wconf 78' lang='lat' dir='ltr'><strong>(Rom.</strong></span> <span class='ocrx_word' id='word_1_609' title='bbox 2738 3603 2869 3676; x_wconf 84' lang='lat' dir='ltr'><strong>vn);</strong></span> <span class='ocrx_word' id='word_1_610' title='bbox 2900 3602 3061 3658; x_wconf 88' lang='lat' dir='ltr'><strong>talem</strong></span> <span class='ocrx_word' id='word_1_611' title='bbox 3104 3601 3276 3673; x_wconf 83' lang='lat' dir='ltr'><strong>legem</strong></span> <span class='ocrx_word' id='word_1_612' title='bbox 3302 3598 3594 3670; x_wconf 79' lang='lat' dir='ltr'><strong>exquisivit</strong></span> 
     </span>
    </p>
   </div>
   <div class='ocr_carea' id='block_1_80' title="bbox 2008 3691 3590 3761">
    <p class='ocr_par' dir='ltr' id='par_1_80' title="bbox 2008 3691 3590 3761">
     <span class='ocr_line' id='line_1_80' title="bbox 2008 3691 3590 3761; baseline -0.004 -10"><span class='ocrx_word' id='word_1_613' title='bbox 2008 3692 2196 3751; x_wconf 83' lang='lat' dir='ltr'><strong>Simon</strong></span> <span class='ocrx_word' id='word_1_614' title='bbox 2220 3704 2429 3761; x_wconf 87' lang='lat' dir='ltr'><strong>noster,</strong></span> <span class='ocrx_word' id='word_1_615' title='bbox 2456 3704 2502 3751; x_wconf 92' lang='lat' dir='ltr'><strong>et</strong></span> <span class='ocrx_word' id='word_1_616' title='bbox 2532 3693 2745 3750; x_wconf 89' lang='lat' dir='ltr'><strong>abstulit</strong></span> <span class='ocrx_word' id='word_1_617' title='bbox 2771 3711 2976 3749; x_wconf 89' lang='lat' dir='ltr'><strong>omnem</strong></span> <span class='ocrx_word' id='word_1_618' title='bbox 3013 3695 3251 3761; x_wconf 89' lang='lat' dir='ltr'><strong>iniquum</strong></span> <span class='ocrx_word' id='word_1_619' title='bbox 3286 3701 3334 3747; x_wconf 91' lang='lat' dir='ltr'><strong>et</strong></span> <span class='ocrx_word' id='word_1_620' title='bbox 3371 3691 3590 3757; x_wconf 88' lang='lat' dir='ltr'><strong>malum,</strong></span> 
     </span>
    </p>
   </div>
   <div class='ocr_carea' id='block_1_81' title="bbox 2008 3782 3595 3858">
    <p class='ocr_par' dir='ltr' id='par_1_81' title="bbox 2008 3782 3595 3858">
     <span class='ocr_line' id='line_1_81' title="bbox 2008 3782 3595 3858; baseline -0.004 -15"><span class='ocrx_word' id='word_1_621' title='bbox 2008 3800 2130 3844; x_wconf 87' lang='lat' dir='ltr'><strong>cum</strong></span> <span class='ocrx_word' id='word_1_622' title='bbox 2158 3787 2317 3843; x_wconf 90' lang='lat' dir='ltr'><strong>modo</strong></span> <span class='ocrx_word' id='word_1_623' title='bbox 2360 3799 2461 3858; x_wconf 87' lang='lat' dir='ltr'><strong>per</strong></span> <span class='ocrx_word' id='word_1_624' title='bbox 2489 3793 2708 3842; x_wconf 89' lang='lat' dir='ltr'><strong>sanctos</strong></span> <span class='ocrx_word' id='word_1_625' title='bbox 2732 3784 2984 3841; x_wconf 88' lang='lat' dir='ltr'><strong>doctores</strong></span> <span class='ocrx_word' id='word_1_626' title='bbox 3014 3785 3449 3841; x_wconf 78' lang='lat' dir='ltr'><strong>excommunicat</strong></span> <span class='ocrx_word' id='word_1_627' title='bbox 3486 3782 3595 3839; x_wconf 65' lang='lat' dir='ltr'><strong>hat-</strong></span> 
     </span>
    </p>
   </div>
   <div class='ocr_carea' id='block_1_82' title="bbox 2006 3874 3594 3948">
    <p class='ocr_par' dir='ltr' id='par_1_82' title="bbox 2006 3874 3594 3948">
     <span class='ocr_line' id='line_1_82' title="bbox 2006 3874 3594 3948; baseline -0.005 -11"><span class='ocrx_word' id='word_1_628' title='bbox 2006 3882 2287 3937; x_wconf 83' lang='lat' dir='ltr'><strong>reticos&#39;et</strong></span> <span class='ocrx_word' id='word_1_629' title='bbox 2307 3880 2703 3943; x_wconf 88' lang='lat' dir='ltr'><strong>schismaticos,</strong></span> <span class='ocrx_word' id='word_1_630' title='bbox 2743 3887 2797 3934; x_wconf 90' lang='lat' dir='ltr'><strong>et</strong></span> <span class='ocrx_word' id='word_1_631' title='bbox 2817 3892 3006 3935; x_wconf 89' lang='lat' dir='ltr'><strong>omnes</strong></span> <span class='ocrx_word' id='word_1_632' title='bbox 3034 3878 3156 3948; x_wconf 81' lang='lat' dir='ltr'><strong>pios</strong></span> <span class='ocrx_word' id='word_1_633' title='bbox 3186 3877 3241 3933; x_wconf 93' lang='lat' dir='ltr'><strong>in</strong></span> <span class='ocrx_word' id='word_1_634' title='bbox 3276 3876 3382 3932; x_wconf 90' lang='lat' dir='ltr'><strong>ﬁne</strong></span> <span class='ocrx_word' id='word_1_635' title='bbox 3408 3874 3594 3930; x_wconf 88' lang='lat' dir='ltr'><strong>mundi</strong></span> 
     </span>
    </p>
   </div>
   <div class='ocr_carea' id='block_1_83' title="bbox 2006 3966 3595 4043">
    <p class='ocr_par' dir='ltr' id='par_1_83' title="bbox 2006 3966 3595 4043">
     <span class='ocr_line' id='line_1_83' title="bbox 2006 3966 3595 4043; baseline -0.005 -14"><span class='ocrx_word' id='word_1_636' title='bbox 2006 3974 2196 4041; x_wconf 84' lang='lat' dir='ltr'><strong>mittit,</strong></span> <span class='ocrx_word' id='word_1_637' title='bbox 2227 3982 2282 4029; x_wconf 89' lang='lat' dir='ltr'><strong>et</strong></span> <span class='ocrx_word' id='word_1_638' title='bbox 2325 3972 2577 4043; x_wconf 83' lang='lat' dir='ltr'><strong>colligent</strong></span> <span class='ocrx_word' id='word_1_639' title='bbox 2617 3972 2800 4033; x_wconf 79' lang='lat' dir='ltr'><strong>omnia</strong></span> <span class='ocrx_word' id='word_1_640' title='bbox 2848 3969 3106 4029; x_wconf 81' lang='lat' dir='ltr'><strong>scandala</strong></span> <span class='ocrx_word' id='word_1_641' title='bbox 3147 3970 3215 4025; x_wconf 90' lang='lat' dir='ltr'><strong>de</strong></span> <span class='ocrx_word' id='word_1_642' title='bbox 3262 3982 3428 4037; x_wconf 84' lang='lat' dir='ltr'><strong>regno</strong></span> <span class='ocrx_word' id='word_1_643' title='bbox 3479 3966 3595 4036; x_wconf 83' lang='lat' dir='ltr'><strong>ejus</strong></span> 
     </span>
    </p>
   </div>
   <div class='ocr_carea' id='block_1_84' title="bbox 2008 4062 2399 4136">
    <p class='ocr_par' dir='ltr' id='par_1_84' title="bbox 2008 4062 2399 4136">
     <span class='ocr_line' id='line_1_84' title="bbox 2008 4062 2399 4136; baseline 0.003 -18"><span class='ocrx_word' id='word_1_644' title='bbox 2008 4062 2226 4135; x_wconf 68' lang='lat' dir='ltr'><strong>(Matth.</strong></span> <span class='ocrx_word' id='word_1_645' title='bbox 2254 4064 2399 4136; x_wconf 77' lang='lat' dir='ltr'><strong>mi).</strong></span> 
     </span>
    </p>
   </div>
   <div class='ocr_carea' id='block_1_85' title="bbox 2083 4150 3591 4225">
    <p class='ocr_par' dir='ltr' id='par_1_85' title="bbox 2083 4150 3591 4225">
     <span class='ocr_line' id='line_1_85' title="bbox 2083 4150 3591 4225; baseline -0.003 -16"><span class='ocrx_word' id='word_1_646' title='bbox 2083 4152 2277 4209; x_wconf 83' lang='lat' dir='ltr'><strong>Sancta</strong></span> <span class='ocrx_word' id='word_1_647' title='bbox 2304 4150 2615 4225; x_wconf 83' lang='lat' dir='ltr'><strong>gloriﬁcavit</strong></span> <span class='ocrx_word' id='word_1_648' title='bbox 2642 4163 2690 4210; x_wconf 87' lang='lat' dir='ltr'><strong>et</strong></span> <span class='ocrx_word' id='word_1_649' title='bbox 2716 4150 3082 4224; x_wconf 77' lang='lat' dir='ltr'><strong>multiplicauit</strong></span> <span class='ocrx_word' id='word_1_650' title='bbox 3119 4164 3245 4208; x_wconf 86' lang='lat' dir='ltr'><strong>vasa</strong></span> <span class='ocrx_word' id='word_1_651' title='bbox 3269 4159 3591 4215; x_wconf 85' lang='lat' dir='ltr'><strong>sanctorum,</strong></span> 
     </span>
    </p>
   </div>
   <div class='ocr_carea' id='block_1_86' title="bbox 2011 4241 3598 4318">
    <p class='ocr_par' dir='ltr' id='par_1_86' title="bbox 2011 4241 3598 4318">
     <span class='ocr_line' id='line_1_86' title="bbox 2011 4241 3598 4318; baseline -0.006 -15"><span class='ocrx_word' id='word_1_652' title='bbox 2011 4260 2137 4303; x_wconf 90' lang='lat' dir='ltr'><strong>cum</strong></span> <span class='ocrx_word' id='word_1_653' title='bbox 2178 4243 2500 4318; x_wconf 78' lang='lat' dir='ltr'><strong>religionem</strong></span> <span class='ocrx_word' id='word_1_654' title='bbox 2558 4245 2696 4302; x_wconf 80' lang='lat' dir='ltr'><strong>Novi</strong></span> <span class='ocrx_word' id='word_1_655' title='bbox 2752 4243 3090 4300; x_wconf 86' lang='lat' dir='ltr'><strong>Testamenti</strong></span> <span class='ocrx_word' id='word_1_656' title='bbox 3134 4241 3510 4299; x_wconf 84' lang='lat' dir='ltr'><strong>ordlnabiliter</strong></span> <span class='ocrx_word' id='word_1_657' title='bbox 3542 4249 3598 4296; x_wconf 90' lang='lat' dir='ltr'><strong>et</strong></span> 
     </span>
    </p>
   </div>
   <div class='ocr_carea' id='block_1_87' title="bbox 2010 4335 3096 4395">
    <p class='ocr_par' dir='ltr' id='par_1_87' title="bbox 2010 4335 3096 4395">
     <span class='ocr_line' id='line_1_87' title="bbox 2010 4335 3096 4395; baseline -0.006 0"><span class='ocrx_word' id='word_1_658' title='bbox 2010 4338 2117 4395; x_wconf 76' lang='lat' dir='ltr'><strong>rite</strong></span> <span class='ocrx_word' id='word_1_659' title='bbox 2141 4340 2197 4393; x_wconf 87' lang='lat' dir='ltr'><strong>in</strong></span> <span class='ocrx_word' id='word_1_660' title='bbox 2232 4336 2475 4394; x_wconf 82' lang='lat' dir='ltr'><strong>Ecc‘esia</strong></span> <span class='ocrx_word' id='word_1_661' title='bbox 2504 4353 2600 4393; x_wconf 88' lang='lat' dir='ltr'><strong>sua</strong></span> <span class='ocrx_word' id='word_1_662' title='bbox 2643 4350 2864 4392; x_wconf 88' lang='lat' dir='ltr'><strong>servare</strong></span> <span class='ocrx_word' id='word_1_663' title='bbox 2892 4335 3096 4393; x_wconf 86' lang='lat' dir='ltr'><strong>docuit.</strong></span> 
     </span>
    </p>
   </div>
   <div class='ocr_carea' id='block_1_88' title="bbox 2085 4420 3596 4498">
    <p class='ocr_par' dir='ltr' id='par_1_88' title="bbox 2085 4420 3596 4498">
     <span class='ocr_line' id='line_1_88' title="bbox 2085 4420 3596 4498; baseline -0.005 -14"><span class='ocrx_word' id='word_1_664' title='bbox 2085 4428 2156 4484; x_wconf 86' lang='lat' dir='ltr'><strong>Et</strong></span> <span class='ocrx_word' id='word_1_665' title='bbox 2180 4430 2417 4484; x_wconf 85' lang='lat' dir='ltr'><strong>auditum</strong></span> <span class='ocrx_word' id='word_1_666' title='bbox 2445 4438 2518 4483; x_wconf 92' lang='lat' dir='ltr'><strong>est</strong></span> <span class='ocrx_word' id='word_1_667' title='bbox 2547 4427 2729 4482; x_wconf 78' lang='lat' dir='ltr'><strong>Roma:</strong></span> <span class='ocrx_word' id='word_1_668' title='bbox 2775 4427 2899 4498; x_wconf 90' lang='lat' dir='ltr'><strong>quia</strong></span> <span class='ocrx_word' id='word_1_669' title='bbox 2928 4426 3206 4497; x_wconf 76' lang='lat' dir='ltr'><strong>defunctus</strong></span> <span class='ocrx_word' id='word_1_670' title='bbox 3254 4431 3385 4481; x_wconf 81' lang='lat' dir='ltr'><strong>esset</strong></span> <span class='ocrx_word' id='word_1_671' title='bbox 3427 4420 3596 4478; x_wconf 80' lang='lat' dir='ltr'><strong>Jona-</strong></span> 
     </span>
    </p>
   </div>
   <div class='ocr_carea' id='block_1_89' title="bbox 2014 4514 3597 4595">
    <p class='ocr_par' dir='ltr' id='par_1_89' title="bbox 2014 4514 3597 4595">
     <span class='ocr_line' id='line_1_89' title="bbox 2014 4514 3597 4595; baseline -0.006 -20"><span class='ocrx_word' id='word_1_672' title='bbox 2014 4520 2152 4588; x_wconf 82' lang='lat' dir='ltr'><strong>tltas,</strong></span> <span class='ocrx_word' id='word_1_673' title='bbox 2210 4530 2257 4575; x_wconf 89' lang='lat' dir='ltr'><strong>et</strong></span> <span class='ocrx_word' id='word_1_674' title='bbox 2305 4535 2468 4590; x_wconf 89' lang='lat' dir='ltr'><strong>usque</strong></span> <span class='ocrx_word' id='word_1_675' title='bbox 2519 4520 2573 4572; x_wconf 90' lang='lat' dir='ltr'><strong>in</strong></span> <span class='ocrx_word' id='word_1_676' title='bbox 2630 4516 2972 4588; x_wconf 75' lang='lat' dir='ltr'><strong>Spartiates:</strong></span> <span class='ocrx_word' id='word_1_677' title='bbox 3024 4526 3073 4572; x_wconf 82' lang='lat' dir='ltr'><strong>et</strong></span> <span class='ocrx_word' id='word_1_678' title='bbox 3131 4514 3421 4570; x_wconf 80' lang='lat' dir='ltr'><strong>contristati</strong></span> <span class='ocrx_word' id='word_1_679' title='bbox 3458 4520 3597 4595; x_wconf 81' lang='lat' dir='ltr'><strong>sunt</strong></span> 
     </span>
    </p>
   </div>
   <div class='ocr_carea' id='block_1_90' title="bbox 2014 4603 3596 4677">
    <p class='ocr_par' dir='ltr' id='par_1_90' title="bbox 2014 4603 3596 4677">
     <span class='ocr_line' id='line_1_90' title="bbox 2014 4603 3596 4677; baseline -0.006 -11"><span class='ocrx_word' id='word_1_680' title='bbox 2014 4611 2185 4677; x_wconf 86' lang='lat' dir='ltr'><strong>valde,</strong></span> <span class='ocrx_word' id='word_1_681' title='bbox 2232 4618 2340 4666; x_wconf 85' lang='lat' dir='ltr'><strong>etc.</strong></span> <span class='ocrx_word' id='word_1_682' title='bbox 2379 4609 2599 4665; x_wconf 89' lang='lat' dir='ltr'><strong>Simone</strong></span> <span class='ocrx_word' id='word_1_683' title='bbox 2629 4607 2991 4664; x_wconf 87' lang='lat' dir='ltr'><strong>sacerdotium</strong></span> <span class='ocrx_word' id='word_1_684' title='bbox 3040 4605 3338 4675; x_wconf 84' lang='lat' dir='ltr'><strong>accipiente</strong></span> <span class='ocrx_word' id='word_1_685' title='bbox 3369 4603 3596 4659; x_wconf 67' lang='lat' dir='ltr'><strong>diversa:</strong></span> 
     </span>
    </p>
   </div>
   <div class='ocr_carea' id='block_1_91' title="bbox 328 4686 3597 4773">
    <p class='ocr_par' dir='ltr' id='par_1_91' title="bbox 328 4686 3597 4773">
     <span class='ocr_line' id='line_1_91' title="bbox 328 4686 3597 4773; baseline -0.004 -10"><span class='ocrx_word' id='word_1_686' title='bbox 328 4703 477 4763; x_wconf 69' lang='grc' dir='ltr'><strong>ωων</strong></span> <span class='ocrx_word' id='word_1_687' title='bbox 512 4709 621 4767; x_wconf 65' lang='grc' dir='ltr'><strong>εἰυο</strong></span> <span class='ocrx_word' id='word_1_688' title='bbox 660 4693 871 4753; x_wconf 62' lang='lat' dir='ltr'><strong>facilius</strong></span> <span class='ocrx_word' id='word_1_689' title='bbox 896 4695 1107 4765; x_wconf 62' lang='grc' dir='ltr'><strong>Ροεείηι</strong></span> <span class='ocrx_word' id='word_1_690' title='bbox 1149 4703 1431 4751; x_wconf 53' lang='lat' dir='ltr'><strong>“interere</strong></span> <span class='ocrx_word' id='word_1_691' title='bbox 1471 4693 1715 4751; x_wconf 61' lang='lat' dir='ltr'><strong>1105mm!</strong></span> <span class='ocrx_word' id='word_1_692' title='bbox 1749 4704 1910 4748; x_wconf 65' lang='grc' dir='ltr'>θιατ-</span> <span class='ocrx_word' id='word_1_693' title='bbox 1937 4686 1994 4748; x_wconf 84' lang='grc' dir='ltr'><strong>Ῑ)</strong></span> <span class='ocrx_word' id='word_1_694' title='bbox 2018 4710 2203 4773; x_wconf 85' lang='lat' dir='ltr'><strong>gentes</strong></span> <span class='ocrx_word' id='word_1_695' title='bbox 2231 4703 2296 4757; x_wconf 90' lang='lat' dir='ltr'><strong>ad</strong></span> <span class='ocrx_word' id='word_1_696' title='bbox 2322 4714 2447 4756; x_wconf 89' lang='lat' dir='ltr'><strong>eum</strong></span> <span class='ocrx_word' id='word_1_697' title='bbox 2466 4700 2673 4772; x_wconf 83' lang='lat' dir='ltr'><strong>legatos</strong></span> <span class='ocrx_word' id='word_1_698' title='bbox 2695 4700 2940 4765; x_wconf 90' lang='lat' dir='ltr'><strong>mittunt,</strong></span> <span class='ocrx_word' id='word_1_699' title='bbox 2978 4706 3229 4770; x_wconf 87' lang='lat' dir='ltr'><strong>rogantes</strong></span> <span class='ocrx_word' id='word_1_700' title='bbox 3266 4711 3330 4753; x_wconf 87' lang='lat' dir='ltr'><strong>ea</strong></span> <span class='ocrx_word' id='word_1_701' title='bbox 3358 4708 3597 4767; x_wconf 75' lang='lat' dir='ltr'><strong>quaepa-</strong></span> 
     </span>
    </p>
   </div>
   <div class='ocr_carea' id='block_1_92' title="bbox 329 4789 518 4845">
    <p class='ocr_par' dir='ltr' id='par_1_92' title="bbox 329 4789 518 4845">
     <span class='ocr_line' id='line_1_92' title="bbox 329 4789 518 4845; baseline -0.026 0"><span class='ocrx_word' id='word_1_702' title='bbox 329 4789 518 4845; x_wconf 75' lang='lat' dir='ltr'><strong>eitum.</strong></span> 
     </span>
    </p>
   </div>
   <div class='ocr_carea' id='block_1_93' title="bbox 401 4868 1913 4945">
    <p class='ocr_par' dir='ltr' id='par_1_93' title="bbox 401 4868 1913 4945">
     <span class='ocr_line' id='line_1_93' title="bbox 401 4868 1913 4945; baseline -0.002 -11"><span class='ocrx_word' id='word_1_703' title='bbox 401 4878 709 4934; x_wconf 73' lang='lat' dir='ltr'><strong>Civitatibus</strong></span> <span class='ocrx_word' id='word_1_704' title='bbox 736 4876 1002 4932; x_wconf 82' lang='lat' dir='ltr'><strong>tribuebat</strong></span> <span class='ocrx_word' id='word_1_705' title='bbox 1040 4868 1340 4933; x_wconf 82' lang='lat' dir='ltr'><strong>alimonias.</strong></span> <span class='ocrx_word' id='word_1_706' title='bbox 1382 4876 1497 4934; x_wconf 84' lang='lat' dir='ltr'><strong>Hoc</strong></span> <span class='ocrx_word' id='word_1_707' title='bbox 1517 4884 1622 4945; x_wconf 89' lang='lat' dir='ltr'><strong>est,</strong></span> <span class='ocrx_word' id='word_1_708' title='bbox 1653 4875 1913 4932; x_wconf 85' lang='lat' dir='ltr'><strong>Eeclesiis</strong></span> 
     </span>
    </p>
   </div>
   <div class='ocr_carea' id='block_1_94' title="bbox 331 4968 1449 5043">
    <p class='ocr_par' dir='ltr' id='par_1_94' title="bbox 331 4968 1449 5043">
     <span class='ocr_line' id='line_1_94' title="bbox 331 4968 1449 5043; baseline -0.003 -14"><span class='ocrx_word' id='word_1_709' title='bbox 331 4971 713 5043; x_wconf 81' lang='lat' dir='ltr'><strong>impendebant</strong></span> <span class='ocrx_word' id='word_1_710' title='bbox 745 4982 1019 5026; x_wconf 88' lang='lat' dir='ltr'><strong>sermones</strong></span> <span class='ocrx_word' id='word_1_711' title='bbox 1046 4968 1449 5041; x_wconf 86' lang='lat' dir='ltr'><strong>doetrinasque.</strong></span> 
     </span>
    </p>
   </div>
   <div class='ocr_carea' id='block_1_95' title="bbox 404 5059 1913 5128">
    <p class='ocr_par' dir='ltr' id='par_1_95' title="bbox 404 5059 1913 5128">
     <span class='ocr_line' id='line_1_95' title="bbox 404 5059 1913 5128; baseline 0.001 -12"><span class='ocrx_word' id='word_1_712' title='bbox 404 5061 550 5128; x_wconf 83' lang='lat' dir='ltr'><strong>Quas</strong></span> <span class='ocrx_word' id='word_1_713' title='bbox 574 5059 840 5116; x_wconf 83' lang='lat' dir='ltr'><strong>constituit</strong></span> <span class='ocrx_word' id='word_1_714' title='bbox 859 5075 968 5115; x_wconf 91' lang='lat' dir='ltr'><strong>esse</strong></span> <span class='ocrx_word' id='word_1_715' title='bbox 988 5076 1113 5116; x_wconf 87' lang='lat' dir='ltr'><strong>vasa</strong></span> <span class='ocrx_word' id='word_1_716' title='bbox 1126 5062 1450 5116; x_wconf 79' lang='lat' dir='ltr'><strong>munitionis.</strong></span> <span class='ocrx_word' id='word_1_717' title='bbox 1476 5060 1549 5117; x_wconf 85' lang='lat' dir='ltr'><strong>Ut</strong></span> <span class='ocrx_word' id='word_1_718' title='bbox 1568 5060 1772 5117; x_wconf 85' lang='lat' dir='ltr'><strong>scilicet</strong></span> <span class='ocrx_word' id='word_1_719' title='bbox 1792 5062 1913 5117; x_wconf 83' lang='lat' dir='ltr'><strong>the-</strong></span> 
     </span>
    </p>
   </div>
   <div class='ocr_carea' id='block_1_96' title="bbox 333 5153 1911 5225">
    <p class='ocr_par' dir='ltr' id='par_1_96' title="bbox 333 5153 1911 5225">
     <span class='ocr_line' id='line_1_96' title="bbox 333 5153 1911 5225; baseline 0 -15"><span class='ocrx_word' id='word_1_720' title='bbox 333 5167 554 5211; x_wconf 80' lang='lat' dir='ltr'><strong>saurum</strong></span> <span class='ocrx_word' id='word_1_721' title='bbox 583 5153 860 5225; x_wconf 81' lang='lat' dir='ltr'><strong>sapientiae</strong></span> <span class='ocrx_word' id='word_1_722' title='bbox 880 5154 1135 5225; x_wconf 78' lang='lat' dir='ltr'><strong>spiritalis</strong></span> <span class='ocrx_word' id='word_1_723' title='bbox 1160 5161 1461 5222; x_wconf 85' lang='lat' dir='ltr'><strong>servarent,</strong></span> <span class='ocrx_word' id='word_1_724' title='bbox 1502 5156 1560 5209; x_wconf 84' lang='lat' dir='ltr'><strong>in</strong></span> <span class='ocrx_word' id='word_1_725' title='bbox 1594 5156 1911 5210; x_wconf 86' lang='lat' dir='ltr'><strong>conscientia</strong></span> 
     </span>
    </p>
   </div>
   <div class='ocr_carea' id='block_1_97' title="bbox 318 5237 1914 5319">
    <p class='ocr_par' dir='ltr' id='par_1_97' title="bbox 318 5237 1914 5319">
     <span class='ocr_line' id='line_1_97' title="bbox 318 5237 1914 5319; baseline 0.002 -19"><span class='ocrx_word' id='word_1_726' title='bbox 318 5237 471 5317; x_wconf 55' lang='lat' dir='ltr'><strong>&#39;pura</strong></span> <span class='ocrx_word' id='word_1_727' title='bbox 506 5255 554 5300; x_wconf 89' lang='lat' dir='ltr'><strong>et</strong></span> <span class='ocrx_word' id='word_1_728' title='bbox 598 5245 702 5315; x_wconf 79' lang='lat' dir='ltr'><strong>ﬁde</strong></span> <span class='ocrx_word' id='word_1_729' title='bbox 741 5261 843 5301; x_wconf 89' lang='lat' dir='ltr'><strong>non</strong></span> <span class='ocrx_word' id='word_1_730' title='bbox 882 5246 1007 5315; x_wconf 80' lang='lat' dir='ltr'><strong>ﬁcta</strong></span> <span class='ocrx_word' id='word_1_731' title='bbox 1033 5244 1085 5319; x_wconf 88' lang='grc' dir='ltr'>(ι</span> <span class='ocrx_word' id='word_1_732' title='bbox 1134 5245 1317 5318; x_wconf 72' lang='lat' dir='ltr'><strong>Tim),</strong></span> <span class='ocrx_word' id='word_1_733' title='bbox 1365 5248 1509 5319; x_wconf 89' lang='lat' dir='ltr'><strong>quod</strong></span> <span class='ocrx_word' id='word_1_734' title='bbox 1550 5248 1738 5303; x_wconf 83' lang='lat' dir='ltr'><strong>tandiu</strong></span> <span class='ocrx_word' id='word_1_735' title='bbox 1784 5246 1914 5304; x_wconf 83' lang='lat' dir='ltr'><strong>fecit</strong></span> 
     </span>
    </p>
   </div>
   <div class='ocr_carea' id='block_1_98' title="bbox 334 5335 1912 5410">
    <p class='ocr_par' dir='ltr' id='par_1_98' title="bbox 334 5335 1912 5410">
     <span class='ocr_line' id='line_1_98' title="bbox 334 5335 1912 5410; baseline 0.001 -19"><span class='ocrx_word' id='word_1_736' title='bbox 334 5335 674 5409; x_wconf 79' lang='lat' dir='ltr'><strong>quoadusque</strong></span> <span class='ocrx_word' id='word_1_737' title='bbox 704 5337 1027 5393; x_wconf 85' lang='lat' dir='ltr'><strong>nominatum</strong></span> <span class='ocrx_word' id='word_1_738' title='bbox 1063 5347 1138 5393; x_wconf 91' lang='lat' dir='ltr'><strong>est</strong></span> <span class='ocrx_word' id='word_1_739' title='bbox 1168 5354 1360 5393; x_wconf 75' lang='lat' dir='ltr'><strong>nomen</strong></span> <span class='ocrx_word' id='word_1_740' title='bbox 1403 5338 1586 5410; x_wconf 76' lang='lat' dir='ltr'><strong>gloria:</strong></span> <span class='ocrx_word' id='word_1_741' title='bbox 1611 5338 1725 5408; x_wconf 85' lang='lat' dir='ltr'><strong>ejus</strong></span> <span class='ocrx_word' id='word_1_742' title='bbox 1746 5350 1912 5410; x_wconf 86' lang='lat' dir='ltr'><strong>usque</strong></span> 
     </span>
    </p>
   </div>
   <div class='ocr_carea' id='block_1_99' title="bbox 330 5426 1912 5497">
    <p class='ocr_par' dir='ltr' id='par_1_99' title="bbox 330 5426 1912 5497">
     <span class='ocr_line' id='line_1_99' title="bbox 330 5426 1912 5497; baseline 0 -12"><span class='ocrx_word' id='word_1_743' title='bbox 330 5426 409 5485; x_wconf 69' lang='lat' dir='ltr'><strong>ad</strong></span> <span class='ocrx_word' id='word_1_744' title='bbox 430 5438 719 5484; x_wconf 71' lang='lat' dir='ltr'><strong>estremum</strong></span> <span class='ocrx_word' id='word_1_745' title='bbox 738 5428 1118 5497; x_wconf 80' lang='lat' dir='ltr'><strong>terrte,quiain</strong></span> <span class='ocrx_word' id='word_1_746' title='bbox 1131 5442 1336 5484; x_wconf 84' lang='lat' dir='ltr'><strong>omnem</strong></span> <span class='ocrx_word' id='word_1_747' title='bbox 1356 5437 1550 5483; x_wconf 88' lang='lat' dir='ltr'><strong>terram</strong></span> <span class='ocrx_word' id='word_1_748' title='bbox 1569 5430 1726 5484; x_wconf 56' lang='lat' dir='ltr'><strong>exivit</strong></span> <span class='ocrx_word' id='word_1_749' title='bbox 1751 5444 1912 5486; x_wconf 76' lang='lat' dir='ltr'><strong>sonus</strong></span> 
     </span>
    </p>
   </div>
   <div class='ocr_carea' id='block_1_100' title="bbox 327 5520 1911 5594">
    <p class='ocr_par' dir='ltr' id='par_1_100' title="bbox 327 5520 1911 5594">
     <span class='ocr_line' id='line_1_100' title="bbox 327 5520 1911 5594; baseline 0.003 -21"><span class='ocrx_word' id='word_1_750' title='bbox 327 5520 736 5594; x_wconf 67' lang='lat' dir='ltr'><strong>praedicationis</strong></span> <span class='ocrx_word' id='word_1_751' title='bbox 775 5520 1160 5591; x_wconf 83' lang='lat' dir='ltr'><strong>apostolorum,</strong></span> <span class='ocrx_word' id='word_1_752' title='bbox 1207 5531 1256 5577; x_wconf 83' lang='lat' dir='ltr'><strong>et</strong></span> <span class='ocrx_word' id='word_1_753' title='bbox 1301 5522 1360 5577; x_wconf 85' lang='lat' dir='ltr'><strong>in</strong></span> <span class='ocrx_word' id='word_1_754' title='bbox 1398 5522 1529 5593; x_wconf 75' lang='lat' dir='ltr'><strong>ﬁnes</strong></span> <span class='ocrx_word' id='word_1_755' title='bbox 1573 5521 1714 5576; x_wconf 75' lang='lat' dir='ltr'><strong>orbis</strong></span> <span class='ocrx_word' id='word_1_756' title='bbox 1756 5529 1911 5577; x_wconf 62' lang='lat' dir='ltr'><strong>terra:</strong></span> 
     </span>
    </p>
   </div>
   <div class='ocr_carea' id='block_1_101' title="bbox 339 5607 1912 5685">
    <p class='ocr_par' dir='ltr' id='par_1_101' title="bbox 339 5607 1912 5685">
     <span class='ocr_line' id='line_1_101' title="bbox 339 5607 1912 5685; baseline 0.001 -17"><span class='ocrx_word' id='word_1_757' title='bbox 339 5612 492 5668; x_wconf 70' lang='lat' dir='ltr'><strong>verba</strong></span> <span class='ocrx_word' id='word_1_758' title='bbox 517 5627 695 5667; x_wconf 81' lang='lat' dir='ltr'><strong>eorum</strong></span> <span class='ocrx_word' id='word_1_759' title='bbox 727 5607 901 5685; x_wconf 82' lang='lat' dir='ltr'><strong>(Psal.</strong></span> <span class='ocrx_word' id='word_1_760' title='bbox 943 5611 1121 5685; x_wconf 79' lang='lat' dir='ltr'><strong>mn).</strong></span> <span class='ocrx_word' id='word_1_761' title='bbox 1152 5612 1308 5670; x_wconf 70' lang='lat' dir='ltr'><strong>[inde</strong></span> <span class='ocrx_word' id='word_1_762' title='bbox 1346 5627 1446 5683; x_wconf 84' lang='lat' dir='ltr'><strong>per</strong></span> <span class='ocrx_word' id='word_1_763' title='bbox 1482 5613 1676 5669; x_wconf 83' lang='lat' dir='ltr'><strong>Isaiam</strong></span> <span class='ocrx_word' id='word_1_764' title='bbox 1712 5612 1912 5669; x_wconf 86' lang='lat' dir='ltr'><strong>dicitur</strong></span> 
     </span>
    </p>
   </div>
   <div class='ocr_carea' id='block_1_102' title="bbox 338 5703 1910 5775">
    <p class='ocr_par' dir='ltr' id='par_1_102' title="bbox 338 5703 1910 5775">
     <span class='ocr_line' id='line_1_102' title="bbox 338 5703 1910 5775; baseline 0.002 -17"><span class='ocrx_word' id='word_1_765' title='bbox 338 5703 657 5775; x_wconf 67' lang='lat' dir='ltr'><strong>prophetam</strong></span> <span class='ocrx_word' id='word_1_766' title='bbox 683 5722 697 5759; x_wconf 91' lang='lat'><strong>:</strong></span> <span class='ocrx_word' id='word_1_767' title='bbox 726 5703 978 5759; x_wconf 75' lang='lat' dir='ltr'><strong>Auditum</strong></span> <span class='ocrx_word' id='word_1_768' title='bbox 1022 5704 1180 5775; x_wconf 79' lang='lat' dir='ltr'><strong>faciet</strong></span> <span class='ocrx_word' id='word_1_769' title='bbox 1223 5705 1476 5759; x_wconf 85' lang='lat' dir='ltr'><strong>Dominus</strong></span> <span class='ocrx_word' id='word_1_770' title='bbox 1515 5703 1739 5775; x_wconf 75' lang='lat' dir='ltr'><strong>gloriam</strong></span> <span class='ocrx_word' id='word_1_771' title='bbox 1770 5704 1910 5762; x_wconf 75' lang='lat' dir='ltr'><strong>vocis</strong></span> 
     </span>
    </p>
   </div>
   <div class='ocr_carea' id='block_1_103' title="bbox 336 5795 1639 5871">
    <p class='ocr_par' dir='ltr' id='par_1_103' title="bbox 336 5795 1639 5871">
     <span class='ocr_line' id='line_1_103' title="bbox 336 5795 1639 5871; baseline -0.001 -19"><span class='ocrx_word' id='word_1_772' title='bbox 336 5801 469 5860; x_wconf 63' lang='lat' dir='ltr'><strong>tuo,</strong></span> <span class='ocrx_word' id='word_1_773' title='bbox 493 5803 542 5849; x_wconf 80' lang='lat' dir='ltr'><strong>et</strong></span> <span class='ocrx_word' id='word_1_774' title='bbox 566 5803 814 5852; x_wconf 66' lang='lat' dir='ltr'><strong>ternorum</strong></span> <span class='ocrx_word' id='word_1_775' title='bbox 839 5796 1043 5853; x_wconf 74' lang='lat' dir='ltr'><strong>brachii</strong></span> <span class='ocrx_word' id='word_1_776' title='bbox 1066 5796 1298 5853; x_wconf 84' lang='lat' dir='ltr'><strong>ostendet</strong></span> <span class='ocrx_word' id='word_1_777' title='bbox 1322 5795 1457 5868; x_wconf 75' lang='grc' dir='ltr'><strong>(ιω.</strong></span> <span class='ocrx_word' id='word_1_778' title='bbox 1485 5796 1639 5871; x_wconf 78' lang='lat' dir='ltr'><strong>xxx).</strong></span> 
     </span>
    </p>
   </div>
   <div class='ocr_carea' id='block_1_104' title="bbox 410 5905 1999 6009">
    <p class='ocr_par' dir='ltr' id='par_1_104' title="bbox 410 5905 1999 6009">
     <span class='ocr_line' id='line_1_104' title="bbox 410 5905 1999 6009; baseline 0.003 -41"><span class='ocrx_word' id='word_1_779' title='bbox 410 5918 439 5951; x_wconf 77' lang='grc' dir='ltr'><strong>ι</strong></span> <span class='ocrx_word' id='word_1_780' title='bbox 466 5905 647 5969; x_wconf 85' lang='lat' dir='ltr'><strong>Locus</strong></span> <span class='ocrx_word' id='word_1_781' title='bbox 675 5920 981 5987; x_wconf 85' lang='lat' dir='ltr'><strong>corruptus,</strong></span> <span class='ocrx_word' id='word_1_782' title='bbox 1006 5920 1069 5972; x_wconf 87' lang='lat' dir='ltr'><strong>ut</strong></span> <span class='ocrx_word' id='word_1_783' title='bbox 1096 5911 1191 5969; x_wconf 87' lang='lat' dir='ltr'><strong>alii</strong></span> <span class='ocrx_word' id='word_1_784' title='bbox 1208 5911 1346 5971; x_wconf 86' lang='lat' dir='ltr'><strong>bene</strong></span> <span class='ocrx_word' id='word_1_785' title='bbox 1368 5911 1545 5971; x_wconf 88' lang='lat' dir='ltr'><strong>multi.</strong></span> <span class='ocrx_word' id='word_1_786' title='bbox 1778 5990 1807 5996; x_wconf 26' lang='grc' dir='ltr'><em>ν</em></span> <span class='ocrx_word' id='word_1_787' title='bbox 1910 5952 1959 6009; x_wconf 52' lang='grc' dir='ltr'><em>ς</em></span> <span class='ocrx_word' id='word_1_788' title='bbox 1984 5952 1999 5961; x_wconf 69' lang='grc' dir='ltr'><strong>ρ</strong></span> 
     </span>
    </p>
   </div>
   <div class='ocr_carea' id='block_1_105' title="bbox 2019 4786 3597 4865">
    <p class='ocr_par' dir='ltr' id='par_1_105' title="bbox 2019 4786 3597 4865">
     <span class='ocr_line' id='line_1_105' title="bbox 2019 4786 3597 4865; baseline -0.007 -14"><span class='ocrx_word' id='word_1_789' title='bbox 2019 4795 2099 4852; x_wconf 90' lang='lat' dir='ltr'><strong>cis</strong></span> <span class='ocrx_word' id='word_1_790' title='bbox 2140 4804 2286 4859; x_wconf 91' lang='lat' dir='ltr'><strong>sunt,</strong></span> <span class='ocrx_word' id='word_1_791' title='bbox 2315 4792 2583 4865; x_wconf 87' lang='lat' dir='ltr'><strong>signiﬁcat</strong></span> <span class='ocrx_word' id='word_1_792' title='bbox 2607 4792 2752 4863; x_wconf 90' lang='lat' dir='ltr'><strong>quod</strong></span> <span class='ocrx_word' id='word_1_793' title='bbox 2794 4789 3049 4862; x_wconf 72' lang='lat' dir='ltr'><strong>apostolis</strong></span> <span class='ocrx_word' id='word_1_794' title='bbox 3078 4797 3241 4859; x_wconf 90' lang='lat' dir='ltr'><strong>atque</strong></span> <span class='ocrx_word' id='word_1_795' title='bbox 3287 4786 3597 4844; x_wconf 87' lang='lat' dir='ltr'><strong>doctoribus</strong></span> 
     </span>
    </p>
   </div>
   <div class='ocr_carea' id='block_1_106' title="bbox 2018 4878 3599 4955">
    <p class='ocr_par' dir='ltr' id='par_1_106' title="bbox 2018 4878 3599 4955">
     <span class='ocr_line' id='line_1_106' title="bbox 2018 4878 3599 4955; baseline -0.008 -12"><span class='ocrx_word' id='word_1_796' title='bbox 2018 4885 2151 4943; x_wconf 78' lang='lat' dir='ltr'><strong>Novi</strong></span> <span class='ocrx_word' id='word_1_797' title='bbox 2191 4884 2521 4942; x_wconf 86' lang='lat' dir='ltr'><strong>Testamenti</strong></span> <span class='ocrx_word' id='word_1_798' title='bbox 2562 4892 2686 4955; x_wconf 89' lang='lat' dir='ltr'><strong>post</strong></span> <span class='ocrx_word' id='word_1_799' title='bbox 2728 4883 3036 4954; x_wconf 89' lang='lat' dir='ltr'><strong>passionem</strong></span> <span class='ocrx_word' id='word_1_800' title='bbox 3077 4878 3304 4947; x_wconf 87' lang='lat' dir='ltr'><strong>Christi,</strong></span> <span class='ocrx_word' id='word_1_801' title='bbox 3350 4890 3599 4934; x_wconf 87' lang='lat' dir='ltr'><strong>resurre-</strong></span> 
     </span>
    </p>
   </div>
   <div class='ocr_carea' id='block_1_107' title="bbox 2020 4967 3596 5049">
    <p class='ocr_par' dir='ltr' id='par_1_107' title="bbox 2020 4967 3596 5049">
     <span class='ocr_line' id='line_1_107' title="bbox 2020 4967 3596 5049; baseline -0.008 -12"><span class='ocrx_word' id='word_1_802' title='bbox 2020 4980 2252 5039; x_wconf 84' lang='lat' dir='ltr'><strong>ctionem</strong></span> <span class='ocrx_word' id='word_1_803' title='bbox 2296 4987 2459 5049; x_wconf 83' lang='lat' dir='ltr'><strong>atque</strong></span> <span class='ocrx_word' id='word_1_804' title='bbox 2510 4976 2884 5033; x_wconf 82' lang='lat' dir='ltr'><strong>ascensionem</strong></span> <span class='ocrx_word' id='word_1_805' title='bbox 2925 4974 2991 5029; x_wconf 88' lang='lat' dir='ltr'><strong>ad</strong></span> <span class='ocrx_word' id='word_1_806' title='bbox 3035 4973 3202 5029; x_wconf 82' lang='lat' dir='ltr'><strong>caelos</strong></span> <span class='ocrx_word' id='word_1_807' title='bbox 3244 4967 3596 5042; x_wconf 82' lang='lat' dir='ltr'><strong>Evangellum</strong></span> 
     </span>
    </p>
   </div>
   <div class='ocr_carea' id='block_1_108' title="bbox 2014 5058 3596 5140">
    <p class='ocr_par' dir='ltr' id='par_1_108' title="bbox 2014 5058 3596 5140">
     <span class='ocr_line' id='line_1_108' title="bbox 2014 5058 3596 5140; baseline -0.01 -10"><span class='ocrx_word' id='word_1_808' title='bbox 2014 5072 2074 5130; x_wconf 81' lang='lat' dir='ltr'><strong>in</strong></span> <span class='ocrx_word' id='word_1_809' title='bbox 2101 5072 2300 5127; x_wconf 87' lang='lat' dir='ltr'><strong>mundo</strong></span> <span class='ocrx_word' id='word_1_810' title='bbox 2332 5067 2771 5140; x_wconf 63' lang='lat' dir='ltr'><strong>praedicantibus,</strong></span> <span class='ocrx_word' id='word_1_811' title='bbox 2814 5063 3101 5120; x_wconf 87' lang='lat' dir='ltr'><strong>multitudo</strong></span> <span class='ocrx_word' id='word_1_812' title='bbox 3146 5061 3387 5134; x_wconf 81' lang='lat' dir='ltr'><strong>gentium</strong></span> <span class='ocrx_word' id='word_1_813' title='bbox 3438 5059 3507 5115; x_wconf 88' lang='lat' dir='ltr'><strong>ad</strong></span> <span class='ocrx_word' id='word_1_814' title='bbox 3532 5058 3596 5114; x_wconf 86' lang='lat' dir='ltr'><strong>ﬁ-</strong></span> 
     </span>
    </p>
   </div>
   <div class='ocr_carea' id='block_1_109' title="bbox 2012 5151 3595 5232">
    <p class='ocr_par' dir='ltr' id='par_1_109' title="bbox 2012 5151 3595 5232">
     <span class='ocr_line' id='line_1_109' title="bbox 2012 5151 3595 5232; baseline -0.009 -10"><span class='ocrx_word' id='word_1_815' title='bbox 2012 5164 2143 5222; x_wconf 83' lang='lat' dir='ltr'><strong>dem</strong></span> <span class='ocrx_word' id='word_1_816' title='bbox 2166 5160 2506 5229; x_wconf 76' lang='lat' dir='ltr'><strong>conﬂuxerit,</strong></span> <span class='ocrx_word' id='word_1_817' title='bbox 2528 5169 2587 5217; x_wconf 83' lang='lat' dir='ltr'><strong>et</strong></span> <span class='ocrx_word' id='word_1_818' title='bbox 2613 5172 2804 5232; x_wconf 81' lang='lat' dir='ltr'><strong>pacem</strong></span> <span class='ocrx_word' id='word_1_819' title='bbox 2832 5170 3159 5229; x_wconf 86' lang='lat' dir='ltr'><strong>magnopere</strong></span> <span class='ocrx_word' id='word_1_820' title='bbox 3186 5166 3311 5211; x_wconf 87' lang='lat' dir='ltr'><strong>cum</strong></span> <span class='ocrx_word' id='word_1_821' title='bbox 3350 5151 3595 5208; x_wconf 82' lang='lat' dir='ltr'><strong>Ecclesia</strong></span> 
     </span>
    </p>
   </div>
   <div class='ocr_carea' id='block_1_110' title="bbox 2013 5251 2639 5327">
    <p class='ocr_par' dir='ltr' id='par_1_110' title="bbox 2013 5251 2639 5327">
     <span class='ocr_line' id='line_1_110' title="bbox 2013 5251 2639 5327; baseline -0.011 -13"><span class='ocrx_word' id='word_1_822' title='bbox 2013 5256 2217 5315; x_wconf 81' lang='lat' dir='ltr'><strong>habere</strong></span> <span class='ocrx_word' id='word_1_823' title='bbox 2263 5251 2639 5327; x_wconf 83' lang='lat' dir='ltr'><strong>postulaverit.</strong></span> 
     </span>
    </p>
   </div>
   <div class='ocr_carea' id='block_1_111' title="bbox 2086 5338 3595 5418">
    <p class='ocr_par' dir='ltr' id='par_1_111' title="bbox 2086 5338 3595 5418">
     <span class='ocr_line' id='line_1_111' title="bbox 2086 5338 3595 5418; baseline -0.006 -16"><span class='ocrx_word' id='word_1_824' title='bbox 2086 5345 2350 5403; x_wconf 69' lang='lat' dir='ltr'><strong>Mittentes</strong></span> <span class='ocrx_word' id='word_1_825' title='bbox 2376 5343 2645 5418; x_wconf 77' lang='lat' dir='ltr'><strong>epistolas.</strong></span> <span class='ocrx_word' id='word_1_826' title='bbox 2683 5338 2798 5399; x_wconf 84' lang='lat' dir='ltr'><strong>Hoc</strong></span> <span class='ocrx_word' id='word_1_827' title='bbox 2818 5348 2923 5410; x_wconf 79' lang='lat' dir='ltr'><strong>est,</strong></span> <span class='ocrx_word' id='word_1_828' title='bbox 2948 5345 3167 5397; x_wconf 86' lang='lat' dir='ltr'><strong>secreta</strong></span> <span class='ocrx_word' id='word_1_829' title='bbox 3191 5338 3370 5395; x_wconf 84' lang='lat' dir='ltr'><strong>cordis</strong></span> <span class='ocrx_word' id='word_1_830' title='bbox 3388 5339 3472 5395; x_wconf 87' lang='lat' dir='ltr'><strong>sui</strong></span> <span class='ocrx_word' id='word_1_831' title='bbox 3493 5344 3595 5412; x_wconf 79' lang='lat' dir='ltr'><strong>per</strong></span> 
     </span>
    </p>
   </div>
   <div class='ocr_carea' id='block_1_112' title="bbox 2013 5425 3619 5508">
    <p class='ocr_par' dir='ltr' id='par_1_112' title="bbox 2013 5425 3619 5508">
     <span class='ocr_line' id='line_1_112' title="bbox 2013 5425 3619 5508; baseline -0.006 -12"><span class='ocrx_word' id='word_1_832' title='bbox 2013 5437 2406 5495; x_wconf 78' lang='lat' dir='ltr'><strong>confessionem</strong></span> <span class='ocrx_word' id='word_1_833' title='bbox 2426 5436 2537 5493; x_wconf 87' lang='lat' dir='ltr'><strong>illis</strong></span> <span class='ocrx_word' id='word_1_834' title='bbox 2554 5433 2966 5508; x_wconf 76' lang='lat' dir='ltr'><strong>patefacicntes,</strong></span> <span class='ocrx_word' id='word_1_835' title='bbox 3001 5438 3271 5503; x_wconf 84' lang='lat' dir='ltr'><strong>quatenus</strong></span> <span class='ocrx_word' id='word_1_836' title='bbox 3299 5430 3464 5488; x_wconf 83' lang='lat' dir='ltr'><strong>verba</strong></span> <span class='ocrx_word' id='word_1_837' title='bbox 3494 5425 3619 5487; x_wconf 47' lang='grc' dir='ltr'><strong>ναί</strong></span> 
     </span>
    </p>
   </div>
   <div class='ocr_carea' id='block_1_113' title="bbox 2013 5520 3598 5601">
    <p class='ocr_par' dir='ltr' id='par_1_113' title="bbox 2013 5520 3598 5601">
     <span class='ocr_line' id='line_1_113' title="bbox 2013 5520 3598 5601; baseline -0.005 -17"><span class='ocrx_word' id='word_1_838' title='bbox 2013 5529 2195 5587; x_wconf 82' lang='lat' dir='ltr'><strong>ritatis</strong></span> <span class='ocrx_word' id='word_1_839' title='bbox 2231 5528 2544 5601; x_wconf 86' lang='lat' dir='ltr'><strong>accipiendo</strong></span> <span class='ocrx_word' id='word_1_840' title='bbox 2584 5528 2829 5599; x_wconf 84' lang='lat' dir='ltr'><strong>regulam</strong></span> <span class='ocrx_word' id='word_1_841' title='bbox 2865 5524 3101 5596; x_wconf 57' lang='lat' dir='ltr'><strong>iustitiae</strong></span> <span class='ocrx_word' id='word_1_842' title='bbox 3149 5523 3217 5579; x_wconf 82' lang='lat' dir='ltr'><strong>ab</strong></span> <span class='ocrx_word' id='word_1_843' title='bbox 3261 5522 3343 5579; x_wconf 86' lang='lat' dir='ltr'><strong>eis</strong></span> <span class='ocrx_word' id='word_1_844' title='bbox 3390 5520 3598 5577; x_wconf 61' lang='lat' dir='ltr'><strong>edisce-</strong></span> 
     </span>
    </p>
   </div>
   <div class='ocr_carea' id='block_1_114' title="bbox 2004 5628 2153 5677">
    <p class='ocr_par' dir='ltr' id='par_1_114' title="bbox 2004 5628 2153 5677">
     <span class='ocr_line' id='line_1_114' title="bbox 2004 5628 2153 5677; baseline -0.013 0"><span class='ocrx_word' id='word_1_845' title='bbox 2004 5628 2153 5677; x_wconf 66' lang='grc' dir='ltr'><strong>τωι.</strong></span> 
     </span>
    </p>
   </div>
   <div class='ocr_carea' id='block_1_115' title="bbox 2080 5706 3593 5783">
    <p class='ocr_par' dir='ltr' id='par_1_115' title="bbox 2080 5706 3593 5783">
     <span class='ocr_line' id='line_1_115' title="bbox 2080 5706 3593 5783; baseline -0.007 -13"><span class='ocrx_word' id='word_1_846' title='bbox 2080 5713 2302 5770; x_wconf 67' lang='lat' dir='ltr'><strong>Tabula:</strong></span> <span class='ocrx_word' id='word_1_847' title='bbox 2325 5728 2478 5769; x_wconf 69' lang='lat' dir='ltr'><strong>terere</strong></span> <span class='ocrx_word' id='word_1_848' title='bbox 2518 5711 2821 5768; x_wconf 86' lang='lat' dir='ltr'><strong>memoriale</strong></span> <span class='ocrx_word' id='word_1_849' title='bbox 2844 5718 3169 5783; x_wconf 76' lang='lat' dir='ltr'><strong>perpetuum.</strong></span> <span class='ocrx_word' id='word_1_850' title='bbox 3205 5706 3477 5777; x_wconf 87' lang='lat' dir='ltr'><strong>Scriptum</strong></span> <span class='ocrx_word' id='word_1_851' title='bbox 3507 5708 3593 5760; x_wconf 86' lang='lat' dir='ltr'><strong>est</strong></span> 
     </span>
    </p>
   </div>
   <div class='ocr_carea' id='block_1_116' title="bbox 2010 5787 3595 5877">
    <p class='ocr_par' dir='ltr' id='par_1_116' title="bbox 2010 5787 3595 5877">
     <span class='ocr_line' id='line_1_116' title="bbox 2010 5787 3595 5877; baseline -0.008 -14"><span class='ocrx_word' id='word_1_852' title='bbox 2010 5806 2200 5877; x_wconf 80' lang='lat' dir='ltr'><strong>enim:</strong></span> <span class='ocrx_word' id='word_1_853' title='bbox 2230 5805 2300 5861; x_wconf 83' lang='lat' dir='ltr'><strong>In</strong></span> <span class='ocrx_word' id='word_1_854' title='bbox 2324 5804 2576 5860; x_wconf 85' lang='lat' dir='ltr'><strong>memoria</strong></span> <span class='ocrx_word' id='word_1_855' title='bbox 2600 5811 2797 5859; x_wconf 68' lang='lat' dir='ltr'><strong>eterna</strong></span> <span class='ocrx_word' id='word_1_856' title='bbox 2838 5802 2938 5857; x_wconf 89' lang='lat' dir='ltr'><strong>erit</strong></span> <span class='ocrx_word' id='word_1_857' title='bbox 2967 5787 3171 5871; x_wconf 75' lang='lat' dir='ltr'><strong>justus,</strong></span> <span class='ocrx_word' id='word_1_858' title='bbox 3206 5797 3278 5855; x_wconf 74' lang='lat' dir='ltr'><strong>ab</strong></span> <span class='ocrx_word' id='word_1_859' title='bbox 3322 5792 3595 5853; x_wconf 67' lang='lat' dir='ltr'><strong>auditione</strong></span> 
     </span>
    </p>
   </div>
  </div>
