4028 6472
571 411 712 472 1207

1238 406 1300 461 Β.
1342 403 1594 461 RABANI
1632 401 1852 461 MAURI
1888 399 2205 460 ARCHIEP.
2247 400 2556 460 MOGUNT.
2597 401 2883 460 OPERUM
2917 401 3099 459 PARS
3132 401 3172 458 1.

568 527 711 581 mala
742 539 845 579 non
873 519 1068 577 timebit
1099 506 1442 592 (Psal.cx1);
1491 517 1616 574 teris
1648 518 1846 590 quippe
1874 518 2152 572 metallum
2186 520 2233 582 Α
2257 527 2482 574 ventura
2509 521 2702 575 messis
2729 521 2982 584 ostendit,
3017 521 3157 575 sicut
3194 527 3246 574 et
3293 534 3348 573 in
3380 518 3616 575 vicesimo
3635 522 3771 590 primo

568 619 659 673 diu
685 614 927 671 durabile
953 621 1036 669 est
1070 620 1232 683 atque
1259 627 1540 676 sonorum,
1593 611 1672 666 sie
1713 611 1949 666 amicitia
1991 620 2156 682 atque

567 706 798 761 societas
838 711 1145 759 sanctorum
1187 702 1558 758 ﬁrmissimum
1598 713 1761 772 atque
1793 703 2154 758 clarissimum

569 795 864 852 mansionis
892 803 1093 851 statum
1131 795 1310 850 habet.

641 885 766 941 Post
793 887 905 941 Itan:
936 896 1110 941 autem
1139 886 1280 940 misit
1338 883 1520 940 Simon
1554 883 1873 938 Numenium
1908 883 2150 950 Romam,

563 987 673 1033 etc.
709 976 894 1033 Simon
920 977 1178 1032 Romanis
1218 976 1470 1048 clypeum
1517 991 1743 1031 aureum
1793 977 2032 1032 mittens
2057 977 2155 1031 lia-

562 1068 777 1122 bentem
813 1069 1026 1138 pondus
1056 1083 1307 1122 mnarum
1345 1067 1510 1132 mille,
1550 1069 1615 1122 ad
1657 1067 1998 1122 statuendam
2027 1083 2153 1123 cum

561 1159 1006 1223 eissocietatem,
1034 1157 1304 1229 signiﬁcat
1333 1157 1584 1212 doctores
1624 1166 1843 1212 sanctos
1878 1157 1930 1212 in
1959 1159 2153 1228 praedi-

561 1251 778 1305 catione
814 1250 1091 1320 Evangelii
1135 1250 1384 1320 gentibus
1423 1249 1741 1320 promittere
1785 1263 2012 1319 regnum
2042 1260 2153 1303 ca:-

561 1345 696 1401 leste
723 1353 779 1399 et
805 1353 1061 1400 aeternam
1095 1344 1506 1408 beatitudinem,
1553 1344 1598 1398 si
1630 1345 1789 1398 tidem
1833 1343 2036 1398 Christi
2069 1357 2151 1396 re-

561 1438 740 1507 eiperc
767 1437 1038 1491 voluerint
1079 1434 1562 1506 cvangelicamque
1607 1435 1912 1490 doctrinam
1962 1436 2014 1489 in
2046 1435 2152 1490 ﬁne

560 1539 681 1591 vitm
705 1553 940 1592 servare.
973 1536 1157 1608 Clypei
1185 1537 1331 1592 enim
1360 1534 1664 1589 rotunditas
1708 1543 1763 1589 et
1809 1534 1925 1588 auri
1974 1533 2151 1603 splen-

557 1628 656 1682 dor
684 1642 784 1682 nec
810 1643 916 1682 non
947 1637 1002 1682 et
1029 1627 1314 1682 millenarii
1339 1625 1547 1682 numeri
1579 1624 1866 1697 perfectio,
1894 1639 1990 1694 per
2017 1623 2152 1694 ﬁgu-

556 1735 672 1774 ram
698 1729 914 1775 aetcrnze
936 1720 1135 1790 quietis
1157 1735 1416 1775 coronam
1452 1718 1779 1790 signiﬁcant,
1808 1726 1913 1774 etc.

626 1810 694 1864 Et
721 1820 1020 1876 statuerunt
1043 1811 1116 1866 eis
1147 1810 1436 1865 libertatem
1480 1819 1526 1864 et
1568 1809 1951 1878 descripserunt
1981 1807 2036 1861 in
2068 1816 2149 1862 ta-

2257 611 2464 682 psalmo
2497 611 2611 682 ipse
2639 612 2768 666 dicit
2797 629 2809 666 :
2849 609 3036 666 Semen
3073 627 3246 666 meum
3283 610 3468 665 serviet
3506 611 3595 665 illi.
3627 612 3771 672 Mane-

2254 704 2391 760 bunt
2446 719 2575 773 ergo
2607 704 2779 759 sancti
2808 703 2861 758 in
2893 711 3153 758 aeternum
3175 743 3190 769 ,
3236 703 3329 774 qui
3386 703 3440 756 in
3468 703 3774 764 excellentiae

2254 795 2411 850 beata
2442 796 2854 852 conversatione
2884 795 3256 850 demorantur.
3287 793 3442 851 Unde
3472 794 3580 850 illos
3607 798 3792 867 proprie.

2259 902 2482 941 manere
2507 903 2612 942 non
2639 887 2888 950 dicimus,
2922 889 3046 957 quia
3072 903 3102 941 a
3135 903 3302 958 regno
3334 886 3538 941 Domini
3569 889 3776 958 repellun-

2256 987 2361 1033 tur.
2408 980 2656 1034 Thronus
2686 988 2864 1034 autem
2897 981 2992 1035 Dei
3022 981 3109 1035 hic
3154 979 3498 1051 intelligenda
3539 989 3614 1036 est
3639 983 3777 1037 anima

2255 1069 2446 1132 ﬁdelis,
2479 1069 2659 1140 inqua
2693 1085 2881 1126 revera
2912 1071 3109 1125 insidet
3140 1071 3358 1140 quando
3395 1085 3513 1125 eam
3535 1069 3780 1140 maiestatis

2254 1177 2366 1216 sua:
2403 1159 2798 1216 illuminatione
2841 1161 3220 1231 compleverit;
3271 1162 3354 1217 sic
3387 1163 3527 1216 enim
3573 1164 3780 1233 scriptum

2253 1259 2337 1305 est
2362 1267 2375 1303 :
2405 1248 2564 1304 Sedes
2587 1250 2856 1321 sapientia:
2884 1254 3060 1306 anima
3091 1252 3247 1321 justi,
3275 1252 3499 1314 addidit,
3518 1254 3637 1306 sicut
3663 1255 3724 1307 sol
3743 1257 3782 1310 is

2253 1353 2528 1414 conspectu
2557 1360 2688 1397 meo.
2723 1343 2924 1398 Lucida
2963 1344 3162 1413 quippe
3205 1352 3325 1400 erat
3353 1346 3533 1400 anima
3572 1345 3648 1400 illa
3667 1344 3782 1414 justi,

2253 1450 2414 1505 quam
2444 1433 2626 1490 sedem
2657 1435 2893 1489 diximus
2917 1433 3236 1491 Salvator-is.
3268 1435 3509 1491 Dicendo
3530 1443 3689 1491 autem
3712 1439 3784 1490 sic-

2252 1536 2309 1580 ut
2355 1527 2455 1593 sol,
2483 1527 2943 1597 comparationem
2975 1543 3158 1581 rerum
3185 1526 3484 1582 visibilium
3524 1527 3660 1582 facit.
3686 1527 3784 1583 Nam

2253 1619 2296 1673 si
2330 1635 2584 1692 magnum
2617 1630 2701 1676 est
2723 1622 2790 1676 de
2821 1631 3070 1678 creatura
3095 1623 3427 1687 clarescere,
3453 1623 3612 1677 multo
3642 1624 3785 1678 melius

2253 1709 2319 1764 de
2347 1709 2602 1766 Creatore
2642 1712 2840 1767 lucere.
2885 1713 3034 1766 Luna
3085 1711 3328 1782 perfecta
3360 1711 3622 1783 signiﬁcat
3657 1719 3787 1766 trans-

2254 1801 2607 1856 mutationem
2648 1803 2892 1873 corporis
2945 1804 3011 1857 de
3047 1804 3407 1874 corruptione
3455 1804 3508 1857 in
3539 1805 3786 1873 corruptio-

553 1902 689 1957 lmlis
721 1905 904 1969 cereis,
939 1912 1045 1959 etc.
1075 1903 1212 1958 Ebul
1239 1901 1448 1975 [Vulg.,
1483 1901 1622 1974 Elul]
1652 1901 1856 1956 mensis
1885 1909 1967 1955 est
1993 1908 2144 1956 octa-
2173 1886 2220 1946 Β
2250 1909 2396 1948 nem.
2439 1893 2592 1950 Tunc
2620 1895 2764 1950 enim
2801 1895 3038 1966 perfecta
3069 1896 3173 1950 erit
3200 1911 3497 1966 corporum
3535 1904 3786 1951 nostrorum

553 2008 653 2048 vus
673 1993 811 2064 apud
835 1993 1089 2050 Hebrzeos
1110 1995 1202 2064 qui
1223 1995 1364 2065 apud
1386 1992 1606 2049 Graecos
1628 1994 2139 2068 diciturropmuioc,

551 2086 690 2155 apud
721 2085 945 2140 Latinos
969 2100 1097 2140 vero
1129 2084 1478 2154 September;
1505 2085 1598 2139 sed
1637 2083 1863 2154 dispersi
1895 2091 2021 2137 sunt
2049 2097 2141 2136 or-

549 2180 704 2235 dines
730 2195 1078 2234 numerorum
1108 2189 1332 2251 propter
1379 2179 1621 2236 diversas
1649 2179 2023 2234 inchoaliones
2051 2192 2143 2231 an-

549 2287 764 2336 norum,
818 2287 938 2340 quae
987 2271 1129 2341 apud
1175 2271 1418 2341 singulas
1462 2279 1652 2343 gentes
1697 2270 1956 2325 existunt.
2005 2267 2144 2324 Nam

549 2367 780 2434 Hebraei,
801 2369 894 2440 qui
916 2369 1148 2438 primum
1178 2384 1423 2424 mensem
1449 2368 1634 2433 Nisan,
1657 2369 1761 2424 hoc
1778 2377 1862 2424 est
1877 2365 2141 2436 Aprilem,

551 2467 603 2517 in
628 2473 780 2518 sexto
808 2463 926 2520 loco
951 2464 1154 2519 habent
1188 2480 1350 2535 supra
1382 2473 1743 2520 memoratum
1787 2462 1943 2518 Ebul.
1967 2461 2144 2517 Graeci

548 2561 756 2619 autem,
784 2555 876 2625 qui
910 2571 1065 2609 suum
1112 2557 1606 2610 annum’inchoant
1654 2571 1684 2609 a
1731 2556 1907 2625 primo
1955 2569 2144 2610 mense

547 2663 760 2713 eorum,
789 2649 1052 2726 ’Λπρίλλος
1097 2649 1261 2714 dicto,
1311 2649 1414 2704 hoc
1441 2657 1526 2704 est
1566 2664 1594 2702 a
1633 2647 1889 2703 Kalendis
1920 2647 2143 2703 Decem-

548 2741 682 2806 bris,
715 2742 984 2797 decimum
1013 2758 1256 2798 mensem
1287 2742 1488 2797 habent
1523 2751 1818 2818 Γορπιαῖον.
1845 2739 2022 2796 Latini
2053 2757 2146 2798 au-

550 2840 679 2896 tem,
704 2834 798 2902 qui
822 2833 1122 2905 antiquitus
1154 2835 1508 2905 primordium
1536 2837 1662 2890 anni
1700 2835 1782 2890 sui
1826 2851 1853 2890 a
1885 2833 2142 2892 Kalendis

547 2922 726 2978 Martii
749 2925 1008 2991 habuere,
1025 2927 1401 2998 Septembrem
1416 2927 1707 2998 septimum
1731 2941 1975 2984 mensem
1996 2943 2143 2984 com-

545 3023 894 3084 putaverunt.

619 3105 687 3160 Et
721 3107 945 3177 suscepit
975 3105 1157 3161 Simon
1181 3117 1228 3161 et
1258 3107 1454 3178 placuit
1478 3109 1528 3162 ei
1568 3117 1622 3162 ut
1649 3125 1854 3164 summo
1894 3109 2139 3164 sacerdo-

545 3199 619 3252 tio
648 3198 956 3270 fungeretur
980 3208 1026 3254 et
1064 3210 1193 3255 esset
1223 3200 1348 3264 dux,
1383 3209 1488 3256 etc.
1529 3200 1814 3258 Periholus
1841 3200 2028 3257 Graece
2057 3202 2139 3256 di-

2248 1994 2440 2039 natura
2474 1985 2690 2055 quando
2718 1987 3022 2041 mortalitas
3051 1987 3136 2040 vel
3173 1987 3454 2057 corruptio
3475 1987 3580 2057 jam
3605 2002 3692 2041 non
3714 1987 3788 2041 erit

2247 2075 2355 2130 ulla
2382 2094 2394 2130 :
2429 2076 2571 2147 quod
2596 2079 2742 2134 enim
2777 2080 2893 2150 ipsa
2929 2080 3075 2145 luna,
3103 2095 3225 2150 quae
3247 2082 3454 2136 crescit
3476 2091 3529 2134 et
3559 2081 3784 2140 decrescit,

2245 2169 2430 2225 carnis
2477 2171 2726 2228 humanas
2775 2174 3190 2229 mutabilitatem
3243 2175 3538 2246 signiﬁcat,
3575 2177 3621 2229 in
3646 2175 3786 2230 multis

2249 2259 2656 2331 Scripturarum
2695 2263 2829 2319 locis
2853 2265 3218 2320 demonstrari
3249 2275 3454 2335 potest.
3489 2265 3606 2320 Haec
3622 2266 3789 2335 quidem

2247 2355 2557 2409 testimonia
2602 2355 2667 2409 de
2711 2356 2932 2426 psalmis
2983 2358 3288 2427 posuimus,
3347 2358 3417 2412 ad
3462 2357 3789 2413 ostendendum

2244 2447 2360 2501 veri
2387 2445 2624 2503 Simonis
2645 2447 3016 2504 ﬁrmissimum
3035 2458 3092 2504 et
3109 2449 3508 2522 sempiternum
3527 2464 3638 2506 esse
3655 2463 3790 2505 sacer-

2245 2535 2472 2592 dotium.
2701 2532 2704 2535 ’

2850 2632 3082 2690 CAPUT
3116 2632 3229 2691 XV.

2244 2739 2550 2832 Aniiocllt'us,
2603 2748 2858 2832 Demetrii
2907 2749 3072 2832 filius,
3106 2749 3316 2832 'accipit
3342 2750 3789 2832 patris'reg‘nuntd

2315 2819 2779 2892 scribil_epistolas
2822 2819 3050 2875 Iudicis.
3096 2819 3450 2892 Persequitur
3499 2819 3786 2892 Tryphonem.

2315 2888 2460 2943 Misit
2486 2888 2668 2945 Simon
2695 2891 2749 2944 in
2795 2892 3055 2946 auxilium
3083 2888 3372 2958 Antiocho,
3427 2902 3476 2947 et
3513 2888 3663 2946 noluit
3687 2889 3790 2943 acci-

2314 2976 2457 3026 pere,
2483 2971 2592 3017 etc.

2315 3093 2383 3148 Et
2414 3095 2552 3150 misit
2585 3112 2674 3150 rex
2694 3096 2999 3162 Antiochus,
3023 3097 3170 3167 ﬁlius
3196 3096 3478 3162 Demetrii,
3505 3095 3720 3168 epistolas
3739 3094 3788 3146 ad

2245 3187 2450 3242 insulas
2486 3190 2650 3244 maris
2691 3187 2898 3245 Simoni
2937 3190 3218 3255 sacerdoti,
3242 3199 3356 3247 etc.
3407 3191 3687 3246 Antiochus
3705 3188 3785 3252 hic,

546 3290 690 3344 citur
726 3305 915 3345 murus
961 3291 1084 3346 atrii
1123 3291 1317 3348 domus
1364 3291 1603 3357 Domini,
1643 3293 1732 3362 qui
1790 3302 1958 3348 totum
2004 3302 2136 3348 tem-

2241 3279 2330 3349 qni
2369 3281 2674 3357 Εὺιργίτης,
2723 3281 2867 3336 idem
2919 3297 2982 3336 ac
3021 3251 3236 3347 ﬁdelis,
3265 3283 3670 3354 cognominatus
3709 3286 3785 3343 est,

548 3381 693 3451 plum
711 3395 810 3452 per
833 3382 1099 3452 quadrum
1117 3384 1390 3439 ambiebat
1414 3384 1468 3438 in
1496 3384 1746 3448 circuitu,
1775 3385 1916 3440 sicut
1944 3385 2137 3440 beatus

547 3470 909 3544 Hieronymus
923 3473 975 3527 in
993 3472 1341 3544 Expositione
1364 3475 1663 3530 Ezechielis
1675 3475 1972 3545 prophetae,
1996 3474 2136 3531 libro

543 3563 757 3619 decimo
784 3567 946 3621 tertio
978 3607 992 3632 ,
1031 3567 1286 3622 ostendit.
1343 3567 1399 3621 In
1426 3567 1546 3621 loco
1576 3580 1706 3637 ergo
1762 3561 1988 3622 celebri'
2009 3567 2134 3622 atrii

547 3655 822 3712 interioris
850 3657 1042 3714 domus
1073 3661 1410 3728 ponebantur
1438 3659 1635 3714 tabnlm
1656 3674 1829 3722 mrem,
1859 3659 1914 3713 in
1939 3660 2135 3729 quibus

541 3746 921 3803 conﬁrmatum
953 3748 1127 3804 fuerat
1148 3765 1244 3819 per
1281 3751 1608 3820 scripturam
1643 3751 2005 3806 sacerdotium
2051 3750 2136 3806 Si-

545 3841 723 3895 monis
760 3849 815 3894 et
855 3840 1089 3896 ﬁliorum
1119 3842 1255 3912 ejus.
1315 3842 1539 3913 Mystiee
1565 3852 1748 3898 autem
1791 3843 1993 3898 Christi
2049 3859 2136 3898 sa-

541 3932 842 3986 cerdotium
857 3941 910 3988 et
933 3931 1166 3988 ﬁliorum
1197 3930 1334 4000 ejus,
1361 3934 1463 3988 hoc
1488 3942 1573 3988 est
1600 3933 1783 4004 populi
1811 3932 2129 3998 Christiani,

542 4023 595 4076 in
635 4022 775 4076 atrio
809 4024 1002 4077 domus
1039 4023 1282 4088 Domini,
1319 4024 1423 4078 hoc
1451 4033 1531 4079 est
1569 4025 1620 4078 in
1653 4025 1907 4094 praesenti
1948 4025 2134 4080 Eccle-

541 4114 639 4176 sia,
674 4114 955 4184 Scriptura
991 4115 1334 4181 testiﬁcante,
1372 4117 1748 4184 conﬁrmatur,
1783 4118 1850 4174 et'
1877 4120 1932 4174 in
1959 4120 2130 4174 omni-

542 4204 644 4260 bus
673 4206 922 4277 gentibus
961 4207 1152 4264 stabile
1199 4217 1253 4263 et
1288 4217 1605 4279 perpetuum
1654 4226 1774 4266 esse
1805 4211 2129 4267 declaratur.

543 4301 695 4356 Unde
722 4309 802 4356 est
828 4301 956 4356 illud
983 4302 1125 4372 quod
1162 4303 1217 4358 in
1238 4303 1444 4372 psalmo
1464 4305 1724 4373 scriptum
1744 4315 1830 4360 est
1867 4323 1880 4359 :
1921 4303 2130 4360 Iuravit

541 4391 796 4446 Dominus
835 4402 882 4447 et
918 4409 1020 4447 non
1061 4394 1320 4465 paenitebit
1362 4410 1523 4449 eum:
1566 4395 1642 4449 Tu
1689 4413 1742 4450 es
1785 4395 2030 4450 sacerdos
2077 4396 2129 4450 in

538 4493 790 4539 ceternum
811 4485 1096 4540 secundum
1118 4486 1354 4540 ordinem
1381 4486 1758 4541 Melchisedech
1788 4486 1962 4559 (Psal.
1992 4489 2124 4557 ctx).

2238 3372 2382 3426 ﬁlius
2404 3372 2507 3428 fuit
2540 3374 2795 3430 Demetrii
2843 3375 3108 3440 Sotheris,
3161 3375 3339 3432 frater
3369 3386 3546 3432 autem
3576 3373 3786 3432 Demetrii

2237 3465 2484 3531 minoris,
2513 3467 2605 3537 qui
2657 3476 2779 3537 post
2815 3467 3184 3524 Alexandrum
3213 3468 3583 3540 Philopatrem
3628 3466 3786 3537 (Philo-

2235 3557 2418 3626 polum
2454 3558 2472 3628 )
2514 3573 2694 3629 regem
2736 3560 2791 3614 in
2837 3557 2995 3632 Syria
3028 3561 3294 3632 regnavit.
3326 3561 3626 3618 Demetrius
3645 3568 3782 3614 autem

2238 3648 2438 3702 Sother
2464 3660 2587 3719 post
2627 3651 2956 3708 Antiochum
2984 3653 3338 3723 Eupatorem,
3394 3655 3560 3710 ﬁlium
3580 3650 3783 3708 Antiochi

2237 3739 2630 3811 Epiphanis,ul
2657 3743 2963 3801 Chronicon
2993 3745 3210 3802 Eusebii
3239 3757 3295 3803 et
3334 3745 3640 3820 Hieronymi
3661 3754 3785 3801 tests-

2195 3859 2198 3862 ~
2238 3840 2346 3898 tur,
2386 3835 2630 3905 regnavit
2652 3838 2810 3892 annis
2839 3837 3146 3903 duodecim,
3180 3848 3304 3909 post
3334 3849 3497 3912 quem
3531 3837 3784 3894 Alexander

2235 3923 2547 3996 Philopolus
2596 3944 2766 3984 annos
2814 3931 3059 4002 regnavit
3089 3931 3367 3987 undecim.
3398 3931 3528 3988 Post
3555 3932 3681 3987 hunc
3705 3928 3782 3983 De-

2237 4017 2484 4082 metrius,
2521 4019 2662 4075 ﬁlius
2701 4021 2959 4077 Demetrii
2984 4038 3155 4079 annos
3184 4032 3334 4089 tres;
3378 4035 3565 4096 captus
3592 4031 3779 4078 autema

2233 4105 2473 4174 Parthis,
2527 4110 2581 4164 in
2629 4110 2886 4168 Hircania
2917 4115 2985 4169 ab
3025 4115 3287 4170 Arsacide
3338 4131 3468 4189 rege
3517 4115 3777 4172 retruditur.

2237 4199 2364 4255 Post
2380 4218 2541 4271 quem
2563 4203 2865 4262 Antiochus
2892 4208 3170 4264 Assidetes
3212 4208 3476 4283 [Sidetes]
3506 4210 3660 4265 frater
3675 4205 3776 4276 ejus.

2240 4291 2500 4348 Demetrii
2534 4297 2707 4350 tenuit
2758 4313 2980 4368 regnum
3033 4315 3204 4356 annos
3241 4303 3777 4371 quatunrdceim,posl

2233 4387 2388 4458 cujus
2430 4389 2707 4444 interitum
2751 4391 2948 4447 iterum
2995 4394 3300 4448 restituitur
3345 4396 3627 4458 Demetrio,
3669 4389 3778 4462 quod

2233 4493 2420 4552 postea
2450 4486 2620 4540 tenuit
2652 4487 2808 4542 annis
2845 4496 3097 4558 quatuor.
3127 4490 3373 4558 Qualiter
3419 4502 3592 4549 autem
3631 4493 3778 4548 Deme-

537 4574 1267 4648 Etiterum:Semel,inquit,
1276 4580 1456 4649 jnravi
1476 4581 1532 4634 in
1548 4591 1727 4634 sancto
1744 4597 1876 4644 meo,
1895 4582 1938 4634 si
1959 4580 2128 4635 David
2158 4611 2209 4671 Β
2237 4575 2343 4630 trio
2377 4584 2431 4631 et
2469 4575 2740 4634 Antiocho
2772 4579 3032 4636 fratribus
3066 4583 3214 4652 regni
3245 4599 3532 4640 successus
3553 4581 3774 4653 provenil.

537 4668 763 4719 mentiar
786 4679 804 4718 :
826 4683 1001 4721 semen
1024 4668 1137 4738 ejus
1153 4669 1208 4721 in
1223 4679 1473 4724 a’ternunt
1500 4673 1747 4737 manebit,
1773 4684 1821 4727 et
1843 4673 1988 4727 sedes
2013 4675 2128 4744 ejus

537 4755 674 4808 sicut
697 4755 776 4810 sol
800 4757 854 4811 in
869 4768 1142 4828 conspectu
1164 4775 1301 4824 meo,
1316 4770 1362 4814 et
1376 4761 1507 4816 sicut
1521 4763 1647 4817 luna
1662 4765 1890 4835 perfecta
1915 4766 1968 4819 in
1985 4775 2132 4820 (eter-

537 4861 662 4899 num
674 4857 720 4901 et
733 4848 877 4903 testis
890 4849 944 4902 in
965 4848 1092 4904 ctelo
1102 4848 1274 4919 fidelis
1291 4848 1464 4923 (Psal.
1481 4870 1583 4908 Lxx
1592 4854 1766 4927 xvln).
1783 4854 2128 4912 Consuetudo

536 4947 659 4994 aest
682 4939 994 5012 frequenter
1018 4942 1205 5014 jurare
1233 4951 1292 4998 ut
1311 4944 1392 4999 eis
1412 4946 1582 5016 possit
1611 4947 1806 5016 aliquis
1846 4950 2070 5005 credere
2110 4970 2123 5006 :

532 5029 677 5086 Deus
691 5041 870 5086 autem
899 5033 1064 5088 semel
1083 5034 1252 5105 jurat,
1281 5034 1406 5105 quia
1432 5035 1575 5090 nulla
1602 5038 2127 5109 varietatetemporis

533 5121 872 5180 immutatur.
901 5124 1095 5182 Jurare
1122 5136 1304 5183 autem
1329 5127 1472 5183 illius
1501 5129 1738 5186 diximus
1751 5147 1872 5187 esse
1894 5143 2123 5189 ventura

533 5217 848 5286 promittere
879 5235 892 5272 :
922 5233 1045 5272 nam
1089 5219 1206 5290 ejus
1245 5233 1305 5274 se
1342 5219 1590 5291 religioni
1630 5224 1991 5297 constringit,
2031 5227 2124 5295 qui

531 5324 639 5364 non
666 5309 827 5366 habet
855 5310 1167 5378 fortiorem;
1192 5311 1325 5369 dicit
1356 5323 1406 5368 et
1440 5315 1497 5370 in
1525 5325 1704 5370 sancto
1734 5326 1844 5382 tuo,
1887 5317 1940 5371 in
1962 5316 2122 5372 Chri-

529 5409 648 5468 sto,
691 5401 783 5472 qui
815 5401 949 5458 dixit
984 5424 996 5459 :
1040 5403 1259 5460 Custodi
1299 5408 1531 5462 animum
1561 5425 1730 5463 meam
1753 5409 1925 5482 (Psal.
1953 5410 2124 5483 xxxv),

527 5493 780 5564 quoniam
820 5505 1034 5551 sanctus
1073 5513 1191 5551 sum
1210 5497 1257 5552 si
1296 5495 1462 5553 David
1492 5501 1717 5554 mentiar
1749 5502 1838 5565 ;si
1870 5502 2115 5574 negative

529 5584 766 5654 positum
803 5594 905 5651 est,
939 5588 1080 5656 quod
1107 5596 1162 5642 et
1186 5591 1491 5647 communis
1541 5607 1672 5648 usus
1699 5593 1880 5649 habet.
1919 5594 2114 5653 Semen

529 5673 730 5730 Christi
761 5686 887 5732 sunt
913 5693 1102 5733 omnes
1134 5680 1226 5749 qui
1259 5680 1310 5736 ei
1344 5681 1486 5738 ﬁdeli
1541 5692 1721 5738 mente
1749 5687 2116 5754 crediderunt,

530 5767 658 5834 quia
697 5767 753 5822 in
793 5769 925 5838 ipsis
954 5769 1197 5825 futurum
1231 5788 1453 5843 regnum
1484 5777 1810 5834 seminatum
1843 5791 1946 5847 est,
1975 5784 2120 5854 quod

601 5889 628 5918 ι
648 5877 967 5937 Addendum
991 5883 1374 5955 hereticorum,
1410 5887 1492 5944 vel
1515 5889 1717 5960 aliquid
1745 5893 1940 5950 simile.

2234 4683 2340 4724 non
2371 4685 2536 4740 grave
2559 4669 2728 4725 videri
2760 4666 2935 4726 debet
2975 4672 3166 4728 lectori
3197 4675 3242 4729 si
3276 4675 3460 4746 aliqua
3501 4676 3597 4730 lntc
3631 4674 3687 4728 de
3708 4669 3776 4726 Hi-

2233 4760 2402 4815 storia
2427 4761 2662 4831 Pompeii
2693 4762 2855 4835 Trogi
2897 4765 3312 4831 intromittatur,
3346 4767 3439 4837 qui
3476 4767 3528 4820 in
3553 4765 3676 4820 libro
3695 4775 3772 4816 sn

2233 4852 2338 4907 hoc
2378 4853 2454 4906 ita
2502 4853 2709 4908 refert:
2764 4853 2934 4926 Igitur
2972 4855 3270 4912 Antiochus
3297 4899 3312 4923 ,
3365 4874 3571 4914 memor
3597 4854 3777 4928 quodet

2232 4952 2387 5014 pater
2412 4951 2635 5014 propter
2671 4945 2977 5015 superbiam
3033 4947 3265 5014 invisus,
3307 4957 3362 5004 et
3406 4949 3572 5004 frater
3596 4954 3776 5018 propter

2231 5035 2515 5106 segnitiem
2570 5045 2916 5108 contemptus
2971 5037 3180 5105 fuisset,
3233 5053 3300 5094 ne
3349 5040 3402 5094 in
3451 5039 3628 5096 eadem
3670 5034 3770 5088 vitia

2230 5127 2511 5192 incideret,
2541 5137 2754 5198 recepta
2791 5130 2844 5183 in
2870 5130 3273 5186 matrimonium
3307 5131 3606 5202 Cleopatra,
3640 5141 3771 5184 uxore

2231 5219 2440 5286 fratris,
2463 5221 2714 5278 civitates
2756 5239 2875 5293 qum
2904 5225 2958 5278 in
2987 5224 3141 5279 initio
3179 5225 3400 5280 fraterni
3433 5225 3630 5296 imperii
3656 5218 3770 5275 defe-

2229 5319 2448 5376 cerant,
2491 5325 2700 5366 summa
2750 5313 3014 5368 industria
3055 5315 3437 5386 prosequitur,
3475 5316 3766 5382 domitasquc

2235 5418 2425 5459 rursus
2450 5405 2600 5475 regni
2626 5405 2873 5461 terminis
2899 5406 3118 5476 adjecit,
3135 5407 3472 5480 Judzeosque,
3501 5410 3585 5480 qui
3611 5409 3659 5462 in
3681 5403 3764 5459 lla-

2227 5497 2488 5554 cedonico
2539 5497 2764 5569 imperio
2808 5501 2909 5556 sub
2947 5502 3218 5558 Demetrio
3250 5513 3402 5575 patre
3447 5503 3606 5558 armis
3646 5514 3695 5553 se
3722 5497 3761 5548 in

2218 5593 2526 5650 libertatem
2541 5595 2966 5663 vindicaverant,
2982 5597 3193 5669 subegit
3219 5616 3231 5653 :
3248 5614 3475 5669 quorum
3488 5598 3621 5652 vires
3632 5598 3761 5647 tanta

2223 5685 2398 5752 fuere,
2434 5695 2492 5741 ut
2522 5697 2644 5758 post
2683 5687 2784 5744 hoc
2816 5689 3020 5744 nullum
3079 5688 3424 5746 Macedonum
3456 5701 3621 5760 regem
3649 5680 3757 5738 tule-

2223 5779 2363 5847 rint,
2417 5780 2838 5853 domesticisque
2887 5783 3128 5853 imperiis
3175 5783 3289 5851 usi,
3329 5781 3534 5856 Syriam
3584 5771 3759 5848 Mi!
