4028 6486
289 392 428 452 1209

997 401 1353 461 COMMENT.
1392 402 1462 461 IN
1498 397 1745 458 LIBROS
1785 391 2363 452 MACHABIEORUM.
2405 426 2475 437 —
2508 396 2578 454 IN
2616 397 2744 454 LIB.
2784 397 2824 454 I.

3419 402 3556 463 1210

281 505 658 568 infestaverint
697 513 872 569 hellis.
904 513 1038 569 Item
1077 514 1138 569 in
1169 514 1308 570 libro
1354 515 1630 571 tricesimo
1673 518 1867 567 octavo
1894 512 1944 572 Α
1972 517 2337 564 revocaretur.
2369 508 2611 574 Interim,
2664 508 2920 579 quoniam
2947 511 3153 567 vlrlbus
3182 523 3288 566 non
3311 519 3552 584 poterat,

278 606 442 668 atque
465 600 744 656 tricesimo
769 617 912 658 anno
939 604 1110 674 priori
1141 605 1439 660 narrationi
1463 620 1574 661 sua:
1605 603 1711 658 ista
1735 602 1863 657 sub-

278 690 446 744 nectit
479 708 492 743 :
533 707 765 763 namque
800 694 1135 760 Demetrius,
1173 697 1315 752 sicut
1357 696 1725 768 supradictmn
1754 702 1860 761 est,

1969 599 2176 656 insidiis
2195 598 2525 655 Antiochum
2549 600 2751 670 ubique
2783 600 3047 655 tentabat.
3098 599 3326 672 Propter
3361 603 3550 660 multi-

1965 692 2206 748 tudinem
2229 692 2510 749 hominum
2552 692 2824 748 exercitus
2861 691 3114 748 Antiochi
3162 709 3262 764 per
3301 696 3552 755 civitates

277 794 398 834 cum
439 781 635 837 bellum
685 783 900 840 Parthis
955 786 1246 852 intulisset,
1290 787 1579 858 multisque
1607 801 1862 858 congres-
1963 785 2191 842 hiberno
2237 793 2480 856 tempore
2517 785 2721 841 divisus
2749 793 2886 850 erat,
2913 801 3035 856 quae
3060 801 3148 842 res
3190 787 3340 842 exitii
3385 805 3553 848 causa

276 871 518 927 sionibus
544 874 715 931 victor
737 875 944 943 fuisset,
970 887 1190 948 repente
1207 879 1418 936 insidiis
1433 880 1857 947 circumventus,

275 964 474 1021 amisso
531 970 804 1036 exercitu,
843 971 1072 1040 capitur.
1107 971 1204 1028 Cui
1233 972 1518 1030 Arsacides
1549 986 1574 1014 ει
1605 972 1856 1028 Hircania

274 1073 381 1111 non
412 1059 615 1115 cultum
658 1061 857 1118 ﬂumen
893 1078 1116 1136 regnum
1152 1063 1498 1138 [Arsacides,
1528 1065 1856 1121 Parthorum

273 1164 402 1217 rex,
434 1169 628 1224 magno
678 1161 733 1210 et
773 1157 921 1227 regio
973 1158 1154 1213 animo
1183 1199 1198 1224 ,
1230 1158 1477 1214 missoin
1525 1157 1854 1221 Ilircaniam,

271 1255 378 1296 non
405 1243 606 1298 cultum
641 1253 852 1300 tantum
896 1249 1123 1321 regium]
1156 1249 1408 1319 prmstitit
1443 1291 1456 1314 ,
1485 1249 1578 1304 sed
1599 1256 1655 1302 et
1691 1247 1855 1302 ﬁliam

269 1333 324 1390 in
343 1337 746 1394 matrimonium
780 1340 946 1406 dedit,
995 1357 1326 1413 regnumque
1353 1342 1543 1413 Syriae,
1587 1343 1730 1413 quod
1757 1358 1857 1413 per

265 1427 382 1499 ejus
425 1429 724 1486 absentiam
753 1432 1005 1503 Tryphon
1031 1446 1434 1506 occupaverat,
1477 1437 1854 1492 restituturum

264 1521 552 1592 promittit.
578 1523 706 1579 Post
727 1525 884 1595 hujus
912 1535 1166 1593 mortem,
1199 1529 1482 1598 desperato
1515 1529 1712 1594 reditu,
1744 1543 1852 1586 non

262 1613 446 1670 ferens
477 1617 850 1688 captivitatem
877 1619 1208 1688 Demetrius,
1242 1625 1528 1692 privatam,
1576 1626 1680 1681 etsi
1711 1641 1848 1695 opu-

260 1707 462 1764 lentam
508 1711 675 1766 vitam
723 1720 988 1782 pertaesus
1017 1755 1031 1780 ,
1061 1715 1260 1771 tacitus
1291 1717 1343 1771 in
1395 1733 1619 1788 regnum
1666 1719 1849 1790 fugam

258 1801 574 1857 meditatur.
605 1802 859 1859 Hortator
881 1805 954 1860 illi
971 1815 1025 1862 et
1046 1822 1227 1863 comes
1243 1807 1613 1864 Gallimander
1641 1811 1848 1866 amicus

255 1902 396 1958 erat,
425 1896 517 1965 qui
552 1903 674 1966 post
698 1899 1070 1968 captivitatem
1111 1899 1228 1968 ejus
1266 1916 1297 1955 a
1325 1899 1481 1972 Syria
1511 1917 1609 1971 per
1635 1903 1852 1958 Arabiae

257 1984 494 2051 deserta,
518 1987 744 2042 ducibus
765 1990 995 2058 pecunia
1011 1992 1358 2060 comparatis,
1375 1991 1630 2049 Parthico
1660 1995 1850 2050 habitu

255 2073 589 2146 Babylonem
641 2090 987 2148 pervenerat.
1021 2081 1127 2138 Sed
1159 2082 1502 2155 elfugientem
1526 2083 1850 2154 Phrahates,

253 2165 350 2234 qui
364 2167 609 2223 Arsacidi
631 2182 989 2239 successerat,
1007 2175 1252 2245 equitum
1271 2177 1570 2238 celeritate.
1589 2193 1687 2247 per
1699 2196 1852 2234 com-

252 2257 629 2325 pendiosiores
647 2262 897 2316 tramites
920 2274 1242 2333 occupatum
1269 2266 1520 2320 retrahit.
1549 2267 1618 2323 Ut
1641 2277 1724 2323 est
1753 2269 1850 2323 de-

252 2345 450 2401 ductus
465 2346 534 2402 ad
561 2364 765 2421 regem,
781 2351 1151 2409 Gallimandro
1178 2356 1394 2425 quidem
1410 2371 1514 2413 non
1535 2367 1742 2413 tantum
1759 2375 1852 2416 ve-

252 2441 424 2508 niam,
448 2459 634 2500 verum
659 2455 716 2501 et
739 2449 1021 2517 prtemium
1039 2449 1163 2506 ﬁdei
1179 2451 1381 2506 datum.
1412 2451 1743 2509 Demetrium
1759 2469 1852 2509 au-

251 2540 384 2599 tem,
409 2537 644 2605 graviter
671 2540 1016 2610 castigatum,
1045 2543 1111 2596 ad
1138 2541 1422 2614 conjugem
1451 2545 1504 2599 in
1535 2545 1847 2602 Hircaniam

252 2627 503 2693 remittit,
556 2630 992 2702 arctioribusque
1038 2636 1301 2690 custodiis
1343 2637 1627 2693 observari
1670 2639 1844 2710 jubet.

249 2716 544 2788 Interjecto
572 2729 838 2794 tempore,
867 2740 992 2780 cum
1023 2725 1182 2781 ﬁdem
1210 2727 1284 2782 illi
1321 2737 1376 2784 et
1401 2732 1638 2800 suscepti
1669 2731 1847 2786 liberti

251 2808 519 2878 facerent,
561 2815 753 2871 eodem
800 2817 976 2872 amico
1024 2819 1222 2874 comite
1282 2821 1510 2889 repetita
1566 2821 1691 2893 fuga
1720 2830 1842 2889 est;

251 2900 350 2956 sed
377 2901 494 2972 pari
524 2901 839 2959 infelicitate
865 2920 1029 2975 prope
1060 2906 1197 2962 ﬁnes
1248 2909 1400 2978 regni
1433 2908 1516 2963 sui
1546 2909 1845 2980 deprehen-

252 2989 422 3057 ditur,
461 3007 526 3047 ac
561 2993 738 3050 denuo
765 2986 1056 3066 perductus
1099 2998 1169 3053 ad
1210 3013 1394 3068 regem
1417 3040 1431 3065 ,
1470 3006 1530 3054 ut
1580 2999 1786 3055 invisus
1813 2991 1884 3056 a-

251 3092 543 3154 conspectu
569 3086 942 3142 submovetur.
963 3088 1114 3144 Tunc
1142 3105 1359 3161 quoque
1388 3092 1544 3146 uxori
1572 3101 1628 3146 et
1657 3092 1841 3148 liberis

253 3177 485 3232 donatus
520 3177 574 3233 in
600 3177 911 3235 Hircaniam
936 3221 952 3248 ,
984 3183 1256 3252 poenalem
1301 3183 1405 3238 sibi
1434 3185 1732 3251 civitatem,
1756 3202 1842 3241 re-

1962 879 2083 934 fuit.
2119 878 2252 934 Nam
2277 895 2398 935 cum
2427 880 2638 950 gravari
2679 894 2738 935 se
2777 879 3056 950 copiarum
3097 881 3470 951 praelibatione
3495 893 3552 942 et

1960 971 2172 1042 injuriis
2216 971 2446 1027 militum
2497 972 2746 1028 civitates
2788 973 3065 1039 viderent,
3100 973 3168 1028 ad
3194 973 3426 1032 Parthos
3457 979 3553 1034 de-

1962 1065 2178 1131 ﬁciunt;
2207 1073 2263 1120 et
2289 1065 2342 1120 in
2370 1065 2457 1120 die
2488 1073 2688 1119 statuta
2717 1079 2907 1121 omnes
2929 1067 3070 1136 apud
3105 1081 3164 1122 se
3184 1068 3419 1125 divisum
3450 1087 3550 1128 ex-

1959 1157 2188 1211 ercitum
2211 1173 2307 1227 per
2330 1156 2556 1212 insidias
2579 1172 2646 1211 ne
2670 1156 2900 1212 invicem
2920 1156 3061 1212 ferre
3081 1159 3278 1213 auxilia
3304 1172 3552 1230 possent,

1958 1246 2362 1318 aggrediuntur.
2379 1245 2511 1313 Qua:
2532 1261 2654 1300 cum
2679 1247 2924 1300 nuntiata
2947 1248 3216 1303 Antiocho
3227 1261 3432 1318 essent,
3447 1268 3549 1306 au-

1958 1339 2145 1394 xilium
2174 1316 2437 1408 proximis
2458 1339 2666 1394 laturus
2687 1355 2808 1394 cum
2825 1355 2888 1395 ea
2907 1351 3068 1394 manu
3092 1356 3212 1410 qua:
3235 1357 3419 1398 secum
3440 1345 3555 1400 hie-

1956 1435 2160 1499 mabat,
2186 1433 2547 1505 progreditur.
2575 1433 2631 1488 In
2648 1435 2844 1489 itinere
2867 1435 3082 1489 obvium
3112 1436 3551 1507 regemPartho-

1954 1545 2075 1584 rum
2089 1530 2291 1596 habuit,
2309 1529 2737 1599 adversus'quem
2750 1527 2944 1582 fortius
2960 1544 3122 1598 quam
3135 1529 3406 1585 exercitus
3433 1531 3550 1601 ejus

1955 1623 2268 1679 dimicavit:
2302 1625 2368 1678 ad
2387 1631 2720 1693 postremum
2755 1629 2959 1685 tamen,
2994 1636 3118 1676 cum
3139 1622 3342 1676 virtute
3365 1623 3550 1678 hostes

1951 1713 2256 1780 vincerent,
2319 1722 2466 1768 metu
2525 1727 2748 1768 suorum
2809 1711 3058 1766 desertus
3105 1711 3418 1777 occiditur;
3461 1712 3548 1767 cui

1952 1805 2257 1862 Phrahates
2279 1807 2564 1876 exsequias
2592 1806 2742 1877 regio
2773 1821 2926 1860 more
2953 1803 3102 1870 fecit,
3137 1805 3415 1876 ﬁliamque
3447 1805 3548 1860 De-

1881 1886 1928 1945 Β
1957 1899 2158 1964 metrii,
2207 1915 2370 1968 quam
2407 1914 2591 1954 secum
2635 1898 2935 1953 Antiochus
2969 1897 3306 1963 adduxerat,
3355 1906 3548 1968 captus

1955 2005 2139 2046 amore
2173 1992 2415 2062 virginis,
2460 2005 2686 2045 uxorem
2718 1989 2890 2044 duxit.
2922 1988 3195 2044 Pmnitere
3225 1989 3418 2044 deinde
3464 1988 3550 2043 di-

1956 2084 2105 2140 missi
2154 2083 2409 2140 Demetrii
2451 2082 2652 2152 cmpit;
2697 2081 2765 2136 ad
2791 2096 2951 2151 quem
2983 2080 3366 2135 retrahendum
3417 2092 3542 2134 cum

1954 2184 2162 2232 turmas
2205 2178 2446 2246 equitum
2495 2174 2748 2230 festinato
2777 2174 3034 2239 misisset,
3067 2173 3400 2228 Demetrium
3440 2172 3546 2228 hoc

1954 2272 2129 2342 ipsum
2187 2280 2518 2328 metuentem
2549 2269 2663 2340 jam
2707 2271 2761 2324 in
2805 2283 2970 2340 regno
3011 2266 3161 2322 missi
3193 2267 3540 2330 invenerunt,

1954 2361 2264 2432 frustraque
2301 2363 2482 2416 omnia
2525 2361 2751 2425 conati,
2797 2359 2864 2413 ad
2908 2373 3089 2428 regem
3141 2372 3296 2412 suum
3341 2353 3547 2412 reversi

1952 2464 2097 2513 sunt.
2126 2455 2394 2510 Antiocho
2412 2455 2464 2509 in
2493 2453 2712 2508 Parthia
2733 2468 2854 2508 cum
2882 2450 3128 2506 exercitu
3149 2449 3344 2515 deleto,
3373 2447 3541 2504 frater

1951 2548 2068 2617 ejus
2095 2547 2420 2607 Demetrius,
2466 2539 2747 2598 obsidione
2794 2541 3120 2596 Parthorum
3166 2539 3449 2605 liberatus,
3478 2552 3545 2593 ac

1952 2640 2235 2695 restitutus
2285 2636 2364 2709 [in
2409 2633 2681 2706 regnum],
2733 2633 3057 2688 cum‘omnis
3104 2630 3262 2702 Syria
3295 2631 3348 2684 in
3391 2630 3544 2685 luctu

1948 2741 2177 2804 propter
2203 2731 2464 2784 amissum
2497 2725 2799 2782 exercitum
2833 2731 2998 2787 esset,
3048 2723 3203 2792 quasi
3234 2720 3547 2791 patriarcha

1951 2823 2249 2900 [Parthica]
2271 2823 2441 2892 ipsius
2469 2837 2533 2876 ac
2557 2818 2743 2874 fratris
2773 2817 2913 2873 bella
2942 2815 3140 2886 quibus
3165 2814 3303 2869 alter
3329 2821 3542 2883 captus,

1950 2921 2088 2975 alter
2116 2917 2330 2973 occisus
2369 2923 2506 2978 erat,
2540 2924 2798 2983 prospere
2834 2907 3151 2979 gessissent,
3205 2905 3280 2958 ita
3307 2902 3546 2975 {Egypto

1947 3010 2152 3067 bellum
2179 3008 2380 3062 inferre
2403 3005 2610 3060 statuit.
2635 3002 2989 3076 Regnumque
3013 2996 3236 3068 ZEgypti
3257 2993 3542 3065 Cleopatra

1949 3117 2109 3157 socru
2137 3099 2368 3169 pretium
2402 3095 2588 3150 auxilii
2639 3093 2898 3148 adversus
2927 3089 3151 3144 fratrem
3191 3104 3344 3143 suum
3389 3085 3544 3157 polli-

1947 3200 2122 3248 cente.
2149 3188 2257 3245 Sed
2279 3189 2405 3243 dum
2440 3185 2616 3240 aliena
2663 3181 2898 3246 affectat,
2926 3187 2986 3234 ut
3015 3177 3212 3234 assolet
3243 3175 3382 3241 ﬁeri,
3415 3191 3542 3247 pro—

252 3269 512 3338 mittitur,
542 3271 771 3344 talisque
815 3249 1003 3332 aureis
1024 3277 1078 3332 in
1104 3279 1580 3350 exprobrationem
1614 3249 1840 3351 puerilis
1869 3249 1914 3312 C
1947 3283 2064 3353 pria
2104 3296 2202 3352 per
2229 3278 2586 3335 defectionem
2633 3273 2804 3344 Syriae
2855 3271 3056 3326 amisit.
3097 3269 3380 3339 Siquidem
3432 3267 3543 3322 An-

251 3359 487 3418 Ievitatis
518 3365 752 3420 donatur
781 3381 797 3420 :
829 3367 925 3423 sed
962 3368 1099 3425 hanc
1139 3369 1465 3427 Parthorum
1506 3381 1619 3428 tam
1649 3374 1834 3430 mitem

255 3451 312 3506 in
336 3453 669 3510 Demetrium
701 3457 1041 3514 clementiam
1076 3476 1174 3517 nec
1206 3477 1323 3518 mos
1354 3465 1533 3533 gentis
1565 3464 1835 3532 faciebat,

253 3559 355 3600 nec
382 3556 662 3615 respectus
707 3550 1069 3619 cognationis,
1099 3554 1191 3607 sed
1227 3553 1370 3622 quod
1409 3553 1580 3626 Syriae
1611 3573 1837 3628 regnum

255 3636 617 3702 aﬂ'ectabant,
673 3641 825 3695 usuri
878 3643 1151 3699 Demetrio
1205 3645 1463 3707 adversus
1509 3647 1839 3707 Antiochum

250 3728 498 3795 fratrem,
529 3740 689 3811 prout
712 3734 793 3789 vel
832 3743 1042 3805 tempus
1056 3737 1138 3792 vel
1162 3736 1374 3794 fortuna
1402 3741 1528 3796 belli
1545 3745 1835 3814 exegisset.

251 3818 349 3876 liis
375 3822 574 3878 auditis
606 3864 622 3890 ,
661 3825 964 3882 Antiochus
1012 3832 1384 3900 occupandum
1424 3833 1621 3889 bellum
1663 3845 1834 3902 ratus,

249 3912 570 3980 exercitum,
612 3930 774 3985 quem
814 3917 996 3973 multis
1031 3918 1384 3976 ﬁnitimorum
1419 3923 1574 3979 bellis
1609 3925 1836 3981 indura-

248 4010 431 4070 verat,
463 4004 720 4062 adversus
758 4007 988 4064 Parthos
1030 4011 1196 4066 ducit.
1255 4011 1362 4068 Sed
1411 4029 1512 4083 per
1561 4015 1836 4074 luxuriam

249 4109 357 4150 non
395 4096 574 4150 minor
613 4106 900 4168 apparatus
945 4116 1106 4171 quam
1158 4103 1363 4158 militiae
1409 4104 1547 4158 fuit:
1579 4107 1606 4145 δ
1639 4109 1838 4179 quippe

249 4186 416 4242 millia
462 4188 630 4243 multa
677 4199 1008 4246 armatorum
1039 4203 1224 4248 secuta
1255 4204 1382 4250 sunt
1425 4205 1666 4252 trecenta
1698 4199 1836 4254 lixa-

249 4294 370 4335 rum
416 4295 447 4334 e
495 4283 690 4350 quibus
739 4298 1034 4353 coquorum
1078 4284 1294 4357 [quippe
1346 4291 1620 4360 octoginta
1672 4292 1836 4347 millia

251 4383 584 4430 armatorum
615 4384 802 4432 secuta
847 4387 970 4432 sunt
1001 4387 1244 4434 trecenta
1290 4381 1456 4435 millia
1489 4382 1744 4449 lixarum,
1768 4400 1837 4439 ex

249 4466 444 4537 quibus
471 4482 784 4538 coquorum,
823 4467 954 4540 etc.]
992 4469 1370 4541 pistorumque
1427 4473 1600 4543 major
1648 4491 1836 4530 nume-

249 4573 342 4613 rus
371 4559 491 4613 fuit.
539 4559 763 4631 Argenti
791 4569 939 4616 certe
979 4561 1208 4631 aurique
1238 4570 1477 4628 tantum,
1515 4574 1574 4620 ut
1602 4568 1835 4636 gregarii

247 4651 448 4708 milites
473 4667 605 4708 auro
633 4653 831 4726 caligas
885 4654 1133 4727 ﬁgerent,
1186 4655 1673 4728 proculcarentque
1715 4675 1834 4713 ma-

244 4743 440 4796 teriam
481 4743 634 4813 cujus
663 4751 858 4799 ‘amore
910 4746 1091 4816 populi
1138 4745 1284 4801 ferro
1336 4747 1616 4804 dimittunt
1652 4749 1836 4823 [dimi-

247 4833 418 4906 cant].
438 4833 752 4890 Culinarum
767 4852 981 4907 quoque
1003 4847 1259 4908 argentea
1275 4841 1637 4898 instrumenta
1659 4843 1830 4910 fuere,

245 4947 578 5004 prorsusque
616 4941 676 4990 ut
709 4935 777 4989 ad
809 4935 1020 5006 epulas,
1051 4951 1156 4992 non
1193 4939 1258 4993 ad
1285 4940 1483 4994 bellum
1524 4952 1828 5013 pergerent.

245 5023 563 5079 Advenienti
575 5024 841 5081 Antiocho
854 5026 1006 5081 multi
1027 5026 1331 5086 Orientales
1345 5046 1498 5102 reges
1518 5048 1830 5102 occurrere,

245 5114 594 5171 tradentesse
615 5130 888 5186 regnaque
909 5132 1006 5172 sua
1028 5133 1152 5172 cum
1169 5122 1543 5177 exsecratione
1566 5124 1830 5194 superbia:

246 5202 535 5262 Parthica.
572 5206 684 5263 Nec
718 5223 871 5264 mora
919 5210 1289 5280 congressioni
1339 5211 1826 5280 fuit.7Antiochus,

247 5295 422 5353 tribus
457 5298 658 5368 praeliis
700 5300 895 5367 victor,
943 5316 1068 5356 cum
1097 5301 1448 5374 Babyloniam
1491 5315 1832 5375 occupasset,

246 5405 471 5462 magnus
496 5392 684 5448 haberi
709 5394 890 5463 coepit.
907 5392 1092 5462 Itaque
1106 5395 1174 5448 ad
1211 5408 1334 5448 eum
1348 5396 1600 5451 omnibus
1619 5397 1833 5467 populis

245 5473 641 5553 deﬂuentibus,
671 5486 805 5540 nihil
837 5485 1054 5541 Parthis
1091 5486 1354 5556 reliquum
1383 5496 1580 5557 prteter
1620 5487 1828 5558 patrius

245 5575 370 5633 ﬁnis
399 5577 520 5634 fuit.
568 5577 718 5634 Tunc
743 5577 1045 5634 Phrahates
1074 5579 1402 5634 Demetrium
1436 5580 1491 5634 in
1523 5579 1738 5652 Syriam
1760 5581 1828 5635 ad

247 5673 618 5739 Occupandum
656 5687 881 5743 regnum
907 5687 1031 5728 cum
1063 5671 1315 5725 Parthico
1353 5672 1608 5741 praesidio
1636 5672 1824 5736 mittit,

249 5772 311 5820 ut
334 5781 398 5820 eo
429 5773 590 5835 pacto
626 5767 925 5824 Antiochus
979 5767 1046 5822 ad
1078 5781 1174 5822 sua
1205 5767 1404 5823 tuenda
1450 5766 1520 5820 ad
1548 5764 1827 5848 Parthian)

322 5890 351 5920 ι
373 5877 603 5933 Hic-ms.
637 5878 741 5948 legi
773 5895 879 5936 non
906 5886 1139 5949 poterat.

1861 4605 1914 4663 D

1946 3375 2255 3430 tiochenses
2272 3369 2458 3442 primi,
2481 3368 2617 3423 duce
2641 3364 2951 3436 Tryphone,
2977 3370 3326 3418 exsecrantes
3351 3375 3543 3430 super-

1943 3468 2088 3522 biam
2116 3464 2284 3535 regis,
2341 3476 2461 3532 quae
2510 3457 2923 3514 conversatione
2971 3453 3265 3526 [Parthicas
3299 3451 3554 3547 crudeli-ﬁ

1945 3557 2095 3630 tatis]
2123 3552 2496 3612 intolerabilis
2523 3551 2666 3607 facta
2720 3559 2858 3615 erat,
2890 3563 3019 3603 mox
3055 3545 3339 3618 Apamenii
3369 3553 3529 3600 caete-

1941 3666 2123 3720 rteque
2159 3648 2410 3702 civitates
2457 3643 2763 3714 exemplum
2812 3647 3046 3704 secutze,
3097 3653 3196 3709 per
3232 3634 3537 3692 absentiam

1942 3744 2086 3815 regis
2123 3739 2282 3816 [ejus]
2311 3756 2338 3794 a
2363 3737 2639 3792 Demetrio
2669 3732 2942 3790 defecere.
2978 3729 3308 3786 Ptolemaeus
3324 3740 3561 3816 quoque.

1938 3851 2035 3890 rex
2055 3833 2294 3905 Egypti,
2325 3831 2466 3886 bello
2492 3828 2559 3883 ab
2580 3827 2772 3883 eodem
2818 3825 3040 3895 petitus,
3086 3837 3210 3878 cum
3240 3819 3524 3892 cognovis-
3553 3897 3555 3900 ι

1940 3936 2022 3982 set
2069 3924 2411 3994 Cleopatram
2442 3934 2685 3976 sororem
2739 3931 2918 3982 suam,
2951 3915 3142 3984 opibus
3177 3911 3400 3984 Egypti
3428 3911 3552 3977 n.a-'

1938 4019 2096 4073 vibus
2146 4016 2437 4086 impositis,
2485 4013 2554 4067 ad
2603 4011 2770 4066 ﬁlium
2807 4017 2862 4064 et
2903 4006 3236 4063 Demetrium
3272 4018 3534 4076 generum

1938 4126 2094 4166 suum
2123 4110 2174 4162 in
2207 4107 2422 4177 Syriam
2452 4101 2774 4175 profugisse,
2805 4100 3027 4156 immisit
3047 4098 3302 4169 juvenem
3323 4111 3518 4168 quem-

1939 4203 2062 4257 dam
2094 4199 2432 4270 IEgyptium,
2469 4194 2753 4250 Protharsi
2802 4190 3156 4262 negotiatoris
3202 4189 3396 4254 ﬁlium,
3438 4186 3532 4256 qui

1940 4310 2163 4364 regnum
2197 4292 2369 4363 Syriae
2409 4289 2576 4344 armis
2622 4293 2833 4358 peteret
2883 4291 2938 4338 et
2987 4283 3284 4352 composita
3327 4280 3530 4346 fabula,

1938 4388 2091 4458 quasi
2146 4401 2243 4457 per
2297 4383 2641 4455 adoptionem
2690 4376 2943 4433 Antiochi
2991 4375 3132 4446 regis
3167 4381 3417 4442 receptus
3469 4372 3526 4428 in

1941 4478 2202 4533 familiam
2229 4475 2431 4547 regiam
2471 4480 2632 4536 esset,
2667 4487 2767 4526 nec
2798 4469 2974 4542 Syriis
3007 4467 3305 4537 quemlibet
3345 4481 3530 4537 regem

1943 4567 2377 4638 aspernantibus,
2421 4579 2490 4618 ne
2521 4561 2781 4616 Demetrii
2829 4557 3143 4629 superbiam
3186 4563 3526 4626 paterentur,

1940 4674 2134 4714 nomen
2168 4657 2354 4725 juveni
2405 4653 2711 4708 Alexander
2759 4650 3057 4721 imponitur
3105 4647 3414 4716 auxiliaque
3462 4646 3528 4701 ab

1939 4749 2176 4821 Egypto
2217 4745 2453 4818 ingentia
2485 4745 2795 4799 mittuntur.
2848 4741 3059 4796 Interea
3109 4755 3307 4810 corpus
3339 4737 3530 4793 Antio-

1938 4845 2025 4901 chi
2066 4841 2334 4898 interfecti
2363 4856 2392 4894 a
2416 4854 2541 4911 rege
2567 4837 2915 4899 Parthorum,
2943 4835 2998 4888 in
3041 4833 3218 4889 loculo
3267 4839 3526 4902 argenteo

1938 4937 2005 4990 ad
2045 4933 2373 5005 sepulturam
2398 4932 2449 4985 in
2472 4916 2694 5000 Syriam
2719 4926 3030 4989 remissum,
3061 4921 3348 4993 pervenit:
3381 4921 3526 4991 quod
3555 4982 3562 4990 _

1937 5044 2060 5084 cum
2088 5027 2289 5096 ingenti
2313 5024 2489 5080 studio
2521 5023 2802 5078 civitatum
2823 5028 2879 5074 et
2924 5018 3064 5089 regis
3105 5015 3424 5081 Alexandri,
3457 5013 3524 5069 ad
3553 5075 3556 5078 _

1935 5118 2358 5177 conﬁrmandam
2417 5114 2608 5169 fabulae
2657 5113 2853 5174 ﬁdem,
2908 5109 3198 5180 excipitur.
3265 5106 3396 5176 Quae
3438 5121 3524 5162 res

1933 5227 2191 5284 magnum
2222 5208 2463 5264 favorem
2501 5203 2841 5275 popularium
2880 5199 3210 5265 conciliavit,
3271 5199 3523 5256 omnibus

1934 5318 2040 5358 non
2091 5301 2247 5356 ﬁctas
2290 5299 2344 5354 in
2394 5314 2458 5353 eo
2487 5296 2686 5352 effundi
2737 5295 3005 5365 lacrymas
3055 5290 3516 5347 existimantibus.

1935 5393 2241 5449 Demetrius
2270 5400 2472 5453 autem,
2516 5389 2691 5443 viclus
2720 5387 2788 5441 ab
2818 5384 3145 5449 Alexandro,
3197 5399 3320 5439 cum
3361 5382 3521 5439 undi—
3557 5375 3561 5382 ’

1934 5500 2040 5554 que
2069 5481 2550 5537 circumstantibus
2604 5477 2757 5532 malis
2812 5485 3174 5546 premeretur,
3215 5477 3282 5530 ad
3309 5485 3522 5547 postre-

1937 5591 2086 5632 mum
2124 5576 2285 5629 etiam
2317 5573 2386 5626 ab
2430 5587 2598 5626 uxore
2647 5570 2878 5639 ﬁliisque
2928 5569 3216 5624 deseritur.
3282 5566 3554 5621 Relietus'

1937 5670 2101 5740 igitur
2129 5683 2248 5722 cum
2292 5666 2481 5735 paucis
2533 5661 2778 5726 servulis,
2813 5677 2936 5715 eum
2985 5659 3206 5732 Tyrum,
3257 5657 3519 5730 religione

1935 5776 1994 5817 se
2018 5757 2199 5828 templi
2222 5755 2558 5817 defensurus,
2593 5753 2837 5824 petisset,
2869 5768 2992 5819 nam
3021 5749 3337 5823 egrediens,
3370 5761 3518 5820 pnas-

2009 5873 2038 5914 b
2062 5870 2298 5928 Adverte
2318 5869 2408 5924 hic
2431 5881 2674 5947 errorem
2695 5883 2822 5946 ms,
2847 5939 2850 5942 ἢ
