4028 6522
463 389 600 447 12ιῦ

1099 381 1159 438 Β.
1199 378 1453 437 RABANI
1492 377 1711 435 MAURI
1749 373 2069 433 ARCHIEP.
2111 370 2423 432 MOGUNT.
2465 366 2750 430 OPERUM
2788 368 2970 427 PARS
3009 369 3050 423 l.

3599 363 3753 422 1216

460 504 811 572 refrigescere
835 513 941 556 non
967 494 1235 560 sinebant,
1259 494 1353 549 sed
1382 507 1504 548 cum
1527 493 1768 548 exercitu
1801 490 2035 564 Scytho-
2061 489 2117 552 Α
2139 503 2271 545 vero
2313 487 2598 544 conﬁrmat
2641 493 2802 558 atque
2845 485 3188 557 Antipatrum
3210 525 3225 551 ,
3261 484 3491 542 Herodis
3515 485 3757 544 Ascaio—

459 595 624 667 polim
675 605 846 664 usque
881 586 1182 661 progressi,
1213 593 1269 640 et
1325 586 1496 656 ipsam
1539 589 1956 655 percusserunt,
1987 589 2042 637 et

460 702 620 759 agros
649 686 790 740 inter
828 681 1132 739 Carmelum
1179 694 1368 735 omnes
1396 679 1538 734 inter
1564 694 1622 734 se
1668 679 1854 748 partiti
1894 684 2038 733 sunt.

463 777 836 834 Secundarum
881 790 1062 829 rerum
1101 771 1325 827 Joannis
1351 780 1406 826 et
1433 770 1663 825 ﬁliorum
1699 767 1813 837 ejus
1843 769 2042 824 invidia

461 875 778 933 seditionem
803 870 1039 944 gentium
1061 869 1372 932 concitavit,
1389 866 1648 936 multique
1673 867 1930 920 adversus
1951 878 2044 920 eos

459 966 670 1023 collecti
709 980 818 1019 non
857 961 1226 1034 quiescebant,
1253 962 1423 1016 donec
1451 968 1636 1030 aperto
1674 959 1814 1014 bello
1850 958 2045 1013 devicti

465 1068 611 1115 sunt.
645 1057 928 1126 Reliquum
956 1068 1083 1109 vero
1109 1061 1321 1124 tempus
1370 1051 1603 1107 Joannes
1651 1067 1772 1106 cum
1801 1049 2044 1105 fortuna-

469 1152 676 1208 tissime
701 1151 908 1205 viveret
935 1158 988 1205 et
1009 1149 1209 1219 optime
1243 1161 1330 1201 res
1363 1161 1464 1215 per
1491 1160 1662 1200 annos
1690 1144 1908 1216 triginta
1937 1151 2047 1198 tres

464 1243 918 1305 administrasset,
957 1240 1194 1310 quinque
1222 1237 1422 1292 relictis
1455 1235 1638 1291 liberis
1681 1235 1926 1290 moritur.
1952 1233 2048 1288 Vir

459 1333 616 1405 plane
637 1331 1007 1393 beatissimus,
1023 1337 1078 1383 et
1097 1328 1186 1402 qui
1217 1326 1419 1381 millam
1443 1325 1681 1380 dedisset
1707 1324 2045 1379 occasionem

459 1441 557 1481 cur
584 1425 634 1480 ei
659 1438 877 1480 causam
906 1422 986 1486 de,
1015 1420 1228 1474 fortuna
1263 1416 1532 1488 quispiam
1566 1423 1903 1485 quereretur.
1948 1413 2049 1466 De-

463 1517 627 1587 nique
651 1515 753 1570 tria
781 1513 862 1569 vel
893 1513 1159 1583 praecipua
1184 1511 1418 1566 maxime
1457 1509 1602 1563 solus
1629 1507 1859 1562 habebat
1883 1524 1894 1559 :
1921 1520 2047 1559 nam

463 1615 520 1663 et
545 1606 719 1678 gentis
750 1605 999 1676 princeps
1024 1614 1078 1659 et
1105 1601 1347 1673 pontifex
1374 1610 1522 1666 erat,
1559 1608 1611 1655 et
1639 1608 1896 1670 praeterea
1925 1613 2052 1667 pro.

463 1699 648 1765 pheta,
679 1712 800 1751 cum
846 1712 954 1765 quo
1003 1694 1144 1749 Deus
1182 1693 1604 1762 colloquebatur,
1637 1699 1695 1744 ut
1747 1690 2049 1745 futurorum

468 1788 598 1842 nihil
627 1788 841 1859 penitus
869 1788 1162 1859 ignoraret,
1182 1785 1308 1855 quia
1329 1793 1386 1840 et
1415 1784 1480 1838 de
1503 1783 1709 1838 duobus
1735 1782 2050 1838 mulieribus

2143 583 2268 637 nitae
2314 581 2511 646 ﬁlium,
2559 588 2966 651 procuratorem
3005 578 3305 633 Palaestina:
3343 577 3495 634 facit.
3531 577 3755 650 Sicque

2145 673 2413 728 Hircanus
2441 673 2620 728 animo
2650 671 2824 738 deses,
2850 671 3140 742 adjuvante
3158 671 3444 742 Antipatro
3472 673 3758 743 praedicto

2145 776 2518 839 procuratore,
2549 767 2721 821 tenuit
2744 763 3113 836 pontiﬁcatum
3151 765 3305 819 annis
3336 766 3564 836 triginta
3610 780 3762 835 qua-

2148 869 2286 915 tuor.
2319 857 2512 914 Postea
2535 866 2712 912 autem
2739 855 3026 926 Antipatro
3073 870 3170 924 per
3210 869 3478 910 venenum
3520 855 3580 910 in
3617 869 3764 910 con-

2145 949 2291 1004 vivio
2333 957 2563 1014 necato,
2614 947 2870 1010 Herodes,
2912 946 3055 1001 ﬁlius
3094 947 3230 1017 ejus,
3256 949 3525 1002 successit
3554 948 3619 1001 in
3665 945 3790 1003 re—'

2149 1056 2336 1112 gnum,
2364 1042 2456 1110 qui
2485 1050 2539 1095 et
2558 1040 2852 1095 Hircanum
2887 1039 3177 1096 interfecit.
3203 1039 3341 1097 Hinc
3370 1050 3420 1097 et
3473 1042 3758 1108 Herodes,

2147 1132 2389 1203 praedicti
2416 1132 2684 1202 Antipatri
2716 1131 3037 1188 Ascalonita.-
3067 1141 3124 1186 et
3156 1133 3346 1188 matris
3380 1133 3588 1204 typidis
3623 1131 3764 1205 [Cy-

2149 1225 2340 1297 pridis]
2374 1225 2618 1280 Arabica:
2649 1225 2808 1286 ﬁlius.
2842 1239 2871 1279 a
2921 1225 3179 1281 Romanis
3219 1225 3532 1282 Iudaeorum
3563 1242 3770 1283 susce-

2150 1321 2231 1390 pit
2267 1320 2627 1390 principatum
2717 1318 2875 1389 cujus
2902 1328 3173 1389 tempore,
3213 1319 3411 1376 Christi
3459 1318 3795 1376 nativitate‘

2151 1411 2373 1486 [ivicina]
2406 1428 2624 1484 regnum
2661 1422 2715 1467 et
2742 1413 3100 1468 sacerdotium
3124 1412 3320 1468 Jud:e:e
3350 1455 3361 1465 .
3414 1416 3563 1484 quod
3602 1415 3771 1486 prius

2151 1518 2250 1573 per
2297 1505 2668 1559 successiones
2716 1519 2977 1558 annorum
3034 1505 3344 1573 tenebatur,
3407 1508 3770 1563 destructum

2153 1604 2269 1660 est;
2307 1596 2566 1665 completa
2598 1597 2900 1666 prophetia,
2932 1613 3051 1667 quae
3083 1599 3155 1652 ita
3199 1614 3294 1668 per
3325 1599 3552 1672 Moysen
3583 1602 3776 1674 loqui-

2151 1697 2244 1744 tur
2269 1708 2280 1744 :
2318 1689 2441 1743 Non
2474 1689 2675 1756 deﬁciet
2699 1691 2935 1760 princeps
2958 1707 3022 1744 ex
3042 1689 3076 1743 J
3083 1691 3208 1756 uda,
3241 1709 3404 1758 neque
3433 1695 3553 1749 dux
3580 1697 3655 1749 de
3691 1697 3774 1765 fe—

2159 1789 2388 1842 moribus
2418 1789 2554 1858 ejus,
2581 1789 2744 1846 donec
2774 1793 2944 1846 veniat
2975 1793 3062 1846 cui
3102 1794 3384 1864 repositum
3415 1805 3492 1847 es!
3509 1810 3528 1858 ;
3558 1802 3615 1845 et
3661 1793 3776 1862 ipse

469 1877 592 1933 ﬁliis
620 1880 732 1933 suis
751 1878 894 1948 quod
919 1891 1100 1932 rerum
1130 1875 1333 1930 domini
1361 1873 1696 1944 permansuri
1725 1887 1831 1927 non
1869 1880 2053 1928 essent

2160 1883 2256 1935 erit
2287 1882 2599 1952 exspectatio
2623 1885 2846 1953 gentium
2882 1881 3091 1955 (Cenes.
3124 1860 3292 1950 x'ux).

469 1969 730 2023 antevidit
756 1977 920 2036 atque
945 1966 1210 2036 praedixit.

539 2059 735 2114 Tenuit
762 2067 942 2113 autem
988 2058 1165 2128 ipsum
1196 2055 1568 2127 pontiﬁcatum
1601 2063 1720 2126 post
1765 2054 1932 2126 patris
1963 2055 2054 2110 ob-

476 2154 632 2216 itum,
657 2151 951 2206 secundum
964 2149 1347 2204 cbronicorum
1362 2148 1520 2203 ﬁdem
1547 2148 1704 2202 annis
1725 2147 1912 2218 viginti
1936 2162 2050 2201 sex.

475 2243 632 2298 Pater
659 2240 776 2311 ejus
801 2250 979 2297 autem
1010 2240 1194 2296 Simon
1225 2250 1350 2294 ante
1369 2255 1492 2294 eum
1513 2239 1750 2310 pontifex
1777 2238 1877 2292 fuit
1898 2239 2054 2292 annis

471 2343 614 2400 octo,
652 2344 777 2389 ante
803 2349 963 2404 quem
991 2331 1252 2388 Jonathas
1279 2332 1446 2386 frater
1468 2331 1585 2400 ejus
1612 2331 1769 2384 annis
1795 2331 1977 2384 decem
2000 2337 2055 2384 ct

471 2435 614 2483 octo.
645 2425 811 2481 Judas
844 2440 1076 2496 quoque,
1107 2423 1277 2478 frater
1306 2421 1551 2478 Jonatbze
1585 2431 1641 2476 et
1679 2421 1933 2485 Simonis,
1961 2421 2058 2474 tri-

472 2519 569 2575 bus
605 2526 818 2574 tantum
866 2518 1023 2572 annis
1060 2514 1431 2587 pontiﬁcatum
1482 2502 1707 2576 habuit,
1745 2513 1882 2567 ‘Iicet
1918 2512 2056 2567 bella

472 2609 625 2681 plura
649 2625 772 2664 cum
809 2609 1034 2663 ducibus
1061 2623 1246 2678 regum
1279 2606 1450 2676 Syriae
1477 2613 1604 2659 ante
1629 2603 1880 2675 gesserit.
1931 2602 2060 2657 Post

476 2701 733 2759 'oanuem
760 2703 957 2772 quippe
987 2700 1344 2764 Aristobolus,
1396 2698 1540 2752 ﬁlius
1572 2695 1718 2765 ejus,
1772 2696 2057 2766 pontiﬁca-

473 2801 588 2852 tum
613 2795 753 2864 apud
775 2791 990 2848 Judaeos
1033 2791 1258 2861 accepit,
1296 2789 1386 2860 qui
1438 2804 1533 2844 rex
1584 2787 1789 2858 pariter
1818 2786 1934 2840 ﬁeri
1960 2801 2056 2840 vo-

470 2883 610 2952 lens,
634 2885 954 2940 diadematis
979 2884 1209 2953 sumpsit
1241 2882 1469 2950 insigne.

539 2976 668 3032 Post
708 2973 1130 3046 quadringentos
1173 2972 1448 3043 octoginta
1483 2977 1718 3040 quatuor
1765 2983 1935 3023 annos
1963 2967 2062 3022 Ba-

473 3066 700 3138 byloniae
731 3064 986 3129 civitatis,
1018 3064 1108 3118 hic
1148 3063 1475 3132 Antigonum
1509 3060 1729 3114 fratrem
1753 3074 1909 3113 suum
1939 3057 2061 3113 dolo

472 3157 767 3222 interfecit,
807 3163 862 3211 et
881 3171 989 3210 uno
1019 3169 1161 3210 anno
1190 3154 1244 3208 in
1282 3167 1449 3224 regno
1469 3151 1682 3222 expleto
1703 3192 1718 3215 ,
1765 3149 2060 3205 miserabili

2229 1971 2286 2026 ln
2325 1973 2428 2027 hoc
2472 1974 2591 2029 loco
2629 1983 2683 2028 et
2708 1974 2980 2041 Christus,
3009 1992 3168 2045 quem
3204 1975 3442 2031 Danielis
3472 1973 3775 2044 Scriptura

2156 2066 2416 2138 praefatur
2464 2067 2624 2140 (Dan.
2673 2068 2773 2140 rx),
2807 2069 3014 2139 accepit
3055 2069 3235 2124 ﬁnem.
3288 2067 3420 2122 Nam
3472 2085 3661 2137 usque
3703 2068 3776 2122 ad

2159 2165 2448 2231 Herodem,
2487 2165 2684 2222 Christi
2717 2164 2792 2237 [id
2823 2164 2927 2237 est]
2959 2165 3266 2219 sacerdotes
3293 2174 3450 2219 erant
3479 2179 3650 2235 reges
3678 2159 3780 2216 Ju-

2160 2257 2438 2322 d:eorum,
2517 2256 2607 2326 qui
2670 2257 2939 2326 imperare
2994 2264 3276 2326 creperum
3322 2271 3350 2309 a
3414 2255 3774 2326 sexagesima

2160 2354 2348 2423 quinta
2379 2351 2680 2423 olympiade
2703 2358 2757 2405 et
2787 2350 3180 2406 instauratione
3215 2349 3398 2419 templi
3445 2348 3554 2402 sub
3605 2347 3778 2401 Dario

2160 2461 2332 2516 usque
2359 2446 2425 2498 ad
2452 2443 2767 2508 Hircanum,
2781 2451 2835 2498 et
2852 2443 2920 2498 ad
2933 2443 3286 2498 centesimam
3304 2449 3358 2495 et
3371 2441 3775 2510 oetogesimam

2162 2546 2370 2592 sextam
2398 2535 2782 2606 Olympiadem,
2805 2534 2963 2589 annis
2985 2533 3396 2604 quadringentis
3421 2532 3652 2601 triginta
3679 2532 3775 2584 tri-

2161 2632 2260 2686 bus
2302 2630 2355 2683 in
2406 2629 2584 2682 medio
2615 2627 2904 2681 transactis
2931 2643 2944 2681 :
2973 2641 3108 2696 quos
3137 2625 3323 2678 Daniel
3350 2639 3572 2694 quoque
3604 2622 3778 2693 signi-

2163 2723 2534 2781 ﬁcatdicens:
2576 2721 2640 2775 Et
2677 2722 2807 2776 scies
2831 2761 2844 2782 ,
2891 2730 2938 2774 et
2981 2718 3236 2788 intelliges
3289 2718 3352 2770 ab
3379 2717 3535 2770 initio
3568 2731 3774 2769 sermo—

2161 2817 2243 2872 nis
2275 2815 2618 2886 respondendi
2662 2823 2709 2867 et
2741 2811 3040 2880 ludiﬁcandi
3098 2807 3431 2863 Hierusalem
3477 2824 3656 2874 usque
3701 2806 3773 2858 ad

2164 2907 2358 2962 Christ:
2384 2907 2764 2978 principatum,
2799 2901 3140 2957 hebdomadas
3191 2911 3415 2970 septem,
3465 2907 3515 2951 et
3571 2896 3774 2950 hebdo-

2163 2999 2403 3053 domadre
2429 2999 2702 3068 sexaginta
2731 2996 2871 3050 dare.
2905 2994 3035 3060 Quae
3076 2992 3352 3062 sexaginta
3394 3004 3596 3044 novem
3633 2990 3772 3044 heb-

2164 3091 2406 3147 domadae
2450 3090 2654 3144 faciunt
2675 3103 2843 3142 annos
2865 3087 3286 3157 quadringentos
3317 3085 3597 3156 octoginta
3633 3093 3767 3146 tres,

2166 3182 2217 3234 in
2246 3181 2441 3248 quibus
2473 3178 2694 3244 Christi,
2723 3177 2778 3233 id
2828 3186 2915 3232 est
2959 3176 3290 3237 sacerdotes,
3323 3190 3420 3244 per
3449 3175 3770 3229 unctionem

470 3258 646 3342 "FW
688 3246 968 3342 ¹Ϊν³ινίῖἱί¹²
1021 3247 1188 3342 vim?“
1239 3244 1416 3342 θξλίνίε
1439 3245 1533 3342 ,ουί
1582 3244 1844 3342 διέοθεὲείι
1890 3242 2060 3298 "at"
2086 3226 2133 3290 α
2165 3226 3102 3342 stega}.“;;,;;;..;..'."..g.;;
3123 3226 3771 3336 ‘.‘i‘iii;g....;.‘q.;.,

469 3340 588 3410 ejus
599 3339 840 3394 Amiects
857 3335 1182 3410 [lamneus],
1200 3337 1293 3407 qui
1315 3345 1368 3392 et
1392 3336 1720 3401 Alexander,
1736 3337 1789 3391 in
1807 3350 2057 3407 regnum,

471 3428 614 3502 quod
639 3430 810 3486 tenuit
835 3429 1023 3500 viginti
1045 3438 1250 3499 septem
1277 3427 1454 3492 annis,
1491 3436 1602 3482 tam
1629 3425 1924 3482 crudeliter
1942 3465 1956 3490 ,
2000 3431 2060 3479 ut

471 3524 634 3580 etiam
669 3523 877 3580 irritata
904 3521 1061 3592 plebe
1080 3521 1182 3578 sibi
1210 3520 1470 3590 quaerenti
1493 3520 1561 3575 ab
1589 3518 1675 3574 his
1702 3518 1960 3588 quidnam
1980 3515 2063 3572 fa-

474 3626 621 3682 ciens
669 3627 878 3682 animos
921 3624 1025 3680 sibi
1072 3622 1242 3695 plebis
1277 3620 1690 3684 reconciliaret,
1739 3634 2058 3690 responsum

477 3717 666 3776 est:Si
694 3727 1028 3784 moreretur;
1053 3718 1144 3772 vix
1182 3716 1331 3772 enim
1365 3714 1506 3771 forte
1533 3731 1658 3771 cum
1692 3722 1928 3780 mortuo,
1948 3723 2061 3770 tam

477 3813 658 3882 gravia
707 3811 982 3882 perpessi,
1019 3812 1074 3866 in
1103 3811 1332 3881 gratiam
1379 3814 1804 3875 reverterentur,
1833 3818 1894 3864 ut
1939 3808 2061 3864 odia

479 3901 734 3964 adversus
770 3900 1085 3958 defunctum
1141 3902 1488 3972 deponerent.
1539 3900 1745 3968 Quibus
1797 3900 2063 3955 excitatus

477 3995 814 4065 ‘Jellandique
841 3994 1186 4049 assuetudine
1225 3995 1409 4049 multis
1454 3995 1684 4060 necatis,
1714 3994 1952 4063 reliquos
1973 4008 2064 4050 co-

480 4087 586 4156 git
635 4087 690 4140 in
733 4087 921 4140 urbem
950 4086 1036 4140 cui
1091 4099 1286 4140 nomen
1317 4084 1578 4150 Belselel;
1607 4085 1691 4140 cui
1736 4084 2064 4155 expugnatio

480 4176 811 4231 acerbiorem
839 4176 999 4230 solito
1024 4185 1231 4247 pestem
1257 4177 1480 4241 invexit,
1505 4186 1614 4232 tam
1658 4193 1800 4233 saevo
1828 4176 2063 4232 crudeli-

476 4269 598 4324 tatis
621 4284 897 4339 processu,
926 4277 986 4324 ut
1008 4285 1077 4325 ex
1114 4285 1179 4325 eo
1209 4286 1434 4325 numero
1463 4271 1802 4342 octingentos
1845 4270 1899 4324 in
1950 4284 2063 4323 me—

474 4363 560 4419 dio
587 4363 824 4418 civitatis
849 4362 1248 4434 circumﬁgeret
1279 4362 1685 4436 [cruciﬁgeret],
1717 4377 1949 4434 quorum
2003 4362 2058 4415 in
2119 4355 2122 4359 ’

472 4465 764 4525 conspectu
795 4457 1048 4526 coniuges
1084 4471 1273 4512 eorum
1303 4456 1545 4527 ﬁliosque
1593 4455 1828 4527 jugulari
1873 4454 2057 4525 jussit.

475 4546 599 4602 Haec
636 4547 917 4618 spectabat
954 4549 1226 4604 accubans
1273 4549 1328 4602 in
1378 4549 1556 4604 medio
1607 4547 2055 4610 concubinarum,
2086 4585 2140 4645 Β

475 4637 624 4695 latus
648 4640 788 4695 inter
808 4640 934 4696 vina
962 4649 1017 4696 et
1040 4641 1254 4711 pocula,
1280 4640 1377 4696 sed
1407 4640 1576 4712 magis
1607 4640 1868 4712 sanguine
1897 4653 2059 4709 quam

474 4729 598 4784 vino
617 4729 933 4785 inebriatus.

543 4820 656 4876 Hoc
684 4820 798 4876 solo
827 4821 970 4877 facto
1010 4822 1239 4892 amplius
1275 4822 1527 4893 populum
1577 4837 1741 4892 quam
1785 4820 1926 4876 oello
1951 4828 2063 4875 ter-

473 4911 602 4978 mit,
638 4914 710 4968 ita
738 4921 800 4968 ut
823 4913 1068 4984 proxima
1112 4923 1269 4969 nocte
1297 4913 1603 4970 Judaeorum
1637 4921 1760 4975 octo
1789 4913 1954 4966 millia
1982 4911 2062 4966 ul-

473 5010 556 5060 tra
597 5002 838 5059 Judaaam
890 5003 1298 5070 descenderent,
1349 5007 1542 5074 quibus
1571 5005 1706 5076 fugae
1743 5004 1866 5059 ﬁnis
1915 5019 2063 5059 mors

475 5092 760 5150 Alexandri
812 5091 982 5158 foret;
1030 5109 1097 5150 eo
1143 5103 1356 5150 mortuo
1399 5095 1701 5149 Alexandra
1741 5110 1880 5150 uxor
1920 5093 2058 5164 ejus,

473 5202 592 5258 quae
637 5194 694 5242 et
724 5185 906 5243 Salma
961 5186 1225 5260 [Salome]
1254 5189 1630 5259 cognominata
1657 5199 1768 5254 est,
1814 5188 2061 5260 regnavit

474 5279 860 5352 Hierosolymis
895 5281 1054 5336 annis
1082 5296 1293 5337 novem.
1327 5281 1531 5336 Dehinc
1558 5282 1768 5337 duobus
1800 5282 2057 5337 fratribus

475 5369 599 5426 ﬁliis
627 5371 944 5438 Alexandri,
967 5371 1204 5427 llircano
1255 5379 1309 5426 et
1354 5369 1685 5435 Aristobulo,
1718 5369 1787 5426 de
1830 5369 2058 5440 imperio

473 5459 878 5526 dimicantibus,
927 5462 1271 5518 occasionem
1303 5460 1542 5514 habuere
1592 5459 1822 5513 Romani
1867 5467 1928 5511 ut
1968 5455 2059 5511 Ju-

477 5549 643 5605 dazam
688 5551 1020 5608 invaderent.
1073 5553 1148 5606 Ita
1191 5552 1478 5621 Pompeius
1519 5551 1750 5607 llircano
1802 5551 2062 5606 invitante

476 5641 905 5716 Hierosolymam
938 5647 1104 5710 venit,
1133 5657 1290 5716 capta
1322 5647 1456 5702 urbe
1493 5656 1546 5701 et
1586 5647 1782 5718 templo
1812 5647 2062 5702 deserato

473 5747 648 5804 usque
695 5736 749 5790 in
799 5736 1000 5791 Sancto
1028 5745 1338 5791 sanctorum
1369 5737 1634 5802 accessit,
1693 5736 2061 5790 Aristobolum

479 5825 740 5882 minorem
770 5826 992 5882 fratrem
1037 5843 1194 5882 suum
1217 5844 1402 5884 secum
1426 5830 1660 5900 adducit,
1685 5828 2062 5901 pontiﬁcatum

2161 3373 2407 3423 extremo
2429 3364 2693 3429 omnium,
2715 3379 2747 3417 a
2775 3362 2993 3416 Parthis
3038 3368 3216 3430 capto,
3240 3357 3506 3423 Herodes,
3538 3357 3773 3427 Antipa-

2165 3457 2232 3512 tri
2261 3455 2423 3521 ﬁlius,
2457 3455 2593 3511 nihil
2628 3457 2693 3511 ad
2721 3471 2779 3510 se
2807 3455 3170 3526 pertinentem
3208 3450 3450 3509 Iudaeam
3476 3453 3549 3506 ab
3581 3452 3773 3520 Augu-

2162 3556 2247 3604 sto
2270 3556 2324 3602 et
2354 3555 2546 3602 senatu
2577 3546 2802 3614 accepit,
2829 3544 3032 3616 ﬁliique
3069 3543 3186 3613 ejus
3230 3550 3354 3614 post
3391 3557 3517 3598 eum
3571 3557 3774 3612 regna-

2161 3645 2356 3694 verunt
2386 3635 2602 3710 [usque]
2630 3636 2696 3691 ad
2723 3637 3074 3691 novissimam
3104 3635 3476 3705 captivitatem
3503 3631 3767 3687 Hiemso-

2162 3731 2454 3804 lymorum,
2480 3744 2818 3800 nequaquam
2852 3730 3207 3786 sacerdotalis
3234 3729 3450 3802 generis
3499 3728 3772 3799 pontiﬁci-

2163 3824 2264 3880 bus
2291 3821 2600 3877 constitutis
2623 3861 2638 3886 ,
2685 3835 2860 3890 neque
2903 3820 3264 3891 perpetuitate
3297 3819 3422 3872 vitae
3465 3818 3770 3872 secundum

2163 3914 2336 3986 legem
2357 3913 2528 3984 Moysi
2551 3912 2910 3968 servientibus
2932 3913 3066 3967 Deo.
3095 3909 3360 3983 lgnobiles
3370 3924 3503 3964 vero
3522 3909 3768 3979 quidem,

2163 4015 2220 4063 et
2243 4006 2350 4062 alio
2374 4014 2618 4076 tempore
2642 4005 2755 4069 alii,
2785 4014 2838 4059 et
2877 4004 3120 4059 nonnulli
3147 4004 3307 4057 unius
3349 4003 3477 4056 anni
3502 4002 3621 4056 sive
3659 4015 3774 4055 nio-

2163 4101 2284 4156 dico
2311 4099 2573 4170 amplius,
2620 4106 2674 4153 et
2704 4113 2731 4150 a
2773 4097 3033 4152 Romanis
3087 4094 3449 4150 sacerdotium
3488 4092 3768 4146 emebant.

2165 4193 2296 4260 Quae
2327 4192 2506 4248 omnia
2564 4199 2620 4244 et
2651 4189 2837 4244 Daniel
2891 4189 3153 4258 propheta
3199 4187 3526 4240 vaticinatus
3576 4191 3660 4238 est
3687 4182 3774 4236 di-

2164 4297 2293 4339 cens
2318 4297 2332 4334 :
2366 4282 2431 4336 Et
2460 4291 2574 4351 post
2605 4280 2958 4334 hebdomadas
2985 4290 3175 4351 septem
3206 4287 3254 4332 et
3277 4277 3610 4348 septuaginta
3631 4277 3766 4329 dum

2163 4373 2393 4428 interibit
2417 4373 2668 4437 chrisma,
2699 4379 2748 4425 et
2790 4371 3057 4440 judicium
3086 4387 3190 4424 non
3220 4371 3320 4424 erit
3358 4371 3413 4422 in
3447 4385 3533 4432 eo,
3561 4379 3609 4422 et
3643 4378 3771 4420 tem—

2162 4466 2308 4538 plum
2363 4474 2602 4520 sanctum
2665 4473 2959 4533 corrumpet
3013 4462 3236 4533 populus
3269 4475 3287 4512 :
3338 4462 3470 4514 duce
3531 4461 3772 4514 veniente

2163 4555 2430 4611 credentur
2449 4555 2506 4608 in
2545 4552 2850 4608 cataclismo
2877 4551 3029 4614 belli;
3065 4561 3120 4607 et
3150 4552 3205 4606 in
3247 4552 3650 4621 sequentibus:
3699 4550 3769 4603 Et

2166 4663 2323 4716 super
2354 4643 2625 4714 templum,
2662 4643 2855 4716 inquit,
2887 4642 3210 4697 abominatio
3246 4642 3635 4696 desolationum
3663 4655 3682 4692 :
3720 4651 3770 4694 et

2172 4753 2329 4808 usque
2358 4737 2426 4789 ad
2453 4735 2956 4789 consummationem
2980 4734 3225 4804 temporis
3259 4733 3648 4787 consummatio
3671 4733 3772 4784 duo

2165 4828 2307 4883 bitur
2346 4843 2499 4896 super
2540 4824 2936 4879 desolationem.
2989 4823 3230 4880 Herodes
3257 4823 3560 4878 Avanulum
3591 4821 3767 4895 [Ana-

2167 4915 2372 4986 nelum]
2402 4915 2694 4985 quemdam
2743 4915 2810 4969 de
2840 4913 3112 4984 Babylone
3151 4913 3408 4978 accitum,
3447 4912 3765 4981 pontiﬁcem

2167 5009 2447 5066 constituit
2471 5006 2798 5071 Iudaeorum,
2823 5015 2879 5062 et
2923 5015 3047 5075 post
3069 5006 3323 5076 exiguum
3353 5004 3617 5073 temporis
3645 5004 3766 5058 Ari-

2168 5103 2438 5160 stobolum
2465 5101 2688 5157 fratrem
2711 5101 2896 5154 uxoris
2937 5115 3071 5165 suae,
3101 5106 3350 5176 nepotem
3379 5096 3623 5161 Hircani,
3644 5110 3763 5150 suc—

2167 5209 2443 5251 cessorem
2472 5193 2523 5248 ei
2559 5190 2741 5247 dedit:
2771 5207 2879 5262 quo
2904 5199 3238 5261 postremum
3263 5188 3407 5262 [post
3428 5187 3658 5260 annum]
3683 5188 3764 5242 in-
3803 5238 3815 5247 ,

2168 5285 2394 5342 terfecto
2442 5300 2656 5339 rursum
2709 5282 2954 5338 Ananelo
2993 5283 3172 5338 reddit
3219 5280 3606 5336 sacerdotium.
3657 5278 3764 5334 Nec

2161 5379 2275 5450 jam
2307 5376 2410 5431 fuit
2437 5375 2708 5431 successio
2745 5374 2932 5444 legalis
2975 5373 3028 5428 in
3070 5372 3433 5428 sacerdotium
3457 5411 3474 5436 ,
3521 5370 3619 5426 sed
3659 5369 3762 5423 ﬁne

2163 5472 2332 5541 ipsius
2375 5469 2510 5539 legis
2554 5475 2610 5523 et
2656 5467 2947 5522 sacerdotii
2998 5466 3492 5536 appropinquante,
3537 5463 3759 5518 confusa

2163 5570 2320 5618 erant
2341 5559 2541 5615 omnia.
2571 5557 2670 5612 Hic
2694 5567 2874 5612 autem
2895 5555 3137 5612 Herodes
3163 5563 3420 5610 strenuus
3433 5552 3533 5608 fuit
3558 5554 3611 5608 in
3629 5554 3762 5608 acti-

2164 5653 2264 5708 bus
2286 5650 2408 5704 belli
2430 5659 2485 5704 et
2506 5651 2559 5703 in
2586 5648 2976 5719 gubernatione
3000 5648 3148 5719 regni
3181 5655 3342 5715 atque
3367 5646 3758 5700 instauratione

2160 5743 2512 5798 :ediliciorum
2542 5782 2556 5805 ,
2621 5740 2714 5794 sed
2763 5738 3167 5794 infelicissimus
3225 5751 3290 5790 ac
3359 5735 3756 5790 crudelissimis

2163 5831 2440 5899 moribus;
2473 5831 2615 5902 apud
2643 5829 3072 5894 Hierosolymam
3099 5826 3296 5884 multas
3323 5834 3380 5882 et
3413 5842 3639 5900 magnas
3676 5841 3759 5882 eo-
