  <div class='ocr_page' id='page_1' title='image "/cluster/home/n/w/nwhite01/storage/ocr_20150623/109/hvd.32044015466857/612.png"; bbox 0 0 4028 6498; ppageno 0'>
   <div class='ocr_carea' id='block_1_1' title="bbox 253 349 398 407">
    <p class='ocr_par' dir='ltr' id='par_1_1' title="bbox 253 349 398 407">
     <span class='ocr_line' id='line_1_1' title="bbox 253 349 398 407; baseline -0.007 0"><span class='ocrx_word' id='word_1_1' title='bbox 253 349 398 407; x_wconf 72' lang='grc'><strong>1217</strong></span> 
     </span>
    </p>
   </div>
   <div class='ocr_carea' id='block_1_2' title="bbox 971 339 2792 406">
    <p class='ocr_par' dir='ltr' id='par_1_2' title="bbox 971 339 2792 406">
     <span class='ocr_line' id='line_1_2' title="bbox 971 339 2792 406; baseline -0.005 0"><span class='ocrx_word' id='word_1_2' title='bbox 971 347 1322 406; x_wconf 80' lang='lat' dir='ltr'><strong>COMMENT.</strong></span> <span class='ocrx_word' id='word_1_3' title='bbox 1361 346 1432 404; x_wconf 84' lang='lat' dir='ltr'><strong>IN</strong></span> <span class='ocrx_word' id='word_1_4' title='bbox 1467 345 1714 403; x_wconf 80' lang='lat' dir='ltr'><strong>LIBROS</strong></span> <span class='ocrx_word' id='word_1_5' title='bbox 1752 340 2326 399; x_wconf 53' lang='lat' dir='ltr'><strong>MACHABIEORUM.</strong></span> <span class='ocrx_word' id='word_1_6' title='bbox 2365 369 2437 382; x_wconf 93' lang='lat'><strong><em>—-</em></strong></span> <span class='ocrx_word' id='word_1_7' title='bbox 2472 339 2540 397; x_wconf 79' lang='lat' dir='ltr'><strong>IN</strong></span> <span class='ocrx_word' id='word_1_8' title='bbox 2580 339 2710 396; x_wconf 85' lang='lat' dir='ltr'><strong>LIB.</strong></span> <span class='ocrx_word' id='word_1_9' title='bbox 2752 340 2792 396; x_wconf 95' lang='lat' dir='ltr'><strong>I.</strong></span> 
     </span>
    </p>
   </div>
   <div class='ocr_carea' id='block_1_3' title="bbox 3396 337 3538 399">
    <p class='ocr_par' dir='ltr' id='par_1_3' title="bbox 3396 337 3538 399">
     <span class='ocr_line' id='line_1_3' title="bbox 3396 337 3538 399; baseline 0.021 -3"><span class='ocrx_word' id='word_1_10' title='bbox 3396 337 3538 399; x_wconf 62' lang='lat' dir='ltr'><strong>I218</strong></span> 
     </span>
    </p>
   </div>
   <div class='ocr_carea' id='block_1_4' title="bbox 253 463 3537 539">
    <p class='ocr_par' dir='ltr' id='par_1_4' title="bbox 253 463 3537 539">
     <span class='ocr_line' id='line_1_4' title="bbox 253 463 3537 539; baseline -0.002 -9"><span class='ocrx_word' id='word_1_11' title='bbox 253 472 450 530; x_wconf 85' lang='lat' dir='ltr'><strong>clesias</strong></span> <span class='ocrx_word' id='word_1_12' title='bbox 477 469 810 535; x_wconf 92' lang='lat' dir='ltr'><strong>construxit;</strong></span> <span class='ocrx_word' id='word_1_13' title='bbox 847 468 1169 534; x_wconf 86' lang='lat' dir='ltr'><strong>Samariam,</strong></span> <span class='ocrx_word' id='word_1_14' title='bbox 1201 469 1329 524; x_wconf 93' lang='lat' dir='ltr'><strong>olim</strong></span> <span class='ocrx_word' id='word_1_15' title='bbox 1360 469 1413 522; x_wconf 94' lang='lat' dir='ltr'><strong>in</strong></span> <span class='ocrx_word' id='word_1_16' title='bbox 1449 467 1723 523; x_wconf 87' lang='lat' dir='ltr'><strong>cineribus</strong></span> <span class='ocrx_word' id='word_1_17' title='bbox 1763 482 1844 520; x_wconf 87' lang='lat' dir='ltr'><strong>se-</strong></span> <span class='ocrx_word' id='word_1_18' title='bbox 1874 469 1928 539; x_wconf 72' lang='grc' dir='ltr'><strong>Α</strong></span> <span class='ocrx_word' id='word_1_19' title='bbox 1951 479 2068 533; x_wconf 66' lang='lat' dir='ltr'><strong>qua}</strong></span> <span class='ocrx_word' id='word_1_20' title='bbox 2096 465 2147 517; x_wconf 92' lang='lat' dir='ltr'><strong>in</strong></span> <span class='ocrx_word' id='word_1_21' title='bbox 2179 464 2352 517; x_wconf 88' lang='lat' dir='ltr'><strong>lacum</strong></span> <span class='ocrx_word' id='word_1_22' title='bbox 2379 463 2614 519; x_wconf 90' lang='lat' dir='ltr'><strong>feracem</strong></span> <span class='ocrx_word' id='word_1_23' title='bbox 2640 465 2940 531; x_wconf 80' lang='lat' dir='ltr'><strong>bituminis,</strong></span> <span class='ocrx_word' id='word_1_24' title='bbox 2968 465 3060 536; x_wconf 90' lang='lat' dir='ltr'><strong>qui</strong></span> <span class='ocrx_word' id='word_1_25' title='bbox 3090 465 3537 537; x_wconf 81' lang='lat' dir='ltr'><strong>Asphalditisvo-</strong></span> 
     </span>
    </p>
   </div>
   <div class='ocr_carea' id='block_1_5' title="bbox 255 556 1845 626">
    <p class='ocr_par' dir='ltr' id='par_1_5' title="bbox 255 556 1845 626">
     <span class='ocr_line' id='line_1_5' title="bbox 255 556 1845 626; baseline -0.006 -7"><span class='ocrx_word' id='word_1_26' title='bbox 255 565 506 626; x_wconf 80' lang='lat' dir='ltr'><strong>dentem,</strong></span> <span class='ocrx_word' id='word_1_27' title='bbox 544 577 574 614; x_wconf 90' lang='lat' dir='ltr'><strong>a</strong></span> <span class='ocrx_word' id='word_1_28' title='bbox 602 559 964 614; x_wconf 75' lang='lat' dir='ltr'><strong>fundamentis</strong></span> <span class='ocrx_word' id='word_1_29' title='bbox 999 561 1288 624; x_wconf 81' lang='lat' dir='ltr'><strong>suscitans,</strong></span> <span class='ocrx_word' id='word_1_30' title='bbox 1324 560 1376 613; x_wconf 91' lang='lat' dir='ltr'><strong>in</strong></span> <span class='ocrx_word' id='word_1_31' title='bbox 1429 560 1690 613; x_wconf 81' lang='lat' dir='ltr'><strong>honorem</strong></span> <span class='ocrx_word' id='word_1_32' title='bbox 1738 556 1845 610; x_wconf 86' lang='lat' dir='ltr'><strong>Au-</strong></span> 
     </span>
    </p>
   </div>
   <div class='ocr_carea' id='block_1_6' title="bbox 255 650 1843 726">
    <p class='ocr_par' dir='ltr' id='par_1_6' title="bbox 255 650 1843 726">
     <span class='ocr_line' id='line_1_6' title="bbox 255 650 1843 726; baseline -0.002 -20"><span class='ocrx_word' id='word_1_33' title='bbox 255 655 398 726; x_wconf 88' lang='lat' dir='ltr'><strong>gusti</strong></span> <span class='ocrx_word' id='word_1_34' title='bbox 428 653 687 708; x_wconf 85' lang='lat' dir='ltr'><strong>Sebasten</strong></span> <span class='ocrx_word' id='word_1_35' title='bbox 715 652 1019 722; x_wconf 75' lang='lat' dir='ltr'><strong>appellavit,</strong></span> <span class='ocrx_word' id='word_1_36' title='bbox 1052 661 1106 707; x_wconf 94' lang='lat' dir='ltr'><strong>et</strong></span> <span class='ocrx_word' id='word_1_37' title='bbox 1132 653 1184 707; x_wconf 92' lang='lat' dir='ltr'><strong>in</strong></span> <span class='ocrx_word' id='word_1_38' title='bbox 1215 652 1552 718; x_wconf 88' lang='lat' dir='ltr'><strong>Paneade,id</strong></span> <span class='ocrx_word' id='word_1_39' title='bbox 1571 651 1714 723; x_wconf 89' lang='lat' dir='ltr'><strong>quod</strong></span> <span class='ocrx_word' id='word_1_40' title='bbox 1740 650 1843 703; x_wconf 89' lang='lat' dir='ltr'><strong>Pa-</strong></span> 
     </span>
    </p>
   </div>
   <div class='ocr_carea' id='block_1_7' title="bbox 256 742 1846 812">
    <p class='ocr_par' dir='ltr' id='par_1_7' title="bbox 256 742 1846 812">
     <span class='ocr_line' id='line_1_7' title="bbox 256 742 1846 812; baseline -0.004 -10"><span class='ocrx_word' id='word_1_41' title='bbox 256 750 386 802; x_wconf 89' lang='lat' dir='ltr'><strong>nion</strong></span> <span class='ocrx_word' id='word_1_42' title='bbox 414 754 638 800; x_wconf 80' lang='lat' dir='ltr'><strong>vocatur</strong></span> <span class='ocrx_word' id='word_1_43' title='bbox 658 745 958 812; x_wconf 78' lang='lat' dir='ltr'><strong>exstruxit;</strong></span> <span class='ocrx_word' id='word_1_44' title='bbox 984 743 1288 801; x_wconf 68' lang='lat' dir='ltr'><strong>Cazsaream</strong></span> <span class='ocrx_word' id='word_1_45' title='bbox 1305 746 1358 800; x_wconf 91' lang='lat' dir='ltr'><strong>in</strong></span> <span class='ocrx_word' id='word_1_46' title='bbox 1382 745 1598 801; x_wconf 89' lang='lat' dir='ltr'><strong>nomine</strong></span> <span class='ocrx_word' id='word_1_47' title='bbox 1619 742 1846 799; x_wconf 70' lang='lat' dir='ltr'><strong>Caasaris</strong></span> 
     </span>
    </p>
   </div>
   <div class='ocr_carea' id='block_1_8' title="bbox 258 835 1843 906">
    <p class='ocr_par' dir='ltr' id='par_1_8' title="bbox 258 835 1843 906">
     <span class='ocr_line' id='line_1_8' title="bbox 258 835 1843 906; baseline -0.003 -13"><span class='ocrx_word' id='word_1_48' title='bbox 258 836 536 902; x_wconf 86' lang='lat' dir='ltr'><strong>condidit,</strong></span> <span class='ocrx_word' id='word_1_49' title='bbox 597 851 716 905; x_wconf 77' lang='lat' dir='ltr'><strong>qua:</strong></span> <span class='ocrx_word' id='word_1_50' title='bbox 767 836 916 906; x_wconf 90' lang='lat' dir='ltr'><strong>prius</strong></span> <span class='ocrx_word' id='word_1_51' title='bbox 969 837 1158 892; x_wconf 87' lang='lat' dir='ltr'><strong>Turris</strong></span> <span class='ocrx_word' id='word_1_52' title='bbox 1203 836 1476 893; x_wconf 85' lang='lat' dir='ltr'><strong>Stratonis</strong></span> <span class='ocrx_word' id='word_1_53' title='bbox 1529 835 1843 892; x_wconf 83' lang='lat' dir='ltr'><strong>vocabatur.</strong></span> 
     </span>
    </p>
   </div>
   <div class='ocr_carea' id='block_1_9' title="bbox 259 927 1848 1000">
    <p class='ocr_par' dir='ltr' id='par_1_9' title="bbox 259 927 1848 1000">
     <span class='ocr_line' id='line_1_9' title="bbox 259 927 1848 1000; baseline -0.001 -16"><span class='ocrx_word' id='word_1_54' title='bbox 259 927 512 984; x_wconf 85' lang='lat' dir='ltr'><strong>Condidit</strong></span> <span class='ocrx_word' id='word_1_55' title='bbox 539 939 798 998; x_wconf 72' lang='lat' dir='ltr'><strong>praeterea</strong></span> <span class='ocrx_word' id='word_1_56' title='bbox 840 929 1110 984; x_wconf 90' lang='lat' dir='ltr'><strong>Antidana</strong></span> <span class='ocrx_word' id='word_1_57' title='bbox 1139 937 1195 984; x_wconf 93' lang='lat' dir='ltr'><strong>et</strong></span> <span class='ocrx_word' id='word_1_58' title='bbox 1232 929 1631 1000; x_wconf 86' lang='lat' dir='ltr'><strong>Antipatridam</strong></span> <span class='ocrx_word' id='word_1_59' title='bbox 1685 940 1848 999; x_wconf 88' lang='lat' dir='ltr'><strong>atque</strong></span> 
     </span>
    </p>
   </div>
   <div class='ocr_carea' id='block_1_10' title="bbox 258 1019 1848 1092">
    <p class='ocr_par' dir='ltr' id='par_1_10' title="bbox 258 1019 1848 1092">
     <span class='ocr_line' id='line_1_10' title="bbox 258 1019 1848 1092; baseline -0.001 -16"><span class='ocrx_word' id='word_1_60' title='bbox 258 1019 690 1076; x_wconf 85' lang='lat' dir='ltr'><strong>Herodianamin</strong></span> <span class='ocrx_word' id='word_1_61' title='bbox 718 1020 977 1077; x_wconf 88' lang='lat' dir='ltr'><strong>honorem</strong></span> <span class='ocrx_word' id='word_1_62' title='bbox 1001 1021 1178 1078; x_wconf 88' lang='lat' dir='ltr'><strong>Patris</strong></span> <span class='ocrx_word' id='word_1_63' title='bbox 1197 1022 1468 1092; x_wconf 86' lang='lat' dir='ltr'><strong>Antipatri</strong></span> <span class='ocrx_word' id='word_1_64' title='bbox 1491 1030 1546 1076; x_wconf 91' lang='lat' dir='ltr'><strong>et</strong></span> <span class='ocrx_word' id='word_1_65' title='bbox 1565 1036 1721 1076; x_wconf 91' lang='lat' dir='ltr'><strong>suum</strong></span> <span class='ocrx_word' id='word_1_66' title='bbox 1749 1037 1848 1076; x_wconf 84' lang='lat' dir='ltr'><strong>ex-</strong></span> 
     </span>
    </p>
   </div>
   <div class='ocr_carea' id='block_1_11' title="bbox 258 1111 1851 1184">
    <p class='ocr_par' dir='ltr' id='par_1_11' title="bbox 258 1111 1851 1184">
     <span class='ocr_line' id='line_1_11' title="bbox 258 1111 1851 1184; baseline -0.002 -16"><span class='ocrx_word' id='word_1_67' title='bbox 258 1114 475 1169; x_wconf 82' lang='lat' dir='ltr'><strong>struxit.</strong></span> <span class='ocrx_word' id='word_1_68' title='bbox 525 1111 938 1167; x_wconf 88' lang='lat' dir='ltr'><strong>lnnumerabilia</strong></span> <span class='ocrx_word' id='word_1_69' title='bbox 965 1128 1181 1184; x_wconf 90' lang='lat' dir='ltr'><strong>quoque</strong></span> <span class='ocrx_word' id='word_1_70' title='bbox 1227 1127 1396 1184; x_wconf 87' lang='lat' dir='ltr'><strong>opera</strong></span> <span class='ocrx_word' id='word_1_71' title='bbox 1428 1113 1482 1167; x_wconf 92' lang='lat' dir='ltr'><strong>in</strong></span> <span class='ocrx_word' id='word_1_72' title='bbox 1513 1111 1738 1184; x_wconf 79' lang='lat' dir='ltr'><strong>singulis</strong></span> <span class='ocrx_word' id='word_1_73' title='bbox 1758 1127 1851 1166; x_wconf 91' lang='lat' dir='ltr'><strong>ur-</strong></span> 
     </span>
    </p>
   </div>
   <div class='ocr_carea' id='block_1_12' title="bbox 257 1206 1852 1278">
    <p class='ocr_par' dir='ltr' id='par_1_12' title="bbox 257 1206 1852 1278">
     <span class='ocr_line' id='line_1_12' title="bbox 257 1206 1852 1278; baseline -0.001 -15"><span class='ocrx_word' id='word_1_74' title='bbox 257 1207 418 1264; x_wconf 90' lang='lat' dir='ltr'><strong>bibus</strong></span> <span class='ocrx_word' id='word_1_75' title='bbox 442 1221 578 1276; x_wconf 90' lang='lat' dir='ltr'><strong>quas</strong></span> <span class='ocrx_word' id='word_1_76' title='bbox 603 1206 825 1278; x_wconf 89' lang='lat' dir='ltr'><strong>regebat</strong></span> <span class='ocrx_word' id='word_1_77' title='bbox 865 1206 1217 1263; x_wconf 89' lang='lat' dir='ltr'><strong>solertissime</strong></span> <span class='ocrx_word' id='word_1_78' title='bbox 1237 1206 1541 1263; x_wconf 90' lang='lat' dir='ltr'><strong>aediﬁcavit.</strong></span> <span class='ocrx_word' id='word_1_79' title='bbox 1573 1206 1681 1263; x_wconf 92' lang='lat' dir='ltr'><strong>Sed</strong></span> <span class='ocrx_word' id='word_1_80' title='bbox 1709 1207 1852 1262; x_wconf 91' lang='lat' dir='ltr'><strong>inter</strong></span> 
     </span>
    </p>
   </div>
   <div class='ocr_carea' id='block_1_13' title="bbox 255 1296 1850 1366">
    <p class='ocr_par' dir='ltr' id='par_1_13' title="bbox 255 1296 1850 1366">
     <span class='ocr_line' id='line_1_13' title="bbox 255 1296 1850 1366; baseline 0 -14"><span class='ocrx_word' id='word_1_81' title='bbox 255 1296 576 1362; x_wconf 85' lang='lat' dir='ltr'><strong>Hircanum,</strong></span> <span class='ocrx_word' id='word_1_82' title='bbox 603 1297 696 1366; x_wconf 90' lang='lat' dir='ltr'><strong>qui</strong></span> <span class='ocrx_word' id='word_1_83' title='bbox 732 1296 861 1352; x_wconf 89' lang='lat' dir='ltr'><strong>olim</strong></span> <span class='ocrx_word' id='word_1_84' title='bbox 913 1298 1165 1356; x_wconf 88' lang='lat' dir='ltr'><strong>sacerdos</strong></span> <span class='ocrx_word' id='word_1_85' title='bbox 1206 1296 1515 1353; x_wconf 59' lang='lat' dir='ltr'><strong>Iudaeorum</strong></span> <span class='ocrx_word' id='word_1_86' title='bbox 1554 1297 1750 1363; x_wconf 83' lang='lat' dir='ltr'><strong>fuerat,</strong></span> <span class='ocrx_word' id='word_1_87' title='bbox 1783 1296 1850 1352; x_wconf 89' lang='lat' dir='ltr'><strong>de</strong></span> 
     </span>
    </p>
   </div>
   <div class='ocr_carea' id='block_1_14' title="bbox 257 1386 1850 1460">
    <p class='ocr_par' dir='ltr' id='par_1_14' title="bbox 257 1386 1850 1460">
     <span class='ocr_line' id='line_1_14' title="bbox 257 1386 1850 1460; baseline 0.001 -18"><span class='ocrx_word' id='word_1_88' title='bbox 257 1387 573 1456; x_wconf 83' lang='lat' dir='ltr'><strong>captivitate</strong></span> <span class='ocrx_word' id='word_1_89' title='bbox 600 1386 920 1441; x_wconf 84' lang='lat' dir='ltr'><strong>Parthorum</strong></span> <span class='ocrx_word' id='word_1_90' title='bbox 948 1403 1280 1459; x_wconf 78' lang='lat' dir='ltr'><strong>regressum,</strong></span> <span class='ocrx_word' id='word_1_91' title='bbox 1311 1398 1366 1443; x_wconf 90' lang='lat' dir='ltr'><strong>et</strong></span> <span class='ocrx_word' id='word_1_92' title='bbox 1392 1388 1559 1444; x_wconf 90' lang='lat' dir='ltr'><strong>ﬁlium</strong></span> <span class='ocrx_word' id='word_1_93' title='bbox 1588 1389 1726 1460; x_wconf 90' lang='lat' dir='ltr'><strong>ejus,</strong></span> <span class='ocrx_word' id='word_1_94' title='bbox 1756 1390 1850 1459; x_wconf 89' lang='lat' dir='ltr'><strong>qui</strong></span> 
     </span>
    </p>
   </div>
   <div class='ocr_carea' id='block_1_15' title="bbox 256 1477 1849 1548">
    <p class='ocr_par' dir='ltr' id='par_1_15' title="bbox 256 1477 1849 1548">
     <span class='ocr_line' id='line_1_15' title="bbox 256 1477 1849 1548; baseline 0.001 -14"><span class='ocrx_word' id='word_1_95' title='bbox 256 1477 563 1534; x_wconf 88' lang='lat' dir='ltr'><strong>sacerdotio</strong></span> <span class='ocrx_word' id='word_1_96' title='bbox 611 1479 781 1548; x_wconf 88' lang='lat' dir='ltr'><strong>patris</strong></span> <span class='ocrx_word' id='word_1_97' title='bbox 830 1488 1198 1546; x_wconf 89' lang='lat' dir='ltr'><strong>successerat,</strong></span> <span class='ocrx_word' id='word_1_98' title='bbox 1251 1480 1558 1536; x_wconf 87' lang='lat' dir='ltr'><strong>interfecit:</strong></span> <span class='ocrx_word' id='word_1_99' title='bbox 1607 1497 1849 1538; x_wconf 89' lang='lat' dir='ltr'><strong>sororem</strong></span> 
     </span>
    </p>
   </div>
   <div class='ocr_carea' id='block_1_16' title="bbox 254 1566 1850 1644">
    <p class='ocr_par' dir='ltr' id='par_1_16' title="bbox 254 1566 1850 1644">
     <span class='ocr_line' id='line_1_16' title="bbox 254 1566 1850 1644; baseline 0.004 -21"><span class='ocrx_word' id='word_1_100' title='bbox 254 1582 472 1638; x_wconf 90' lang='lat' dir='ltr'><strong>quoque</strong></span> <span class='ocrx_word' id='word_1_101' title='bbox 496 1566 613 1638; x_wconf 88' lang='lat' dir='ltr'><strong>ejus</strong></span> <span class='ocrx_word' id='word_1_102' title='bbox 640 1585 862 1624; x_wconf 90' lang='lat' dir='ltr'><strong>uxorem</strong></span> <span class='ocrx_word' id='word_1_103' title='bbox 903 1586 1055 1625; x_wconf 91' lang='lat' dir='ltr'><strong>suam</strong></span> <span class='ocrx_word' id='word_1_104' title='bbox 1079 1587 1204 1626; x_wconf 87' lang='lat' dir='ltr'><strong>cum</strong></span> <span class='ocrx_word' id='word_1_105' title='bbox 1230 1572 1438 1628; x_wconf 90' lang='lat' dir='ltr'><strong>duobus</strong></span> <span class='ocrx_word' id='word_1_106' title='bbox 1459 1573 1584 1629; x_wconf 91' lang='lat' dir='ltr'><strong>ﬁliis</strong></span> <span class='ocrx_word' id='word_1_107' title='bbox 1616 1574 1850 1644; x_wconf 84' lang='lat' dir='ltr'><strong>propriis</strong></span> 
     </span>
    </p>
   </div>
   <div class='ocr_carea' id='block_1_17' title="bbox 247 1658 1850 1736">
    <p class='ocr_par' dir='ltr' id='par_1_17' title="bbox 247 1658 1850 1736">
     <span class='ocr_line' id='line_1_17' title="bbox 247 1658 1850 1736; baseline 0.001 -15"><span class='ocrx_word' id='word_1_108' title='bbox 247 1665 367 1736; x_wconf 91' lang='lat' dir='ltr'><strong>jam</strong></span> <span class='ocrx_word' id='word_1_109' title='bbox 385 1658 844 1731; x_wconf 89' lang='lat' dir='ltr'><strong>adolescentibus,</strong></span> <span class='ocrx_word' id='word_1_110' title='bbox 869 1676 924 1720; x_wconf 92' lang='lat' dir='ltr'><strong>et</strong></span> <span class='ocrx_word' id='word_1_111' title='bbox 947 1674 1173 1721; x_wconf 84' lang='lat' dir='ltr'><strong>matrem</strong></span> <span class='ocrx_word' id='word_1_112' title='bbox 1195 1668 1383 1722; x_wconf 80' lang='lat' dir='ltr'><strong>uxoris</strong></span> <span class='ocrx_word' id='word_1_113' title='bbox 1404 1668 1616 1733; x_wconf 65' lang='lat' dir='ltr'><strong>occisae,</strong></span> <span class='ocrx_word' id='word_1_114' title='bbox 1636 1683 1850 1723; x_wconf 90' lang='lat' dir='ltr'><strong>socrum</strong></span> 
     </span>
    </p>
   </div>
   <div class='ocr_carea' id='block_1_18' title="bbox 255 1756 1848 1830">
    <p class='ocr_par' dir='ltr' id='par_1_18' title="bbox 255 1756 1848 1830">
     <span class='ocr_line' id='line_1_18' title="bbox 255 1756 1848 1830; baseline 0.003 -19"><span class='ocrx_word' id='word_1_115' title='bbox 255 1771 435 1824; x_wconf 92' lang='lat' dir='ltr'><strong>suam,</strong></span> <span class='ocrx_word' id='word_1_116' title='bbox 465 1756 840 1817; x_wconf 88' lang='lat' dir='ltr'><strong>crudelissime</strong></span> <span class='ocrx_word' id='word_1_117' title='bbox 868 1758 1112 1812; x_wconf 67' lang='lat' dir='ltr'><strong>necavit:</strong></span> <span class='ocrx_word' id='word_1_118' title='bbox 1144 1759 1410 1828; x_wconf 89' lang='lat' dir='ltr'><strong>siquidem</strong></span> <span class='ocrx_word' id='word_1_119' title='bbox 1437 1761 1552 1830; x_wconf 89' lang='lat' dir='ltr'><strong>ipse</strong></span> <span class='ocrx_word' id='word_1_120' title='bbox 1587 1760 1848 1826; x_wconf 86' lang='lat' dir='ltr'><strong>Herodes,</strong></span> 
     </span>
    </p>
   </div>
   <div class='ocr_carea' id='block_1_19' title="bbox 1947 555 3536 634">
    <p class='ocr_par' dir='ltr' id='par_1_19' title="bbox 1947 555 3536 634">
     <span class='ocr_line' id='line_1_19' title="bbox 1947 555 3536 634; baseline 0.003 -23"><span class='ocrx_word' id='word_1_121' title='bbox 1947 555 2425 622; x_wconf 87' lang='lat' dir='ltr'><strong>catur,eﬁluentes</strong></span> <span class='ocrx_word' id='word_1_122' title='bbox 2453 597 2469 621; x_wconf 97' lang='lat'><strong>,</strong></span> <span class='ocrx_word' id='word_1_123' title='bbox 2517 573 2617 627; x_wconf 90' lang='lat' dir='ltr'><strong>pro</strong></span> <span class='ocrx_word' id='word_1_124' title='bbox 2673 557 2954 612; x_wconf 87' lang='lat' dir='ltr'><strong>dulcedine</strong></span> <span class='ocrx_word' id='word_1_125' title='bbox 2994 559 3150 628; x_wconf 89' lang='lat' dir='ltr'><strong>potiti</strong></span> <span class='ocrx_word' id='word_1_126' title='bbox 3196 558 3536 634; x_wconf 87' lang='lat' dir='ltr'><strong>[potabiles]</strong></span> 
     </span>
    </p>
   </div>
   <div class='ocr_carea' id='block_1_20' title="bbox 1947 646 3543 720">
    <p class='ocr_par' dir='ltr' id='par_1_20' title="bbox 1947 646 3543 720">
     <span class='ocr_line' id='line_1_20' title="bbox 1947 646 3543 720; baseline 0.004 -20"><span class='ocrx_word' id='word_1_127' title='bbox 1947 657 2089 702; x_wconf 90' lang='lat' dir='ltr'><strong>sunt.</strong></span> <span class='ocrx_word' id='word_1_128' title='bbox 2121 646 2195 701; x_wconf 92' lang='lat' dir='ltr'><strong>lbi</strong></span> <span class='ocrx_word' id='word_1_129' title='bbox 2226 656 2405 701; x_wconf 89' lang='lat' dir='ltr'><strong>autem</strong></span> <span class='ocrx_word' id='word_1_130' title='bbox 2437 664 2633 719; x_wconf 88' lang='lat' dir='ltr'><strong>corpus</strong></span> <span class='ocrx_word' id='word_1_131' title='bbox 2661 649 2800 720; x_wconf 86' lang='lat' dir='ltr'><strong>ejus,</strong></span> <span class='ocrx_word' id='word_1_132' title='bbox 2828 649 2970 718; x_wconf 91' lang='lat' dir='ltr'><strong>quod</strong></span> <span class='ocrx_word' id='word_1_133' title='bbox 3007 650 3231 705; x_wconf 89' lang='lat' dir='ltr'><strong>medicis</strong></span> <span class='ocrx_word' id='word_1_134' title='bbox 3260 666 3380 707; x_wconf 77' lang='lat' dir='ltr'><strong>oreo</strong></span> <span class='ocrx_word' id='word_1_135' title='bbox 3409 651 3543 707; x_wconf 78' lang='lat' dir='ltr'><strong>cali-</strong></span> 
     </span>
    </p>
   </div>
   <div class='ocr_carea' id='block_1_21' title="bbox 1947 741 3541 812">
    <p class='ocr_par' dir='ltr' id='par_1_21' title="bbox 1947 741 3541 812">
     <span class='ocr_line' id='line_1_21' title="bbox 1947 741 3541 812; baseline 0.002 -16"><span class='ocrx_word' id='word_1_136' title='bbox 1947 741 2099 796; x_wconf 91' lang='lat' dir='ltr'><strong>diore</strong></span> <span class='ocrx_word' id='word_1_137' title='bbox 2144 741 2310 796; x_wconf 88' lang='lat' dir='ltr'><strong>foveri</strong></span> <span class='ocrx_word' id='word_1_138' title='bbox 2341 741 2641 811; x_wconf 87' lang='lat' dir='ltr'><strong>placuerat,</strong></span> <span class='ocrx_word' id='word_1_139' title='bbox 2669 742 2724 796; x_wconf 92' lang='lat' dir='ltr'><strong>in</strong></span> <span class='ocrx_word' id='word_1_140' title='bbox 2754 742 2955 800; x_wconf 88' lang='lat' dir='ltr'><strong>dolium</strong></span> <span class='ocrx_word' id='word_1_141' title='bbox 2992 742 3209 812; x_wconf 92' lang='lat' dir='ltr'><strong>plenum</strong></span> <span class='ocrx_word' id='word_1_142' title='bbox 3235 743 3541 800; x_wconf 88' lang='lat' dir='ltr'><strong>demersum</strong></span> 
     </span>
    </p>
   </div>
   <div class='ocr_carea' id='block_1_22' title="bbox 1948 832 3541 903">
    <p class='ocr_par' dir='ltr' id='par_1_22' title="bbox 1948 832 3541 903">
     <span class='ocr_line' id='line_1_22' title="bbox 1948 832 3541 903; baseline 0.001 -14"><span class='ocrx_word' id='word_1_143' title='bbox 1948 833 2022 889; x_wconf 91' lang='lat' dir='ltr'><strong>ita</strong></span> <span class='ocrx_word' id='word_1_144' title='bbox 2051 833 2370 888; x_wconf 92' lang='lat' dir='ltr'><strong>dissolutum</strong></span> <span class='ocrx_word' id='word_1_145' title='bbox 2399 832 2587 898; x_wconf 68' lang='lat' dir='ltr'><strong>est,’ut</strong></span> <span class='ocrx_word' id='word_1_146' title='bbox 2630 841 2685 888; x_wconf 92' lang='lat' dir='ltr'><strong>et</strong></span> <span class='ocrx_word' id='word_1_147' title='bbox 2712 832 2936 899; x_wconf 92' lang='lat' dir='ltr'><strong>lumina,</strong></span> <span class='ocrx_word' id='word_1_148' title='bbox 2964 835 3120 903; x_wconf 92' lang='lat' dir='ltr'><strong>quasi</strong></span> <span class='ocrx_word' id='word_1_149' title='bbox 3160 843 3429 902; x_wconf 90' lang='lat' dir='ltr'><strong>mortuus,</strong></span> <span class='ocrx_word' id='word_1_150' title='bbox 3453 851 3541 891; x_wconf 90' lang='lat' dir='ltr'><strong>re-</strong></span> 
     </span>
    </p>
   </div>
   <div class='ocr_carea' id='block_1_23' title="bbox 1948 927 3544 999">
    <p class='ocr_par' dir='ltr' id='par_1_23' title="bbox 1948 927 3544 999">
     <span class='ocr_line' id='line_1_23' title="bbox 1948 927 3544 999; baseline 0 -16"><span class='ocrx_word' id='word_1_151' title='bbox 1948 927 2120 983; x_wconf 88' lang='lat' dir='ltr'><strong>soluta</strong></span> <span class='ocrx_word' id='word_1_152' title='bbox 2151 936 2446 998; x_wconf 88' lang='lat' dir='ltr'><strong>torqueret.</strong></span> <span class='ocrx_word' id='word_1_153' title='bbox 2478 928 2684 984; x_wconf 89' lang='lat' dir='ltr'><strong>Deinde</strong></span> <span class='ocrx_word' id='word_1_154' title='bbox 2714 929 3043 998; x_wconf 89' lang='lat' dir='ltr'><strong>perturbatis</strong></span> <span class='ocrx_word' id='word_1_155' title='bbox 3072 929 3164 999; x_wconf 89' lang='lat' dir='ltr'><strong>qui</strong></span> <span class='ocrx_word' id='word_1_156' title='bbox 3209 944 3332 983; x_wconf 91' lang='lat' dir='ltr'><strong>eum</strong></span> <span class='ocrx_word' id='word_1_157' title='bbox 3387 944 3544 984; x_wconf 88' lang='lat' dir='ltr'><strong>cura-</strong></span> 
     </span>
    </p>
   </div>
   <div class='ocr_carea' id='block_1_24' title="bbox 1897 1015 3544 1090">
    <p class='ocr_par' dir='ltr' id='par_1_24' title="bbox 1897 1015 3544 1090">
     <span class='ocr_line' id='line_1_24' title="bbox 1897 1015 3544 1090; baseline 0.001 -14"><span class='ocrx_word' id='word_1_158' title='bbox 1897 1015 1908 1023; x_wconf 73' lang='grc'><strong>’</strong></span> <span class='ocrx_word' id='word_1_159' title='bbox 1947 1019 2098 1086; x_wconf 86' lang='lat' dir='ltr'><strong>bant,</strong></span> <span class='ocrx_word' id='word_1_160' title='bbox 2130 1020 2198 1074; x_wconf 87' lang='lat' dir='ltr'><strong>ad</strong></span> <span class='ocrx_word' id='word_1_161' title='bbox 2226 1018 2516 1075; x_wconf 91' lang='lat' dir='ltr'><strong>clamorem</strong></span> <span class='ocrx_word' id='word_1_162' title='bbox 2557 1019 2774 1090; x_wconf 89' lang='lat' dir='ltr'><strong>quidem</strong></span> <span class='ocrx_word' id='word_1_163' title='bbox 2809 1020 3027 1076; x_wconf 90' lang='lat' dir='ltr'><strong>illorum</strong></span> <span class='ocrx_word' id='word_1_164' title='bbox 3081 1021 3355 1090; x_wconf 87' lang='lat' dir='ltr'><strong>respicere</strong></span> <span class='ocrx_word' id='word_1_165' title='bbox 3393 1021 3544 1077; x_wconf 89' lang='lat' dir='ltr'><strong>visus</strong></span> 
     </span>
    </p>
   </div>
   <div class='ocr_carea' id='block_1_25' title="bbox 1948 1109 3546 1183">
    <p class='ocr_par' dir='ltr' id='par_1_25' title="bbox 1948 1109 3546 1183">
     <span class='ocr_line' id='line_1_25' title="bbox 1948 1109 3546 1183; baseline 0.001 -18"><span class='ocrx_word' id='word_1_166' title='bbox 1948 1119 2050 1166; x_wconf 90' lang='lat' dir='ltr'><strong>est.</strong></span> <span class='ocrx_word' id='word_1_167' title='bbox 2104 1109 2399 1181; x_wconf 80' lang='lat' dir='ltr'><strong>DeSperata</strong></span> <span class='ocrx_word' id='word_1_168' title='bbox 2449 1126 2581 1167; x_wconf 92' lang='lat' dir='ltr'><strong>vero</strong></span> <span class='ocrx_word' id='word_1_169' title='bbox 2638 1110 2811 1166; x_wconf 89' lang='lat' dir='ltr'><strong>salute</strong></span> <span class='ocrx_word' id='word_1_170' title='bbox 2863 1121 2918 1167; x_wconf 92' lang='lat' dir='ltr'><strong>et</strong></span> <span class='ocrx_word' id='word_1_171' title='bbox 2960 1112 3223 1168; x_wconf 89' lang='lat' dir='ltr'><strong>militibus</strong></span> <span class='ocrx_word' id='word_1_172' title='bbox 3283 1112 3546 1183; x_wconf 84' lang='lat' dir='ltr'><strong>quinqua-</strong></span> 
     </span>
    </p>
   </div>
   <div class='ocr_carea' id='block_1_26' title="bbox 1949 1204 3544 1277">
    <p class='ocr_par' dir='ltr' id='par_1_26' title="bbox 1949 1204 3544 1277">
     <span class='ocr_line' id='line_1_26' title="bbox 1949 1204 3544 1277; baseline 0.002 -18"><span class='ocrx_word' id='word_1_173' title='bbox 1949 1219 2116 1277; x_wconf 90' lang='lat' dir='ltr'><strong>genas</strong></span> <span class='ocrx_word' id='word_1_174' title='bbox 2153 1204 2442 1260; x_wconf 90' lang='lat' dir='ltr'><strong>drachmas</strong></span> <span class='ocrx_word' id='word_1_175' title='bbox 2483 1204 2816 1275; x_wconf 87' lang='lat' dir='ltr'><strong>multamque</strong></span> <span class='ocrx_word' id='word_1_176' title='bbox 2851 1205 3138 1276; x_wconf 89' lang='lat' dir='ltr'><strong>pecuniam</strong></span> <span class='ocrx_word' id='word_1_177' title='bbox 3162 1205 3544 1274; x_wconf 74' lang='lat' dir='ltr'><strong>inrectoribus</strong></span> 
     </span>
    </p>
   </div>
   <div class='ocr_carea' id='block_1_27' title="bbox 1950 1296 3532 1369">
    <p class='ocr_par' dir='ltr' id='par_1_27' title="bbox 1950 1296 3532 1369">
     <span class='ocr_line' id='line_1_27' title="bbox 1950 1296 3532 1369; baseline 0.002 -18"><span class='ocrx_word' id='word_1_178' title='bbox 1950 1305 2114 1366; x_wconf 89' lang='lat' dir='ltr'><strong>atque</strong></span> <span class='ocrx_word' id='word_1_179' title='bbox 2151 1297 2342 1352; x_wconf 82' lang='lat' dir='ltr'><strong>amicis</strong></span> <span class='ocrx_word' id='word_1_180' title='bbox 2385 1297 2552 1352; x_wconf 91' lang='lat' dir='ltr'><strong>dividi</strong></span> <span class='ocrx_word' id='word_1_181' title='bbox 2589 1297 2774 1369; x_wconf 89' lang='lat' dir='ltr'><strong>jussit.</strong></span> <span class='ocrx_word' id='word_1_182' title='bbox 2826 1296 2960 1353; x_wconf 90' lang='lat' dir='ltr'><strong>Cum</strong></span> <span class='ocrx_word' id='word_1_183' title='bbox 3011 1308 3194 1354; x_wconf 90' lang='lat' dir='ltr'><strong>autem</strong></span> <span class='ocrx_word' id='word_1_184' title='bbox 3227 1298 3444 1354; x_wconf 88' lang='lat' dir='ltr'><strong>rediens</strong></span> <span class='ocrx_word' id='word_1_185' title='bbox 3478 1297 3532 1354; x_wconf 91' lang='lat' dir='ltr'><strong>in</strong></span> 
     </span>
    </p>
   </div>
   <div class='ocr_carea' id='block_1_28' title="bbox 1949 1389 3543 1463">
    <p class='ocr_par' dir='ltr' id='par_1_28' title="bbox 1949 1389 3543 1463">
     <span class='ocr_line' id='line_1_28' title="bbox 1949 1389 3543 1463; baseline 0.002 -17"><span class='ocrx_word' id='word_1_186' title='bbox 1949 1389 2205 1446; x_wconf 85' lang='lat' dir='ltr'><strong>Hiericho</strong></span> <span class='ocrx_word' id='word_1_187' title='bbox 2230 1389 2490 1456; x_wconf 87' lang='lat' dir='ltr'><strong>venisset,</strong></span> <span class='ocrx_word' id='word_1_188' title='bbox 2519 1398 2636 1446; x_wconf 91' lang='lat' dir='ltr'><strong>atra</strong></span> <span class='ocrx_word' id='word_1_189' title='bbox 2678 1391 2769 1446; x_wconf 89' lang='lat' dir='ltr'><strong>bili</strong></span> <span class='ocrx_word' id='word_1_190' title='bbox 2797 1401 3111 1462; x_wconf 90' lang='lat' dir='ltr'><strong>correptus,</strong></span> <span class='ocrx_word' id='word_1_191' title='bbox 3155 1401 3212 1449; x_wconf 89' lang='lat' dir='ltr'><strong>et</strong></span> <span class='ocrx_word' id='word_1_192' title='bbox 3241 1393 3356 1462; x_wconf 87' lang='lat' dir='ltr'><strong>ipse</strong></span> <span class='ocrx_word' id='word_1_193' title='bbox 3404 1408 3543 1463; x_wconf 89' lang='lat' dir='ltr'><strong>pene</strong></span> 
     </span>
    </p>
   </div>
   <div class='ocr_carea' id='block_1_29' title="bbox 1951 1483 3539 1557">
    <p class='ocr_par' dir='ltr' id='par_1_29' title="bbox 1951 1483 3539 1557">
     <span class='ocr_line' id='line_1_29' title="bbox 1951 1483 3539 1557; baseline 0.001 -19"><span class='ocrx_word' id='word_1_194' title='bbox 1951 1483 2111 1538; x_wconf 89' lang='lat' dir='ltr'><strong>morti</strong></span> <span class='ocrx_word' id='word_1_195' title='bbox 2145 1484 2538 1539; x_wconf 91' lang='lat' dir='ltr'><strong>immittebatur</strong></span> <span class='ocrx_word' id='word_1_196' title='bbox 2563 1525 2579 1551; x_wconf 95' lang='lat'><strong>,</strong></span> <span class='ocrx_word' id='word_1_197' title='bbox 2633 1483 2836 1540; x_wconf 87' lang='lat' dir='ltr'><strong>factum</strong></span> <span class='ocrx_word' id='word_1_198' title='bbox 2879 1483 3146 1541; x_wconf 89' lang='lat' dir='ltr'><strong>nefarium</strong></span> <span class='ocrx_word' id='word_1_199' title='bbox 3176 1485 3539 1557; x_wconf 72' lang='lat' dir='ltr'><strong>excogitavit:</strong></span> 
     </span>
    </p>
   </div>
   <div class='ocr_carea' id='block_1_30' title="bbox 1950 1575 3540 1646">
    <p class='ocr_par' dir='ltr' id='par_1_30' title="bbox 1950 1575 3540 1646">
     <span class='ocr_line' id='line_1_30' title="bbox 1950 1575 3540 1646; baseline 0.002 -16"><span class='ocrx_word' id='word_1_200' title='bbox 1950 1575 2207 1632; x_wconf 92' lang='lat' dir='ltr'><strong>collectos</strong></span> <span class='ocrx_word' id='word_1_201' title='bbox 2237 1576 2381 1630; x_wconf 90' lang='lat' dir='ltr'><strong>enim</strong></span> <span class='ocrx_word' id='word_1_202' title='bbox 2406 1575 2667 1646; x_wconf 89' lang='lat' dir='ltr'><strong>cujusque</strong></span> <span class='ocrx_word' id='word_1_203' title='bbox 2702 1577 2806 1631; x_wconf 76' lang='lat' dir='ltr'><strong>vrci</strong></span> <span class='ocrx_word' id='word_1_204' title='bbox 2831 1591 2899 1632; x_wconf 85' lang='lat' dir='ltr'><strong>ex</strong></span> <span class='ocrx_word' id='word_1_205' title='bbox 2921 1577 3069 1632; x_wconf 88' lang='lat' dir='ltr'><strong>omni</strong></span> <span class='ocrx_word' id='word_1_206' title='bbox 3096 1575 3280 1632; x_wconf 66' lang='lat' dir='ltr'><strong>Iudaea</strong></span> <span class='ocrx_word' id='word_1_207' title='bbox 3310 1577 3540 1633; x_wconf 87' lang='lat' dir='ltr'><strong>nobilio-</strong></span> 
     </span>
    </p>
   </div>
   <div class='ocr_carea' id='block_1_31' title="bbox 1951 1669 3542 1741">
    <p class='ocr_par' dir='ltr' id='par_1_31' title="bbox 1951 1669 3542 1741">
     <span class='ocr_line' id='line_1_31' title="bbox 1951 1669 3542 1741; baseline 0.003 -19"><span class='ocrx_word' id='word_1_208' title='bbox 1951 1685 2038 1725; x_wconf 89' lang='lat' dir='ltr'><strong>res</strong></span> <span class='ocrx_word' id='word_1_209' title='bbox 2087 1670 2142 1724; x_wconf 91' lang='lat' dir='ltr'><strong>in</strong></span> <span class='ocrx_word' id='word_1_210' title='bbox 2194 1669 2373 1726; x_wconf 90' lang='lat' dir='ltr'><strong>locum</strong></span> <span class='ocrx_word' id='word_1_211' title='bbox 2410 1669 2493 1724; x_wconf 92' lang='lat' dir='ltr'><strong>cui</strong></span> <span class='ocrx_word' id='word_1_212' title='bbox 2536 1685 2730 1725; x_wconf 90' lang='lat' dir='ltr'><strong>nomen</strong></span> <span class='ocrx_word' id='word_1_213' title='bbox 2761 1679 2844 1726; x_wconf 92' lang='lat' dir='ltr'><strong>est</strong></span> <span class='ocrx_word' id='word_1_214' title='bbox 2888 1669 3257 1741; x_wconf 85' lang='lat' dir='ltr'><strong>Hippodromo</strong></span> <span class='ocrx_word' id='word_1_215' title='bbox 3295 1671 3542 1728; x_wconf 89' lang='lat' dir='ltr'><strong>concludi</strong></span> 
     </span>
    </p>
   </div>
   <div class='ocr_carea' id='block_1_32' title="bbox 1951 1760 3545 1830">
    <p class='ocr_par' dir='ltr' id='par_1_32' title="bbox 1951 1760 3545 1830">
     <span class='ocr_line' id='line_1_32' title="bbox 1951 1760 3545 1830; baseline 0.003 -15"><span class='ocrx_word' id='word_1_216' title='bbox 1951 1761 2224 1830; x_wconf 83' lang='lat' dir='ltr'><strong>praecepit,</strong></span> <span class='ocrx_word' id='word_1_217' title='bbox 2249 1760 2443 1816; x_wconf 89' lang='lat' dir='ltr'><strong>deinde</strong></span> <span class='ocrx_word' id='word_1_218' title='bbox 2470 1776 2656 1818; x_wconf 89' lang='lat' dir='ltr'><strong>sorore</strong></span> <span class='ocrx_word' id='word_1_219' title='bbox 2681 1760 2897 1818; x_wconf 90' lang='lat' dir='ltr'><strong>Salome</strong></span> <span class='ocrx_word' id='word_1_220' title='bbox 2925 1772 2982 1818; x_wconf 92' lang='lat' dir='ltr'><strong>et</strong></span> <span class='ocrx_word' id='word_1_221' title='bbox 3013 1762 3320 1819; x_wconf 82' lang='lat' dir='ltr'><strong>Alexandro</strong></span> <span class='ocrx_word' id='word_1_222' title='bbox 3351 1765 3545 1821; x_wconf 88' lang='lat' dir='ltr'><strong>marito</strong></span> 
     </span>
    </p>
   </div>
   <div class='ocr_carea' id='block_1_33' title="bbox 252 1847 3546 1924">
    <p class='ocr_par' dir='ltr' id='par_1_33' title="bbox 252 1847 3546 1924">
     <span class='ocr_line' id='line_1_33' title="bbox 252 1847 3546 1924; baseline 0.003 -22"><span class='ocrx_word' id='word_1_223' title='bbox 252 1861 326 1903; x_wconf 88' lang='lat' dir='ltr'><strong>ne</strong></span> <span class='ocrx_word' id='word_1_224' title='bbox 367 1849 620 1920; x_wconf 85' lang='lat' dir='ltr'><strong>ignobilis</strong></span> <span class='ocrx_word' id='word_1_225' title='bbox 645 1847 784 1904; x_wconf 90' lang='lat' dir='ltr'><strong>forte</strong></span> <span class='ocrx_word' id='word_1_226' title='bbox 811 1858 864 1903; x_wconf 91' lang='lat' dir='ltr'><strong>et</strong></span> <span class='ocrx_word' id='word_1_227' title='bbox 895 1865 925 1903; x_wconf 90' lang='lat' dir='ltr'><strong>a</strong></span> <span class='ocrx_word' id='word_1_228' title='bbox 956 1847 1263 1905; x_wconf 63' lang='lat' dir='ltr'><strong>Iudaeorum</strong></span> <span class='ocrx_word' id='word_1_229' title='bbox 1297 1851 1503 1906; x_wconf 86' lang='lat' dir='ltr'><strong>semine</strong></span> <span class='ocrx_word' id='word_1_230' title='bbox 1531 1860 1852 1923; x_wconf 86' lang='lat' dir='ltr'><strong>argueretur</strong></span> <span class='ocrx_word' id='word_1_231' title='bbox 1881 1853 1928 1912; x_wconf 85' lang='grc' dir='ltr'>Β</span> <span class='ocrx_word' id='word_1_232' title='bbox 1955 1852 2071 1922; x_wconf 88' lang='lat' dir='ltr'><strong>ejus</strong></span> <span class='ocrx_word' id='word_1_233' title='bbox 2094 1853 2160 1908; x_wconf 92' lang='lat' dir='ltr'><strong>ad</strong></span> <span class='ocrx_word' id='word_1_234' title='bbox 2184 1867 2242 1908; x_wconf 92' lang='lat' dir='ltr'><strong>se</strong></span> <span class='ocrx_word' id='word_1_235' title='bbox 2271 1853 2499 1919; x_wconf 90' lang='lat' dir='ltr'><strong>vocatis,</strong></span> <span class='ocrx_word' id='word_1_236' title='bbox 2525 1852 2679 1919; x_wconf 91' lang='lat' dir='ltr'><strong>Scio,</strong></span> <span class='ocrx_word' id='word_1_237' title='bbox 2713 1856 2910 1924; x_wconf 89' lang='lat' dir='ltr'><strong>inquit,</strong></span> <span class='ocrx_word' id='word_1_238' title='bbox 2933 1864 3164 1910; x_wconf 90' lang='lat' dir='ltr'><strong>mortem</strong></span> <span class='ocrx_word' id='word_1_239' title='bbox 3195 1871 3371 1913; x_wconf 91' lang='lat' dir='ltr'><strong>meam</strong></span> <span class='ocrx_word' id='word_1_240' title='bbox 3394 1857 3546 1912; x_wconf 87' lang='lat' dir='ltr'><strong>festis</strong></span> 
     </span>
    </p>
   </div>
   <div class='ocr_carea' id='block_1_34' title="bbox 251 1937 1845 2010">
    <p class='ocr_par' dir='ltr' id='par_1_34' title="bbox 251 1937 1845 2010">
     <span class='ocr_line' id='line_1_34' title="bbox 251 1937 1845 2010; baseline 0.002 -16"><span class='ocrx_word' id='word_1_241' title='bbox 251 1947 572 2006; x_wconf 81' lang='lat' dir='ltr'><strong>extraneus,</strong></span> <span class='ocrx_word' id='word_1_242' title='bbox 599 1939 893 1994; x_wconf 82' lang='lat' dir='ltr'><strong>combussit</strong></span> <span class='ocrx_word' id='word_1_243' title='bbox 923 1937 1088 1994; x_wconf 91' lang='lat' dir='ltr'><strong>libros</strong></span> <span class='ocrx_word' id='word_1_244' title='bbox 1126 1954 1315 1995; x_wconf 89' lang='lat' dir='ltr'><strong>omnes</strong></span> <span class='ocrx_word' id='word_1_245' title='bbox 1347 1941 1543 2010; x_wconf 90' lang='lat' dir='ltr'><strong>quibus</strong></span> <span class='ocrx_word' id='word_1_246' title='bbox 1593 1941 1845 1997; x_wconf 88' lang='lat' dir='ltr'><strong>nobilitas</strong></span> 
     </span>
    </p>
   </div>
   <div class='ocr_carea' id='block_1_35' title="bbox 253 2029 1844 2104">
    <p class='ocr_par' dir='ltr' id='par_1_35' title="bbox 253 2029 1844 2104">
     <span class='ocr_line' id='line_1_35' title="bbox 253 2029 1844 2104; baseline 0.003 -19"><span class='ocrx_word' id='word_1_247' title='bbox 253 2032 432 2102; x_wconf 89' lang='lat' dir='ltr'><strong>gentis</strong></span> <span class='ocrx_word' id='word_1_248' title='bbox 453 2029 649 2086; x_wconf 74' lang='lat' dir='ltr'><strong>Iudaeae</strong></span> <span class='ocrx_word' id='word_1_249' title='bbox 672 2031 727 2086; x_wconf 92' lang='lat' dir='ltr'><strong>in</strong></span> <span class='ocrx_word' id='word_1_250' title='bbox 758 2031 954 2102; x_wconf 91' lang='lat' dir='ltr'><strong>templo</strong></span> <span class='ocrx_word' id='word_1_251' title='bbox 984 2033 1303 2088; x_wconf 89' lang='lat' dir='ltr'><strong>servabatur</strong></span> <span class='ocrx_word' id='word_1_252' title='bbox 1324 2033 1617 2104; x_wconf 87' lang='lat' dir='ltr'><strong>adscripta,</strong></span> <span class='ocrx_word' id='word_1_253' title='bbox 1642 2044 1720 2100; x_wconf 92' lang='lat' dir='ltr'><strong>ut,</strong></span> <span class='ocrx_word' id='word_1_254' title='bbox 1755 2035 1844 2090; x_wconf 84' lang='lat' dir='ltr'><strong>de-</strong></span> 
     </span>
    </p>
   </div>
   <div class='ocr_carea' id='block_1_36' title="bbox 251 2121 1846 2196">
    <p class='ocr_par' dir='ltr' id='par_1_36' title="bbox 251 2121 1846 2196">
     <span class='ocr_line' id='line_1_36' title="bbox 251 2121 1846 2196; baseline 0.005 -23"><span class='ocrx_word' id='word_1_255' title='bbox 251 2121 559 2176; x_wconf 82' lang='lat' dir='ltr'><strong>ﬁcientibus</strong></span> <span class='ocrx_word' id='word_1_256' title='bbox 601 2123 993 2190; x_wconf 88' lang='lat' dir='ltr'><strong>probamentis,</strong></span> <span class='ocrx_word' id='word_1_257' title='bbox 1027 2132 1081 2178; x_wconf 92' lang='lat' dir='ltr'><strong>et</strong></span> <span class='ocrx_word' id='word_1_258' title='bbox 1110 2122 1224 2194; x_wconf 90' lang='lat' dir='ltr'><strong>ipse</strong></span> <span class='ocrx_word' id='word_1_259' title='bbox 1280 2125 1350 2180; x_wconf 89' lang='lat' dir='ltr'><strong>ad</strong></span> <span class='ocrx_word' id='word_1_260' title='bbox 1383 2126 1527 2181; x_wconf 90' lang='lat' dir='ltr'><strong>hanc</strong></span> <span class='ocrx_word' id='word_1_261' title='bbox 1573 2127 1846 2196; x_wconf 87' lang='lat' dir='ltr'><strong>pertinere</strong></span> 
     </span>
    </p>
   </div>
   <div class='ocr_carea' id='block_1_37' title="bbox 249 2214 1846 2292">
    <p class='ocr_par' dir='ltr' id='par_1_37' title="bbox 249 2214 1846 2292">
     <span class='ocr_line' id='line_1_37' title="bbox 249 2214 1846 2292; baseline 0.003 -22"><span class='ocrx_word' id='word_1_262' title='bbox 249 2214 559 2287; x_wconf 87' lang='lat' dir='ltr'><strong>putaretur,</strong></span> <span class='ocrx_word' id='word_1_263' title='bbox 584 2215 802 2286; x_wconf 89' lang='lat' dir='ltr'><strong>insuper</strong></span> <span class='ocrx_word' id='word_1_264' title='bbox 831 2225 884 2273; x_wconf 89' lang='lat' dir='ltr'><strong>et</strong></span> <span class='ocrx_word' id='word_1_265' title='bbox 911 2225 970 2270; x_wconf 92' lang='lat' dir='ltr'><strong>ut</strong></span> <span class='ocrx_word' id='word_1_266' title='bbox 1005 2232 1156 2272; x_wconf 91' lang='lat' dir='ltr'><strong>suam</strong></span> <span class='ocrx_word' id='word_1_267' title='bbox 1196 2218 1398 2273; x_wconf 91' lang='lat' dir='ltr'><strong>soblem</strong></span> <span class='ocrx_word' id='word_1_268' title='bbox 1437 2218 1722 2292; x_wconf 90' lang='lat' dir='ltr'><strong>[sobolem]</strong></span> <span class='ocrx_word' id='word_1_269' title='bbox 1761 2235 1846 2275; x_wconf 91' lang='lat' dir='ltr'><strong>re-</strong></span> 
     </span>
    </p>
   </div>
   <div class='ocr_carea' id='block_1_38' title="bbox 249 2305 1848 2378">
    <p class='ocr_par' dir='ltr' id='par_1_38' title="bbox 249 2305 1848 2378">
     <span class='ocr_line' id='line_1_38' title="bbox 249 2305 1848 2378; baseline 0.004 -18"><span class='ocrx_word' id='word_1_270' title='bbox 249 2305 343 2377; x_wconf 90' lang='lat' dir='ltr'><strong>gio</strong></span> <span class='ocrx_word' id='word_1_271' title='bbox 374 2305 587 2362; x_wconf 90' lang='lat' dir='ltr'><strong>illorum</strong></span> <span class='ocrx_word' id='word_1_272' title='bbox 607 2307 791 2378; x_wconf 88' lang='lat' dir='ltr'><strong>generi</strong></span> <span class='ocrx_word' id='word_1_273' title='bbox 821 2309 1216 2365; x_wconf 89' lang='lat' dir='ltr'><strong>commisceret.</strong></span> <span class='ocrx_word' id='word_1_274' title='bbox 1253 2309 1447 2365; x_wconf 86' lang='lat' dir='ltr'><strong>Deside</strong></span> <span class='ocrx_word' id='word_1_275' title='bbox 1474 2309 1676 2366; x_wconf 89' lang='lat' dir='ltr'><strong>femina</strong></span> <span class='ocrx_word' id='word_1_276' title='bbox 1724 2310 1848 2367; x_wconf 87' lang='lat' dir='ltr'><strong>Hie-</strong></span> 
     </span>
    </p>
   </div>
   <div class='ocr_carea' id='block_1_39' title="bbox 251 2398 1846 2470">
    <p class='ocr_par' dir='ltr' id='par_1_39' title="bbox 251 2398 1846 2470">
     <span class='ocr_line' id='line_1_39' title="bbox 251 2398 1846 2470; baseline 0.003 -16"><span class='ocrx_word' id='word_1_277' title='bbox 251 2398 662 2470; x_wconf 86' lang='lat' dir='ltr'><strong>rosolymitana,</strong></span> <span class='ocrx_word' id='word_1_278' title='bbox 689 2413 851 2470; x_wconf 91' lang='lat' dir='ltr'><strong>quam</strong></span> <span class='ocrx_word' id='word_1_279' title='bbox 876 2400 1119 2470; x_wconf 89' lang='lat' dir='ltr'><strong>privatus</strong></span> <span class='ocrx_word' id='word_1_280' title='bbox 1157 2410 1446 2470; x_wconf 90' lang='lat' dir='ltr'><strong>acceperat</strong></span> <span class='ocrx_word' id='word_1_281' title='bbox 1478 2417 1702 2457; x_wconf 79' lang='lat' dir='ltr'><strong>uxorem</strong></span> <span class='ocrx_word' id='word_1_282' title='bbox 1721 2444 1735 2468; x_wconf 93' lang='lat'><strong>,</strong></span> <span class='ocrx_word' id='word_1_283' title='bbox 1790 2409 1846 2458; x_wconf 89' lang='lat' dir='ltr'><strong>et</strong></span> 
     </span>
    </p>
   </div>
   <div class='ocr_carea' id='block_1_40' title="bbox 251 2491 1846 2560">
    <p class='ocr_par' dir='ltr' id='par_1_40' title="bbox 251 2491 1846 2560">
     <span class='ocr_line' id='line_1_40' title="bbox 251 2491 1846 2560; baseline 0.002 -13"><span class='ocrx_word' id='word_1_284' title='bbox 251 2508 286 2548; x_wconf 87' lang='lat' dir='ltr'><strong>a</strong></span> <span class='ocrx_word' id='word_1_285' title='bbox 318 2500 444 2546; x_wconf 89' lang='lat' dir='ltr'><strong>nato</strong></span> <span class='ocrx_word' id='word_1_286' title='bbox 482 2491 769 2560; x_wconf 84' lang='lat' dir='ltr'><strong>Antipatro</strong></span> <span class='ocrx_word' id='word_1_287' title='bbox 808 2491 940 2558; x_wconf 84' lang='lat' dir='ltr'><strong>lilio,</strong></span> <span class='ocrx_word' id='word_1_288' title='bbox 973 2494 1142 2548; x_wconf 89' lang='lat' dir='ltr'><strong>sociat</strong></span> <span class='ocrx_word' id='word_1_289' title='bbox 1171 2494 1274 2548; x_wconf 90' lang='lat' dir='ltr'><strong>sibi</strong></span> <span class='ocrx_word' id='word_1_290' title='bbox 1312 2493 1648 2550; x_wconf 84' lang='lat' dir='ltr'><strong>Mariannam</strong></span> <span class='ocrx_word' id='word_1_291' title='bbox 1679 2494 1846 2550; x_wconf 92' lang='lat' dir='ltr'><strong>ﬁliam</strong></span> 
     </span>
    </p>
   </div>
   <div class='ocr_carea' id='block_1_41' title="bbox 248 2584 1845 2661">
    <p class='ocr_par' dir='ltr' id='par_1_41' title="bbox 248 2584 1845 2661">
     <span class='ocr_line' id='line_1_41' title="bbox 248 2584 1845 2661; baseline 0.003 -21"><span class='ocrx_word' id='word_1_292' title='bbox 248 2584 584 2648; x_wconf 75' lang='lat' dir='ltr'><strong>Alexandri,</strong></span> <span class='ocrx_word' id='word_1_293' title='bbox 635 2592 849 2654; x_wconf 87' lang='lat' dir='ltr'><strong>neptem</strong></span> <span class='ocrx_word' id='word_1_294' title='bbox 876 2585 1170 2642; x_wconf 87' lang='lat' dir='ltr'><strong>Aristoboli</strong></span> <span class='ocrx_word' id='word_1_295' title='bbox 1223 2587 1407 2643; x_wconf 87' lang='lat' dir='ltr'><strong>fratris</strong></span> <span class='ocrx_word' id='word_1_296' title='bbox 1437 2587 1698 2656; x_wconf 87' lang='lat' dir='ltr'><strong>Hircani,</strong></span> <span class='ocrx_word' id='word_1_297' title='bbox 1752 2590 1845 2661; x_wconf 90' lang='lat' dir='ltr'><strong>qui</strong></span> 
     </span>
    </p>
   </div>
   <div class='ocr_carea' id='block_1_42' title="bbox 251 2677 1846 2753">
    <p class='ocr_par' dir='ltr' id='par_1_42' title="bbox 251 2677 1846 2753">
     <span class='ocr_line' id='line_1_42' title="bbox 251 2677 1846 2753; baseline 0.004 -21"><span class='ocrx_word' id='word_1_298' title='bbox 251 2686 380 2732; x_wconf 87' lang='lat' dir='ltr'><strong>ante</strong></span> <span class='ocrx_word' id='word_1_299' title='bbox 404 2693 528 2732; x_wconf 89' lang='lat' dir='ltr'><strong>eum</strong></span> <span class='ocrx_word' id='word_1_300' title='bbox 558 2695 654 2732; x_wconf 76' lang='lat' dir='ltr'><strong>rex</strong></span> <span class='ocrx_word' id='word_1_301' title='bbox 688 2688 807 2734; x_wconf 88' lang='lat' dir='ltr'><strong>erat</strong></span> <span class='ocrx_word' id='word_1_302' title='bbox 833 2680 979 2751; x_wconf 86' lang='lat' dir='ltr'><strong>genti</strong></span> <span class='ocrx_word' id='word_1_303' title='bbox 1004 2677 1334 2735; x_wconf 67' lang='lat' dir='ltr'><strong>Iudaeorum.</strong></span> <span class='ocrx_word' id='word_1_304' title='bbox 1370 2681 1496 2737; x_wconf 68' lang='lat' dir='ltr'><strong>Haec</strong></span> <span class='ocrx_word' id='word_1_305' title='bbox 1524 2681 1762 2753; x_wconf 91' lang='lat' dir='ltr'><strong>quinque</strong></span> <span class='ocrx_word' id='word_1_306' title='bbox 1784 2681 1846 2737; x_wconf 87' lang='lat' dir='ltr'><strong>ﬁ-</strong></span> 
     </span>
    </p>
   </div>
   <div class='ocr_carea' id='block_1_43' title="bbox 248 2768 1847 2840">
    <p class='ocr_par' dir='ltr' id='par_1_43' title="bbox 248 2768 1847 2840">
     <span class='ocr_line' id='line_1_43' title="bbox 248 2768 1847 2840; baseline 0.003 -16"><span class='ocrx_word' id='word_1_307' title='bbox 248 2769 354 2824; x_wconf 88' lang='lat' dir='ltr'><strong>lios</strong></span> <span class='ocrx_word' id='word_1_308' title='bbox 388 2769 437 2824; x_wconf 91' lang='lat' dir='ltr'><strong>ei</strong></span> <span class='ocrx_word' id='word_1_309' title='bbox 472 2769 677 2840; x_wconf 88' lang='lat' dir='ltr'><strong>genuit,</strong></span> <span class='ocrx_word' id='word_1_310' title='bbox 699 2786 928 2839; x_wconf 90' lang='lat' dir='ltr'><strong>quorum</strong></span> <span class='ocrx_word' id='word_1_311' title='bbox 979 2771 1133 2836; x_wconf 92' lang='lat' dir='ltr'><strong>duos,</strong></span> <span class='ocrx_word' id='word_1_312' title='bbox 1163 2768 1531 2826; x_wconf 79' lang='lat' dir='ltr'><strong>Alexandrum</strong></span> <span class='ocrx_word' id='word_1_313' title='bbox 1553 2781 1608 2827; x_wconf 90' lang='lat' dir='ltr'><strong>et</strong></span> <span class='ocrx_word' id='word_1_314' title='bbox 1637 2772 1847 2829; x_wconf 87' lang='lat' dir='ltr'><strong>Aristo-</strong></span> 
     </span>
    </p>
   </div>
   <div class='ocr_carea' id='block_1_44' title="bbox 247 2859 1849 2936">
    <p class='ocr_par' dir='ltr' id='par_1_44' title="bbox 247 2859 1849 2936">
     <span class='ocr_line' id='line_1_44' title="bbox 247 2859 1849 2936; baseline 0.002 -18"><span class='ocrx_word' id='word_1_315' title='bbox 247 2859 456 2926; x_wconf 84' lang='lat' dir='ltr'><strong>bolum,</strong></span> <span class='ocrx_word' id='word_1_316' title='bbox 489 2859 602 2930; x_wconf 90' lang='lat' dir='ltr'><strong>ipse</strong></span> <span class='ocrx_word' id='word_1_317' title='bbox 643 2862 854 2916; x_wconf 89' lang='lat' dir='ltr'><strong>necavit</strong></span> <span class='ocrx_word' id='word_1_318' title='bbox 881 2864 935 2916; x_wconf 92' lang='lat' dir='ltr'><strong>in</strong></span> <span class='ocrx_word' id='word_1_319' title='bbox 961 2861 1242 2930; x_wconf 90' lang='lat' dir='ltr'><strong>Samaria;</strong></span> <span class='ocrx_word' id='word_1_320' title='bbox 1277 2878 1378 2919; x_wconf 89' lang='lat' dir='ltr'><strong>nec</strong></span> <span class='ocrx_word' id='word_1_321' title='bbox 1423 2864 1594 2920; x_wconf 92' lang='lat' dir='ltr'><strong>multo</strong></span> <span class='ocrx_word' id='word_1_322' title='bbox 1623 2873 1748 2936; x_wconf 91' lang='lat' dir='ltr'><strong>post</strong></span> <span class='ocrx_word' id='word_1_323' title='bbox 1792 2874 1849 2921; x_wconf 92' lang='lat' dir='ltr'><strong>et</strong></span> 
     </span>
    </p>
   </div>
   <div class='ocr_carea' id='block_1_45' title="bbox 250 2952 1847 3024">
    <p class='ocr_par' dir='ltr' id='par_1_45' title="bbox 250 2952 1847 3024">
     <span class='ocr_line' id='line_1_45' title="bbox 250 2952 1847 3024; baseline 0.004 -17"><span class='ocrx_word' id='word_1_324' title='bbox 250 2962 486 3007; x_wconf 86' lang='lat' dir='ltr'><strong>matrem</strong></span> <span class='ocrx_word' id='word_1_325' title='bbox 533 2952 789 3020; x_wconf 86' lang='lat' dir='ltr'><strong>ﬁliorum,</strong></span> <span class='ocrx_word' id='word_1_326' title='bbox 817 2969 924 3024; x_wconf 90' lang='lat' dir='ltr'><strong>qua</strong></span> <span class='ocrx_word' id='word_1_327' title='bbox 976 2954 1052 3008; x_wconf 89' lang='lat' dir='ltr'><strong>nil</strong></span> <span class='ocrx_word' id='word_1_328' title='bbox 1100 2955 1321 3011; x_wconf 90' lang='lat' dir='ltr'><strong>charius</strong></span> <span class='ocrx_word' id='word_1_329' title='bbox 1363 2963 1624 3021; x_wconf 89' lang='lat' dir='ltr'><strong>noverat,</strong></span> <span class='ocrx_word' id='word_1_330' title='bbox 1682 2956 1847 3013; x_wconf 88' lang='lat' dir='ltr'><strong>simili</strong></span> 
     </span>
    </p>
   </div>
   <div class='ocr_carea' id='block_1_46' title="bbox 254 3042 1844 3115">
    <p class='ocr_par' dir='ltr' id='par_1_46' title="bbox 254 3042 1844 3115">
     <span class='ocr_line' id='line_1_46' title="bbox 254 3042 1844 3115; baseline 0.001 -16"><span class='ocrx_word' id='word_1_331' title='bbox 254 3042 464 3099; x_wconf 86' lang='lat' dir='ltr'><strong>scelere</strong></span> <span class='ocrx_word' id='word_1_332' title='bbox 504 3045 752 3115; x_wconf 88' lang='lat' dir='ltr'><strong>peremit,</strong></span> <span class='ocrx_word' id='word_1_333' title='bbox 782 3059 813 3100; x_wconf 94' lang='lat' dir='ltr'><strong>e</strong></span> <span class='ocrx_word' id='word_1_334' title='bbox 840 3044 1038 3115; x_wconf 90' lang='lat' dir='ltr'><strong>quibus</strong></span> <span class='ocrx_word' id='word_1_335' title='bbox 1079 3045 1419 3103; x_wconf 91' lang='lat' dir='ltr'><strong>Aristobolus</strong></span> <span class='ocrx_word' id='word_1_336' title='bbox 1471 3047 1735 3102; x_wconf 85' lang='lat' dir='ltr'><strong>Herodem</strong></span> <span class='ocrx_word' id='word_1_337' title='bbox 1779 3063 1844 3103; x_wconf 85' lang='lat' dir='ltr'><strong>ex</strong></span> 
     </span>
    </p>
   </div>
   <div class='ocr_carea' id='block_1_47' title="bbox 255 3133 1850 3213">
    <p class='ocr_par' dir='ltr' id='par_1_47' title="bbox 255 3133 1850 3213">
     <span class='ocr_line' id='line_1_47' title="bbox 255 3133 1850 3213; baseline 0.004 -23"><span class='ocrx_word' id='word_1_338' title='bbox 255 3133 532 3192; x_wconf 82' lang='lat' dir='ltr'><strong>Berenice‘</strong></span> <span class='ocrx_word' id='word_1_339' title='bbox 563 3145 878 3209; x_wconf 88' lang='lat' dir='ltr'><strong>susceperat</strong></span> <span class='ocrx_word' id='word_1_340' title='bbox 907 3135 1078 3192; x_wconf 88' lang='lat' dir='ltr'><strong>ﬁlium</strong></span> <span class='ocrx_word' id='word_1_341' title='bbox 1102 3179 1116 3203; x_wconf 94' lang='lat'><strong>,</strong></span> <span class='ocrx_word' id='word_1_342' title='bbox 1166 3153 1327 3208; x_wconf 91' lang='lat' dir='ltr'><strong>quem</strong></span> <span class='ocrx_word' id='word_1_343' title='bbox 1357 3156 1410 3195; x_wconf 92' lang='lat' dir='ltr'><strong>m</strong></span> <span class='ocrx_word' id='word_1_344' title='bbox 1447 3139 1671 3196; x_wconf 86' lang='lat' dir='ltr'><strong>Actibus</strong></span> <span class='ocrx_word' id='word_1_345' title='bbox 1722 3155 1850 3213; x_wconf 85' lang='lat' dir='ltr'><strong>apo-</strong></span> 
     </span>
    </p>
   </div>
   <div class='ocr_carea' id='block_1_48' title="bbox 1950 1945 3547 2018">
    <p class='ocr_par' dir='ltr' id='par_1_48' title="bbox 1950 1945 3547 2018">
     <span class='ocr_line' id='line_1_48' title="bbox 1950 1945 3547 2018; baseline 0.003 -18"><span class='ocrx_word' id='word_1_346' title='bbox 1950 1946 2161 2018; x_wconf 90' lang='lat' dir='ltr'><strong>gaudiis</strong></span> <span class='ocrx_word' id='word_1_347' title='bbox 2186 1945 2554 2001; x_wconf 83' lang='lat' dir='ltr'><strong>celebratums</strong></span> <span class='ocrx_word' id='word_1_348' title='bbox 2602 1961 2721 2002; x_wconf 90' lang='lat' dir='ltr'><strong>esse</strong></span> <span class='ocrx_word' id='word_1_349' title='bbox 2751 1945 2994 2014; x_wconf 72' lang='lat' dir='ltr'><strong>Iudaeos,</strong></span> <span class='ocrx_word' id='word_1_350' title='bbox 3045 1963 3232 2002; x_wconf 88' lang='lat' dir='ltr'><strong>verum</strong></span> <span class='ocrx_word' id='word_1_351' title='bbox 3276 1962 3374 2017; x_wconf 91' lang='lat' dir='ltr'><strong>per</strong></span> <span class='ocrx_word' id='word_1_352' title='bbox 3411 1949 3547 2004; x_wconf 87' lang='lat' dir='ltr'><strong>alios</strong></span> 
     </span>
    </p>
   </div>
   <div class='ocr_carea' id='block_1_49' title="bbox 1948 2039 3547 2112">
    <p class='ocr_par' dir='ltr' id='par_1_49' title="bbox 1948 2039 3547 2112">
     <span class='ocr_line' id='line_1_49' title="bbox 1948 2039 3547 2112; baseline 0.002 -19"><span class='ocrx_word' id='word_1_353' title='bbox 1948 2039 2119 2111; x_wconf 87' lang='lat' dir='ltr'><strong>lugeri</strong></span> <span class='ocrx_word' id='word_1_354' title='bbox 2152 2048 2340 2110; x_wconf 91' lang='lat' dir='ltr'><strong>potero</strong></span> <span class='ocrx_word' id='word_1_355' title='bbox 2371 2049 2424 2096; x_wconf 92' lang='lat' dir='ltr'><strong>et</strong></span> <span class='ocrx_word' id='word_1_356' title='bbox 2470 2039 2801 2096; x_wconf 88' lang='lat' dir='ltr'><strong>clarissimos</strong></span> <span class='ocrx_word' id='word_1_357' title='bbox 2847 2041 3082 2097; x_wconf 87' lang='lat' dir='ltr'><strong>honores</strong></span> <span class='ocrx_word' id='word_1_358' title='bbox 3123 2042 3338 2112; x_wconf 90' lang='lat' dir='ltr'><strong>assequi</strong></span> <span class='ocrx_word' id='word_1_359' title='bbox 3369 2042 3547 2112; x_wconf 90' lang='lat' dir='ltr'><strong>sepul-</strong></span> 
     </span>
    </p>
   </div>
   <div class='ocr_carea' id='block_1_50' title="bbox 1949 2133 3546 2205">
    <p class='ocr_par' dir='ltr' id='par_1_50' title="bbox 1949 2133 3546 2205">
     <span class='ocr_line' id='line_1_50' title="bbox 1949 2133 3546 2205; baseline 0 -18"><span class='ocrx_word' id='word_1_360' title='bbox 1949 2141 2102 2199; x_wconf 75' lang='lat' dir='ltr'><strong>turae,</strong></span> <span class='ocrx_word' id='word_1_361' title='bbox 2126 2133 2312 2204; x_wconf 91' lang='lat' dir='ltr'><strong>sicque</strong></span> <span class='ocrx_word' id='word_1_362' title='bbox 2343 2133 2412 2205; x_wconf 89' lang='lat' dir='ltr'><strong>[si</strong></span> <span class='ocrx_word' id='word_1_363' title='bbox 2445 2133 2587 2204; x_wconf 77' lang='lat' dir='ltr'><strong>quae]</strong></span> <span class='ocrx_word' id='word_1_364' title='bbox 2625 2135 2737 2204; x_wconf 89' lang='lat' dir='ltr'><strong>ipse</strong></span> <span class='ocrx_word' id='word_1_365' title='bbox 2765 2134 3018 2205; x_wconf 57' lang='lat' dir='ltr'><strong>precipio</strong></span> <span class='ocrx_word' id='word_1_366' title='bbox 3039 2134 3277 2190; x_wconf 90' lang='lat' dir='ltr'><strong>feceritis</strong></span> <span class='ocrx_word' id='word_1_367' title='bbox 3302 2154 3314 2189; x_wconf 89' lang='lat'><strong>:</strong></span> <span class='ocrx_word' id='word_1_368' title='bbox 3348 2135 3446 2190; x_wconf 90' lang='lat' dir='ltr'><strong>hos</strong></span> <span class='ocrx_word' id='word_1_369' title='bbox 3467 2135 3546 2188; x_wconf 85' lang='lat' dir='ltr'><strong>vi-</strong></span> 
     </span>
    </p>
   </div>
   <div class='ocr_carea' id='block_1_51' title="bbox 1948 2224 3541 2297">
    <p class='ocr_par' dir='ltr' id='par_1_51' title="bbox 1948 2224 3541 2297">
     <span class='ocr_line' id='line_1_51' title="bbox 1948 2224 3541 2297; baseline -0.001 -15"><span class='ocrx_word' id='word_1_370' title='bbox 1948 2241 2040 2282; x_wconf 89' lang='lat' dir='ltr'><strong>ros</strong></span> <span class='ocrx_word' id='word_1_371' title='bbox 2059 2242 2196 2297; x_wconf 91' lang='lat' dir='ltr'><strong>quos</strong></span> <span class='ocrx_word' id='word_1_372' title='bbox 2226 2227 2437 2281; x_wconf 75' lang='lat' dir='ltr'><strong>habetis</strong></span> <span class='ocrx_word' id='word_1_373' title='bbox 2463 2226 2519 2280; x_wconf 89' lang='lat' dir='ltr'><strong>in</strong></span> <span class='ocrx_word' id='word_1_374' title='bbox 2547 2226 2814 2292; x_wconf 91' lang='lat' dir='ltr'><strong>custodia,</strong></span> <span class='ocrx_word' id='word_1_375' title='bbox 2855 2240 2980 2280; x_wconf 88' lang='lat' dir='ltr'><strong>cum</strong></span> <span class='ocrx_word' id='word_1_376' title='bbox 3007 2225 3243 2280; x_wconf 89' lang='lat' dir='ltr'><strong>animam</strong></span> <span class='ocrx_word' id='word_1_377' title='bbox 3272 2224 3541 2292; x_wconf 85' lang='lat' dir='ltr'><strong>eﬁlavero,</strong></span> 
     </span>
    </p>
   </div>
   <div class='ocr_carea' id='block_1_52' title="bbox 1947 2317 3545 2384">
    <p class='ocr_par' dir='ltr' id='par_1_52' title="bbox 1947 2317 3545 2384">
     <span class='ocr_line' id='line_1_52' title="bbox 1947 2317 3545 2384; baseline -0.004 -6"><span class='ocrx_word' id='word_1_378' title='bbox 1947 2322 2130 2378; x_wconf 88' lang='lat' dir='ltr'><strong>statim</strong></span> <span class='ocrx_word' id='word_1_379' title='bbox 2159 2320 2418 2376; x_wconf 87' lang='lat' dir='ltr'><strong>militibus</strong></span> <span class='ocrx_word' id='word_1_380' title='bbox 2445 2321 2806 2376; x_wconf 90' lang='lat' dir='ltr'><strong>circumdatos</strong></span> <span class='ocrx_word' id='word_1_381' title='bbox 2827 2317 3079 2384; x_wconf 90' lang='lat' dir='ltr'><strong>occidite,</strong></span> <span class='ocrx_word' id='word_1_382' title='bbox 3105 2325 3166 2372; x_wconf 88' lang='lat' dir='ltr'><strong>ut</strong></span> <span class='ocrx_word' id='word_1_383' title='bbox 3192 2317 3365 2373; x_wconf 89' lang='lat' dir='ltr'><strong>invisa</strong></span> <span class='ocrx_word' id='word_1_384' title='bbox 3411 2317 3545 2371; x_wconf 91' lang='lat' dir='ltr'><strong>mihi</strong></span> 
     </span>
    </p>
   </div>
   <div class='ocr_carea' id='block_1_53' title="bbox 1947 2401 3628 2481">
    <p class='ocr_par' dir='ltr' id='par_1_53' title="bbox 1947 2401 3628 2481">
     <span class='ocr_line' id='line_1_53' title="bbox 1947 2401 3628 2481; baseline -0.005 -12"><span class='ocrx_word' id='word_1_385' title='bbox 1947 2429 2125 2469; x_wconf 80' lang='lat' dir='ltr'><strong>omnis</strong></span> <span class='ocrx_word' id='word_1_386' title='bbox 2148 2410 2331 2467; x_wconf 66' lang='lat' dir='ltr'><strong>Judma</strong></span> <span class='ocrx_word' id='word_1_387' title='bbox 2353 2411 2637 2481; x_wconf 89' lang='lat' dir='ltr'><strong>omnisque</strong></span> <span class='ocrx_word' id='word_1_388' title='bbox 2663 2410 2856 2466; x_wconf 91' lang='lat' dir='ltr'><strong>domus</strong></span> <span class='ocrx_word' id='word_1_389' title='bbox 2894 2409 3200 2480; x_wconf 87' lang='lat' dir='ltr'><strong>illacrymet</strong></span> <span class='ocrx_word' id='word_1_390' title='bbox 3226 2425 3239 2463; x_wconf 93' lang='lat'>:</span> <span class='ocrx_word' id='word_1_391' title='bbox 3275 2416 3329 2464; x_wconf 88' lang='lat' dir='ltr'><strong>et</strong></span> <span class='ocrx_word' id='word_1_392' title='bbox 3355 2406 3538 2473; x_wconf 90' lang='lat' dir='ltr'><strong>simul,</strong></span> <span class='ocrx_word' id='word_1_393' title='bbox 3614 2401 3628 2412; x_wconf 89' lang='grc'><strong>’</strong></span> 
     </span>
    </p>
   </div>
   <div class='ocr_carea' id='block_1_54' title="bbox 1946 2498 3546 2572">
    <p class='ocr_par' dir='ltr' id='par_1_54' title="bbox 1946 2498 3546 2572">
     <span class='ocr_line' id='line_1_54' title="bbox 1946 2498 3546 2572; baseline -0.004 -13"><span class='ocrx_word' id='word_1_394' title='bbox 1946 2503 2032 2560; x_wconf 90' lang='lat' dir='ltr'><strong>his</strong></span> <span class='ocrx_word' id='word_1_395' title='bbox 2080 2503 2372 2570; x_wconf 89' lang='lat' dir='ltr'><strong>mandatis,</strong></span> <span class='ocrx_word' id='word_1_396' title='bbox 2406 2502 2706 2572; x_wconf 82' lang='lat' dir='ltr'><strong>legatorum</strong></span> <span class='ocrx_word' id='word_1_397' title='bbox 2752 2516 2890 2572; x_wconf 90' lang='lat' dir='ltr'><strong>quos</strong></span> <span class='ocrx_word' id='word_1_398' title='bbox 2927 2500 3156 2563; x_wconf 75' lang='lat' dir='ltr'><strong>Romam</strong></span> <span class='ocrx_word' id='word_1_399' title='bbox 3186 2499 3410 2555; x_wconf 87' lang='lat' dir='ltr'><strong>miserat</strong></span> <span class='ocrx_word' id='word_1_400' title='bbox 3436 2498 3546 2568; x_wconf 89' lang='lat' dir='ltr'><strong>epi-</strong></span> 
     </span>
    </p>
   </div>
   <div class='ocr_carea' id='block_1_55' title="bbox 1948 2588 3548 2664">
    <p class='ocr_par' dir='ltr' id='par_1_55' title="bbox 1948 2588 3548 2664">
     <span class='ocr_line' id='line_1_55' title="bbox 1948 2588 3548 2664; baseline -0.003 -14"><span class='ocrx_word' id='word_1_401' title='bbox 1948 2594 2100 2650; x_wconf 78' lang='lat' dir='ltr'><strong>stola:</strong></span> <span class='ocrx_word' id='word_1_402' title='bbox 2127 2600 2252 2648; x_wconf 92' lang='lat' dir='ltr'><strong>sunt</strong></span> <span class='ocrx_word' id='word_1_403' title='bbox 2285 2593 2484 2659; x_wconf 71' lang='lat' dir='ltr'><strong>allatae,</strong></span> <span class='ocrx_word' id='word_1_404' title='bbox 2517 2593 2714 2664; x_wconf 87' lang='lat' dir='ltr'><strong>quibus</strong></span> <span class='ocrx_word' id='word_1_405' title='bbox 2742 2591 3070 2647; x_wconf 85' lang='lat' dir='ltr'><strong>Archelaum</strong></span> <span class='ocrx_word' id='word_1_406' title='bbox 3113 2589 3269 2658; x_wconf 88' lang='lat' dir='ltr'><strong>jussu</strong></span> <span class='ocrx_word' id='word_1_407' title='bbox 3317 2588 3548 2645; x_wconf 62' lang='lat' dir='ltr'><strong>Caesaris</strong></span> 
     </span>
    </p>
   </div>
   <div class='ocr_carea' id='block_1_56' title="bbox 1947 2679 3546 2756">
    <p class='ocr_par' dir='ltr' id='par_1_56' title="bbox 1947 2679 3546 2756">
     <span class='ocr_line' id='line_1_56' title="bbox 1947 2679 3546 2756; baseline -0.004 -16"><span class='ocrx_word' id='word_1_408' title='bbox 1947 2685 2369 2756; x_wconf 90' lang='lat' dir='ltr'><strong>intemperatum</strong></span> <span class='ocrx_word' id='word_1_409' title='bbox 2400 2682 2518 2755; x_wconf 80' lang='lat' dir='ltr'><strong>(sic)</strong></span> <span class='ocrx_word' id='word_1_410' title='bbox 2542 2691 2597 2738; x_wconf 91' lang='lat' dir='ltr'><strong>et</strong></span> <span class='ocrx_word' id='word_1_411' title='bbox 2622 2682 2970 2753; x_wconf 85' lang='lat' dir='ltr'><strong>Antipatrum</strong></span> <span class='ocrx_word' id='word_1_412' title='bbox 3017 2690 3194 2736; x_wconf 89' lang='lat' dir='ltr'><strong>morte</strong></span> <span class='ocrx_word' id='word_1_413' title='bbox 3229 2679 3546 2734; x_wconf 90' lang='lat' dir='ltr'><strong>damnatum</strong></span> 
     </span>
    </p>
   </div>
   <div class='ocr_carea' id='block_1_57' title="bbox 1949 2770 3549 2844">
    <p class='ocr_par' dir='ltr' id='par_1_57' title="bbox 1949 2770 3549 2844">
     <span class='ocr_line' id='line_1_57' title="bbox 1949 2770 3549 2844; baseline -0.001 -12"><span class='ocrx_word' id='word_1_414' title='bbox 1949 2791 2068 2832; x_wconf 90' lang='lat' dir='ltr'><strong>esse</strong></span> <span class='ocrx_word' id='word_1_415' title='bbox 2112 2775 2475 2840; x_wconf 89' lang='lat' dir='ltr'><strong>indicabatur,</strong></span> <span class='ocrx_word' id='word_1_416' title='bbox 2507 2789 2668 2844; x_wconf 90' lang='lat' dir='ltr'><strong>quem</strong></span> <span class='ocrx_word' id='word_1_417' title='bbox 2717 2790 2787 2828; x_wconf 89' lang='lat' dir='ltr'><strong>an</strong></span> <span class='ocrx_word' id='word_1_418' title='bbox 2834 2780 2990 2844; x_wconf 85' lang='lat' dir='ltr'><strong>pater</strong></span> <span class='ocrx_word' id='word_1_419' title='bbox 3030 2772 3086 2826; x_wconf 91' lang='lat' dir='ltr'><strong>in</strong></span> <span class='ocrx_word' id='word_1_420' title='bbox 3125 2771 3378 2827; x_wconf 85' lang='lat' dir='ltr'><strong>exsilium</strong></span> <span class='ocrx_word' id='word_1_421' title='bbox 3416 2770 3549 2830; x_wconf 76' lang='lat' dir='ltr'><strong>dare</strong></span> 
     </span>
    </p>
   </div>
   <div class='ocr_carea' id='block_1_58' title="bbox 1947 2863 3347 2939">
    <p class='ocr_par' dir='ltr' id='par_1_58' title="bbox 1947 2863 3347 2939">
     <span class='ocr_line' id='line_1_58' title="bbox 1947 2863 3347 2939; baseline -0.005 -15"><span class='ocrx_word' id='word_1_422' title='bbox 1947 2868 2166 2935; x_wconf 89' lang='lat' dir='ltr'><strong>mallet,</strong></span> <span class='ocrx_word' id='word_1_423' title='bbox 2198 2869 2252 2924; x_wconf 87' lang='lat' dir='ltr'><strong>id</strong></span> <span class='ocrx_word' id='word_1_424' title='bbox 2279 2867 2593 2939; x_wconf 90' lang='lat' dir='ltr'><strong>permisisse</strong></span> <span class='ocrx_word' id='word_1_425' title='bbox 2624 2865 2894 2921; x_wconf 72' lang='lat' dir='ltr'><strong>Caesarem</strong></span> <span class='ocrx_word' id='word_1_426' title='bbox 2922 2863 3186 2935; x_wconf 89' lang='lat' dir='ltr'><strong>scriptum</strong></span> <span class='ocrx_word' id='word_1_427' title='bbox 3209 2870 3347 2920; x_wconf 86' lang='lat' dir='ltr'><strong>erat.</strong></span> 
     </span>
    </p>
   </div>
   <div class='ocr_carea' id='block_1_59' title="bbox 2020 2957 3546 3030">
    <p class='ocr_par' dir='ltr' id='par_1_59' title="bbox 2020 2957 3546 3030">
     <span class='ocr_line' id='line_1_59' title="bbox 2020 2957 3546 3030; baseline -0.004 -13"><span class='ocrx_word' id='word_1_428' title='bbox 2020 2961 2263 3019; x_wconf 82' lang='lat' dir='ltr'><strong>Herodes</strong></span> <span class='ocrx_word' id='word_1_429' title='bbox 2293 2968 2494 3026; x_wconf 90' lang='lat' dir='ltr'><strong>autem,</strong></span> <span class='ocrx_word' id='word_1_430' title='bbox 2540 2957 2815 3030; x_wconf 89' lang='lat' dir='ltr'><strong>paululum</strong></span> <span class='ocrx_word' id='word_1_431' title='bbox 2861 2959 2966 3013; x_wconf 92' lang='lat' dir='ltr'><strong>hoc</strong></span> <span class='ocrx_word' id='word_1_432' title='bbox 2996 2957 3189 3012; x_wconf 90' lang='lat' dir='ltr'><strong>nuntio</strong></span> <span class='ocrx_word' id='word_1_433' title='bbox 3240 2963 3546 3023; x_wconf 85' lang='lat' dir='ltr'><strong>recreatus,</strong></span> 
     </span>
    </p>
   </div>
   <div class='ocr_carea' id='block_1_60' title="bbox 1948 3050 3546 3126">
    <p class='ocr_par' dir='ltr' id='par_1_60' title="bbox 1948 3050 3546 3126">
     <span class='ocr_line' id='line_1_60' title="bbox 1948 3050 3546 3126; baseline -0.004 -15"><span class='ocrx_word' id='word_1_434' title='bbox 1948 3069 2276 3126; x_wconf 88' lang='lat' dir='ltr'><strong>rursumque</strong></span> <span class='ocrx_word' id='word_1_435' title='bbox 2305 3053 2579 3110; x_wconf 88' lang='lat' dir='ltr'><strong>doloribus</strong></span> <span class='ocrx_word' id='word_1_436' title='bbox 2617 3053 2812 3119; x_wconf 90' lang='lat' dir='ltr'><strong>victus,</strong></span> <span class='ocrx_word' id='word_1_437' title='bbox 2843 3052 3021 3107; x_wconf 88' lang='lat' dir='ltr'><strong>inedia</strong></span> <span class='ocrx_word' id='word_1_438' title='bbox 3051 3060 3106 3106; x_wconf 91' lang='lat' dir='ltr'><strong>et</strong></span> <span class='ocrx_word' id='word_1_439' title='bbox 3132 3050 3308 3106; x_wconf 89' lang='lat' dir='ltr'><strong>morbi</strong></span> <span class='ocrx_word' id='word_1_440' title='bbox 3336 3051 3546 3120; x_wconf 90' lang='lat' dir='ltr'><strong>pariter</strong></span> 
     </span>
    </p>
   </div>
   <div class='ocr_carea' id='block_1_61' title="bbox 1947 3143 3552 3215">
    <p class='ocr_par' dir='ltr' id='par_1_61' title="bbox 1947 3143 3552 3215">
     <span class='ocr_line' id='line_1_61' title="bbox 1947 3143 3552 3215; baseline -0.002 -12"><span class='ocrx_word' id='word_1_441' title='bbox 1947 3147 2203 3204; x_wconf 87' lang='lat' dir='ltr'><strong>violentia</strong></span> <span class='ocrx_word' id='word_1_442' title='bbox 2235 3147 2440 3202; x_wconf 92' lang='lat' dir='ltr'><strong>viribus</strong></span> <span class='ocrx_word' id='word_1_443' title='bbox 2456 3146 2896 3212; x_wconf 88' lang='lat' dir='ltr'><strong>distendebatur;</strong></span> <span class='ocrx_word' id='word_1_444' title='bbox 2927 3145 3115 3215; x_wconf 84' lang='lat' dir='ltr'><strong>sicque</strong></span> <span class='ocrx_word' id='word_1_445' title='bbox 3150 3143 3322 3198; x_wconf 89' lang='lat' dir='ltr'><strong>fatum</strong></span> <span class='ocrx_word' id='word_1_446' title='bbox 3347 3158 3552 3215; x_wconf 66' lang='lat' dir='ltr'><strong>praeve-</strong></span> 
     </span>
    </p>
   </div>
   <div class='ocr_carea' id='block_1_62' title="bbox 257 3228 3542 3312">
    <p class='ocr_par' dir='ltr' id='par_1_62' title="bbox 257 3228 3542 3312">
     <span class='ocr_line' id='line_1_62' title="bbox 257 3228 3542 3312; baseline 0.001 -26"><span class='ocrx_word' id='word_1_447' title='bbox 257 3228 520 3286; x_wconf 88' lang='lat' dir='ltr'><strong>stolorum</strong></span> <span class='ocrx_word' id='word_1_448' title='bbox 570 3231 638 3286; x_wconf 88' lang='lat' dir='ltr'><strong>ab</strong></span> <span class='ocrx_word' id='word_1_449' title='bbox 688 3230 879 3305; x_wconf 73' lang='lat' dir='ltr'><strong>angelo</strong></span> <span class='ocrx_word' id='word_1_450' title='bbox 938 3247 1254 3307; x_wconf 80' lang='lat' dir='ltr'><strong>percussum</strong></span> <span class='ocrx_word' id='word_1_451' title='bbox 1297 3234 1524 3310; x_wconf 81' lang='lat' dir='ltr'><strong>legimus</strong></span> <span class='ocrx_word' id='word_1_452' title='bbox 1553 3236 1694 3312; x_wconf 76' lang='lat' dir='ltr'><strong>(Act.</strong></span> <span class='ocrx_word' id='word_1_453' title='bbox 1725 3236 1844 3311; x_wconf 83' lang='lat' dir='ltr'><strong>xu).</strong></span> <span class='ocrx_word' id='word_1_454' title='bbox 1875 3238 1922 3307; x_wconf 86' lang='lat' dir='ltr'><strong>C</strong></span> <span class='ocrx_word' id='word_1_455' title='bbox 1952 3239 2070 3298; x_wconf 84' lang='lat' dir='ltr'><strong>nire</strong></span> <span class='ocrx_word' id='word_1_456' title='bbox 2099 3247 2325 3297; x_wconf 74' lang='lat' dir='ltr'><strong>certatus</strong></span> <span class='ocrx_word' id='word_1_457' title='bbox 2346 3247 2450 3305; x_wconf 86' lang='lat' dir='ltr'><strong>est,</strong></span> <span class='ocrx_word' id='word_1_458' title='bbox 2464 3247 2787 3310; x_wconf 87' lang='lat' dir='ltr'><strong>sumptoque</strong></span> <span class='ocrx_word' id='word_1_459' title='bbox 2813 3235 2955 3293; x_wconf 90' lang='lat' dir='ltr'><strong>malo</strong></span> <span class='ocrx_word' id='word_1_460' title='bbox 2981 3246 3036 3291; x_wconf 91' lang='lat' dir='ltr'><strong>et</strong></span> <span class='ocrx_word' id='word_1_461' title='bbox 3062 3234 3342 3291; x_wconf 89' lang='lat' dir='ltr'><strong>cultellum</strong></span> <span class='ocrx_word' id='word_1_462' title='bbox 3373 3250 3542 3306; x_wconf 89' lang='lat' dir='ltr'><strong>popo-</strong></span> 
     </span>
    </p>
   </div>
   <div class='ocr_carea' id='block_1_63' title="bbox 257 3325 1856 3402">
    <p class='ocr_par' dir='ltr' id='par_1_63' title="bbox 257 3325 1856 3402">
     <span class='ocr_line' id='line_1_63' title="bbox 257 3325 1856 3402; baseline 0.004 -20"><span class='ocrx_word' id='word_1_463' title='bbox 257 3325 370 3400; x_wconf 83' lang='lat' dir='ltr'><strong>Nec</strong></span> <span class='ocrx_word' id='word_1_464' title='bbox 398 3342 502 3380; x_wconf 91' lang='lat' dir='ltr'><strong>non</strong></span> <span class='ocrx_word' id='word_1_465' title='bbox 540 3327 609 3381; x_wconf 91' lang='lat' dir='ltr'><strong>ad</strong></span> <span class='ocrx_word' id='word_1_466' title='bbox 633 3341 697 3382; x_wconf 90' lang='lat' dir='ltr'><strong>ea</strong></span> <span class='ocrx_word' id='word_1_467' title='bbox 736 3343 855 3398; x_wconf 74' lang='lat' dir='ltr'><strong>quae</strong></span> <span class='ocrx_word' id='word_1_468' title='bbox 877 3343 1040 3398; x_wconf 89' lang='lat' dir='ltr'><strong>supra</strong></span> <span class='ocrx_word' id='word_1_469' title='bbox 1063 3331 1357 3386; x_wconf 84' lang='lat' dir='ltr'><strong>crudeliter</strong></span> <span class='ocrx_word' id='word_1_470' title='bbox 1390 3343 1633 3402; x_wconf 86' lang='lat' dir='ltr'><strong>gesserat</strong></span> <span class='ocrx_word' id='word_1_471' title='bbox 1652 3342 1709 3389; x_wconf 92' lang='lat' dir='ltr'><strong>et</strong></span> <span class='ocrx_word' id='word_1_472' title='bbox 1750 3333 1856 3388; x_wconf 89' lang='lat' dir='ltr'><strong>hoc</strong></span> 
     </span>
    </p>
   </div>
   <div class='ocr_carea' id='block_1_64' title="bbox 257 3418 1854 3494">
    <p class='ocr_par' dir='ltr' id='par_1_64' title="bbox 257 3418 1854 3494">
     <span class='ocr_line' id='line_1_64' title="bbox 257 3418 1854 3494; baseline 0.006 -20"><span class='ocrx_word' id='word_1_473' title='bbox 257 3418 533 3474; x_wconf 88' lang='lat' dir='ltr'><strong>addiditut</strong></span> <span class='ocrx_word' id='word_1_474' title='bbox 545 3421 720 3475; x_wconf 88' lang='lat' dir='ltr'><strong>virum</strong></span> <span class='ocrx_word' id='word_1_475' title='bbox 733 3423 938 3478; x_wconf 90' lang='lat' dir='ltr'><strong>sororis</strong></span> <span class='ocrx_word' id='word_1_476' title='bbox 952 3439 1060 3479; x_wconf 71' lang='lat' dir='ltr'><strong>suae</strong></span> <span class='ocrx_word' id='word_1_477' title='bbox 1074 3423 1288 3481; x_wconf 90' lang='lat' dir='ltr'><strong>Salome</strong></span> <span class='ocrx_word' id='word_1_478' title='bbox 1305 3427 1650 3494; x_wconf 88' lang='lat' dir='ltr'><strong>interﬁceret,</strong></span> <span class='ocrx_word' id='word_1_479' title='bbox 1664 3439 1854 3485; x_wconf 89' lang='lat' dir='ltr'><strong>etcum</strong></span> 
     </span>
    </p>
   </div>
   <div class='ocr_carea' id='block_1_65' title="bbox 260 3511 1853 3587">
    <p class='ocr_par' dir='ltr' id='par_1_65' title="bbox 260 3511 1853 3587">
     <span class='ocr_line' id='line_1_65' title="bbox 260 3511 1853 3587; baseline 0.006 -20"><span class='ocrx_word' id='word_1_480' title='bbox 260 3525 380 3567; x_wconf 90' lang='lat' dir='ltr'><strong>eam</strong></span> <span class='ocrx_word' id='word_1_481' title='bbox 403 3511 494 3566; x_wconf 90' lang='lat' dir='ltr'><strong>alii</strong></span> <span class='ocrx_word' id='word_1_482' title='bbox 526 3513 836 3570; x_wconf 88' lang='lat' dir='ltr'><strong>tradidisset</strong></span> <span class='ocrx_word' id='word_1_483' title='bbox 870 3531 1093 3572; x_wconf 73' lang='lat' dir='ltr'><strong>uxorem</strong></span> <span class='ocrx_word' id='word_1_484' title='bbox 1121 3557 1138 3583; x_wconf 97' lang='lat'><strong>,</strong></span> <span class='ocrx_word' id='word_1_485' title='bbox 1181 3525 1236 3572; x_wconf 90' lang='lat' dir='ltr'><strong>et</strong></span> <span class='ocrx_word' id='word_1_486' title='bbox 1268 3519 1413 3575; x_wconf 90' lang='lat' dir='ltr'><strong>hunc</strong></span> <span class='ocrx_word' id='word_1_487' title='bbox 1438 3521 1683 3587; x_wconf 87' lang='lat' dir='ltr'><strong>necavit;</strong></span> <span class='ocrx_word' id='word_1_488' title='bbox 1717 3523 1853 3577; x_wconf 86' lang='lat' dir='ltr'><strong>scri-</strong></span> 
     </span>
    </p>
   </div>
   <div class='ocr_carea' id='block_1_66' title="bbox 259 3601 1854 3682">
    <p class='ocr_par' dir='ltr' id='par_1_66' title="bbox 259 3601 1854 3682">
     <span class='ocr_line' id='line_1_66' title="bbox 259 3601 1854 3682; baseline 0.008 -25"><span class='ocrx_word' id='word_1_489' title='bbox 259 3601 362 3657; x_wconf 89' lang='lat' dir='ltr'><strong>bas</strong></span> <span class='ocrx_word' id='word_1_490' title='bbox 384 3618 597 3674; x_wconf 89' lang='lat' dir='ltr'><strong>quoque</strong></span> <span class='ocrx_word' id='word_1_491' title='bbox 625 3612 680 3658; x_wconf 90' lang='lat' dir='ltr'><strong>et</strong></span> <span class='ocrx_word' id='word_1_492' title='bbox 705 3605 1028 3678; x_wconf 84' lang='lat' dir='ltr'><strong>interpretes</strong></span> <span class='ocrx_word' id='word_1_493' title='bbox 1069 3607 1265 3666; x_wconf 76' lang='lat' dir='ltr'><strong>divinae</strong></span> <span class='ocrx_word' id='word_1_494' title='bbox 1290 3608 1425 3682; x_wconf 83' lang='lat' dir='ltr'><strong>legis</strong></span> <span class='ocrx_word' id='word_1_495' title='bbox 1453 3609 1619 3666; x_wconf 90' lang='lat' dir='ltr'><strong>simili</strong></span> <span class='ocrx_word' id='word_1_496' title='bbox 1653 3611 1854 3669; x_wconf 88' lang='lat' dir='ltr'><strong>scelere</strong></span> 
     </span>
    </p>
   </div>
   <div class='ocr_carea' id='block_1_67' title="bbox 261 3693 478 3749">
    <p class='ocr_par' dir='ltr' id='par_1_67' title="bbox 261 3693 478 3749">
     <span class='ocr_line' id='line_1_67' title="bbox 261 3693 478 3749; baseline 0 -2"><span class='ocrx_word' id='word_1_497' title='bbox 261 3693 478 3749; x_wconf 82' lang='lat' dir='ltr'><strong>occidit.</strong></span> 
     </span>
    </p>
   </div>
   <div class='ocr_carea' id='block_1_68' title="bbox 331 3803 1850 3883">
    <p class='ocr_par' dir='ltr' id='par_1_68' title="bbox 331 3803 1850 3883">
     <span class='ocr_line' id='line_1_68' title="bbox 331 3803 1850 3883; baseline 0.009 -24"><span class='ocrx_word' id='word_1_498' title='bbox 331 3803 467 3860; x_wconf 90' lang='lat' dir='ltr'><strong>Cum</strong></span> <span class='ocrx_word' id='word_1_499' title='bbox 524 3814 705 3862; x_wconf 89' lang='lat' dir='ltr'><strong>autem</strong></span> <span class='ocrx_word' id='word_1_500' title='bbox 764 3806 966 3866; x_wconf 89' lang='lat' dir='ltr'><strong>Christi</strong></span> <span class='ocrx_word' id='word_1_501' title='bbox 1011 3809 1226 3866; x_wconf 89' lang='lat' dir='ltr'><strong>Domini</strong></span> <span class='ocrx_word' id='word_1_502' title='bbox 1270 3814 1444 3870; x_wconf 88' lang='lat' dir='ltr'><strong>nostri</strong></span> <span class='ocrx_word' id='word_1_503' title='bbox 1492 3815 1850 3883; x_wconf 88' lang='lat' dir='ltr'><strong>nativitatem,</strong></span> 
     </span>
    </p>
   </div>
   <div class='ocr_carea' id='block_1_69' title="bbox 261 3896 1852 3978">
    <p class='ocr_par' dir='ltr' id='par_1_69' title="bbox 261 3896 1852 3978">
     <span class='ocr_line' id='line_1_69' title="bbox 261 3896 1852 3978; baseline 0.01 -29"><span class='ocrx_word' id='word_1_504' title='bbox 261 3896 406 3966; x_wconf 85' lang='lat' dir='ltr'><strong>quod</strong></span> <span class='ocrx_word' id='word_1_505' title='bbox 441 3896 496 3952; x_wconf 90' lang='lat' dir='ltr'><strong>in</strong></span> <span class='ocrx_word' id='word_1_506' title='bbox 525 3912 666 3956; x_wconf 90' lang='lat' dir='ltr'><strong>anno</strong></span> <span class='ocrx_word' id='word_1_507' title='bbox 710 3900 984 3958; x_wconf 90' lang='lat' dir='ltr'><strong>tricesimo</strong></span> <span class='ocrx_word' id='word_1_508' title='bbox 1015 3905 1252 3961; x_wconf 90' lang='lat' dir='ltr'><strong>secundo</strong></span> <span class='ocrx_word' id='word_1_509' title='bbox 1299 3907 1452 3978; x_wconf 85' lang='lat' dir='ltr'><strong>regni</strong></span> <span class='ocrx_word' id='word_1_510' title='bbox 1496 3905 1613 3976; x_wconf 86' lang='lat' dir='ltr'><strong>ejus</strong></span> <span class='ocrx_word' id='word_1_511' title='bbox 1663 3909 1718 3964; x_wconf 89' lang='lat' dir='ltr'><strong>in</strong></span> <span class='ocrx_word' id='word_1_512' title='bbox 1747 3909 1852 3966; x_wconf 90' lang='lat' dir='ltr'><strong>Be-</strong></span> 
     </span>
    </p>
   </div>
   <div class='ocr_carea' id='block_1_70' title="bbox 263 3988 1850 4070">
    <p class='ocr_par' dir='ltr' id='par_1_70' title="bbox 263 3988 1850 4070">
     <span class='ocr_line' id='line_1_70' title="bbox 263 3988 1850 4070; baseline 0.008 -28"><span class='ocrx_word' id='word_1_513' title='bbox 263 3988 499 4044; x_wconf 89' lang='lat' dir='ltr'><strong>thlehem</strong></span> <span class='ocrx_word' id='word_1_514' title='bbox 522 3999 681 4045; x_wconf 89' lang='lat' dir='ltr'><strong>natus</strong></span> <span class='ocrx_word' id='word_1_515' title='bbox 704 4000 823 4058; x_wconf 89' lang='lat' dir='ltr'><strong>est,</strong></span> <span class='ocrx_word' id='word_1_516' title='bbox 853 3994 1235 4065; x_wconf 90' lang='lat' dir='ltr'><strong>magistrorum</strong></span> <span class='ocrx_word' id='word_1_517' title='bbox 1261 3996 1460 4052; x_wconf 89' lang='lat' dir='ltr'><strong>indicio</strong></span> <span class='ocrx_word' id='word_1_518' title='bbox 1486 4000 1850 4070; x_wconf 79' lang='lat' dir='ltr'><strong>cognovisset,</strong></span> 
     </span>
    </p>
   </div>
   <div class='ocr_carea' id='block_1_71' title="bbox 261 4083 1852 4160">
    <p class='ocr_par' dir='ltr' id='par_1_71' title="bbox 261 4083 1852 4160">
     <span class='ocr_line' id='line_1_71' title="bbox 261 4083 1852 4160; baseline 0.006 -24"><span class='ocrx_word' id='word_1_519' title='bbox 261 4083 546 4138; x_wconf 88' lang='lat' dir='ltr'><strong>universos</strong></span> <span class='ocrx_word' id='word_1_520' title='bbox 571 4083 822 4154; x_wconf 90' lang='lat' dir='ltr'><strong>parvulos</strong></span> <span class='ocrx_word' id='word_1_521' title='bbox 842 4085 1004 4156; x_wconf 84' lang='lat' dir='ltr'><strong>jussit</strong></span> <span class='ocrx_word' id='word_1_522' title='bbox 1025 4087 1274 4142; x_wconf 87' lang='lat' dir='ltr'><strong>interﬁci.</strong></span> <span class='ocrx_word' id='word_1_523' title='bbox 1318 4087 1425 4143; x_wconf 88' lang='lat' dir='ltr'><strong>Sed</strong></span> <span class='ocrx_word' id='word_1_524' title='bbox 1449 4099 1734 4160; x_wconf 88' lang='lat' dir='ltr'><strong>postquam</strong></span> <span class='ocrx_word' id='word_1_525' title='bbox 1769 4107 1852 4146; x_wconf 90' lang='lat' dir='ltr'><strong>re-</strong></span> 
     </span>
    </p>
   </div>
   <div class='ocr_carea' id='block_1_72' title="bbox 261 4169 1851 4248">
    <p class='ocr_par' dir='ltr' id='par_1_72' title="bbox 261 4169 1851 4248">
     <span class='ocr_line' id='line_1_72' title="bbox 261 4169 1851 4248; baseline 0.004 -20"><span class='ocrx_word' id='word_1_526' title='bbox 261 4174 353 4245; x_wconf 91' lang='lat' dir='ltr'><strong>gni</strong></span> <span class='ocrx_word' id='word_1_527' title='bbox 379 4175 460 4229; x_wconf 91' lang='lat' dir='ltr'><strong>sui</strong></span> <span class='ocrx_word' id='word_1_528' title='bbox 492 4175 825 4229; x_wconf 89' lang='lat' dir='ltr'><strong>tricesimum</strong></span> <span class='ocrx_word' id='word_1_529' title='bbox 866 4191 1065 4231; x_wconf 89' lang='lat' dir='ltr'><strong>annum</strong></span> <span class='ocrx_word' id='word_1_530' title='bbox 1120 4179 1406 4248; x_wconf 90' lang='lat' dir='ltr'><strong>septimum</strong></span> <span class='ocrx_word' id='word_1_531' title='bbox 1436 4180 1744 4248; x_wconf 80' lang='lat' dir='ltr'><strong>expleverat</strong></span> <span class='ocrx_word' id='word_1_532' title='bbox 1769 4169 1851 4236; x_wconf 87' lang='lat' dir='ltr'><strong>vel</strong></span> 
     </span>
    </p>
   </div>
   <div class='ocr_carea' id='block_1_73' title="bbox 267 4262 1852 4339">
    <p class='ocr_par' dir='ltr' id='par_1_73' title="bbox 267 4262 1852 4339">
     <span class='ocr_line' id='line_1_73' title="bbox 267 4262 1852 4339; baseline 0.004 -20"><span class='ocrx_word' id='word_1_533' title='bbox 267 4262 464 4338; x_wconf 56' lang='lat' dir='ltr'><strong>[aqua]</strong></span> <span class='ocrx_word' id='word_1_534' title='bbox 488 4265 770 4320; x_wconf 88' lang='lat' dir='ltr'><strong>intercutis</strong></span> <span class='ocrx_word' id='word_1_535' title='bbox 792 4265 1000 4329; x_wconf 89' lang='lat' dir='ltr'><strong>morbo,</strong></span> <span class='ocrx_word' id='word_1_536' title='bbox 1032 4275 1089 4322; x_wconf 91' lang='lat' dir='ltr'><strong>et</strong></span> <span class='ocrx_word' id='word_1_537' title='bbox 1120 4269 1453 4324; x_wconf 86' lang='lat' dir='ltr'><strong>scatentibus</strong></span> <span class='ocrx_word' id='word_1_538' title='bbox 1484 4278 1595 4324; x_wconf 89' lang='lat' dir='ltr'><strong>toto</strong></span> <span class='ocrx_word' id='word_1_539' title='bbox 1627 4285 1852 4339; x_wconf 90' lang='lat' dir='ltr'><strong>corpore</strong></span> 
     </span>
    </p>
   </div>
   <div class='ocr_carea' id='block_1_74' title="bbox 261 4357 1854 4428">
    <p class='ocr_par' dir='ltr' id='par_1_74' title="bbox 261 4357 1854 4428">
     <span class='ocr_line' id='line_1_74' title="bbox 261 4357 1854 4428; baseline 0.003 -16"><span class='ocrx_word' id='word_1_540' title='bbox 261 4358 572 4423; x_wconf 88' lang='lat' dir='ltr'><strong>vermibus,</strong></span> <span class='ocrx_word' id='word_1_541' title='bbox 628 4357 1008 4412; x_wconf 88' lang='lat' dir='ltr'><strong>miserabiliter</strong></span> <span class='ocrx_word' id='word_1_542' title='bbox 1075 4359 1232 4428; x_wconf 82' lang='lat' dir='ltr'><strong>digne</strong></span> <span class='ocrx_word' id='word_1_543' title='bbox 1302 4360 1552 4416; x_wconf 88' lang='lat' dir='ltr'><strong>moritur.</strong></span> <span class='ocrx_word' id='word_1_544' title='bbox 1610 4361 1854 4426; x_wconf 75' lang='lat' dir='ltr'><strong>Qualiter</strong></span> 
     </span>
    </p>
   </div>
   <div class='ocr_carea' id='block_1_75' title="bbox 265 4447 1854 4518">
    <p class='ocr_par' dir='ltr' id='par_1_75' title="bbox 265 4447 1854 4518">
     <span class='ocr_line' id='line_1_75' title="bbox 265 4447 1854 4518; baseline 0.002 -14"><span class='ocrx_word' id='word_1_545' title='bbox 265 4457 442 4504; x_wconf 88' lang='lat' dir='ltr'><strong>autem</strong></span> <span class='ocrx_word' id='word_1_546' title='bbox 471 4449 536 4502; x_wconf 89' lang='lat' dir='ltr'><strong>de</strong></span> <span class='ocrx_word' id='word_1_547' title='bbox 583 4447 689 4503; x_wconf 91' lang='lat' dir='ltr'><strong>ﬁne</strong></span> <span class='ocrx_word' id='word_1_548' title='bbox 724 4447 952 4503; x_wconf 81' lang='lat' dir='ltr'><strong>Herodis</strong></span> <span class='ocrx_word' id='word_1_549' title='bbox 981 4447 1250 4518; x_wconf 74' lang='lat' dir='ltr'><strong>Iosephus</strong></span> <span class='ocrx_word' id='word_1_550' title='bbox 1282 4465 1472 4506; x_wconf 90' lang='lat' dir='ltr'><strong>narrat</strong></span> <span class='ocrx_word' id='word_1_551' title='bbox 1513 4468 1618 4506; x_wconf 91' lang='lat' dir='ltr'><strong>non</strong></span> <span class='ocrx_word' id='word_1_552' title='bbox 1673 4453 1854 4509; x_wconf 91' lang='lat' dir='ltr'><strong>incon-</strong></span> 
     </span>
    </p>
   </div>
   <div class='ocr_carea' id='block_1_76' title="bbox 264 4538 1848 4614">
    <p class='ocr_par' dir='ltr' id='par_1_76' title="bbox 264 4538 1848 4614">
     <span class='ocr_line' id='line_1_76' title="bbox 264 4538 1848 4614; baseline 0.003 -19"><span class='ocrx_word' id='word_1_553' title='bbox 264 4554 456 4612; x_wconf 88' lang='lat' dir='ltr'><strong>gruum</strong></span> <span class='ocrx_word' id='word_1_554' title='bbox 480 4538 694 4594; x_wconf 90' lang='lat' dir='ltr'><strong>videtur</strong></span> <span class='ocrx_word' id='word_1_555' title='bbox 749 4540 877 4595; x_wconf 91' lang='lat' dir='ltr'><strong>huic</strong></span> <span class='ocrx_word' id='word_1_556' title='bbox 929 4541 1186 4611; x_wconf 89' lang='lat' dir='ltr'><strong>opusculo</strong></span> <span class='ocrx_word' id='word_1_557' title='bbox 1240 4551 1427 4598; x_wconf 90' lang='lat' dir='ltr'><strong>nostro</strong></span> <span class='ocrx_word' id='word_1_558' title='bbox 1474 4544 1730 4607; x_wconf 88' lang='lat' dir='ltr'><strong>inserere,</strong></span> <span class='ocrx_word' id='word_1_559' title='bbox 1756 4545 1848 4614; x_wconf 93' lang='lat' dir='ltr'><strong>qui</strong></span> 
     </span>
    </p>
   </div>
   <div class='ocr_carea' id='block_1_77' title="bbox 1959 3327 3542 3402">
    <p class='ocr_par' dir='ltr' id='par_1_77' title="bbox 1959 3327 3542 3402">
     <span class='ocr_line' id='line_1_77' title="bbox 1959 3327 3542 3402; baseline -0.006 -10"><span class='ocrx_word' id='word_1_560' title='bbox 1959 3337 2080 3402; x_wconf 88' lang='lat' dir='ltr'><strong>scit,</strong></span> <span class='ocrx_word' id='word_1_561' title='bbox 2098 3344 2303 3392; x_wconf 87' lang='lat' dir='ltr'><strong>sectum</strong></span> <span class='ocrx_word' id='word_1_562' title='bbox 2327 3334 2472 3388; x_wconf 90' lang='lat' dir='ltr'><strong>enim</strong></span> <span class='ocrx_word' id='word_1_563' title='bbox 2495 3333 2780 3388; x_wconf 89' lang='lat' dir='ltr'><strong>comedere</strong></span> <span class='ocrx_word' id='word_1_564' title='bbox 2803 3337 3181 3387; x_wconf 88' lang='lat' dir='ltr'><strong>consueverat.</strong></span> <span class='ocrx_word' id='word_1_565' title='bbox 3210 3327 3415 3385; x_wconf 88' lang='lat' dir='ltr'><strong>Deinde</strong></span> <span class='ocrx_word' id='word_1_566' title='bbox 3437 3327 3542 3383; x_wconf 92' lang='lat' dir='ltr'><strong>cir-</strong></span> 
     </span>
    </p>
   </div>
   <div class='ocr_carea' id='block_1_78' title="bbox 1957 3424 3549 3498">
    <p class='ocr_par' dir='ltr' id='par_1_78' title="bbox 1957 3424 3549 3498">
     <span class='ocr_line' id='line_1_78' title="bbox 1957 3424 3549 3498; baseline -0.004 -14"><span class='ocrx_word' id='word_1_567' title='bbox 1957 3436 2269 3498; x_wconf 89' lang='lat' dir='ltr'><strong>cumspecto</strong></span> <span class='ocrx_word' id='word_1_568' title='bbox 2296 3441 2364 3481; x_wconf 92' lang='lat' dir='ltr'><strong>ne</strong></span> <span class='ocrx_word' id='word_1_569' title='bbox 2388 3427 2510 3498; x_wconf 90' lang='lat' dir='ltr'><strong>quis</strong></span> <span class='ocrx_word' id='word_1_570' title='bbox 2533 3426 2737 3481; x_wconf 89' lang='lat' dir='ltr'><strong>arbiter</strong></span> <span class='ocrx_word' id='word_1_571' title='bbox 2752 3424 3062 3496; x_wconf 89' lang='lat' dir='ltr'><strong>impediret.</strong></span> <span class='ocrx_word' id='word_1_572' title='bbox 3078 3434 3337 3493; x_wconf 89' lang='lat' dir='ltr'><strong>tanquam</strong></span> <span class='ocrx_word' id='word_1_573' title='bbox 3355 3438 3414 3480; x_wconf 90' lang='lat' dir='ltr'><strong>se</strong></span> <span class='ocrx_word' id='word_1_574' title='bbox 3429 3437 3549 3493; x_wconf 86' lang='lat' dir='ltr'><strong>per-</strong></span> 
     </span>
    </p>
   </div>
   <div class='ocr_carea' id='block_1_79' title="bbox 1955 3515 3553 3576">
    <p class='ocr_par' dir='ltr' id='par_1_79' title="bbox 1955 3515 3553 3576">
     <span class='ocr_line' id='line_1_79' title="bbox 1955 3515 3553 3576; baseline -0.003 0"><span class='ocrx_word' id='word_1_575' title='bbox 1955 3533 2214 3576; x_wconf 90' lang='lat' dir='ltr'><strong>cussurus</strong></span> <span class='ocrx_word' id='word_1_576' title='bbox 2231 3520 2507 3575; x_wconf 81' lang='lat' dir='ltr'><strong>dexteram</strong></span> <span class='ocrx_word' id='word_1_577' title='bbox 2533 3517 2774 3574; x_wconf 87' lang='lat' dir='ltr'><strong>sustulit.</strong></span> <span class='ocrx_word' id='word_1_578' title='bbox 2791 3515 2927 3572; x_wconf 90' lang='lat' dir='ltr'><strong>Cum</strong></span> <span class='ocrx_word' id='word_1_579' title='bbox 2951 3531 3082 3572; x_wconf 90' lang='lat' dir='ltr'><strong>vero</strong></span> <span class='ocrx_word' id='word_1_580' title='bbox 3108 3517 3316 3571; x_wconf 89' lang='lat' dir='ltr'><strong>Aciabu</strong></span> <span class='ocrx_word' id='word_1_581' title='bbox 3355 3529 3553 3572; x_wconf 81' lang='lat' dir='ltr'><strong>conso-</strong></span> 
     </span>
    </p>
   </div>
   <div class='ocr_carea' id='block_1_80' title="bbox 1955 3611 3551 3687">
    <p class='ocr_par' dir='ltr' id='par_1_80' title="bbox 1955 3611 3551 3687">
     <span class='ocr_line' id='line_1_80' title="bbox 1955 3611 3551 3687; baseline -0.004 -15"><span class='ocrx_word' id='word_1_582' title='bbox 1955 3617 2146 3672; x_wconf 91' lang='lat' dir='ltr'><strong>brinus</strong></span> <span class='ocrx_word' id='word_1_583' title='bbox 2157 3616 2274 3687; x_wconf 92' lang='lat' dir='ltr'><strong>ejus</strong></span> <span class='ocrx_word' id='word_1_584' title='bbox 2299 3613 2628 3671; x_wconf 91' lang='lat' dir='ltr'><strong>accurrisset</strong></span> <span class='ocrx_word' id='word_1_585' title='bbox 2647 3622 2704 3670; x_wconf 91' lang='lat' dir='ltr'><strong>et</strong></span> <span class='ocrx_word' id='word_1_586' title='bbox 2726 3629 2946 3669; x_wconf 91' lang='lat' dir='ltr'><strong>manum</strong></span> <span class='ocrx_word' id='word_1_587' title='bbox 2971 3612 3356 3679; x_wconf 81' lang='lat' dir='ltr'><strong>continuisset,</strong></span> <span class='ocrx_word' id='word_1_588' title='bbox 3375 3611 3551 3666; x_wconf 90' lang='lat' dir='ltr'><strong>ulula-</strong></span> 
     </span>
    </p>
   </div>
   <div class='ocr_carea' id='block_1_81' title="bbox 1957 3705 3554 3780">
    <p class='ocr_par' dir='ltr' id='par_1_81' title="bbox 1957 3705 3554 3780">
     <span class='ocr_line' id='line_1_81' title="bbox 1957 3705 3554 3780; baseline -0.002 -16"><span class='ocrx_word' id='word_1_589' title='bbox 1957 3717 2045 3766; x_wconf 92' lang='lat' dir='ltr'><strong>tus</strong></span> <span class='ocrx_word' id='word_1_590' title='bbox 2059 3709 2328 3765; x_wconf 85' lang='lat' dir='ltr'><strong>maximns</strong></span> <span class='ocrx_word' id='word_1_591' title='bbox 2343 3709 2398 3763; x_wconf 92' lang='lat' dir='ltr'><strong>in</strong></span> <span class='ocrx_word' id='word_1_592' title='bbox 2413 3709 2557 3780; x_wconf 87' lang='lat' dir='ltr'><strong>regia</strong></span> <span class='ocrx_word' id='word_1_593' title='bbox 2572 3707 2756 3763; x_wconf 91' lang='lat' dir='ltr'><strong>statim</strong></span> <span class='ocrx_word' id='word_1_594' title='bbox 2770 3715 2994 3764; x_wconf 78' lang='lat' dir='ltr'><strong>exortus</strong></span> <span class='ocrx_word' id='word_1_595' title='bbox 3007 3705 3274 3777; x_wconf 89' lang='lat' dir='ltr'><strong>est,quasi</strong></span> <span class='ocrx_word' id='word_1_596' title='bbox 3292 3721 3386 3762; x_wconf 86' lang='lat' dir='ltr'><strong>rex</strong></span> <span class='ocrx_word' id='word_1_597' title='bbox 3407 3714 3554 3762; x_wconf 89' lang='lat' dir='ltr'><strong>esset</strong></span> 
     </span>
    </p>
   </div>
   <div class='ocr_carea' id='block_1_82' title="bbox 1957 3797 3553 3872">
    <p class='ocr_par' dir='ltr' id='par_1_82' title="bbox 1957 3797 3553 3872">
     <span class='ocr_line' id='line_1_82' title="bbox 1957 3797 3553 3872; baseline -0.003 -16"><span class='ocrx_word' id='word_1_598' title='bbox 1957 3812 2234 3869; x_wconf 91' lang='lat' dir='ltr'><strong>mortuus;</strong></span> <span class='ocrx_word' id='word_1_599' title='bbox 2260 3802 2529 3857; x_wconf 86' lang='lat' dir='ltr'><strong>excitatus</strong></span> <span class='ocrx_word' id='word_1_600' title='bbox 2550 3809 2636 3856; x_wconf 91' lang='lat' dir='ltr'><strong>est</strong></span> <span class='ocrx_word' id='word_1_601' title='bbox 2661 3815 2834 3872; x_wconf 90' lang='lat' dir='ltr'><strong>eoque</strong></span> <span class='ocrx_word' id='word_1_602' title='bbox 2859 3814 3091 3871; x_wconf 87' lang='lat' dir='ltr'><strong>propere</strong></span> <span class='ocrx_word' id='word_1_603' title='bbox 3120 3797 3309 3853; x_wconf 88' lang='lat' dir='ltr'><strong>audito</strong></span> <span class='ocrx_word' id='word_1_604' title='bbox 3324 3797 3553 3868; x_wconf 86' lang='lat' dir='ltr'><strong>Antipa-</strong></span> 
     </span>
    </p>
   </div>
   <div class='ocr_carea' id='block_1_83' title="bbox 1955 3890 3554 3967">
    <p class='ocr_par' dir='ltr' id='par_1_83' title="bbox 1955 3890 3554 3967">
     <span class='ocr_line' id='line_1_83' title="bbox 1955 3890 3554 3967; baseline -0.004 -15"><span class='ocrx_word' id='word_1_605' title='bbox 1955 3906 2061 3962; x_wconf 88' lang='lat' dir='ltr'><strong>ter,</strong></span> <span class='ocrx_word' id='word_1_606' title='bbox 2076 3895 2328 3951; x_wconf 88' lang='lat' dir='ltr'><strong>ﬁduciam</strong></span> <span class='ocrx_word' id='word_1_607' title='bbox 2342 3895 2564 3967; x_wconf 90' lang='lat' dir='ltr'><strong>reperit,</strong></span> <span class='ocrx_word' id='word_1_608' title='bbox 2581 3895 2844 3965; x_wconf 66' lang='lat' dir='ltr'><strong>laetusque</strong></span> <span class='ocrx_word' id='word_1_609' title='bbox 2859 3893 2974 3965; x_wconf 91' lang='lat' dir='ltr'><strong>jam</strong></span> <span class='ocrx_word' id='word_1_610' title='bbox 2997 3892 3268 3954; x_wconf 85' lang='lat' dir='ltr'><strong>custodes,</strong></span> <span class='ocrx_word' id='word_1_611' title='bbox 3287 3890 3554 3962; x_wconf 87' lang='lat' dir='ltr'><strong>promissa</strong></span> 
     </span>
    </p>
   </div>
   <div class='ocr_carea' id='block_1_84' title="bbox 1955 3983 3555 4058">
    <p class='ocr_par' dir='ltr' id='par_1_84' title="bbox 1955 3983 3555 4058">
     <span class='ocr_line' id='line_1_84' title="bbox 1955 3983 3555 4058; baseline -0.003 -18"><span class='ocrx_word' id='word_1_612' title='bbox 1955 3987 2116 4040; x_wconf 90' lang='lat' dir='ltr'><strong>etiam</strong></span> <span class='ocrx_word' id='word_1_613' title='bbox 2143 3986 2396 4056; x_wconf 90' lang='lat' dir='ltr'><strong>pecunia,</strong></span> <span class='ocrx_word' id='word_1_614' title='bbox 2429 3985 2654 4058; x_wconf 85' lang='lat' dir='ltr'><strong>rogabat</strong></span> <span class='ocrx_word' id='word_1_615' title='bbox 2684 3993 2745 4040; x_wconf 91' lang='lat' dir='ltr'><strong>ut</strong></span> <span class='ocrx_word' id='word_1_616' title='bbox 2783 4000 2842 4040; x_wconf 91' lang='lat' dir='ltr'><strong>se</strong></span> <span class='ocrx_word' id='word_1_617' title='bbox 2872 3983 3144 4040; x_wconf 87' lang='lat' dir='ltr'><strong>solverent</strong></span> <span class='ocrx_word' id='word_1_618' title='bbox 3172 3991 3334 4054; x_wconf 90' lang='lat' dir='ltr'><strong>atque</strong></span> <span class='ocrx_word' id='word_1_619' title='bbox 3371 3983 3555 4037; x_wconf 86' lang='lat' dir='ltr'><strong>dimit-</strong></span> 
     </span>
    </p>
   </div>
   <div class='ocr_carea' id='block_1_85' title="bbox 1956 4074 3558 4148">
    <p class='ocr_par' dir='ltr' id='par_1_85' title="bbox 1956 4074 3558 4148">
     <span class='ocr_line' id='line_1_85' title="bbox 1956 4074 3558 4148; baseline -0.001 -16"><span class='ocrx_word' id='word_1_620' title='bbox 1956 4087 2155 4144; x_wconf 89' lang='lat' dir='ltr'><strong>terent,</strong></span> <span class='ocrx_word' id='word_1_621' title='bbox 2187 4079 2332 4148; x_wconf 90' lang='lat' dir='ltr'><strong>quod</strong></span> <span class='ocrx_word' id='word_1_622' title='bbox 2383 4093 2570 4133; x_wconf 90' lang='lat' dir='ltr'><strong>eorum</strong></span> <span class='ocrx_word' id='word_1_623' title='bbox 2621 4078 2872 4148; x_wconf 89' lang='lat' dir='ltr'><strong>princeps</strong></span> <span class='ocrx_word' id='word_1_624' title='bbox 2919 4092 3026 4131; x_wconf 90' lang='lat' dir='ltr'><strong>non</strong></span> <span class='ocrx_word' id='word_1_625' title='bbox 3072 4075 3246 4130; x_wconf 89' lang='lat' dir='ltr'><strong>solum</strong></span> <span class='ocrx_word' id='word_1_626' title='bbox 3299 4089 3368 4131; x_wconf 88' lang='lat' dir='ltr'><strong>ne</strong></span> <span class='ocrx_word' id='word_1_627' title='bbox 3399 4074 3558 4131; x_wconf 88' lang='lat' dir='ltr'><strong>ﬁeret</strong></span> 
     </span>
    </p>
   </div>
   <div class='ocr_carea' id='block_1_86' title="bbox 1954 4167 3553 4240">
    <p class='ocr_par' dir='ltr' id='par_1_86' title="bbox 1954 4167 3553 4240">
     <span class='ocr_line' id='line_1_86' title="bbox 1954 4167 3553 4240; baseline 0.001 -18"><span class='ocrx_word' id='word_1_628' title='bbox 1954 4169 2184 4232; x_wconf 90' lang='lat' dir='ltr'><strong>obstitit,</strong></span> <span class='ocrx_word' id='word_1_629' title='bbox 2214 4169 2306 4223; x_wconf 88' lang='lat' dir='ltr'><strong>sed</strong></span> <span class='ocrx_word' id='word_1_630' title='bbox 2355 4177 2411 4223; x_wconf 91' lang='lat' dir='ltr'><strong>et</strong></span> <span class='ocrx_word' id='word_1_631' title='bbox 2451 4169 2563 4240; x_wconf 89' lang='lat' dir='ltr'><strong>regi</strong></span> <span class='ocrx_word' id='word_1_632' title='bbox 2590 4168 2848 4224; x_wconf 87' lang='lat' dir='ltr'><strong>velociter</strong></span> <span class='ocrx_word' id='word_1_633' title='bbox 2887 4168 3154 4223; x_wconf 89' lang='lat' dir='ltr'><strong>nuntiavit</strong></span> <span class='ocrx_word' id='word_1_634' title='bbox 3186 4183 3200 4222; x_wconf 90' lang='lat'><strong>:</strong></span> <span class='ocrx_word' id='word_1_635' title='bbox 3230 4167 3319 4223; x_wconf 92' lang='lat' dir='ltr'><strong>ille</strong></span> <span class='ocrx_word' id='word_1_636' title='bbox 3349 4176 3553 4235; x_wconf 89' lang='lat' dir='ltr'><strong>autem,</strong></span> 
     </span>
    </p>
   </div>
   <div class='ocr_carea' id='block_1_87' title="bbox 1955 4256 3552 4330">
    <p class='ocr_par' dir='ltr' id='par_1_87' title="bbox 1955 4256 3552 4330">
     <span class='ocr_line' id='line_1_87' title="bbox 1955 4256 3552 4330; baseline 0.002 -19"><span class='ocrx_word' id='word_1_637' title='bbox 1955 4256 2150 4312; x_wconf 90' lang='lat' dir='ltr'><strong>fortius</strong></span> <span class='ocrx_word' id='word_1_638' title='bbox 2193 4257 2510 4313; x_wconf 79' lang='lat' dir='ltr'><strong>exclamans</strong></span> <span class='ocrx_word' id='word_1_639' title='bbox 2557 4275 2718 4327; x_wconf 89' lang='lat' dir='ltr'><strong>quam</strong></span> <span class='ocrx_word' id='word_1_640' title='bbox 2746 4259 2893 4313; x_wconf 91' lang='lat' dir='ltr'><strong>vires</strong></span> <span class='ocrx_word' id='word_1_641' title='bbox 2936 4260 3249 4330; x_wconf 65' lang='lat' dir='ltr'><strong>aegrotantis</strong></span> <span class='ocrx_word' id='word_1_642' title='bbox 3279 4259 3552 4326; x_wconf 90' lang='lat' dir='ltr'><strong>valebant,</strong></span> 
     </span>
    </p>
   </div>
   <div class='ocr_carea' id='block_1_88' title="bbox 1955 4350 3558 4422">
    <p class='ocr_par' dir='ltr' id='par_1_88' title="bbox 1955 4350 3558 4422">
     <span class='ocr_line' id='line_1_88' title="bbox 1955 4350 3558 4422; baseline 0.004 -18"><span class='ocrx_word' id='word_1_643' title='bbox 1955 4350 2232 4414; x_wconf 90' lang='lat' dir='ltr'><strong>continuo,</strong></span> <span class='ocrx_word' id='word_1_644' title='bbox 2275 4350 2596 4405; x_wconf 88' lang='lat' dir='ltr'><strong>satellitibus</strong></span> <span class='ocrx_word' id='word_1_645' title='bbox 2645 4351 2848 4416; x_wconf 89' lang='lat' dir='ltr'><strong>missis,</strong></span> <span class='ocrx_word' id='word_1_646' title='bbox 2893 4352 3091 4406; x_wconf 88' lang='lat' dir='ltr'><strong>occidit</strong></span> <span class='ocrx_word' id='word_1_647' title='bbox 3128 4351 3473 4422; x_wconf 87' lang='lat' dir='ltr'><strong>Antipatrum</strong></span> <span class='ocrx_word' id='word_1_648' title='bbox 3501 4363 3558 4411; x_wconf 89' lang='lat' dir='ltr'><strong>et</strong></span> 
     </span>
    </p>
   </div>
   <div class='ocr_carea' id='block_1_89' title="bbox 1955 4439 3554 4513">
    <p class='ocr_par' dir='ltr' id='par_1_89' title="bbox 1955 4439 3554 4513">
     <span class='ocr_line' id='line_1_89' title="bbox 1955 4439 3554 4513; baseline 0.004 -18"><span class='ocrx_word' id='word_1_649' title='bbox 1955 4442 2009 4495; x_wconf 94' lang='lat' dir='ltr'><strong>in</strong></span> <span class='ocrx_word' id='word_1_650' title='bbox 2040 4439 2297 4497; x_wconf 85' lang='lat' dir='ltr'><strong>Ilircanio</strong></span> <span class='ocrx_word' id='word_1_651' title='bbox 2343 4441 2459 4496; x_wconf 88' lang='lat' dir='ltr'><strong>sine</strong></span> <span class='ocrx_word' id='word_1_652' title='bbox 2495 4441 2601 4497; x_wconf 92' lang='lat' dir='ltr'><strong>ullo</strong></span> <span class='ocrx_word' id='word_1_653' title='bbox 2647 4443 2854 4497; x_wconf 90' lang='lat' dir='ltr'><strong>honore</strong></span> <span class='ocrx_word' id='word_1_654' title='bbox 2887 4441 3102 4513; x_wconf 90' lang='lat' dir='ltr'><strong>sepeliri</strong></span> <span class='ocrx_word' id='word_1_655' title='bbox 3139 4443 3322 4511; x_wconf 88' lang='lat' dir='ltr'><strong>jussit.</strong></span> <span class='ocrx_word' id='word_1_656' title='bbox 3352 4444 3554 4501; x_wconf 86' lang='lat' dir='ltr'><strong>Deinde</strong></span> 
     </span>
    </p>
   </div>
   <div class='ocr_carea' id='block_1_90' title="bbox 1955 4536 3555 4608">
    <p class='ocr_par' dir='ltr' id='par_1_90' title="bbox 1955 4536 3555 4608">
     <span class='ocr_line' id='line_1_90' title="bbox 1955 4536 3555 4608; baseline 0.001 -18"><span class='ocrx_word' id='word_1_657' title='bbox 1955 4551 2172 4590; x_wconf 89' lang='lat' dir='ltr'><strong>rursum</strong></span> <span class='ocrx_word' id='word_1_658' title='bbox 2206 4536 2428 4607; x_wconf 89' lang='lat' dir='ltr'><strong>corrigit</strong></span> <span class='ocrx_word' id='word_1_659' title='bbox 2479 4543 2859 4591; x_wconf 88' lang='lat' dir='ltr'><strong>testamentum</strong></span> <span class='ocrx_word' id='word_1_660' title='bbox 2908 4544 2962 4591; x_wconf 89' lang='lat' dir='ltr'><strong>et</strong></span> <span class='ocrx_word' id='word_1_661' title='bbox 3007 4552 3381 4592; x_wconf 88' lang='lat' dir='ltr'><strong>successorem</strong></span> <span class='ocrx_word' id='word_1_662' title='bbox 3429 4538 3555 4608; x_wconf 88' lang='lat' dir='ltr'><strong>qui-</strong></span> 
     </span>
    </p>
   </div>
   <div class='ocr_carea' id='block_1_91' title="bbox 263 4605 1849 4707">
    <p class='ocr_par' dir='ltr' id='par_1_91' title="bbox 263 4605 1849 4707">
     <span class='ocr_line' id='line_1_91' title="bbox 263 4605 1849 4707; baseline 0.003 -19"><span class='ocrx_word' id='word_1_663' title='bbox 263 4605 368 4688; x_wconf 78' lang='lat' dir='ltr'><strong>hoc</strong></span> <span class='ocrx_word' id='word_1_664' title='bbox 391 4632 550 4688; x_wconf 90' lang='lat' dir='ltr'><strong>modo</strong></span> <span class='ocrx_word' id='word_1_665' title='bbox 573 4631 741 4687; x_wconf 82' lang='lat' dir='ltr'><strong>refert</strong></span> <span class='ocrx_word' id='word_1_666' title='bbox 764 4605 980 4704; x_wconf 68' lang='lat' dir='ltr'><strong>(Antin</strong></span> <span class='ocrx_word' id='word_1_667' title='bbox 999 4633 1092 4688; x_wconf 82' lang='lat' dir='ltr'><strong>lib.</strong></span> <span class='ocrx_word' id='word_1_668' title='bbox 1112 4650 1244 4701; x_wconf 80' lang='lat' dir='ltr'><strong>xvu,</strong></span> <span class='ocrx_word' id='word_1_669' title='bbox 1263 4651 1380 4705; x_wconf 85' lang='lat' dir='ltr'><strong>cap.</strong></span> <span class='ocrx_word' id='word_1_670' title='bbox 1411 4635 1486 4707; x_wconf 86' lang='lat'><strong>9).</strong></span> <span class='ocrx_word' id='word_1_671' title='bbox 1516 4633 1651 4690; x_wconf 84' lang='lat' dir='ltr'><strong>Nam</strong></span> <span class='ocrx_word' id='word_1_672' title='bbox 1682 4605 1849 4692; x_wconf 56' lang='lat' dir='ltr'><strong>rebus</strong></span> 
     </span>
    </p>
   </div>
   <div class='ocr_carea' id='block_1_92' title="bbox 1953 4605 3552 4707">
    <p class='ocr_par' dir='ltr' id='par_1_92' title="bbox 1956 4605 3552 4699">
     <span class='ocr_line' id='line_1_92' title="bbox 1956 4605 3552 4699; baseline 0.001 -17"><span class='ocrx_word' id='word_1_673' title='bbox 1956 4627 2078 4682; x_wconf 90' lang='lat' dir='ltr'><strong>dem</strong></span> <span class='ocrx_word' id='word_1_674' title='bbox 2112 4605 2459 4693; x_wconf 81' lang='lat' dir='ltr'><strong>Archelaum,</strong></span> <span class='ocrx_word' id='word_1_675' title='bbox 2494 4635 2626 4681; x_wconf 88' lang='lat' dir='ltr'><strong>natu</strong></span> <span class='ocrx_word' id='word_1_676' title='bbox 2657 4627 2953 4682; x_wconf 90' lang='lat' dir='ltr'><strong>maximum</strong></span> <span class='ocrx_word' id='word_1_677' title='bbox 2981 4627 3283 4699; x_wconf 86' lang='lat' dir='ltr'><strong>Antipatris</strong></span> <span class='ocrx_word' id='word_1_678' title='bbox 3309 4605 3552 4696; x_wconf 77' lang='lat' dir='ltr'><strong>fratrem,</strong></span> 
     </span>
    </p>
   </div>
   <div class='ocr_carea' id='block_1_93' title="bbox 265 4722 1854 4797">
    <p class='ocr_par' dir='ltr' id='par_1_93' title="bbox 265 4722 1854 4797">
     <span class='ocr_line' id='line_1_93' title="bbox 265 4722 1854 4797; baseline 0.003 -20"><span class='ocrx_word' id='word_1_679' title='bbox 265 4722 481 4793; x_wconf 91' lang='lat' dir='ltr'><strong>quidem</strong></span> <span class='ocrx_word' id='word_1_680' title='bbox 511 4737 616 4776; x_wconf 89' lang='lat' dir='ltr'><strong>non</strong></span> <span class='ocrx_word' id='word_1_681' title='bbox 648 4723 937 4778; x_wconf 90' lang='lat' dir='ltr'><strong>mediocris</strong></span> <span class='ocrx_word' id='word_1_682' title='bbox 972 4733 1123 4790; x_wconf 90' lang='lat' dir='ltr'><strong>erat,</strong></span> <span class='ocrx_word' id='word_1_683' title='bbox 1174 4725 1397 4797; x_wconf 86' lang='lat' dir='ltr'><strong>prurigo</strong></span> <span class='ocrx_word' id='word_1_684' title='bbox 1435 4735 1618 4782; x_wconf 87' lang='lat' dir='ltr'><strong>autem</strong></span> <span class='ocrx_word' id='word_1_685' title='bbox 1660 4727 1854 4782; x_wconf 87' lang='lat' dir='ltr'><strong>intole-</strong></span> 
     </span>
    </p>
   </div>
   <div class='ocr_carea' id='block_1_94' title="bbox 264 4815 1855 4889">
    <p class='ocr_par' dir='ltr' id='par_1_94' title="bbox 264 4815 1855 4889">
     <span class='ocr_line' id='line_1_94' title="bbox 264 4815 1855 4889; baseline 0.001 -15"><span class='ocrx_word' id='word_1_686' title='bbox 264 4815 450 4874; x_wconf 80' lang='lat' dir='ltr'><strong>rabilis</strong></span> <span class='ocrx_word' id='word_1_687' title='bbox 473 4818 705 4873; x_wconf 88' lang='lat' dir='ltr'><strong>habebat</strong></span> <span class='ocrx_word' id='word_1_688' title='bbox 725 4834 939 4873; x_wconf 91' lang='lat' dir='ltr'><strong>omnem</strong></span> <span class='ocrx_word' id='word_1_689' title='bbox 962 4820 1205 4889; x_wconf 92' lang='lat' dir='ltr'><strong>corporis</strong></span> <span class='ocrx_word' id='word_1_690' title='bbox 1234 4819 1596 4889; x_wconf 89' lang='lat' dir='ltr'><strong>superficiem,</strong></span> <span class='ocrx_word' id='word_1_691' title='bbox 1625 4821 1855 4876; x_wconf 87' lang='lat' dir='ltr'><strong>assiduis</strong></span> 
     </span>
    </p>
   </div>
   <div class='ocr_carea' id='block_1_95' title="bbox 264 4910 1854 4983">
    <p class='ocr_par' dir='ltr' id='par_1_95' title="bbox 264 4910 1854 4983">
     <span class='ocr_line' id='line_1_95' title="bbox 264 4910 1854 4983; baseline 0.001 -17"><span class='ocrx_word' id='word_1_692' title='bbox 264 4918 445 4966; x_wconf 86' lang='lat' dir='ltr'><strong>autem</strong></span> <span class='ocrx_word' id='word_1_693' title='bbox 472 4910 768 4965; x_wconf 62' lang='lat' dir='ltr'><strong>vexabatur</strong></span> <span class='ocrx_word' id='word_1_694' title='bbox 797 4910 919 4966; x_wconf 89' lang='lat' dir='ltr'><strong>colli</strong></span> <span class='ocrx_word' id='word_1_695' title='bbox 962 4913 1270 4977; x_wconf 88' lang='lat' dir='ltr'><strong>tormentis,</strong></span> <span class='ocrx_word' id='word_1_696' title='bbox 1301 4913 1572 4983; x_wconf 88' lang='lat' dir='ltr'><strong>pedesque</strong></span> <span class='ocrx_word' id='word_1_697' title='bbox 1599 4924 1854 4982; x_wconf 89' lang='lat' dir='ltr'><strong>tanquam</strong></span> 
     </span>
    </p>
   </div>
   <div class='ocr_carea' id='block_1_96' title="bbox 265 5003 1857 5077">
    <p class='ocr_par' dir='ltr' id='par_1_96' title="bbox 265 5003 1857 5077">
     <span class='ocr_line' id='line_1_96' title="bbox 265 5003 1857 5077; baseline 0.002 -19"><span class='ocrx_word' id='word_1_698' title='bbox 265 5017 331 5058; x_wconf 88' lang='lat' dir='ltr'><strong>ex</strong></span> <span class='ocrx_word' id='word_1_699' title='bbox 364 5003 645 5060; x_wconf 89' lang='lat' dir='ltr'><strong>intercutis</strong></span> <span class='ocrx_word' id='word_1_700' title='bbox 688 5021 842 5075; x_wconf 59' lang='lat' dir='ltr'><strong>aqua:</strong></span> <span class='ocrx_word' id='word_1_701' title='bbox 867 5006 997 5060; x_wconf 90' lang='lat' dir='ltr'><strong>vitio</strong></span> <span class='ocrx_word' id='word_1_702' title='bbox 1047 5015 1372 5071; x_wconf 87' lang='lat' dir='ltr'><strong>tumueraut,</strong></span> <span class='ocrx_word' id='word_1_703' title='bbox 1400 5008 1653 5077; x_wconf 89' lang='lat' dir='ltr'><strong>quoniam</strong></span> <span class='ocrx_word' id='word_1_704' title='bbox 1695 5016 1752 5062; x_wconf 92' lang='lat' dir='ltr'><strong>et</strong></span> <span class='ocrx_word' id='word_1_705' title='bbox 1775 5008 1857 5061; x_wconf 90' lang='lat' dir='ltr'><strong>in-</strong></span> 
     </span>
    </p>
   </div>
   <div class='ocr_carea' id='block_1_97' title="bbox 265 5094 1856 5169">
    <p class='ocr_par' dir='ltr' id='par_1_97' title="bbox 265 5094 1856 5169">
     <span class='ocr_line' id='line_1_97' title="bbox 265 5094 1856 5169; baseline 0.004 -21"><span class='ocrx_word' id='word_1_706' title='bbox 265 5094 412 5151; x_wconf 83' lang='lat' dir='ltr'><strong>flatio</strong></span> <span class='ocrx_word' id='word_1_707' title='bbox 440 5098 726 5152; x_wconf 89' lang='lat' dir='ltr'><strong>ventriculi</strong></span> <span class='ocrx_word' id='word_1_708' title='bbox 761 5100 1097 5169; x_wconf 87' lang='lat' dir='ltr'><strong>putredoque</strong></span> <span class='ocrx_word' id='word_1_709' title='bbox 1133 5099 1510 5154; x_wconf 87' lang='lat' dir='ltr'><strong>testiculorum</strong></span> <span class='ocrx_word' id='word_1_710' title='bbox 1531 5099 1856 5154; x_wconf 89' lang='lat' dir='ltr'><strong>vermiculos</strong></span> 
     </span>
    </p>
   </div>
   <div class='ocr_carea' id='block_1_98' title="bbox 268 5189 1855 5260">
    <p class='ocr_par' dir='ltr' id='par_1_98' title="bbox 268 5189 1855 5260">
     <span class='ocr_line' id='line_1_98' title="bbox 268 5189 1855 5260; baseline 0.001 -18"><span class='ocrx_word' id='word_1_711' title='bbox 268 5189 577 5259; x_wconf 91' lang='lat' dir='ltr'><strong>generabat,</strong></span> <span class='ocrx_word' id='word_1_712' title='bbox 593 5205 657 5245; x_wconf 89' lang='lat' dir='ltr'><strong>ac</strong></span> <span class='ocrx_word' id='word_1_713' title='bbox 686 5200 945 5260; x_wconf 79' lang='lat' dir='ltr'><strong>praeterea</strong></span> <span class='ocrx_word' id='word_1_714' title='bbox 966 5191 1158 5247; x_wconf 85' lang='lat' dir='ltr'><strong>creber</strong></span> <span class='ocrx_word' id='word_1_715' title='bbox 1184 5192 1456 5247; x_wconf 87' lang='lat' dir='ltr'><strong>anhelitus</strong></span> <span class='ocrx_word' id='word_1_716' title='bbox 1476 5200 1530 5248; x_wconf 89' lang='lat' dir='ltr'><strong>et</strong></span> <span class='ocrx_word' id='word_1_717' title='bbox 1556 5192 1855 5260; x_wconf 90' lang='lat' dir='ltr'><strong>interrupta</strong></span> 
     </span>
    </p>
   </div>
   <div class='ocr_carea' id='block_1_99' title="bbox 266 5281 1856 5351">
    <p class='ocr_par' dir='ltr' id='par_1_99' title="bbox 266 5281 1856 5351">
     <span class='ocr_line' id='line_1_99' title="bbox 266 5281 1856 5351; baseline 0.001 -17"><span class='ocrx_word' id='word_1_718' title='bbox 266 5295 388 5334; x_wconf 92' lang='lat' dir='ltr'><strong>eum</strong></span> <span class='ocrx_word' id='word_1_719' title='bbox 445 5281 678 5350; x_wconf 87' lang='lat' dir='ltr'><strong>suspiria</strong></span> <span class='ocrx_word' id='word_1_720' title='bbox 728 5281 1204 5351; x_wconf 90' lang='lat' dir='ltr'><strong>membrorumque</strong></span> <span class='ocrx_word' id='word_1_721' title='bbox 1259 5282 1501 5336; x_wconf 90' lang='lat' dir='ltr'><strong>omnium</strong></span> <span class='ocrx_word' id='word_1_722' title='bbox 1555 5283 1856 5336; x_wconf 88' lang='lat' dir='ltr'><strong>contractio</strong></span> 
     </span>
    </p>
   </div>
   <div class='ocr_carea' id='block_1_100' title="bbox 268 5368 1854 5442">
    <p class='ocr_par' dir='ltr' id='par_1_100' title="bbox 268 5368 1854 5442">
     <span class='ocr_line' id='line_1_100' title="bbox 268 5368 1854 5442; baseline 0.002 -18"><span class='ocrx_word' id='word_1_723' title='bbox 268 5368 587 5442; x_wconf 85' lang='lat' dir='ltr'><strong>fatigabant,</strong></span> <span class='ocrx_word' id='word_1_724' title='bbox 613 5381 671 5426; x_wconf 89' lang='lat' dir='ltr'><strong>ut</strong></span> <span class='ocrx_word' id='word_1_725' title='bbox 707 5374 800 5442; x_wconf 92' lang='lat' dir='ltr'><strong>qui</strong></span> <span class='ocrx_word' id='word_1_726' title='bbox 843 5373 961 5428; x_wconf 64' lang='lat' dir='ltr'><strong>haec</strong></span> <span class='ocrx_word' id='word_1_727' title='bbox 1016 5372 1083 5427; x_wconf 87' lang='lat' dir='ltr'><strong>ad</strong></span> <span class='ocrx_word' id='word_1_728' title='bbox 1136 5373 1480 5429; x_wconf 88' lang='lat' dir='ltr'><strong>Divinitatem</strong></span> <span class='ocrx_word' id='word_1_729' title='bbox 1524 5373 1854 5439; x_wconf 87' lang='lat' dir='ltr'><strong>referebant,</strong></span> 
     </span>
    </p>
   </div>
   <div class='ocr_carea' id='block_1_101' title="bbox 268 5463 1851 5534">
    <p class='ocr_par' dir='ltr' id='par_1_101' title="bbox 268 5463 1851 5534">
     <span class='ocr_line' id='line_1_101' title="bbox 268 5463 1851 5534; baseline 0.001 -18"><span class='ocrx_word' id='word_1_730' title='bbox 268 5475 458 5532; x_wconf 63' lang='lat' dir='ltr'><strong>pinnas</strong></span> <span class='ocrx_word' id='word_1_731' title='bbox 502 5477 595 5517; x_wconf 90' lang='lat' dir='ltr'><strong>cas</strong></span> <span class='ocrx_word' id='word_1_732' title='bbox 623 5477 743 5517; x_wconf 88' lang='lat' dir='ltr'><strong>esse</strong></span> <span class='ocrx_word' id='word_1_733' title='bbox 790 5463 1034 5518; x_wconf 88' lang='lat' dir='ltr'><strong>dicerent</strong></span> <span class='ocrx_word' id='word_1_734' title='bbox 1073 5465 1456 5534; x_wconf 86' lang='lat' dir='ltr'><strong>sophistarum.</strong></span> <span class='ocrx_word' id='word_1_735' title='bbox 1510 5464 1602 5520; x_wconf 89' lang='lat' dir='ltr'><strong>Ille</strong></span> <span class='ocrx_word' id='word_1_736' title='bbox 1649 5472 1851 5529; x_wconf 90' lang='lat' dir='ltr'><strong>autem,</strong></span> 
     </span>
    </p>
   </div>
   <div class='ocr_carea' id='block_1_102' title="bbox 270 5553 1850 5624">
    <p class='ocr_par' dir='ltr' id='par_1_102' title="bbox 270 5553 1850 5624">
     <span class='ocr_line' id='line_1_102' title="bbox 270 5553 1850 5624; baseline 0.001 -17"><span class='ocrx_word' id='word_1_737' title='bbox 270 5553 516 5624; x_wconf 85' lang='lat' dir='ltr'><strong>quamvis</strong></span> <span class='ocrx_word' id='word_1_738' title='bbox 561 5570 681 5610; x_wconf 90' lang='lat' dir='ltr'><strong>cum</strong></span> <span class='ocrx_word' id='word_1_739' title='bbox 727 5563 807 5609; x_wconf 92' lang='lat' dir='ltr'><strong>tot</strong></span> <span class='ocrx_word' id='word_1_740' title='bbox 859 5555 1112 5610; x_wconf 89' lang='lat' dir='ltr'><strong>vitiorum</strong></span> <span class='ocrx_word' id='word_1_741' title='bbox 1162 5557 1490 5612; x_wconf 89' lang='lat' dir='ltr'><strong>cruciatibus</strong></span> <span class='ocrx_word' id='word_1_742' title='bbox 1535 5556 1850 5621; x_wconf 91' lang='lat' dir='ltr'><strong>luctaretur,</strong></span> 
     </span>
    </p>
   </div>
   <div class='ocr_carea' id='block_1_103' title="bbox 269 5650 1849 5722">
    <p class='ocr_par' dir='ltr' id='par_1_103' title="bbox 269 5650 1849 5722">
     <span class='ocr_line' id='line_1_103' title="bbox 269 5650 1849 5722; baseline 0 -18"><span class='ocrx_word' id='word_1_743' title='bbox 269 5650 395 5704; x_wconf 80' lang='lat' dir='ltr'><strong>vitae</strong></span> <span class='ocrx_word' id='word_1_744' title='bbox 426 5659 604 5704; x_wconf 90' lang='lat' dir='ltr'><strong>tamen</strong></span> <span class='ocrx_word' id='word_1_745' title='bbox 631 5652 856 5721; x_wconf 84' lang='lat' dir='ltr'><strong>cupidus</strong></span> <span class='ocrx_word' id='word_1_746' title='bbox 886 5659 1002 5706; x_wconf 89' lang='lat' dir='ltr'><strong>erat</strong></span> <span class='ocrx_word' id='word_1_747' title='bbox 1033 5661 1088 5706; x_wconf 93' lang='lat' dir='ltr'><strong>et</strong></span> <span class='ocrx_word' id='word_1_748' title='bbox 1139 5652 1393 5706; x_wconf 90' lang='lat' dir='ltr'><strong>remediis</strong></span> <span class='ocrx_word' id='word_1_749' title='bbox 1424 5651 1744 5722; x_wconf 85' lang='lat' dir='ltr'><strong>excogitatis</strong></span> <span class='ocrx_word' id='word_1_750' title='bbox 1765 5667 1849 5706; x_wconf 89' lang='lat' dir='ltr'><strong>sa-</strong></span> 
     </span>
    </p>
   </div>
   <div class='ocr_carea' id='block_1_104' title="bbox 271 5739 1850 5813">
    <p class='ocr_par' dir='ltr' id='par_1_104' title="bbox 271 5739 1850 5813">
     <span class='ocr_line' id='line_1_104' title="bbox 271 5739 1850 5813; baseline 0 -17"><span class='ocrx_word' id='word_1_751' title='bbox 271 5739 438 5802; x_wconf 80' lang='lat' dir='ltr'><strong>lutem</strong></span> <span class='ocrx_word' id='word_1_752' title='bbox 486 5743 758 5811; x_wconf 86' lang='lat' dir='ltr'><strong>sperabat.</strong></span> <span class='ocrx_word' id='word_1_753' title='bbox 811 5743 1052 5813; x_wconf 87' lang='lat' dir='ltr'><strong>Denique</strong></span> <span class='ocrx_word' id='word_1_754' title='bbox 1103 5743 1393 5798; x_wconf 77' lang='lat' dir='ltr'><strong>Jordanem</strong></span> <span class='ocrx_word' id='word_1_755' title='bbox 1463 5751 1850 5811; x_wconf 87' lang='lat' dir='ltr'><strong>transgressus,</strong></span> 
     </span>
    </p>
   </div>
   <div class='ocr_carea' id='block_1_105' title="bbox 272 5829 1848 5902">
    <p class='ocr_par' dir='ltr' id='par_1_105' title="bbox 272 5829 1848 5902">
     <span class='ocr_line' id='line_1_105' title="bbox 272 5829 1848 5902; baseline 0 -16"><span class='ocrx_word' id='word_1_756' title='bbox 272 5831 415 5896; x_wconf 72' lang='lat' dir='ltr'><strong>apud</strong></span> <span class='ocrx_word' id='word_1_757' title='bbox 452 5829 703 5888; x_wconf 88' lang='lat' dir='ltr'><strong>Collirem</strong></span> <span class='ocrx_word' id='word_1_758' title='bbox 746 5832 1098 5900; x_wconf 76' lang='lat' dir='ltr'><strong>lCallirhoen]</strong></span> <span class='ocrx_word' id='word_1_759' title='bbox 1138 5834 1299 5902; x_wconf 90' lang='lat' dir='ltr'><strong>aquis.</strong></span> <span class='ocrx_word' id='word_1_760' title='bbox 1341 5833 1531 5888; x_wconf 87' lang='lat' dir='ltr'><strong>calidis</strong></span> <span class='ocrx_word' id='word_1_761' title='bbox 1577 5831 1848 5898; x_wconf 82' lang='lat' dir='ltr'><strong>utebatur,</strong></span> 
     </span>
    </p>
   </div>
   <div class='ocr_carea' id='block_1_106' title="bbox 1956 4719 3559 4790">
    <p class='ocr_par' dir='ltr' id='par_1_106' title="bbox 1956 4719 3559 4790">
     <span class='ocr_line' id='line_1_106' title="bbox 1956 4719 3559 4790; baseline -0.001 -15"><span class='ocrx_word' id='word_1_762' title='bbox 1956 4719 2178 4783; x_wconf 90' lang='lat' dir='ltr'><strong>scribit;</strong></span> <span class='ocrx_word' id='word_1_763' title='bbox 2207 4720 2536 4774; x_wconf 89' lang='lat' dir='ltr'><strong>tetrarcham</strong></span> <span class='ocrx_word' id='word_1_764' title='bbox 2566 4735 2696 4775; x_wconf 89' lang='lat' dir='ltr'><strong>vero</strong></span> <span class='ocrx_word' id='word_1_765' title='bbox 2715 4719 2990 4790; x_wconf 87' lang='lat' dir='ltr'><strong>Antipam.</strong></span> <span class='ocrx_word' id='word_1_766' title='bbox 3015 4719 3144 4775; x_wconf 91' lang='lat' dir='ltr'><strong>Post</strong></span> <span class='ocrx_word' id='word_1_767' title='bbox 3164 4719 3440 4775; x_wconf 90' lang='lat' dir='ltr'><strong>interitum</strong></span> <span class='ocrx_word' id='word_1_768' title='bbox 3468 4737 3559 4774; x_wconf 90' lang='lat' dir='ltr'><strong>au-</strong></span> 
     </span>
    </p>
   </div>
   <div class='ocr_carea' id='block_1_107' title="bbox 1958 4811 3554 4881">
    <p class='ocr_par' dir='ltr' id='par_1_107' title="bbox 1958 4811 3554 4881">
     <span class='ocr_line' id='line_1_107' title="bbox 1958 4811 3554 4881; baseline -0.002 -14"><span class='ocrx_word' id='word_1_769' title='bbox 1958 4821 2065 4867; x_wconf 88' lang='lat' dir='ltr'><strong>tem</strong></span> <span class='ocrx_word' id='word_1_770' title='bbox 2108 4811 2202 4866; x_wconf 90' lang='lat' dir='ltr'><strong>ﬁlii</strong></span> <span class='ocrx_word' id='word_1_771' title='bbox 2241 4827 2336 4868; x_wconf 82' lang='lat' dir='ltr'><strong>sex</strong></span> <span class='ocrx_word' id='word_1_772' title='bbox 2373 4812 2563 4866; x_wconf 91' lang='lat' dir='ltr'><strong>diebus</strong></span> <span class='ocrx_word' id='word_1_773' title='bbox 2609 4813 2820 4867; x_wconf 83' lang='lat' dir='ltr'><strong>exactis</strong></span> <span class='ocrx_word' id='word_1_774' title='bbox 2850 4813 3102 4875; x_wconf 90' lang='lat' dir='ltr'><strong>moritur,</strong></span> <span class='ocrx_word' id='word_1_775' title='bbox 3146 4813 3305 4866; x_wconf 91' lang='lat' dir='ltr'><strong>annis</strong></span> <span class='ocrx_word' id='word_1_776' title='bbox 3337 4812 3554 4881; x_wconf 89' lang='lat' dir='ltr'><strong>quidem</strong></span> 
     </span>
    </p>
   </div>
   <div class='ocr_carea' id='block_1_108' title="bbox 1957 4903 3558 4974">
    <p class='ocr_par' dir='ltr' id='par_1_108' title="bbox 1957 4903 3558 4974">
     <span class='ocr_line' id='line_1_108' title="bbox 1957 4903 3558 4974; baseline 0 -16"><span class='ocrx_word' id='word_1_777' title='bbox 1957 4905 2177 4974; x_wconf 91' lang='lat' dir='ltr'><strong>triginta</strong></span> <span class='ocrx_word' id='word_1_778' title='bbox 2215 4914 2469 4973; x_wconf 88' lang='lat' dir='ltr'><strong>quatuor,</strong></span> <span class='ocrx_word' id='word_1_779' title='bbox 2495 4920 2563 4959; x_wconf 81' lang='lat' dir='ltr'><strong>ex</strong></span> <span class='ocrx_word' id='word_1_780' title='bbox 2610 4920 2716 4974; x_wconf 87' lang='lat' dir='ltr'><strong>quo</strong></span> <span class='ocrx_word' id='word_1_781' title='bbox 2749 4903 3026 4959; x_wconf 88' lang='lat' dir='ltr'><strong>interfecit</strong></span> <span class='ocrx_word' id='word_1_782' title='bbox 3075 4903 3424 4974; x_wconf 87' lang='lat' dir='ltr'><strong>Antigonum,</strong></span> <span class='ocrx_word' id='word_1_783' title='bbox 3473 4919 3558 4958; x_wconf 89' lang='lat' dir='ltr'><strong>re-</strong></span> 
     </span>
    </p>
   </div>
   <div class='ocr_carea' id='block_1_109' title="bbox 1957 4996 3557 5068">
    <p class='ocr_par' dir='ltr' id='par_1_109' title="bbox 1957 4996 3557 5068">
     <span class='ocr_line' id='line_1_109' title="bbox 1957 4996 3557 5068; baseline 0.001 -20"><span class='ocrx_word' id='word_1_784' title='bbox 1957 5011 2063 5066; x_wconf 89' lang='lat' dir='ltr'><strong>gno</strong></span> <span class='ocrx_word' id='word_1_785' title='bbox 2087 4997 2290 5066; x_wconf 88' lang='lat' dir='ltr'><strong>potitus</strong></span> <span class='ocrx_word' id='word_1_786' title='bbox 2316 5015 2328 5050; x_wconf 89' lang='lat'><strong>:</strong></span> <span class='ocrx_word' id='word_1_787' title='bbox 2363 4997 2580 5068; x_wconf 87' lang='lat' dir='ltr'><strong>triginta</strong></span> <span class='ocrx_word' id='word_1_788' title='bbox 2606 5013 2734 5052; x_wconf 89' lang='lat' dir='ltr'><strong>vero</strong></span> <span class='ocrx_word' id='word_1_789' title='bbox 2760 5005 2814 5051; x_wconf 89' lang='lat' dir='ltr'><strong>et</strong></span> <span class='ocrx_word' id='word_1_790' title='bbox 2847 5006 3054 5066; x_wconf 90' lang='lat' dir='ltr'><strong>septem</strong></span> <span class='ocrx_word' id='word_1_791' title='bbox 3081 5004 3366 5066; x_wconf 87' lang='lat' dir='ltr'><strong>postquam</strong></span> <span class='ocrx_word' id='word_1_792' title='bbox 3394 5011 3424 5050; x_wconf 88' lang='lat' dir='ltr'><strong>a</strong></span> <span class='ocrx_word' id='word_1_793' title='bbox 3448 4996 3557 5050; x_wconf 70' lang='lat' dir='ltr'><strong>Ito—</strong></span> 
     </span>
    </p>
   </div>
   <div class='ocr_carea' id='block_1_110' title="bbox 1958 5088 3555 5162">
    <p class='ocr_par' dir='ltr' id='par_1_110' title="bbox 1958 5088 3555 5162">
     <span class='ocr_line' id='line_1_110' title="bbox 1958 5088 3555 5162; baseline 0 -18"><span class='ocrx_word' id='word_1_794' title='bbox 1958 5090 2134 5144; x_wconf 90' lang='lat' dir='ltr'><strong>manis</strong></span> <span class='ocrx_word' id='word_1_795' title='bbox 2173 5090 2479 5145; x_wconf 90' lang='lat' dir='ltr'><strong>declaratus</strong></span> <span class='ocrx_word' id='word_1_796' title='bbox 2521 5101 2638 5152; x_wconf 85' lang='lat' dir='ltr'><strong>est;</strong></span> <span class='ocrx_word' id='word_1_797' title='bbox 2673 5106 2816 5145; x_wconf 89' lang='lat' dir='ltr'><strong>anno</strong></span> <span class='ocrx_word' id='word_1_798' title='bbox 2857 5090 3039 5159; x_wconf 88' lang='lat' dir='ltr'><strong>itaque</strong></span> <span class='ocrx_word' id='word_1_799' title='bbox 3088 5089 3298 5160; x_wconf 88' lang='lat' dir='ltr'><strong>imperii</strong></span> <span class='ocrx_word' id='word_1_800' title='bbox 3328 5088 3555 5162; x_wconf 83' lang='lat' dir='ltr'><strong>Augusti</strong></span> 
     </span>
    </p>
   </div>
   <div class='ocr_carea' id='block_1_111' title="bbox 1959 5181 3557 5252">
    <p class='ocr_par' dir='ltr' id='par_1_111' title="bbox 1959 5181 3557 5252">
     <span class='ocr_line' id='line_1_111' title="bbox 1959 5181 3557 5252; baseline 0.002 -18"><span class='ocrx_word' id='word_1_801' title='bbox 1959 5181 2373 5252; x_wconf 87' lang='lat' dir='ltr'><strong>quadragesimo</strong></span> <span class='ocrx_word' id='word_1_802' title='bbox 2412 5183 2643 5251; x_wconf 89' lang='lat' dir='ltr'><strong>septimo</strong></span> <span class='ocrx_word' id='word_1_803' title='bbox 2671 5191 2916 5236; x_wconf 91' lang='lat' dir='ltr'><strong>mortuus</strong></span> <span class='ocrx_word' id='word_1_804' title='bbox 2943 5190 3048 5248; x_wconf 91' lang='lat' dir='ltr'><strong>est,</strong></span> <span class='ocrx_word' id='word_1_805' title='bbox 3075 5197 3173 5252; x_wconf 93' lang='lat' dir='ltr'><strong>pro</strong></span> <span class='ocrx_word' id='word_1_806' title='bbox 3207 5198 3314 5251; x_wconf 90' lang='lat' dir='ltr'><strong>quo</strong></span> <span class='ocrx_word' id='word_1_807' title='bbox 3359 5183 3557 5237; x_wconf 90' lang='lat' dir='ltr'><strong>substi-</strong></span> 
     </span>
    </p>
   </div>
   <div class='ocr_carea' id='block_1_112' title="bbox 1958 5275 3559 5347">
    <p class='ocr_par' dir='ltr' id='par_1_112' title="bbox 1958 5275 3559 5347">
     <span class='ocr_line' id='line_1_112' title="bbox 1958 5275 3559 5347; baseline 0.002 -19"><span class='ocrx_word' id='word_1_808' title='bbox 1958 5283 2107 5328; x_wconf 90' lang='lat' dir='ltr'><strong>tutus</strong></span> <span class='ocrx_word' id='word_1_809' title='bbox 2131 5275 2198 5329; x_wconf 88' lang='lat' dir='ltr'><strong>ab</strong></span> <span class='ocrx_word' id='word_1_810' title='bbox 2224 5275 2466 5345; x_wconf 90' lang='lat' dir='ltr'><strong>Augusto</strong></span> <span class='ocrx_word' id='word_1_811' title='bbox 2493 5275 2634 5329; x_wconf 86' lang='lat' dir='ltr'><strong>ﬁlius</strong></span> <span class='ocrx_word' id='word_1_812' title='bbox 2662 5275 2778 5342; x_wconf 84' lang='lat' dir='ltr'><strong>ejus</strong></span> <span class='ocrx_word' id='word_1_813' title='bbox 2799 5275 3102 5330; x_wconf 77' lang='lat' dir='ltr'><strong>Archelaus</strong></span> <span class='ocrx_word' id='word_1_814' title='bbox 3130 5275 3374 5347; x_wconf 84' lang='lat' dir='ltr'><strong>regnavit</strong></span> <span class='ocrx_word' id='word_1_815' title='bbox 3398 5275 3559 5332; x_wconf 88' lang='lat' dir='ltr'><strong>annis</strong></span> 
     </span>
    </p>
   </div>
   <div class='ocr_carea' id='block_1_113' title="bbox 1960 5366 3558 5439">
    <p class='ocr_par' dir='ltr' id='par_1_113' title="bbox 1960 5366 3558 5439">
     <span class='ocr_line' id='line_1_113' title="bbox 1960 5366 3558 5439; baseline 0.001 -17"><span class='ocrx_word' id='word_1_816' title='bbox 1960 5382 2177 5432; x_wconf 89' lang='lat' dir='ltr'><strong>novem,</strong></span> <span class='ocrx_word' id='word_1_817' title='bbox 2215 5367 2267 5422; x_wconf 90' lang='lat' dir='ltr'><strong>id</strong></span> <span class='ocrx_word' id='word_1_818' title='bbox 2303 5376 2387 5422; x_wconf 91' lang='lat' dir='ltr'><strong>est</strong></span> <span class='ocrx_word' id='word_1_819' title='bbox 2421 5383 2592 5437; x_wconf 89' lang='lat' dir='ltr'><strong>usque</strong></span> <span class='ocrx_word' id='word_1_820' title='bbox 2634 5368 2702 5422; x_wconf 90' lang='lat' dir='ltr'><strong>ad</strong></span> <span class='ocrx_word' id='word_1_821' title='bbox 2743 5367 2911 5436; x_wconf 90' lang='lat' dir='ltr'><strong>ipsius</strong></span> <span class='ocrx_word' id='word_1_822' title='bbox 2939 5366 3165 5439; x_wconf 89' lang='lat' dir='ltr'><strong>Augusti</strong></span> <span class='ocrx_word' id='word_1_823' title='bbox 3197 5367 3356 5423; x_wconf 90' lang='lat' dir='ltr'><strong>ﬁnem</strong></span> <span class='ocrx_word' id='word_1_824' title='bbox 3386 5383 3401 5423; x_wconf 88' lang='lat'><strong>:</strong></span> <span class='ocrx_word' id='word_1_825' title='bbox 3429 5377 3558 5424; x_wconf 91' lang='lat' dir='ltr'><strong>tunc</strong></span> 
     </span>
    </p>
   </div>
   <div class='ocr_carea' id='block_1_114' title="bbox 1960 5459 3556 5532">
    <p class='ocr_par' dir='ltr' id='par_1_114' title="bbox 1960 5459 3556 5532">
     <span class='ocr_line' id='line_1_114' title="bbox 1960 5459 3556 5532; baseline 0.001 -17"><span class='ocrx_word' id='word_1_826' title='bbox 1960 5462 2105 5516; x_wconf 91' lang='lat' dir='ltr'><strong>enim</strong></span> <span class='ocrx_word' id='word_1_827' title='bbox 2154 5476 2259 5515; x_wconf 91' lang='lat' dir='ltr'><strong>non</strong></span> <span class='ocrx_word' id='word_1_828' title='bbox 2311 5460 2610 5515; x_wconf 89' lang='lat' dir='ltr'><strong>ferentibus</strong></span> <span class='ocrx_word' id='word_1_829' title='bbox 2656 5459 2819 5526; x_wconf 91' lang='lat' dir='ltr'><strong>ultra,</strong></span> <span class='ocrx_word' id='word_1_830' title='bbox 2859 5460 2953 5516; x_wconf 90' lang='lat' dir='ltr'><strong>sed</strong></span> <span class='ocrx_word' id='word_1_831' title='bbox 3002 5461 3383 5516; x_wconf 85' lang='lat' dir='ltr'><strong>accusantibus</strong></span> <span class='ocrx_word' id='word_1_832' title='bbox 3413 5461 3556 5532; x_wconf 89' lang='lat' dir='ltr'><strong>apud</strong></span> 
     </span>
    </p>
   </div>
   <div class='ocr_carea' id='block_1_115' title="bbox 1959 5550 3552 5625">
    <p class='ocr_par' dir='ltr' id='par_1_115' title="bbox 1959 5550 3552 5625">
     <span class='ocr_line' id='line_1_115' title="bbox 1959 5550 3552 5625; baseline -0.003 -15"><span class='ocrx_word' id='word_1_833' title='bbox 1959 5554 2285 5625; x_wconf 85' lang='lat' dir='ltr'><strong>Augustum,</strong></span> <span class='ocrx_word' id='word_1_834' title='bbox 2313 5552 2648 5607; x_wconf 87' lang='lat' dir='ltr'><strong>ferocitatem</strong></span> <span class='ocrx_word' id='word_1_835' title='bbox 2687 5550 2803 5618; x_wconf 87' lang='lat' dir='ltr'><strong>ejus</strong></span> <span class='ocrx_word' id='word_1_836' title='bbox 2836 5552 3044 5618; x_wconf 90' lang='lat' dir='ltr'><strong>videns,</strong></span> <span class='ocrx_word' id='word_1_837' title='bbox 3072 5553 3336 5608; x_wconf 78' lang='lat' dir='ltr'><strong>Viennam</strong></span> <span class='ocrx_word' id='word_1_838' title='bbox 3363 5550 3552 5606; x_wconf 90' lang='lat' dir='ltr'><strong>urbem</strong></span> 
     </span>
    </p>
   </div>
   <div class='ocr_carea' id='block_1_116' title="bbox 1960 5642 3554 5716">
    <p class='ocr_par' dir='ltr' id='par_1_116' title="bbox 1960 5642 3554 5716">
     <span class='ocr_line' id='line_1_116' title="bbox 1960 5642 3554 5716; baseline -0.003 -16"><span class='ocrx_word' id='word_1_839' title='bbox 1960 5645 2146 5700; x_wconf 74' lang='lat' dir='ltr'><strong>Gallia:</strong></span> <span class='ocrx_word' id='word_1_840' title='bbox 2174 5645 2458 5716; x_wconf 87' lang='lat' dir='ltr'><strong>relegatur,</strong></span> <span class='ocrx_word' id='word_1_841' title='bbox 2489 5651 2545 5698; x_wconf 91' lang='lat' dir='ltr'><strong>et</strong></span> <span class='ocrx_word' id='word_1_842' title='bbox 2573 5643 2639 5697; x_wconf 91' lang='lat' dir='ltr'><strong>ad</strong></span> <span class='ocrx_word' id='word_1_843' title='bbox 2667 5643 3010 5698; x_wconf 90' lang='lat' dir='ltr'><strong>minuendam</strong></span> <span class='ocrx_word' id='word_1_844' title='bbox 3048 5642 3256 5698; x_wconf 81' lang='lat' dir='ltr'><strong>Judaici</strong></span> <span class='ocrx_word' id='word_1_845' title='bbox 3285 5642 3434 5713; x_wconf 87' lang='lat' dir='ltr'><strong>regni</strong></span> <span class='ocrx_word' id='word_1_846' title='bbox 3458 5656 3554 5711; x_wconf 52' lang='lat' dir='ltr'><strong>po.</strong></span> 
     </span>
    </p>
   </div>
   <div class='ocr_carea' id='block_1_117' title="bbox 1962 5734 3556 5806">
    <p class='ocr_par' dir='ltr' id='par_1_117' title="bbox 1962 5734 3556 5806">
     <span class='ocr_line' id='line_1_117' title="bbox 1962 5734 3556 5806; baseline 0.001 -15"><span class='ocrx_word' id='word_1_847' title='bbox 1962 5737 2186 5791; x_wconf 90' lang='lat' dir='ltr'><strong>tentiam</strong></span> <span class='ocrx_word' id='word_1_848' title='bbox 2217 5736 2666 5804; x_wconf 87' lang='lat' dir='ltr'><strong>insolentiamque</strong></span> <span class='ocrx_word' id='word_1_849' title='bbox 2711 5736 3058 5801; x_wconf 91' lang='lat' dir='ltr'><strong>domandam,</strong></span> <span class='ocrx_word' id='word_1_850' title='bbox 3089 5744 3323 5806; x_wconf 90' lang='lat' dir='ltr'><strong>quatuor</strong></span> <span class='ocrx_word' id='word_1_851' title='bbox 3356 5734 3556 5792; x_wconf 83' lang='lat' dir='ltr'><strong>fratres</strong></span> 
     </span>
    </p>
   </div>
   <div class='ocr_carea' id='block_1_118' title="bbox 1957 5825 3554 5900">
    <p class='ocr_par' dir='ltr' id='par_1_118' title="bbox 1957 5825 3554 5900">
     <span class='ocr_line' id='line_1_118' title="bbox 1957 5825 3554 5900; baseline -0.001 -16"><span class='ocrx_word' id='word_1_852' title='bbox 1957 5830 2076 5900; x_wconf 83' lang='lat' dir='ltr'><strong>ejus</strong></span> <span class='ocrx_word' id='word_1_853' title='bbox 2120 5845 2219 5900; x_wconf 89' lang='lat' dir='ltr'><strong>pro</strong></span> <span class='ocrx_word' id='word_1_854' title='bbox 2247 5845 2311 5884; x_wconf 92' lang='lat' dir='ltr'><strong>eo</strong></span> <span class='ocrx_word' id='word_1_855' title='bbox 2338 5828 2624 5888; x_wconf 82' lang='lat' dir='ltr'><strong>tetrarchae</strong></span> <span class='ocrx_word' id='word_1_856' title='bbox 2650 5827 2928 5884; x_wconf 87' lang='lat' dir='ltr'><strong>constituti</strong></span> <span class='ocrx_word' id='word_1_857' title='bbox 2961 5835 3105 5894; x_wconf 88' lang='lat' dir='ltr'><strong>sunt,</strong></span> <span class='ocrx_word' id='word_1_858' title='bbox 3129 5826 3389 5896; x_wconf 83' lang='lat' dir='ltr'><strong>Herodes,</strong></span> <span class='ocrx_word' id='word_1_859' title='bbox 3434 5825 3554 5884; x_wconf 84' lang='lat' dir='ltr'><strong>An-</strong></span> 
     </span>
    </p>
   </div>
  </div>
