4028 6514
513 287 654 344 1225

1180 282 1244 337 Β.
1280 280 1536 336 RABANI
1573 279 1792 336 MAURI
1829 278 2116 335 ARCHlEP

2220 276 2505 334 lOGUNT.
2547 275 2836 335 OPERUM
2871 277 3055 334 PARS
3088 279 3132 334 1-.

3664 283 3838 340 ιω

512 406 642 465 Post
662 405 925 460 Neronem
954 415 1086 476 vero
1111 399 1282 456 Galba
1314 401 1368 454 in
1392 399 1583 463 lberia,
1609 397 1853 453 Vitellius
1883 399 1933 450 in
1961 397 2094 452 Ger-
2120 403 2170 463 Α
2197 394 2483 449 multitudo
2523 393 2877 464 Jerosolymis
2921 395 3251 463 reperiretur
3287 411 3510 452 causam
3563 395 3842 467 Azyrno—

513 498 800 561 mania,.et
824 494 964 551 Otho
983 494 1167 550 Roma:
1199 494 1482 562 imperium
1514 498 1858 560 arripuerunt
1885 509 1896 542 :
1927 489 2096 544 Galba

513 589 743 660 septimo
781 603 966 643 mense
1009 587 1218 656 imperii
1274 587 1356 641 sui
1401 590 1452 640 iu
1493 585 1669 640 medio
1699 583 1953 635 Romamn
2006 597 2100 635 ur-

511 680 598 738 bis
619 678 739 734 foro
779 679 953 749 capite
983 685 1294 741 truncatur;
1333 677 1692 744 Vespasianus
1731 674 1939 727 duobus
1964 687 2102 742 pra:-

513 769 601 827 liis
625 778 908 841 superatos
926 767 1139 824 Iudaeos
1169 769 1234 822 ad
1264 783 1450 822 necem
1477 766 1769 836 compulit;
1801 764 1960 830 Otho,
1991 773 2101 819 ter-

513 863 590 917 tio
611 861 760 931 regni
791 861 873 916 sui
902 875 1105 926 mense,
1129 869 1382 915 venatum
1411 858 1573 930 [apud
1603 855 1953 928 Bebriacum]
1978 871 2103 927 pro-

511 953 630 1024 pria
661 966 822 1006 manu
861 951 1142 1017 occubuit;
1172 950 1421 1006 Vitellius
1457 967 1488 1003 a
1518 949 1835 1019 Vespasiani
1877 949 2104 1006 ducibus

512 1046 568 1100 in
592 1043 829 1099 Tiberim
853 1042 1152 1113 projicitur.
1180 1041 1549 1099 Romanorum
1574 1041 1836 1111 septimus
1858 1041 2104 1112 regnavit

513 1136 875 1206 Vespasianus
911 1135 1069 1190 annis
1111 1143 1258 1201 octo,
1302 1135 1576 1190 mensibus
1615 1135 1886 1199 undecim,
1915 1134 2104 1189 diebus

512 1227 702 1298 viginti
732 1227 960 1293 duobus,
992 1228 1086 1297 qui
1125 1227 1264 1297 apud
1289 1225 1502 1282 Judaeos
1539 1226 1833 1295 imperator
1859 1227 1926 1280 ab
1953 1241 2102 1280 exer-

514 1319 623 1374 citu
652 1317 968 1389 appellatus,
996 1327 1051 1372 et
1091 1317 1288 1373 bellum
1319 1317 1427 1372 cito
1455 1316 1565 1372 ﬁlio
1591 1317 1978 1373 commendans
1999 1316 2108 1372 Ro-

515 1427 661 1466 mam
700 1427 796 1480 per
825 1410 1208 1466 Alexandriam
1237 1410 1618 1480 proﬁciscitur.
1670 1411 1834 1482 Cujus
1871 1412 2107 1467 secundo

517 1518 658 1559 anno
704 1503 857 1558 Titus
901 1502 1082 1558 Judaea
1133 1509 1289 1574 capta
1334 1512 1389 1558 et
1418 1502 1774 1574 Jerosolymis
1809 1502 2105 1569 subversis,

518 1603 773 1650 sexcenta
821 1594 987 1649 millia
1037 1595 1276 1650 virorum
1331 1595 1619 1650 interfecit.
1666 1593 1933 1665 Josephus
1979 1609 2110 1650 vero

517 1687 694 1743 sciens
725 1685 956 1742 aﬁirmat
1005 1697 1260 1743 sexcenta
1313 1687 1589 1758 [undecies
1633 1686 1885 1760 centena]
1941 1687 2108 1742 millia

2201 501 2320 540 rum
2365 484 2534 539 fuisse
2567 485 2754 550 refert,
2785 485 2856 540 ob
2882 501 3001 554 qua:
3047 503 3115 540 ex
3146 487 3295 540 omni
3325 497 3486 556 gente
3512 486 3696 542 Judazi
3757 490 3841 543 ad

2203 577 2458 648 templum
2493 577 2844 643 confluentes,
2874 579 3007 632 urbe
3052 579 3207 648 quasi
3255 595 3482 635 carcere
3535 590 3676 635 sunt
3733 596 3844 636 re-

2201 670 2336 725 clusi
2373 688 2384 722 :
2417 669 2699 740 oportebat
2729 671 2874 724 enim
2919 671 2972 725 iu
2999 670 3189 726 iisdem
3218 671 3406 728 diebus
3441 671 3683 728 Pascha:
3727 689 3844 729 eos

2203 763 2455 829 interﬁci,
2485 764 2539 818 iu
2580 764 2771 834 quibus
2807 763 3146 819 Salvatorem
3191 764 3614 819 cruciﬁxeront.
3649 763 3846 820 Colli-

2204 855 2350 926 gitur
2377 863 2556 909 autem
2582 870 2742 910 omne
2780 862 2992 926 tempus
3015 854 3071 909 in
3101 856 3402 910 secundum
3436 869 3655 910 annum
3687 855 3850 911 Ves-

2203 947 2412 1018 pasiani
2445 955 2499 1000 et
2535 946 2880 1002 novissimam
2929 945 3396 1018 Jerosolymorum
3441 945 3846 1012 eversionem,

2206 1056 2237 1094 a
2265 1039 2475 1095 decimo
2497 1040 2684 1108 quinto
2709 1054 2850 1094 anno
2872 1037 3076 1094 Tiberii
3118 1037 3373 1105 Caesaris,
3402 1048 3460 1094 et
3488 1039 3562 1094 ab
3593 1040 3849 1095 exordio

2206 1131 2530 1203 evangelicae
2573 1131 2972 1203 praedicationis
3024 1131 3152 1185 anni
3195 1131 3562 1203 quadraginta
3622 1132 3764 1187 duo.
3796 1133 3844 1185 Α

2207 1223 2520 1293 captivitate
2555 1233 2732 1278 autem
2761 1239 2922 1293 quam
2953 1223 3023 1278 ab
3058 1223 3329 1280 Antiocho
3364 1223 3626 1296 perpessi
3679 1233 3846 1290 sunt.

2207 1314 2336 1370 anni
2363 1315 2581 1370 ducenti
2630 1315 2853 1386 triginta
2881 1325 3006 1371 octo
3043 1314 3306 1390 [novem].
3334 1316 3511 1373 Porro
3541 1317 3708 1372 Darii
3753 1333 3849 1373 se-

2209 1408 2384 1465 cundo
2424 1425 2586 1476 anno,
2617 1410 2718 1464 sub
2764 1424 2871 1479 quo
2899 1423 3117 1465 rursum
3167 1410 3425 1481 templum
3478 1409 3848 1466 aediﬁcatum

2208 1512 2316 1570 est,
2339 1504 2466 1558 anni
2504 1504 2782 1573 quingenti
2812 1503 3128 1573 nonaginta.
3153 1503 3200 1558 A
3223 1503 3399 1574 prima
3425 1513 3626 1559 autem
3661 1502 3851 1559 aediﬁ-

2209 1596 2424 1651 catione
2455 1594 2637 1665 templi
2681 1595 2781 1650 sub
2809 1593 3100 1650 Salomone
3140 1610 3314 1666 usque
3342 1595 3411 1650 ad
3451 1595 3843 1651 novissimam

2212 1687 2331 1757 ejus
2382 1687 2617 1754 ruinam,
2647 1702 2768 1757 qua:
2811 1688 2912 1742 sub
2959 1687 3295 1758 Vespasiano
3350 1687 3496 1743 facta
3534 1696 3655 1752 est,
3708 1687 3848 1741 anni

519 1779 761 1836 virorum
799 1778 976 1849 gladio
1001 1788 1055 1834 et
1081 1779 1224 1835 fame
1254 1780 1500 1850 periisse,
1533 1789 1587 1835 et
1612 1779 1716 1834 alia
1752 1788 1967 1835 centum
1997 1778 2116 1833 mil-
2142 1773 2189 1833 B
2217 1781 2496 1851 quingenti
2546 1779 2838 1852 nonaginta
2885 1779 3034 1836 mille
3089 1780 3304 1836 ducenti
3359 1779 3515 1853 [anni
3562 1780 3851 1836 undecies

517 1869 591 1928 lia
620 1871 952 1944 captivorum
982 1871 1194 1942 publice
1242 1873 1569 1928 venundata.
1620 1872 1692 1929 Ut
1735 1883 1914 1928 autem
1956 1879 2107 1926 tanta

2218 1873 2430 1928 centeni
2459 1869 2673 1944 et‘duo]

652 2033 3663 2060 Μ

1546 2178 1657 2257 ΙΝ
1738 2173 2134 2254 LIBRUM

595 2423 874 2483 Secundus
902 2421 1041 2480 liber
1065 2421 1501 2478 Machabaeorum
1527 2419 1796 2486 Historiae,
1829 2419 1954 2475 licet
1982 2420 2109 2476 bre-

519 2516 640 2573 vior
659 2515 731 2571 sit
756 2514 923 2585 priori
947 2512 1187 2583 ejusdem
1211 2512 1390 2583 operis
1417 2512 1557 2568 libro
1597 2512 1652 2566 in
1693 2511 1951 2566 historica
1981 2525 2110 2564 nar-

521 2609 759 2674 ratione,
788 2607 1093 2676 antiquiora
1115 2614 1296 2660 tamen
1327 2606 1704 2673 quadantenns
1732 2603 1959 2676 replicat
1981 2611 2116 2658 tem-

520 2713 678 2772 pora,
722 2705 947 2766 excepto
984 2695 1127 2766 quod
1153 2694 1242 2749 ille
1272 2694 1566 2748 Alexandri
1602 2693 1777 2765 Magni
1809 2693 2118 2749 Macedonis

523 2790 582 2845 in
633 2788 898 2860 principio
941 2786 1025 2842 sui
1073 2787 1295 2842 brevem
1342 2784 1470 2840 facit
1523 2785 2115 2840 commemorationem.

522 2880 662 2938 Nam
687 2889 742 2936 et
769 2878 980 2935 Seleuci
1007 2877 1171 2950 regis,
1209 2883 1568 2947 cognomento
1597 2876 1905 2942 Nicanoris,
1947 2876 1998 2929 in
2025 2873 2120 2929 Ju-

525 2973 670 3028 daios
715 2976 1105 3026 commemorat
1158 2969 1263 3025 iste
1312 2966 1609 3034 beneﬁcia,
1665 2983 1826 3037 quem
1880 2966 2117 3021 Historia

2213 2173 2807 2253 SECUNDUM.

2215 2418 2301 2474 nis
2343 2417 2615 2473 undecim.
2666 2417 2970 2474 Antiochus
3007 2417 3251 2491 Eupator
3290 2419 3450 2476 annis
3491 2419 3748 2490 duobus,
3789 2431 3848 2477 et

2217 2509 2526 2565 Demetrius
2572 2508 2769 2566 Sother
2799 2511 2956 2566 annis
2992 2511 3298 2578 duodecim,
3337 2513 3431 2583 qui
3459 2521 3597 2568 sunt
3641 2514 3779 2569 anni
3809 2531 3842 2568 a

2219 2600 2487 2672 principio
2534 2600 2687 2672 regni
2737 2601 2950 2658 Seleuci
3002 2601 3322 2670 Nicanoris,
3366 2604 3520 2676 regis
3551 2603 3759 2676 Syria,
3809 2622 3839 2660 a

2225 2708 2333 2763 quo
2377 2692 2880 2763 regni-Graecorum
2912 2704 3298 2766 computantur
3333 2704 3619 2766 tempora,
3661 2713 3843 2770 usque

2227 2783 2295 2838 ad
2325 2782 2488 2838 ﬁnem
2534 2783 2793 2838 Demetrii
2831 2787 3132 2841 centesimo
3179 2788 3522 2860 sexagesimo
3561 2791 3838 2856 secundo,

2227 2873 2424 2943 quibus
2455 2870 2779 2940 adjiciantur
2803 2876 2929 2930 anni
2971 2885 3178 2946 septem
3207 2877 3275 2932 de
3301 2891 3469 2949 regno
3500 2879 3840 2946 Alexandri,

2228 2966 2318 3036 qui
2350 2964 2602 3034 ignobilis
2627 2971 2681 3018 et
2707 2965 2956 3032 vitiosus,
2987 2967 3348 3039 indignusque
3373 2969 3526 3041 regia
3558 2970 3842 3041 dignitate

525 3060 920 3130 Antiquitatum
954 3057 1175 3128 Josephi
1204 3067 1258 3114 et
1304 3059 1560 3114 chronica
1594 3057 1810 3112 Eusebii
1853 3064 2122 3112 testantur
2151 3071 2197 3134 ρ
2228 3073 2259 3111 a
2287 3055 2544 3126 Pompeio
2575 3053 2754 3126 Trogo
2782 3055 3146 3123 describitur,
3179 3059 3272 3114 sed
3309 3073 3434 3114 cum
3470 3075 3720 3131 regnum
3759 3071 3843 3116 te

525 3151 739 3208 Judzeos
791 3151 846 3206 in
880 3150 1154 3221 republica
1196 3165 1291 3205 sua
1342 3151 1499 3222 digne
1542 3149 1753 3204 eﬁicere
1802 3147 2111 3221 [effecisse],

527 3250 584 3300 et
618 3258 833 3314 aequum
862 3242 942 3298 eis
988 3235 1247 3297 honorem
1280 3257 1402 3296 cum
1434 3241 1824 3296 habitatoribus
1873 3240 2119 3296 Macedo-

526 3333 687 3390 nibus
718 3342 772 3388 et
807 3330 1010 3388 Gl‘aacis
1048 3334 1368 3404 deputasse;
1427 3332 1676 3388 similiter
1725 3341 1780 3386 et
1819 3331 2121 3387 Antiochus

529 3425 776 3497 Magnus,
829 3425 1150 3480 testantibus
1199 3440 1360 3495 supra
1410 3424 1726 3479 memoratis
1777 3425 2120 3480 auctoritati-

530 3515 632 3570 bus
658 3557 673 3581 ,
722 3530 815 3572 eos
849 3517 1055 3571 crebris
1097 3517 1340 3586 epistolis
1381 3517 1593 3580 laudat,
1638 3528 1692 3572 et
1732 3519 2122 3589 multiplicibus

531 3602 848 3662 muneribus
893 3608 1076 3662 donat.
1125 3607 1298 3663 [labet
1346 3608 1742 3679 quodammodo
1795 3609 1932 3664 idem
1985 3609 2123 3664 liber

531 3699 806 3754 diversam
835 3714 864 3752 a
906 3699 1075 3769 priori
1111 3699 1500 3766 narrationem,
1541 3701 1632 3755 sed
1670 3708 1848 3756 tamen
1881 3700 2122 3755 historiae

533 3804 642 3844 non
674 3789 903 3843 destruit
931 3790 1212 3844 veritatem
1246 3807 1260 3843 :
1291 3791 1417 3859 quia
1453 3789 1574 3846 licet
1623 3790 1792 3844 multa
1822 3791 2020 3860 prioris
2052 3790 2120 3846 li-

531 3880 618 3936 bri
648 3880 925 3936 contineat
967 3889 1311 3948 testamenta,
1358 3890 1539 3938 tamen
1569 3882 1825 3936 nonnulla
1847 3883 2123 3937 interserit

534 3986 656 4042 quae
683 3971 737 4026 in
763 3971 853 4028 illo
877 3987 984 4027 non
1014 3972 1380 4028 inveniuntur.
1416 3972 1645 4042 Scriptis
1670 3973 1814 4028 enim
1849 3971 1916 4027 ab
1943 3973 2029 4029 his
2049 3974 2126 4028 vi-

533 4063 692 4118 detur
717 4066 810 4134 qui
840 4067 1035 4120 morati
1062 4075 1186 4122 sunt
1232 4068 1286 4122 in
1331 4077 1477 4122 terra
1506 4065 1666 4132 Juda,
1711 4067 1779 4121 ad
1819 4081 1912 4122 eos
1944 4068 2035 4138 qui
2067 4067 2121 4123 in

536 4156 736 4210 exteris
759 4155 1013 4228 fugerunt
1041 4159 1371 4229 regionibus.
1405 4159 1557 4216 Unde
1584 4161 1724 4216 idem
1749 4160 1822 4216 ita
1852 4161 2058 4232 incipit.

1057 4271 1284 4329 CAPUT
1329 4273 1619 4329 PRIMUM.

535 4339 741 4396 Judazia
780 4343 834 4416 in
862 4341 1095 4416 ﬁgypto
1127 4345 1308 4398 dicunt
1345 4343 1525 4398 Judwi
1563 4343 1945 4416 Hierosolymis
1977 4344 2123 4416 salu-

2225 3148 2410 3203 nuisse
2435 3145 2777 3202 describatur
2796 3149 2953 3204 annis
2983 3149 3172 3206 decem
3195 3149 3434 3223 [septem
3457 3149 3504 3224 ],
3538 3152 3691 3208 ﬁunt
3709 3170 3843 3211 cen-

2225 3248 2338 3295 tum
2371 3242 2651 3312 sexaginta
2691 3257 2908 3302 novem.
2955 3240 3208 3298 Dicamus
3259 3251 3315 3296 et
3362 3242 3554 3309 aliter,
3611 3246 3840 3315 primus

2224 3342 2348 3404 post
2371 3334 2739 3391 Alexandrum
2765 3334 2910 3391 Asiae
2938 3331 3502 3403 regnavitAntigonus
3545 3335 3717 3389 annis
3747 3337 3840 3391 de-

2226 3441 2344 3481 cem
2371 3436 2426 3481 et
2452 3441 2647 3482 novem
2672 3444 2687 3492 ;
2718 3436 2841 3497 post
2864 3441 3027 3496 quem
3049 3423 3374 3489 Demetrius,
3405 3423 3496 3493 qui
3530 3432 3590 3478 et
3623 3422 3840 3480 Polior-

2226 3527 2390 3584 cetes,
2450 3519 2699 3588 regnavit
2747 3519 2933 3574 decem
2976 3524 3032 3571 et
3073 3523 3280 3585 septem
3318 3513 3496 3568 annis.
3539 3512 3648 3570 Hic
3702 3530 3837 3586 ergo

2227 3609 2536 3664 Demetrius
2580 3609 2791 3665 decimo
2835 3607 3064 3679 septimo
3105 3621 3249 3660 anno
3279 3605 3433 3677 regni
3457 3605 3543 3659 sui
3574 3607 3839 3677 semetip-

2227 3714 2344 3753 sum
2381 3697 2610 3754 Seleuco
2639 3699 2887 3765 tradidit,
2934 3706 2986 3752 et
3029 3695 3313 3765 conjuncta
3359 3701 3444 3751 est
3481 3694 3617 3750 Asia
3661 3711 3835 3768 regno

2228 3788 2402 3862 Syria:
2429 3805 2574 3845 anno
2603 3788 2819 3846 Seleuci
2858 3788 3144 3844 Nicanoris
3183 3787 3444 3858 vigesimo
3493 3795 3725 3843 octavo.
3774 3788 3831 3843 Si

2227 3901 2357 3958 ergo
2377 3887 2706 3958 coeperimus
2733 3893 3048 3956 computare
3069 3897 3215 3938 nunc
3253 3882 3452 3938 seriem
3492 3897 3777 3939 annorum
3799 3899 3830 3938 a

2225 3981 2404 4051 primo
2446 3995 2590 4035 anno
2638 3980 2810 4051 regni
2839 3977 3116 4049 Antigoni,
3160 3975 3254 4046 qui
3302 3976 3554 4048 regnavit
3600 3976 3656 4032 in
3701 3976 3826 4032 Asia

2227 4072 2385 4127 annis
2433 4081 2640 4143 septem
2679 4081 2971 4140 antequam
3019 4067 3279 4124 Seleucus
3309 4067 3365 4123 in
3396 4067 3556 4139 Syria
3593 4084 3829 4140 regnare

2227 4162 2502 4232 coepisset,
2549 4169 2924 4233 praeponentes
2965 4160 3182 4216 eosdem
3205 4167 3412 4230 septem
3438 4174 3615 4216 annos
3653 4176 3825 4232 regno

2229 4251 2463 4317 Seleuci,
2508 4262 2564 4308 et
2608 4269 2674 4308 eo
2722 4251 2883 4308 modo
2922 4259 3233 4322 computum
3283 4265 3548 4307 annorum
3594 4266 3823 4324 regnum

2230 4343 2402 4415 Syria:
2426 4359 2599 4414 usque
2624 4344 2691 4400 ad
2718 4343 3072 4399 novissimum
3107 4357 3309 4398 annum
3333 4342 3595 4398 Demetrii
3627 4342 3825 4400 Some-

609 4422 728 4504 f‘j’j‘;
760 4412 1415 4504 έιξίξίέερξιειρςςξξῇξίεξξ
1457 4417 1511 4504 in
1539 4415 2123 4504 ,ιξίηιρέοηέὙρυιςφεΡς
2151 4436 2202 4495 ι)
2227 4435 2304 4489 ris
2340 4435 2777 4504 perduxerimus,
2826 4448 3036 4489 summa
3085 4432 3284 4503 prioris
3327 4433 3538 4488 numeri
3583 4442 3700 4489 tota
3751 4435 3816 4490 ibi

607 4482 723 4556 igne
751 4483 1000 4552 sacriﬁcii
1030 4485 1331 4556 abscondito
1367 4487 1420 4538 in
1462 4495 1633 4556 puteo.
1655 4482 1856 4539 'Oratio
1889 4484 2123 4540 Neemia:

515 4603 520 4607 .
609 4553 731 4606 talis
753 4565 884 4616 erat,
913 4556 1052 4624 quod
1095 4557 1200 4624 regi
1235 4553 1520 4609 Persarum
1555 4557 1893 4624 manifestum
1923 4557 2125 4625 factum

607 4634 682 4676 est
730 4625 1044 4678 miraculum
1086 4626 1390 4680 mutationis
1432 4627 1564 4696 ignis
1603 4635 1652 4679 et
1692 4643 1842 4698 aqua:
1867 4637 1912 4681 et
1938 4643 1966 4680 ε
1997 4643 2124 4680 coa-
2168 4643 2170 4646 ·

612 4710 776 4748 verso.

609 4785 889 4841 Fratribus
933 4788 1023 4858 qui
1048 4797 1168 4842 sunt
1196 4805 1288 4860 per
1326 4788 1618 4860 ngyptum
1659 4788 1865 4846 Judwis
1905 4791 2125 4847 salutem

539 4874 717 4929 dicunt
741 4877 930 4945 lratres
956 4878 1044 4949 qui
1073 4887 1193 4932 sunt
1221 4878 1274 4933 in
1299 4877 1641 4950 Jerosolymis
1663 4879 1862 4946 Judwi,
1885 4893 1933 4936 et
1959 4883 2050 4952 qui
2073 4884 2128 4937 in

539 4969 748 5041 regione
794 4969 1008 5036 Judaza,
1065 4981 1168 5025 etc.
1225 4971 1532 5026 Demetrius
1582 4972 1671 5027 hic
1717 4971 1858 5043 (sub
1916 4988 2023 5042 quo
2069 4989 2127 5029 se

539 5074 728 5118 orasse
776 5058 1173 5134 Jerosolyinita:
1231 5062 1710 5135 commemorant)
1778 5063 1834 5118 in
1893 5063 2128 5136 Aigypto

541 5155 869 5211 constitutus
903 5156 1020 5226 ipse
1067 5165 1150 5211 est
1180 5176 1192 5209 :
1224 5157 1315 5226 qui
1352 5165 1475 5225 post
1522 5155 1849 5209 Antiochum
1895 5155 2130 5224 Eupato-

542 5263 658 5302 rem
685 5249 825 5305 Asia:
854 5258 908 5305 et
940 5249 1111 5322 Syrize
1137 5251 1404 5323 regnavit,
1442 5249 1533 5320 qui
1561 5257 1613 5304 et
1643 5249 1758 5320 ipse
1784 5249 2130 5320 cognomina-

544 5346 632 5394 tus
663 5338 890 5408 Sothcr,
935 5343 1038 5396 hoc
1078 5351 1161 5396 est
1190 5342 1448 5397 salvator.
1491 5341 1549 5394 ln
1587 5342 1730 5395 hunc
1772 5343 1916 5396 enim
1960 5359 2122 5397 anno-

529 5447 666 5528 lrum
698 5450 953 5490 numerus
980 5436 1067 5490 hic
1096 5445 1438 5507 computatus
1465 5443 1549 5490 est
1567 5475 1582 5500 ,
1627 5435 1730 5491 hoc
1756 5445 1858 5503 est,
1901 5438 2132 5493 centesi-

528 5525 667 5608 Lmus
699 5526 1067 5594 sexagesimus
1104 5543 1296 5593 nonus,
1347 5528 1602 5583 decurrit.
1651 5526 1787 5581 Nam
1832 5525 2130 5584 Antiochus

545 5617 877 5690 Epiphanes,
924 5621 1014 5690 qui
1043 5631 1164 5690 post
1197 5623 1550 5678 centesimum
1581 5623 1912 5678 tricesimum
1963 5625 2128 5695 septi-

529 5691 696 5781 fnium
725 5711 880 5796 regni
907 5709 1218 5767 Graecorum
1263 5713 1425 5783 cmpit
1463 5727 1708 5785 regnare,
1760 5691 2127 5785 regnavit—an-

2227 4527 2519 4583 iuvenitur.
2569 4524 2675 4581 Sed
2715 4525 2914 4580 mirum
2951 4524 3221 4595 quomodo
3262 4525 3316 4579 in
3348 4525 3706 4594 sequentibus
3743 4527 3813 4582 di-

2227 4623 2383 4670 catur
2408 4613 2576 4670 Judas
2621 4615 2676 4669 in
2722 4613 3020 4669 centesimo
3065 4613 3398 4684 octogesimo
3440 4625 3640 4669 octavo
3678 4631 3817 4670 anno

2227 4721 2351 4761 cum
2391 4714 2581 4760 senatu
2628 4705 2963 4772 Aristobulo,
3013 4706 3277 4777 magistro
3322 4705 3606 4761 Ptolomaei
3653 4710 3816 4779 regis,

2227 4796 2429 4852 dixisse
2463 4796 2695 4852 salutem
2725 4805 2781 4852 et
2826 4797 3113 4852 mandasse
3152 4797 3218 4852 de
3257 4796 3639 4866 puriﬁcatione
3687 4808 3817 4856 tem-

2226 4886 2321 4957 pli,
2345 4902 2511 4957 quam
2544 4888 2646 4959 ipsi
2687 4887 2884 4943 facturi
2925 4896 3084 4942 erant
3127 4887 3315 4958 quinta
3343 4896 3401 4943 et
3428 4890 3691 4945 vicesima
3735 4892 3817 4948 die

2227 4980 2433 5034 mensis
2461 4978 2690 5044 Casleu;
2748 4995 2872 5034 cum
2919 4978 3085 5035 Judas
3133 4980 3189 5036 in
3228 4981 3396 5052 priori
3442 4982 3584 5040 libro
3631 5000 3813 5056 supra-

2229 5071 2373 5126 dicto
2401 5071 2675 5127 Demetrio
2707 5072 2923 5126 vivente
2951 5071 3164 5143 legatur
3201 5073 3371 5129 multo
3409 5084 3538 5131 ante
3578 5091 3706 5132 esse
3730 5078 3814 5134 de-

2228 5162 2447 5220 functus
2481 5183 2492 5218 ε
2538 5165 2804 5234 siquidem
2845 5172 2997 5219 sexto
3045 5179 3187 5222 anno
3231 5167 3491 5222 Demetrii
3521 5170 3809 5224 secundum

2230 5255 2610 5310 chronicoruin
2648 5255 2808 5310 ﬁdem
2830 5255 3106 5311 invenitur
3144 5258 3379 5313 occisus.
3424 5257 3534 5314 Sed
3570 5262 3699 5330 quia
3733 5262 3802 5316 in-

2231 5348 2363 5400 certi
2414 5355 2540 5402 sunt
2578 5348 2682 5416 ipsi
2721 5355 2970 5403 auctores
3010 5349 3291 5414 librorum,
3332 5366 3440 5406 non
3483 5353 3720 5408 absurde
3739 5355 3811 5408 vi-

2230 5437 2429 5492 dentur
2498 5437 2551 5491 in
2627 5437 3031 5508 computatione
3097 5449 3400 5509 temporum
3462 5441 3806 5512 discrepare,

2230 5530 2466 5584 maxime
2507 5545 2629 5584 cum
2681 5529 2735 5582 in
2776 5529 3036 5600 legalibus
3077 5529 3228 5585 libris
3275 5530 3420 5585 LXX
3456 5531 3806 5603 lnterpretum

2230 5621 2396 5676 editio
2418 5635 2541 5674 cum
2577 5619 2844 5676 llebraica
2886 5621 3115 5678 veritate
3159 5621 3214 5676 in
3255 5632 3508 5693 computo
3549 5639 3805 5686 annorum

2232 5718 2460 5777 multum
2488 5717 2754 5781 discordet
