4028 6462
262 389 402 446 i225

973 383 1328 444 COMMENT.
1370 382 1438 439 IN
1475 378 1722 438 LIBROS
1758 376 2330 439 MACHABEORUM.
2363 385 2440 422 '-—
2473 376 2711 436 IN'LIB.
2745 376 2812 434 II.

3381 375 3522 432 {226

335 504 449 559 Nos
467 501 644 559 Judaei
663 504 961 576 scripsimus
980 509 1122 562 vobis
1140 506 1544 580 inltribulatione
1557 514 1604 560 et
1620 506 1834 575 impetu,
1863 505 1918 565 Α
1941 502 2063 557 mite
2091 501 2307 571 scriptis
2329 507 2422 554 aut
2440 498 2598 555 dictis
2625 496 2822 553 alicubi
2848 493 3089 565 reperire
3107 493 3398 564 potuimus,
3417 494 3523 551 sic-

260 597 350 668 qui
374 596 661 666 supervenit
690 595 835 651 nobis
863 598 920 652 in
936 599 1050 653 istis
1073 600 1226 653 annis
1245 639 1260 665 ,
1287 605 1392 654 etc.
1413 595 1582 651 lason
1607 597 1723 666 ipse
1756 602 1840 651 est

259 685 432 743 frater
465 682 615 743 Oniae
651 687 940 758 pontiﬁcis,
986 705 1144 759 quem
1192 690 1471 760 sequentia
1513 687 1673 743 istius
1713 686 1838 741 libri

259 787 488 835 narrant
513 779 580 833 ad
604 777 929 834 Antiochum
952 779 1308 850 Epiphanem,
1333 781 1438 834 hoc
1462 787 1546 834 est
1579 777 1836 844 nobilem,

260 878 482 941 propter
527 870 876 926 ambitionem
924 872 1119 925 summi
1164 871 1452 926 sacerdotii
1491 868 1835 936 convolasse,

261 965 419 1034 eique
446 964 774 1034 persuadere
797 971 858 1020 ut
881 963 1136 1035 gentilem
1170 963 1334 1019 ritum
1377 962 1727 1034 lerosolymis
1755 962 1838 1017 in-

262 1056 529 1112 stituenet.

333 1147 570 1221 Populus
596 1152 687 1222 qui
719 1159 793 1207 est
828 1150 1166 1222 Jerosolymis
1191 1161 1240 1206 et
1277 1152 1335 1205 in
1367 1151 1562 1206 Judtea
1600 1158 1840 1205 senatus-

265 1257 383 1312 que,
413 1251 518 1297 etc.
561 1242 901 1299 Aristobolus
931 1243 1020 1298 hic
1047 1243 1266 1299 natione
1316 1241 1417 1298 fuit
1459 1241 1694 1307 Iudaeus,
1743 1239 1840 1296 sed

263 1332 653 1403 Peripateticus
693 1336 1046 1406 philosophus
1082 1351 1203 1393 esse
1248 1338 1578 1408 agnoscitur,
1633 1335 1725 1406 qui
1771 1335 1840 1391 ad

268 1426 687 1483 Philometorem
734 1428 1080 1484 Ptolemaeum
1129 1429 1566 1500 explanationum
1598 1429 1653 1483 in
1689 1427 1836 1500 Moy-

262 1533 359 1574 sen
393 1517 828 1576 Commentarios
870 1521 1118 1590 scripsit,
1175 1529 1237 1575 ut
1271 1521 1668 1593 chronographi
1708 1535 1837 1592 pro-

261 1608 416 1675 dunt,
446 1625 555 1678 quo
583 1619 638 1665 et
663 1617 902 1680 tempore
925 1610 1094 1681 Syrias
1113 1619 1170 1668 et
1194 1611 1336 1668 Asiae
1361 1613 1624 1683 regnabat
1648 1611 1839 1669 Antio-

260 1699 395 1755 chus
421 1700 745 1772 Epiphanes.

331 1791 412 1846 De
450 1793 656 1863 magnis
682 1793 932 1864 periculis
957 1794 1124 1849 a'Deo
1163 1795 1368 1850 liberati
1412 1798 1687 1868 magniﬁce
1717 1813 1838 1868 gra-

261 1883 361 1937 tias
409 1884 612 1953 agimus
662 1887 803 1955 ipsi,
859 1893 966 1942 etc.
1024 1886 1265 1954 Qualiter
1306 1866 1838 1946 attwvantiochus
1865 1866 1914 1927 Β

259 1971 584 2043 Epiphanes,
611 1975 703 2045 qui
741 1975 882 2030 mala
921 1975 1120 2032 Judteis
1149 1978 1288 2033 ultra
1313 1994 1502 2035 omnes
1546 1995 1703 2051 reges
1746 1982 1839 2050 qui
1932 1977 1938 2014 ί

263 2072 388 2119 ante
412 2081 470 2120 se
497 2064 714 2121 fuerunt
751 2067 806 2121 in
837 2066 996 2138 Syria
1019 2068 1312 2140 indigebat,
1344 2087 1569 2143 regnum
1594 2073 1841 2144 perdide-

263 2155 356 2222 rit,
383 2156 623 2212 ctvitam
650 2157 869 2222 ﬁnierit,
903 2158 1041 2214 liber
1061 2161 1213 2230 prior
1238 2162 1480 2217 historia:
1506 2163 1662 2218 istius
1686 2179 1838 2219 com—

261 2256 544 2313 memorat,
594 2258 649 2304 et
689 2249 955 2322 Josephus
1004 2254 1058 2308 in
1106 2253 1453 2309 historiarum
1490 2256 1843 2327 Antiquitatis

260 2337 497 2394 Iudaica:
524 2339 678 2411 {libro
703 2342 1021 2398 duodecimo
1057 2351 1290 2399 testatur
1316 2345 1502 2401 dicens
1533 2365 1545 2399 :
1570 2346 1686 2402 Rex
1732 2348 1847 2402 An-

262 2435 493 2500 tiochus,
522 2437 855 2506 superiorem
880 2437 1214 2508 provinciam
1245 2451 1592 2508 percurrens,
1639 2439 1846 2495 audivit

262 2527 538 2583 civitatem
563 2529 851 2584 Persarum
881 2529 1084 2584 divitiis
1115 2529 1490 2596 excellentem,
1525 2531 1845 2588 Elimaidam

262 2618 511 2685 nomine;
543 2619 1102 2689 pretiosissimumque
1129 2621 1389 2691 templum
1417 2623 1473 2677 in
1499 2637 1563 2677 ea
1591 2624 1773 2679 Dianas
1791 2633 1848 2680 et

263 2707 408 2760 omni
473 2707 651 2776 specie
706 2719 1152 2763 ornamentorum
1212 2709 1460 2779 plenum;
1520 2711 1741 2782 insuper
1793 2720 1848 2768 et

264 2809 416 2849 arma
449 2803 505 2851 et
551 2797 750 2852 loricas
789 2798 1071 2867 reliquisse
1118 2801 1365 2856 audierat
1411 2802 1578 2857 tilium
1616 2803 1848 2875 Philippi

267 2899 451 2955 regem
502 2885 854 2942 Macedonum
909 2887 1296 2944 Alexandrum.
1359 2891 1674 2948 Commotus
1720 2909 1851 2966 ergo

266 2975 544 3045 egreditur
567 2986 759 3032 contra
785 2977 1137 3044 Elimaidam,
1178 2987 1232 3034 et
1256 2981 1539 3038 obsidebat
1570 2999 1691 3038 eam
1725 3003 1738 3038 :
1765 2985 1851 3041 his

264 3079 396 3119 vero
423 3065 516 3135 qui
566 3066 621 3120 iu
666 3081 730 3122 ea
775 3075 932 3122 erant
979 3068 1200 3124 minimc
1229 3071 1434 3126 territis
1484 3073 1687 3143 impetu
1735 3074 1850 3145 ejus

270 3170 448 3226 neque
495 3157 836 3225 obsessione,
879 3159 976 3214 sed
1007 3160 1364 3230 pertinaciter
1401 3165 1848 3236 repugnantibus,

1942 603 2003 649 ut
2056 609 2158 649 nec
2201 592 2330 648 illud
2370 591 2512 661 quod
2555 590 2610 644 in
2646 586 3040 660 posterioribus
3078 584 3145 639 de
3181 600 3321 641 arca:
3349 595 3405 640 et
3437 597 3524 642 ta-

1938 683 2217 739 bernaculi
2247 682 2601 738 absconsione
2626 695 2724 750 per
2750 677 3039 734 Jeremiam
3067 686 3340 744 asserunt,
3371 678 3520 736 nullo

1940 775 2101 830 modo
2129 774 2184 829 in
2223 773 2393 844 ipsius
2417 771 2667 827 Jeremise
2691 769 2831 824 libro
2871 769 3133 840 scriptum
3163 770 3395 824 inveniri
3422 785 3524 841 ροι

1940 873 2064 922 test.
2121 864 2272 921 Unde
2312 871 2526 920 constat
2573 864 2677 918 hoc
2717 861 2839 916 illos
2869 869 2962 916 aut
2995 862 3260 932 majorum
3301 877 3522 917 suorum

1939 959 2228 1015 traditione
2268 958 2542 1022 didicisse,
2576 965 2669 1011 aut
2694 956 2750 1011 in
2787 956 3112 1026 apocryphis
3143 970 3330 1011 eorum
3372 955 3527 1011 libris

1940 1059 2163 1106 exarata
2185 1051 2469 1120 reperisse.
2514 1047 2624 1103 Nos
2659 1063 2809 1118 ergo,
2845 1048 2986 1116 quod
3020 1048 3287 1102 incertum
3313 1056 3395 1102 est
3419 1062 3526 1101 non

1940 1143 2153 1198 curiose
2201 1141 2559 1212 inquirentes,
2609 1140 2678 1194 ad
2714 1154 2778 1195 ea
2805 1155 2924 1208 quae
2963 1148 3110 1194 certa
3142 1141 3528 1196 canonicorum

1939 1233 2204 1289 librorum
2225 1231 2576 1290 attestatione
2595 1245 2719 1287 esse
2749 1229 3098 1288 manifestum
3123 1238 3226 1298 est,
3257 1230 3527 1288 calamum

1941 1322 2344 1385 convertamus.

2534 1457 2764 1516 CAPUT
2825 1458 2913 1517 Ill.

1941 1596 2189 1653 Prodidit
2223 1595 2574 1668 Simonidona
2609 1595 2783 1668 templi
2827 1596 2922 1651 Dei
2949 1615 2968 1663 ;
3005 1597 3232 1668 mittitur
3274 1597 3532 1653 Heliodoo

2013 1685 2104 1750 rus
2145 1678 2202 1750 ut
2242 1685 2305 1722 ea
2328 1667 2572 1750 auferat;
2598 1668 2854 1750 sacerdos
2868 1676 2926 1750 et.
2936 1667 3162 1748 populus
3186 1667 3531 1750 deprecantur

2012 1738 2403 1820 quinumnut
2459 1738 2695 1820 deposita
2742 1737 3127 1792 custodiantur.
3183 1737 3525 1820 Heliodorus,

2013 1808 2187 1863 volens
2208 1807 2435 1879 spoliare
2470 1807 2739 1878 templum,
2775 1817 3042 1879 correptus
3071 1817 3147 1864 est
3173 1827 3192 1866 :
3224 1807 3478 1864 liberatur
3503 1825 3536 1862 a

2013 1878 2170 1949 plaga
2204 1895 2296 1949 per
2323 1878 2644 1949 sacriﬁcium
2672 1877 2924 1934 oblatum.

2012 1894 2170 1951 plaga
2204 1895 2296 1950 per
2323 1894 2644 1949 sacrtpctum
2672 1894 2924 1934 ootatum.

2015 2059 2194 2131 Igitur
2217 2075 2335 2114 cum
2365 2069 2552 2115 sancta
2579 2061 2759 2116 ciuitas
2791 2061 3118 2117 habitaretur
3140 2064 3196 2117 in
3222 2066 3365 2119 omni
3389 2082 3535 2136 pace,

1945 2158 2051 2206 etc.
2081 2149 2251 2219 Igitur
2273 2151 2400 2220 quia
2430 2151 2566 2206 varii
2596 2153 2695 2207 sub
2720 2151 2950 2208 diversis
2972 2153 3188 2225 regibus
3217 2165 3374 2210 erant
3399 2172 3536 2227 pon-

1946 2242 2144 2306 tiﬁces,
2178 2244 2548 2300 necessarium
2582 2245 2943 2314 judicavimus
2984 2244 3141 2314 juxta
3173 2248 3538 2303 narrationem

1946 2337 2509 2409 historiographorum
2541 2339 2760 2394 nomina
2788 2340 3020 2395 recitare
3043 2339 3262 2394 illorum
3285 2340 3376 2410 qui
3409 2355 3542 2410 pon-

1947 2428 2212 2485 tiﬁcatum
2241 2445 2429 2501 regum
2473 2432 2808 2502 temporibus
2834 2433 3159 2496 habuerunt,
3206 2446 3307 2485 nec
3350 2445 3456 2484 non
3488 2436 3544 2483 et

1949 2533 2136 2575 eorum
2163 2520 2258 2591 qui
2281 2530 2406 2592 post
2439 2522 2806 2591 captivitatem
2845 2521 3154 2593 Babyloniae
3180 2522 3236 2576 in
3262 2530 3420 2592 gente
3449 2518 3543 2573 Ju-

1951 2612 2063 2666 daea
2092 2611 2329 2676 fuerunt,
2363 2619 2424 2666 ut
2447 2627 2513 2668 ea
2536 2612 2734 2667 clarior
2760 2620 3018 2683 appareat
3046 2611 3289 2667 historiae
3310 2610 3535 2664 veritas.

1950 2700 2167 2758 Primus
2209 2702 2474 2773 siquidem
2519 2701 2732 2758 Sadoch
2769 2701 3012 2772 pontifex
3042 2700 3143 2756 fuit
3186 2699 3368 2770 templi
3399 2700 3542 2770 quod

1953 2791 2209 2850 Salomon
2238 2793 2556 2859 aediﬁcavit;
2592 2802 2716 2862 post
2743 2810 2865 2849 eum
2891 2809 3020 2850 vero
3057 2791 3366 2855 Achimaas,
3403 2789 3546 2844 ﬁlius

1953 2880 2090 2951 ejus,
2120 2883 2174 2936 in
2200 2884 2463 2937 honorem
2489 2883 2776 2949 successit;
2801 2891 2925 2953 post
2954 2883 3097 2936 hunc
3125 2888 3304 2935 autem
3333 2878 3538 2943 Joraui,

1954 2984 2009 3030 et
2036 2983 2158 3044 post
2183 2990 2307 3029 eum
2331 2974 2719 3029 Anxidranius.
2753 2973 2955 3028 Deinde
2979 2971 3164 3038 Judas,
3202 2979 3325 3041 post
3349 2968 3541 3024 ludam

1951 3081 2082 3122 vero
2128 3065 2358 3120 Sudeus.
2381 3064 2512 3119 Post
2538 3065 2681 3119 hunc
2711 3063 2900 3135 Hylus,
2939 3061 3074 3132 Hylo
3109 3075 3238 3116 vero
3283 3059 3549 3115 successit

1952 3155 2208 3213 Joatham
2235 3175 2247 3211 :
2276 3165 2388 3212 tum
2419 3171 2610 3210 rursus
2633 3154 2812 3219 Urias,
2849 3153 2992 3210 Uriae
3017 3167 3147 3208 vero
3173 3150 3384 3206 Nerias.
3415 3151 3546 3206 Post

267 3225 373 3319 sper
397 3249 656 3319 deceptus
697 3250 946 3306 decessit.
988 3225 1124 3304 Nam
1163 3261 1422 3308 exeuntes
1462 3225 1738 3312 civitatem
1766 3225 1852 3311 fu;
1877 3225 1924 3289 ο
1955 3249 2173 3305 Neriam
2231 3257 2412 3304 autem
2459 3246 2634 3302 Odeas
2683 3246 2805 3301 full»
2853 3245 2999 3301 POSt—
3043 3247 3186 3301 hunc
3240 3261 3372 3300 vero
3425 3243 3544 3299 Sel-

268 3353 551 3416 gaveruut,
583 3355 638 3402 et
663 3347 1130 3418 persequebantur
1160 3362 1284 3402 eum
1329 3361 1502 3415 usque
1530 3345 1596 3400 ad
1624 3346 1852 3419 Babylo-

268 3437 434 3504 niam,
465 3439 557 3495 ubi
583 3454 706 3495 cum
746 3449 869 3511 post
897 3443 1123 3496 multam
1152 3455 1370 3496 suorum
1415 3441 1648 3495 militum
1691 3443 1853 3498 amis-

273 3527 484 3582 sionem
513 3530 773 3596 venisset,
816 3531 1037 3601 quidam
1075 3531 1140 3585 de
1177 3528 1378 3586 Judaais
1404 3531 1673 3585 nuntiavit
1697 3532 1769 3586 illi
1800 3543 1855 3588 et

272 3617 468 3673 ducum
505 3621 886 3690 perditionem,
941 3637 1077 3692 quos
1130 3635 1371 3692 pugnare
1421 3630 1609 3676 contra
1643 3621 1855 3678 Judaeos

275 3707 584 3777 reliquerat,
617 3718 674 3765 et
703 3712 941 3767 crevisse
979 3711 1351 3767 fortitudinem
1376 3710 1702 3768 Iudaeorum.
1743 3713 1856 3768 Sub

269 3800 505 3869 priorem
538 3811 719 3872 itaque
744 3819 932 3860 curam
972 3806 1076 3860 hoc
1107 3814 1388 3862 crescente
1427 3804 1590 3874 malo,
1627 3807 1858 3863 incurrit

272 3892 326 3946 in
366 3894 773 3964 aegritudinem,
825 3913 929 3967 qua
978 3899 1070 3953 diu
1120 3910 1335 3955 tenente
1384 3908 1440 3957 et
1485 3901 1857 3958 crescentibus

270 3983 614 4051 passionibus
656 3987 921 4043 intellexit
961 3990 1104 4058 quod
1148 4000 1474 4046 moreretur.
1518 3992 1858 4048 Convocans-

274 4089 378 4143 que
409 4075 614 4131 amicos
640 4077 888 4133 morbum
928 4095 1085 4134 suum
1122 4081 1201 4135 eis
1237 4091 1479 4137 atrocem
1506 4098 1627 4138 esse
1657 4083 1861 4138 indica-

273 4171 370 4225 vit.
400 4170 694 4229 Confessus
717 4175 834 4229 htec
857 4175 978 4230 ideo
1006 4191 1064 4230 se
1090 4177 1204 4245 pati
1232 4178 1376 4246 quod
1398 4177 1706 4232 Iudaeorum
1732 4193 1860 4249 gen-

277 4271 385 4318 tem
415 4262 653 4335 aﬁligens
692 4265 951 4334 templum
996 4267 1374 4335 exspoliasset,
1417 4267 1696 4337 Deumque
1733 4283 1862 4322 con-

278 4357 620 4425 tempsisset:
649 4373 756 4428 quo
784 4357 950 4422 dicto,
987 4357 1128 4413 illico
1152 4360 1472 4428 exspiravit.
1514 4358 1668 4415 Unde
1695 4360 1864 4415 miror

274 4443 557 4516 Polybium
586 4446 1036 4517 Megalopolitam,
1068 4450 1234 4517 quod,
1280 4450 1366 4504 vir
1390 4451 1566 4504 bonus
1599 4451 1859 4517 existens,

277 4536 411 4591 dicit
453 4537 571 4594 ideo
601 4538 829 4609 periisse
868 4539 1194 4600 Antiochum
1234 4541 1360 4610 quia
1402 4540 1574 4596 voluit
1605 4543 1861 4612 templum

1955 3340 2082 3406 lam,
2113 3341 2304 3397 deinde
2347 3339 2583 3395 Elchias.
2613 3340 2741 3393 Post
2784 3339 2930 3393 hunc
2976 3338 3136 3404 Zara,
3161 3345 3216 3392 et
3243 3345 3364 3407 post
3401 3337 3546 3392 hunc

1956 3433 2059 3489 fuit
2102 3432 2388 3499 Josedecb,
2427 3434 2517 3505 qui
2550 3433 2794 3503 captivus
2826 3432 2881 3485 in
2906 3431 3255 3503 Babyloniam
3287 3431 3548 3486 deductus

1956 3536 2059 3580 est.
2088 3524 2182 3580 Isti
2230 3524 2495 3594 siquidem
2528 3524 2582 3578 in
2617 3523 2992 3592 pontiﬁcatum
3038 3521 3133 3576 ﬁlii
3163 3521 3410 3590 patribus
3454 3535 3553 3591 per

1958 3617 2206 3672 ordinem
2251 3624 2655 3672 successerunt.
2707 3614 2838 3669 Post
2870 3611 3133 3668 Josedech
3184 3621 3362 3666 autem
3408 3610 3551 3666 ﬁlius

1959 3710 2077 3782 ejus
2105 3708 2340 3764 Joannes
2368 3707 2728 3763 sacerdotium
2759 3706 2990 3775 accepit,
3027 3706 3128 3760 sub
3157 3720 3262 3774 quo
3293 3702 3552 3772 templum

1958 3800 2345 3856 remdiﬁcatum
2376 3809 2489 3865 est;
2534 3808 2732 3868 etpost
2757 3799 2901 3853 hunc
2939 3797 3185 3852 Joachim
3229 3795 3372 3850 ﬁlius
3412 3795 3550 3865 ejus.

1960 3894 2227 3949 Defuncto
2255 3902 2434 3948 autem
2472 3901 2526 3948 et
2556 3893 2660 3947 hoc
2695 3890 2932 3946 Joannes
2973 3889 3114 3944 ﬁlius
3148 3889 3265 3959 ejus
3293 3890 3554 3945 honorem

1960 3985 2243 4054 suscepit:
2277 3983 2498 4038 ﬁniente
2538 3997 2668 4036 vero
2693 3981 2861 4035 vitam
2905 3978 3111 4035 Joanne
3157 3979 3397 4034 succedit
3438 3979 3554 4049 pri-

1962 4078 2132 4133 matui
2182 4078 2526 4132 sacerdotum
2570 4075 2712 4130 ﬁlius
2754 4073 2871 4143 ejus
2908 4071 3145 4137 Jaddus,
3176 4073 3276 4126 sub
3304 4087 3412 4141 quo
3458 4086 3555 4127 rex

1961 4168 2268 4224 Alexander
2311 4169 2532 4222 Macedo
2579 4165 2971 4235 Jerosolymam
3012 4163 3179 4217 venit.
3229 4161 3359 4217 Post
3387 4177 3548 4230 quem

1963 4259 2130 4315 Onias
2160 4258 2302 4313 ﬁlius
2346 4258 2464 4330 ejus
2507 4257 2687 4311 clarus
2715 4257 2963 4310 habetur.
3007 4253 3137 4308 Post
3178 4254 3322 4307 hunc
3367 4252 3554 4307 Simon

1965 4351 2108 4405 ﬁlius
2155 4349 2290 4417 ejus,
2344 4349 2430 4402 cui
2478 4355 2892 4418 cognomentum
2937 4345 3124 4400 Justus
3171 4343 3291 4410 fuit,
3340 4353 3560 4416 propter

1966 4445 2256 4501 sollicitum
2281 4443 2337 4498 in
2361 4441 2572 4497 Domini
2610 4441 2924 4509 religionem
2950 4438 3205 4500 studium,
3247 4446 3304 4491 et
3329 4436 3384 4490 in
3411 4437 3558 4494 cives

1968 4555 2095 4594 suos
2131 4553 2357 4608 pronam
2382 4535 2749 4591 clementiam.
2797 4534 2999 4589 Deinde
3038 4530 3346 4585 Iudaeorum
3382 4531 3562 4599 ponti-

275 4627 460 4683 Dianae
510 4629 567 4683 in
607 4589 840 4686 rPersida
887 4631 1191 4686 devastare.
1237 4589 1373 4686 ﬁam
1422 4631 1515 4700 qui
1560 4589 2056 4689 nullatlenustex
2087 4589 2396 4692 Eleazarus,
2445 4625 2614 4680 frater
2641 4625 2906 4690 Simonis,
2959 4621 3198 4692 suscepit
3230 4619 3414 4691 templi
3459 4620 3534 4674 mi

278 4720 711 4792 egitpeccatum,
745 4722 840 4777 sed
875 4729 1085 4777 tantum
1108 4723 1384 4795 cogitavit,
1427 4725 1574 4780 nullo
1603 4734 1754 4780 reatu
1785 4734 1864 4780 te-

279 4813 530 4867 nebatur.
561 4811 620 4868 Si
664 4822 843 4869 autem
869 4815 1092 4887 Polybio
1134 4818 1350 4872 videtur
1379 4818 1498 4872 ideo
1539 4819 1863 4874 Antiochum

279 4904 450 4959 vitam
482 4903 708 4971 ﬁniisse,
735 4905 906 4961 multo
927 4907 1046 4976 plus
1077 4909 1368 4964 verisimile
1396 4909 1608 4964 videtur
1646 4919 1867 4981 propter

285 4997 471 5069 templi
513 4995 950 5070 Jerosolymitani
997 5001 1268 5057 excidium
1321 5000 1643 5073 sacrilegum
1685 5015 1869 5072 regem

283 5090 532 5162 periisse.
635 5095 640 5102 ‘
1109 5079 1120 5086 ’

911 5186 1140 5244 CAPUT
1167 5187 1231 5242 ll.

818 5279 1066 5352 Sequitur
1083 5288 1140 5334 ut
1163 5296 1345 5351 supra.

364 5367 586 5424 Facturi
608 5369 770 5441 igitur
791 5369 977 5440 quinta
1009 5380 1057 5424 et
1087 5370 1332 5424 vicesima
1359 5369 1444 5422 die
1466 5370 1657 5424 mensis
1685 5367 1874 5423 Casleu

291 5460 711 5531 puriﬁcationem
743 5460 954 5532 templi,
1000 5460 1350 5514 necestarium
1387 5459 1633 5513 duximus
1674 5459 1876 5529 signi/i-

293 5569 412 5608 care
440 5553 602 5620 vobis,
630 5562 738 5609 etc.
773 5550 900 5608 Haec
942 5553 1140 5623 quippe
1179 5567 1300 5623 quae
1324 5549 1758 5622 Jerosolymitani
1785 5548 1877 5606 Ju-

297 5640 396 5696 daei
419 5643 716 5700 scribentes
754 5644 822 5700 ad
846 5658 941 5700 eos
966 5643 1058 5715 qui
1083 5658 1181 5714 per
1217 5641 1509 5714 Egyptum
1539 5642 1758 5698 fuerunt
1779 5640 1879 5697 Ju-

297 5732 441 5788 dazos
462 5734 528 5788 de
553 5735 675 5805 igne
702 5745 920 5807 reperto
943 5735 1000 5790 in
1025 5744 1189 5805 puteo
1210 5735 1265 5790 in
1288 5734 1695 5790 similitudinem
1727 5752 1879 5806 aquae

297 5837 496 5882 crassa:
541 5840 824 5893 converso,
867 5842 1042 5896 neque
1087 5824 1143 5882 in
1173 5824 1377 5891 Esdrae,
1421 5841 1598 5897 neque
1621 5827 1674 5882 in
1704 5826 1878 5883 Nehe-

617 5917 891 5984 Ps'rnon.
933 5919 1100 5984 CIX.

1965 4721 2271 4785 nisterium,
2303 4718 2412 4772 ﬁlio
2443 4716 2680 4771 Simonis
2725 4715 2861 4771 Onia
2888 4729 3058 4785 parvo
3089 4712 3374 4766 admodum
3402 4711 3560 4764 dere—

1969 4813 2099 4869 licto
2132 4831 2144 4866 :
2178 4813 2270 4883 qui
2323 4811 2660 4875 Eleazarus,
2715 4807 3005 4862 Ptolemaeo
3065 4803 3416 4872 Philadelpho
3470 4816 3561 4870 pc-

1973 4913 2153 4970 tente,
2197 4903 2340 4958 LXX
2385 4903 2714 4972 lnterpretes
2763 4901 2829 4955 ad
2877 4896 3338 4967 interpretandum
3392 4895 3563 4962 legem

1975 4995 2214 5050 divinam
2258 4994 2580 5049 transmisit.
2612 4991 2742 5046 Post
2768 4989 3083 5044 Eleazarum
3114 4994 3297 5041 autem
3323 4999 3564 5038 avuncu—

1974 5086 2058 5141 lus
2087 5085 2204 5156 ejus
2233 5084 2508 5139 Manasses
2549 5082 2756 5152 accepit
2786 5079 3168 5136 sacerdotium.
3197 5076 3325 5130 Post
3353 5074 3567 5128 Manasv-

1975 5193 2073 5233 seu
2102 5192 2235 5232 vero
2271 5175 2582 5232 Iudaeorum
2629 5173 2870 5245 pontifex
2905 5173 3091 5238 Onias,
3143 5169 3382 5224 Simonis
3427 5165 3566 5222 Justi

1976 5269 2141 5335 ﬁlius,
2190 5268 2374 5325 clarus
2418 5269 2689 5323 habetur:
2719 5266 2809 5335 qui
2837 5273 3092 5320 consueta
3126 5261 3414 5317 Ptolemaeo
3453 5259 3567 5328 regi

1977 5367 2178 5421 tributa
2222 5379 2330 5419 non
2373 5362 2607 5417 reddens
2654 5359 2720 5414 ad
2770 5359 2909 5413 iram
2931 5374 3054 5412 eum
3089 5354 3317 5425 impulit.
3367 5352 3568 5409 Verum

1983 5457 2271 5527 Iosephus,
2311 5454 2456 5508 inter
2501 5467 2629 5507 suos
2669 5450 2886 5515 nobilis,
2937 5449 3144 5517 legatus
3191 5461 3222 5499 a
3257 5443 3458 5499 Iudaeis
3498 5440 3567 5494 ad

1984 5548 2329 5605 Ptolemaeum
2385 5545 2586 5600 missus
2647 5559 2769 5599 cum
2833 5539 3257 5595 familiaritatem
3317 5535 3457 5605 regis
3497 5533 3569 5588 ob

1984 5643 2215 5714 plurima
2258 5637 2549 5694 meruisset
2600 5635 2654 5690 in
2700 5650 2824 5690 eum
2877 5632 3165 5703 obsequia,
3224 5630 3328 5684 dux
3369 5625 3569 5684 ludzeae

1986 5743 2040 5790 et
2081 5733 2359 5803 regionum
2405 5728 2756 5784 ﬁnitimarum
2793 5725 3159 5782 constituitur.
3209 5719 3337 5774 Post
3373 5714 3569 5772 Oniam

1944 5837 2165 5894 autem
2190 5827 2397 5891 Simon,
2443 5822 2592 5879 Oniae
2625 5821 2790 5886 ﬁlius,
2829 5820 3133 5876 Judzcorum
3156 5809 3410 5885 ’pontifex
3453 5806 3568 5863 clao

3094 5907 3171 5966 39
