4028 6464
504 374 647 432 ιω

1175 366 1241 422 Β.
1277 362 1538 423 MBAN!
1569 359 1790 421 “UB!
1823 354 2145 421 Am.
2176 360 2495 422 MOGUN'D.
2532 361 2822 422 OPERUI
2856 360 3041 422 PARS
3074 362 3120 421 Ι.

3630 356 3781 419 ιω

503 502 599 543 ινδ
623 484 867 553 habetur.
898 481 1014 553 sub
1038 493 1148 555 quo
1173 476 1429 542 Joannes,
1466 474 1610 539 ﬁlius
1636 473 1829 553 Siraclt
1857 472 2082 544 Sapiw-
2107 478 2160 549 Δ
2184 471 2321 541 Quia
2355 483 2566 544 orante.
2614 476 2895 539 descendit
2927 492 3099 550 eques
3150 476 3431 543 terribilis,
3478 489 3641 533 arma
3677 475 3780 530 ha-

504 580 592 635 tia:
632 579 835 633 librum
882 587 1231 645 componens,
1281 584 1441 641 quem
1492 569 1708 631 vocavit
1752 568 2080 637 Pahareton,

505 672 559 727 id
584 680 669 727 est
709 670 972 726 uirtutum
1008 665 1252 722 omnium
1280 677 1555 737 capacem,
1577 668 1635 719 et
1657 659 1895 721 Simonis
1934 661 1990 715 in
2017 674 2083 716 eo

504 765 636 820 fecit
659 764 1010 819 mentionem.
1055 758 1186 814 Post
1214 755 1491 812 Simonem
1516 762 1698 813 autem
1724 751 1913 817 Onias,
1941 751 2085 809 ﬁlius

502 854 744 924 ejusdem
795 850 1051 915 Simonis,
1092 847 1321 920 insignis
1340 848 1582 905 habetur
1605 864 1618 900 :
1639 846 1706 901 ad
1728 859 1891 914 quem
1916 841 2086 900 [ιθοθῖ

502 948 892 1004 daemoniorum
935 962 1033 1001 rex
1081 943 1241 1000 Arius
1288 942 1494 1011 legatos
1526 940 1733 997 mittit:
1765 939 1955 995 habuit
2000 954 2085 995 re-

501 1048 701 1111 gnante
746 1038 919 1111 Syrim
958 1046 1013 1093 et
1056 1036 1200 1091 Asize
1244 1033 1511 1090 Antiocho
1538 1031 1728 1100 Magno
1770 1039 1825 1088 et
1857 1031 2085 1089 Seleuco

500 1130 848 1203 Philopatore
886 1131 993 1186 lilio
1022 1128 1140 1199 ejus
1175 1128 1445 1197 usque'ad
1486 1125 1812 1184 Antiochum
1850 1125 2087 1195 Epipha-

503 1238 662 1289 nem;
711 1224 814 1279 suh
842 1238 950 1292 quo
995 1220 1251 1291 pontiﬁce
1284 1217 1424 1275 Onia
1468 1219 1585 1274 haec
1609 1233 1727 1287 qua:
1755 1217 1822 1272 de
1864 1215 2086 1272 Simone

500 1312 792 1382 prmposito
836 1311 1016 1381 templi
1061 1317 1355 1364 narrantur
1380 1305 1522 1361 facta
1547 1314 1691 1367 sunt,
1731 1314 1989 1375 regnante
2027 1306 2085 1363 iu

502 1403 660 1477 Syria
687 1411 743 1458 et
766 1403 895 1457 Asia
926 1402 1152 1485 Seleucq
1186 1400 1553 1483 Philopatore,
1585 1413 1707 1452 cum
1735 1398 1997 1452 successit
2026 1397 2083 1451 in

500 1511 725 1568 regnum
768 1495 1066 1549 Antiochus
1110 1490 1437 1561 Epiphanes.
1487 1489 1675 1545 Simon
1706 1498 1907 1554 autem,
1942 1503 2082 1557 prae-

501 1588 714 1656 positus
741 1585 928 1655 templi
949 1583 1431 1654 Jerosolymorum,
1458 1581 1526 1637 ad
1551 1581 1891 1667 Apollonium
1920 1580 2083 1637 Phin-

502 1678 643 1733 nicis
673 1678 862 1753 ducem
889 1673 1226 1749 confugiens,
1258 1673 1440 1749 multis
1460 1673 1509 1727 ei
1550 1673 1862 1753 muneribus
1899 1687 2084 1749 repro-

2184 568 2320 632 bens
2339 584 2523 637 aurea,
2564 569 2657 629 ille
2686 570 2940 639 videlicet
2976 571 3044 631 de
3068 586 3178 641 quo
3211 569 3449 629 Joannes
3472 567 3530 627 in
3551 567 3787 639 Apoca-

2184 662 2321 735 lypsi
2346 679 2443 726 tua
2483 664 2724 733 scripsit,
2765 664 3181 738 dicens(Apoe.
3206 663 3378 733 xix);
3418 660 3542 718 Vidi
3580 660 3787 717 colons

2185 767 2443 827 opertum,
2474 767 2525 815 et
2560 774 2679 815 ecce
2723 775 2884 830 equus
2933 760 3106 825 albus,
3146 768 3198 813 et
3234 758 3327 829 qui
3361 755 3574 811 sedebat
3616 769 3790 824 super

2184 865 2302 913 cum
2320 850 2605 907 uocabatur
2621 849 2794 920 ﬁddis
2812 861 2863 907 et
2888 867 3063 915 uerax,
3087 860 3139 905 et
3158 866 3280 904 cum
3295 849 3508 919 Μελίη
3520 846 3744 916 fuitat
3760 857 3789 907 ὅ

2186 941 2322 999 oculi
2346 941 2463 1011 eius
2483 942 2856 1009 sicut'ﬂamma
2880 943 3036 1013 ignis,
3063 944 3121 1003 iu
3143 943 3312 1013 παρίω
3329 943 3445 1012 ιβιδ
3463 940 3791 1005 diademata

2185 1032 2378 1098 multa,
2416 1033 2611 1088 habens
2646 1050 2833 1088 nomen
2862 1034 3112 1104 scriptum
3137 1036 3283 1105 quod
3306 1050 3456 1087 nemo
3493 1031 3643 1086 mit
3678 1030 3794 1085 nisi

2184 1122 2292 1191 ipso
2311 1138 2331 1179 :
2351 1132 2400 1178 et
2422 1125 2637 1185 vestitus
2659 1134 2774 1185 erat
2793 1133 2931 1183 veste
2964 1141 3181 1195 aspersa
3210 1126 3462 1196 “quia
3486 1132 3536 1179 οι
3558 1132 3795 1187 mur

2188 1232 2372 1275 nomen
2395 1216 2511 1286 ejus
2542 1216 2767 1277 Verbum
2794 1216 2917 1275 Dei.
2948 1216 3244 1275 Orantihus
3266 1217 3484 1288 quidem
3510 1215 3794 1279 membri!

2186 1306 2389 1375 Christi
2429 1308 2697 1371 succurrit
2739 1310 2856 1378 ipse
2880 1309 2963 1367 eis
2990 1310 3048 1370 in
3085 1310 3369 1379 auxilium.
3418 1308 3515 1378 qui
3555 1314 3649 1363 est
3672 1306 3791 1370 oio.

2186 1400 2373 1465 veritas
2397 1410 2445 1461 et
2470 1402 2578 1465 uita
2600 1400 2801 1473 (loco.
2828 1417 2920 1463 xw
2939 1401 2994 1474 );
3022 1412 3080 1461 et
3110 1403 3179 1461 ad
3209 1400 3567 1460 debellandos
3592 1398 3795 1456 inimi-

2186 1508 2279 1551 cos
2319 1500 2375 1548 et
2415 1494 2698 1558 terrendos
2742 1508 3035 1563 pravorum
3082 1492 3556 1565 praesumptiones.
3611 1490 3796 1560 Cujus

2186 1602 2359 1657 equus
2382 1594 2504 1643 erat
2530 1587 2877 1657 incorruptus
2904 1597 2962 1645 et
2986 1588 3154 1657 vestis
3178 1586 3621 1657 sanguinolenta,
3657 1583 3795 1653 quia

2186 1692 2333 1731 mors
2380 1678 2560 1731 carnis
2600 1678 2719 1747 ejus
2766 1686 2886 1733 erat
2927 1678 3146 1733 innoxia
3174 1696 3186 1732 τ
3214 1678 3437 1748 ipsoque
3483 1674 3788 1736 terribilis,

499 1768 703 1841 missis,
742 1767 1104 1847 sacerdotium
1152 1765 1253 1843 sibi
1295 1765 1568 1839 vindicare
1617 1764 1799 1837 ccepit.
1832 1763 1949 1841 Quo
1986 1760 2085 1818 Se-
2182 1769 2313 1838 quia
2345 1769 2500 1827 valde
2542 1768 2828 1835 mirabilis,
2882 1777 3044 1838 atque
3080 1766 3249 1836 iudex
3292 1766 3642 1839 iustissimus
3678 1771 3788 1820 δι-

498 1858 683 1915 leucus
727 1857 913 1913 audito
946 1857 1292 1921 Heliodorum
1333 1857 1497 1915 mittit
1537 1856 1605 1931 ad
1644 1857 1918 1932 negotium
1955 1873 2080 1927 pro-
2106 1859 2156 1919 Β
2183 1860 2281 1925 ilic
2309 1868 2427 1921 erat
2472 1860 2692 1930 optimis
2727 1859 3080 1931 operimentis
3117 1858 3444 1922 adornatus,
3480 1857 3619 1926 quia
3666 1870 3798 1911 orn-

496 1950 788 2005 videndum
817 1964 832 2003 :
858 1949 949 2020 qui
990 1964 1114 2003 cum
1158 1948 1213 2002 in
1246 1946 1482 2003 Judaiam
1523 1947 1858 2017 pervenisset
1898 1948 2083 2017 inique
2185 1954 2336 2008 nium
2356 1954 2614 2011 virtutum
2637 1951 2832 2011 decere
2856 1950 3112 2021 splendor
3132 1950 3493 2019 clarissimus.
3523 1947 3632 2005 Cui
3658 1962 3790 2007 om-

497 2040 801 2111 dillldicans
828 2047 885 2097 θῑ
914 2038 1080 2099 mum
1116 2053 1376 2109 Νοεμβΐᾶ
1427 2054 1620 2109 ﬂorens
1656 2038 1853 2097 (Ῐίνὶιὶίθ
1896 2040 2086 2097 θανεῖν
2184 2046 2271 2101 nia
2320 2062 2473 2119 arma
2517 2059 2700 2110 aurea,
2749 2044 2874 2114 quia
2919 2059 3085 2114 opera
3122 2042 3242 2114 ejus
3289 2042 3520 2099 miriﬁca
3552 2056 3568 2096 :
3602 2041 3793 2111 ἱρείης

500 2148 618 2191 sum
644 2146 703 2189 se
740 2131 910 2204 signis
937 2131 1261 2196 delcrretur,
1289 2138 1346 2187 et
1368 2128 1434 2187 ad
1459 2130 1745 2197 Seleucum
1774 2131 2083 2189 revertitur.
2184 2139 2328 2199 enim
2357 2140 2500 2195 dono
2530 2138 2771 2195 Ecclesia
2799 2154 2895 2193 sua
2922 2138 3085 2195 habet
3119 2147 3324 2192 scutum
3358 2135 3506 2205 ﬁdei,
3548 2133 3791 2189 loricam

497 2226 667 2285 Onias
696 2236 878 2287 autem
906 2226 1164 2285 sacerdos
1185 2235 1475 2285 curaverat
1506 2235 1566 2284 ut
1606 2226 1790 2284 Simon
1827 2226 2087 2299 profugus
2176 2230 2431 2300 justitiw,
2483 2229 2686 2300 galeam
2728 2229 2938 2294 salutis,
2974 2237 3025 2283 et
3052 2228 3288 2299 gladium
3334 2225 3590 2297 Spiritus,
3639 2224 3793 2296 quod

495 2319 675 2387 ﬁeret,
704 2328 811 2381 etc.
860 2320 1105 2390 Denique
1131 2320 1248 2381 hac
1300 2321 1532 2381 historia
1574 2324 1871 2379 secundum
1904 2332 2086 2393 tropo—
2184 2332 2258 2376 est
2284 2321 2491 2377 verbum
2520 2320 2657 2384 Dei;
2683 2320 2882 2390 quibus
2919 2319 3089 2377 armis
3112 2319 3231 2388 ipse
3252 2318 3493 2388 quotidie
3520 2318 3576 2371 in
3608 2332 3797 2371 mem-

495 2410 651 2483 logia:
676 2412 939 2484 regulam,
969 2414 1207 2471 insinuat
1235 2414 1366 2484 quia
1398 2429 1587 2471 omnes
1625 2416 1719 2485 qui
1750 2415 1803 2470 iu
1830 2416 2084 2485 superbia
2186 2414 2300 2469 bris
2328 2413 2441 2468 suis
2484 2421 2685 2482 pugnat
2721 2420 2911 2510 contra
2960 2410 3147 2479 hostes
3185 2425 3338 2475 suos,
3389 2408 3795 2510 videlicet-hic

498 2503 741 2573 instigati
768 2505 1249 2563 sanctiﬁcationem
1282 2507 1492 2563 Domini
1523 2507 1892 2562 contaminare
1922 2516 2088 2576 atque

500 2595 721 2665 pollutis
767 2597 1016 2655 manibus
1050 2600 1269 2669 indigne
1318 2608 1555 2654 tractare
1600 2608 2082 2670 prazsumpseruut,

499 2688 709 2745 caelesti
739 2687 947 2758 judicio
994 2700 1120 2746 sunt
1156 2692 1434 2763 puniendi,
1480 2694 1628 2764 quia,
1671 2694 1910 2749 Veritate
1945 2703 2085 2749 atte-

498 2787 702 2846 stante,
730 2780 919 2837 damus
953 2785 1208 2838 orationis
1237 2795 1313 2839 est
1341 2785 1543 2843 cunctis
1571 2786 1809 2855 gentibus
1852 2787 2080 2857 (Matth.

503 2886 616 2935 xxi;
647 2870 759 2926 Isa.
787 2872 900 2940 ιι),
930 2889 1033 2929 nec
1067 2874 1193 2930 licet
1220 2892 1341 2939 eam
1367 2876 1619 2946 cuiquam
1645 2876 1825 2931 facere
1867 2880 2087 2948 spelun-

496 2978 616 3017 cam
646 2962 937 3021 latronum.
966 2964 1105 3022 Hine
1123 2975 1179 3021 et
1215 2968 1501 3023 Psalmista
1529 2968 1604 3022 ait
1637 2986 1650 3022 :
1678 2968 1906 3024 Domum
1933 2979 2082 3024 tuam

495 3054 638 3107 decet
695 3055 1020 3122 sanctitudo,
1075 3056 1329 3124 Domine,
1383 3058 1439 3112 in
1496 3058 1821 3129 longitudine
1875 3060 2082 3115 dierum

502 3141 674 3214 (Psal.
705 3146 860 3215 χρη).
889 3146 998 3203 Nec
1024 3147 1152 3202 licet
1176 3149 1252 3204 ibi
1277 3149 1479 3219 aliquid
1507 3165 1695 3222 gerere
1715 3151 1798 3205 vel
1826 3152 2078 3218 condere,

2184 2519 2350 2573 eques
2398 2519 2515 2556 cum
2560 2504 2753 2573 impetu
2805 2501 3091 2559 Heliodoro
3145 2503 3344 2573 priores
3391 2500 3566 2557 calces
3610 2500 3789 2563 elisit.

2185 2594 2313 2664 quia
2359 2594 2751 2657 incarnationis
2787 2601 3190 2653 sacramentum
3244 2607 3436 2650 omnes
3477 2593 3795 2664 prosternit

2186 2687 2391 2751 hostes,
2421 2687 2523 2745 hoc
2558 2694 2641 2741 est
2670 2684 2906 2751 iudices,
2947 2702 3185 2758 paganos
3208 2696 3265 2742 et
3287 2685 3599 2749 hereticos,
3650 2701 3793 2755 qua-

2188 2787 2343 2857 tenus
2394 2778 2604 2837 confusi
2653 2770 2721 2835 ali
2778 2780 3115 2835 immanitate
3165 2780 3432 2835 scelerum
3483 2780 3796 2851 aliquando

2186 2870 2469 2933 desistant.
2506 2870 2589 2927 llli
2626 2886 2757 2943 ergo
2798 2872 2905 2926 duo
2929 2870 3157 2940 juvenes
3176 2872 3271 2941 qui
3297 2887 3420 2927 eum
3446 2872 3568 2942 ipso
3597 2872 3796 2940 equite

2185 2971 2575 3032 apparuerunt,
2616 2964 2792 3018 decori
2826 2966 3033 3031 uirtute,
3057 2966 3239 3035 optimi
3264 2965 3435 3035 gloria
3456 2966 3796 3036 speeiosique

2186 3055 2403 3120 amictu,
2437 3056 2531 3126 qui
2572 3057 3020 3111 circumsteterunt
3046 3056 3236 3113 Oniam
3276 3074 3341 3112 ea:
3380 3068 3608 3130 utraque
3635 3070 3796 3129 parte

2185 3155 2233 3211 et
2266 3144 2603 3215 ﬂagellabant
2633 3147 2746 3201 sine
2788 3148 3173 3207 intermissione
3210 3149 3561 3205 Heliodorum
3598 3152 3795 3206 multis

501 3235 603 3289 nisi
632 3235 799 3291 solius
838 3238 935 3292 Dei
959 3238 1206 3294 laudibus
1229 3248 1285 3294 et
1309 3218 1647 3297 orationibus
1682 3257 1896 3298 vacare.
1933 3243 2085 3300 Unde
2112 3218 2156 3284 Ο
2186 3238 2354 3309 plagis
2405 3240 2765 3306 verberantes,
2821 3242 3131 3313 signiﬁcant
3186 3244 3437 3299 doctores
3492 3244 3794 3313 utriusque

497 3336 549 3380 et
578 3327 692 3397 ipse
732 3329 991 3397 Donniuus
1029 3331 1084 3385 in
1120 3331 1453 3405 Evangelio(
1480 3334 1642 3389 Joan.
1675 3335 1759 3406 ιι)
1788 3336 2088 3392 eliminavit

500 3420 565 3475 de
609 3422 807 3491 templo
828 3424 1123 3493 vendentes
1152 3434 1210 3482 et
1236 3435 1479 3483 ementes
1509 3429 1562 3482 in
1590 3428 1702 3495 illo,
1730 3439 1786 3485 et
1820 3444 1898 3486 ms
1932 3446 2088 3485 num-

503 3510 856 3583 mulariorum
880 3514 1086 3583 effudit,
1110 3524 1166 3572 et
1188 3518 1476 3573 cathedras
1502 3520 1847 3577 vendentium
1878 3520 2088 3576 colum-

500 3603 599 3658 has
624 3606 842 3659 evertit.
876 3606 1076 3676 Hisque
1104 3610 1341 3678 peractis
1374 3620 1494 3664 erat
1526 3611 1769 3680 quotidie
1810 3612 2009 3667 docens
2032 3613 2087 3667 in

502 3694 729 3765 templo.
755 3693 918 3753 Juxta
953 3698 1264 3771 allegoriam
1296 3708 1477 3756 autem
1510 3702 1697 3769 Onias,
1719 3706 1972 3759 sacerdos
1992 3705 2089 3765 Dei

500 3801 733 3856 magnus
761 3796 816 3843 et
842 3789 1084 3861 ﬁguratis
1124 3794 1311 3863 templi
1345 3804 1552 3860 custos,
1606 3795 1875 3865 signiticat
1900 3794 2087 3850 Domi-

507 3896 638 3936 num
661 3879 1021 3950 Salvatorem,
1045 3885 1136 3955 qui
1164 3901 1195 3940 a
1226 3886 1335 3941 Deo
1374 3886 1536 3943 Patre
1557 3886 1799 3957 pontifex
1830 3886 2006 3943 factus
2036 3889 2091 3943 in

505 3982 770 4031 teter-num
815 3976 1109 4031 secundum
1151 3978 1396 4032 ordinem
1446 3978 1834 4033 Melchisedech
1885 3976 2085 4049 (Psal.

504 4067 640 4136 crs),
665 4067 779 4123 veri
800 4066 895 4122 Dei
920 4069 1126 4137 templi,
1155 4071 1295 4139 quod
1318 4080 1399 4125 est
1423 4071 1685 4137 Ecclesia,
1718 4082 1899 4127 custos
1924 4081 1981 4127 et
2011 4074 2092 4127 in-

509 4158 783 4213 hahitator
827 4167 910 4214 est
949 4178 962 4213 :
996 4162 1139 4227 quod
1184 4178 1379 4218 nomen
1420 4162 1572 4219 Oniaz
1611 4165 1744 4221 satis
1787 4166 2092 4236 exprimere

507 4252 741 4318 videtur,
767 4253 1152 4323 interpretatur
1180 4257 1327 4312 enim
1357 4257 1522 4313 Onias
1552 4259 1705 4314 dolor
1734 4259 1945 4313 Domini
1976 4260 2093 4314 sive

507 4341 704 4397 doloris
759 4343 1017 4399 Dominus
1050 4361 1067 4398 :
1098 4355 1152 4401 et
1197 4348 1320 4417 quis
1359 4349 1549 4403 dolens
1600 4350 1857 4403 Dominus
1901 4348 2092 4404 melius

507 4433 612 4487 dici
657 4443 839 4503 potest
880 4451 1044 4505 quam
1096 4437 1425 4510 Redemptor
1472 4451 1688 4507 noster,
1740 4443 1807 4497 de
1849 4458 1956 4512 quo
1993 4457 2092 4511 per

510 4523 701 4579 Isaiam
731 4525 929 4581 dicitur
959 4546 974 4581 :
1007 4527 1247 4584 Vidimus
1282 4548 1421 4596 eum,
1465 4543 1513 4586 et
1545 4549 1649 4586 non
1673 4543 1785 4587 erat
1814 4544 2053 4603 aspectus
2073 4574 2090 4601 ,

509 4626 555 4668 et
579 4617 987 4674 desiderauimus
1023 4638 1139 4675 eum
1174 4623 1471 4694 despectum
1505 4637 1555 4679 et
1592 4628 1929 4683 novissimum
1956 4630 2095 4684 uiro-

513 4723 660 4772 rum,
713 4719 764 4761 et
812 4712 981 4765 virum
1025 4714 1267 4769 dolorum
1310 4727 1357 4770 et
1414 4720 1657 4774 scientem
1702 4721 2097 4790 inﬁrmitatem:

456 4877 463 4882 _
512 4812 625 4849 vere
667 4796 945 4869 languores
989 4814 1192 4860 nostros
1239 4807 1349 4877 ipse
1384 4808 1505 4863 tulit
1542 4821 1590 4865 et
1641 4811 1849 4868 dolores
1894 4822 2097 4870 nostros

512 4892 619 4957 ipse
636 4892 881 4958 portauit.

586 4980 908 5042 Heliodorus
932 4996 1138 5057 autem,
1169 4991 1386 5048 invasor
1415 5003 1471 5049 et
1493 4994 1752 5065 spoliator
1776 4998 1955 5053 aerarii
1998 4997 2099 5054 Do-

517 5075 666 5141 mini,
696 5092 933 5149 paganos
953 5083 1067 5137 sive
1090 5082 1324 5153 Judaeos,
1350 5088 1462 5142 sive
1487 5098 1541 5144 et
1569 5090 1853 5148 haereticos
1892 5092 2098 5163 signifi-

514 5173 624 5230 cat,
654 5167 746 5235 qui
781 5168 917 5233 sine,
933 5176 1232 5229 reverentia
1274 5176 1365 5231 Dei
1395 5179 1553 5234 donis
1592 5181 1739 5235 abuti
1772 5191 1827 5237 et
1862 5183 1913 5236 in
1942 5182 2093 5237 nefa-

516 5256 659 5309 rium
707 5266 887 5314 actum
936 5277 999 5317 ea
1047 5275 1362 5321 convertere
1400 5268 1589 5322 voluit.
1644 5270 1909 5325 Invadunt
1951 5271 2097 5326 enim

516 5348 710 5419 pagani
737 5350 1051 5413 thesaurum
1078 5358 1257 5427 templi
1286 5358 1378 5413 Dei
1411 5374 1533 5413 cum
1564 5360 1722 5415 fidem
1749 5376 1814 5416 ac
1843 5363 2097 5417 meritum

517 5436 719 5495 Christi
760 5438 1042 5500 destruere
1083 5457 1330 5504 conatur.
1376 5450 1638 5506 Invadunt
1676 5467 1801 5507 eum
1838 5462 1893 5509 et
1926 5453 2097 5511 Judaei

517 5547 641 5587 cum
680 5534 989 5607 religionem
1019 5537 1388 5597 Christianam
1433 5545 1632 5599 veteris
1678 5545 1812 5618 legis
1840 5562 2097 5603 caeremo.

517 5622 623 5677 niis
678 5622 1009 5681 confundere
1072 5630 1312 5697 cupiunt.
1385 5633 1649 5689 Invadunt
1710 5642 1771 5689 et
1831 5635 2094 5705 heretici,

514 5715 733 5781 quando
779 5717 1059 5771 veritatem
1112 5719 1385 5791 Evangelii
1435 5732 1490 5777 et
1542 5724 1910 5780 sinceritatem
1964 5727 2097 5798 legis

522 5805 615 5857 Dei
656 5806 810 5860 lalsis
855 5808 1192 5878 dogmatibus
1246 5828 1589 5884 corrumpere
1638 5818 1894 5889 gestiunt.
1952 5820 2092 5887 Sed,

2190 3331 2540 3399 Testamenti,
2588 3334 2700 3404 qui,
2752 3335 3165 3392 circumstantes
3199 3334 3402 3393 Christi
3446 3337 3795 3394 incarnatioo

2188 3437 2313 3479 nem
2352 3424 2555 3479 virtute
2608 3426 2735 3481 fidei
2778 3442 2843 3482 ac
2870 3428 3137 3483 bonorum
3162 3443 3386 3500 operum
3413 3429 3625 3495 tleoori,
3670 3430 3793 3500 glo-

2189 3515 2270 3573 ria
2304 3516 2692 3572 miraculorum
2726 3519 2914 3588 optimi
2958 3528 3018 3575 et
3056 3522 3260 3576 amiau
3298 3529 3502 3577 sancta
3540 3522 3797 3577 scientia:

2189 3616 2351 3676 atque
2375 3608 2653 3678 sapientiae
2692 3610 3076 3679 speciosissimi
3100 3612 3268 3667 variis
3290 3612 3635 3685 temporibus
3662 3614 3789 3668 exi-

2189 3707 2427 3767 stentes,
2475 3702 2951 3771 praedicationibus
2990 3705 3104 3760 suis
3146 3706 3435 3761 verberant
3484 3721 3791 3777 pravorum

2188 3789 2667 3851 insensibilitatem
2694 3805 2751 3851 et
2780 3797 2845 3851 ad
2875 3806 3081 3852 terram
3119 3798 3370 3854 decidere
3401 3800 3790 3869 compellunt:

2190 3883 2376 3953 sicque
2415 3885 2508 3939 fiet
2538 3895 2597 3940 ut
2634 3887 2739 3943 iste
2776 3889 2869 3958 qui
2903 3898 3028 3944 ante
3063 3890 3318 3959 templum
3364 3906 3660 3962 aggressus
3708 3901 3796 3948 est

2191 3977 2489 4045 superbus,
2514 3994 2613 4048 per
2645 3982 3045 4051 correptionem
3074 3982 3374 4053 disciplinae
3397 3994 3667 4054 appareat
3709 3986 3796 4039 in-

2190 4070 2398 4125 validus
2428 4089 2442 4125 :
2475 4073 2601 4143 quia
2630 4089 2733 4126 non
2765 4083 2840 4127 est
2882 4074 3171 4144 sapientia,
3212 4090 3318 4128 non
3358 4084 3434 4128 est
3465 4076 3787 4144 prudentie,

2192 4178 2299 4219 non
2344 4173 2419 4218 est
2472 4164 2750 4220 consilium
2802 4176 2982 4221 contra
3033 4168 3317 4222 Dominum
3358 4165 3565 4239 (Prov.
3613 4170 3789 4239 sxa);

2190 4254 2317 4323 quia
2358 4256 2535 4310 omnia
2570 4273 2890 4328 quwcunque
2947 4258 3138 4323 voluit,
3195 4259 3325 4328 fecit
3366 4260 3420 4312 in
3466 4258 3597 4315 caelo
3640 4270 3695 4314 et
3734 4262 3789 4313 in

2193 4352 2355 4409 terra,
2385 4346 2441 4399 in
2471 4348 2609 4400 mari
2640 4356 2689 4401 et
2714 4349 2770 4402 in
2804 4350 3045 4404 omnibus
3073 4350 3271 4421 abyssis
3300 4371 3319 4406 :
3345 4362 3397 4407 et
3437 4369 3542 4406 non
3576 4362 3659 4408 est
3696 4354 3794 4424 qui

2191 4436 2353 4506 possit
2394 4438 2630 4493 resistere
2664 4439 2922 4494 voluntati
2952 4442 3101 4510 ejus;
3131 4442 3388 4499 Dominus
3415 4446 3792 4501 universorum

2192 4527 2302 4597 ipse
2341 4526 2532 4601 (Psal.
2569 4532 2821 4603 cxxxrv).
2870 4533 3023 4600 Quod
3069 4543 3248 4590 autem
3296 4534 3495 4602 Onias,
3544 4538 3793 4595 oﬂ'erens

2196 4622 2432 4703 hostiam
2476 4623 2767 4681 salutarem
2812 4643 2912 4698 pro
2962 4629 3134 4685 saiute
3179 4630 3299 4695 viri,
3327 4630 3559 4687 salvavit
3608 4633 3790 4703 ipsum

2198 4701 2545 4771 Heliodorum
2587 4717 2755 4773 multa
2793 4719 3023 4791 caligine
3060 4721 3469 4787 circumfusum,
3506 4701 3792 4794 signiﬁcat

2198 4808 2343 4878 quod
2382 4810 2754 4866 misericordia
2786 4811 3160 4883 Redemptoris
3187 4815 3359 4870 nostri
3384 4831 3529 4887 saepe
3553 4816 3793 4887 ingratis

2196 4910 2254 4958 et
2288 4903 2576 4960 immeritis
2609 4904 2820 4959 confert
2860 4905 3181 4961 beneﬁcium
3221 4907 3615 4971 conversionis,
3644 4923 3789 4977 qua-

2201 5001 2359 5049 tenus
2382 5008 2481 5063 per
2518 4993 2638 5064 ejus
2673 4996 2905 5066 gratiam
2940 4996 3033 5065 qui
3072 4984 3421 5067 semetipsum
3447 4982 3651 5052 obtulit
3686 4998 3789 5053 lio-

2199 5083 2357 5137 stiam
2402 5082 2693 5138 salutarem
2740 5100 2839 5154 pro
2874 5086 3057 5141 mundi
3101 5088 3369 5157 peccatis,
3412 5099 3688 5143 exuuntur
3716 5091 3788 5145 ab

2198 5173 2475 5229 erroribus
2505 5175 2619 5230 suis
2654 5185 2706 5231 et
2726 5176 3024 5233 liberentur
3050 5194 3082 5233 a
3114 5188 3380 5250 potestate
3418 5178 3658 5246 Satanae,
3687 5199 3789 5237 cu-

2193 5265 2284 5336 jus
2306 5269 2544 5339 nequitia
2572 5273 2842 5340 quondam
2880 5273 3081 5343 captivi
3104 5284 3262 5333 eram
3295 5276 3363 5331 ad
3391 5277 3562 5347 ipsius
3593 5278 3788 5334 volun-

2202 5370 2395 5429 tatem,
2438 5363 2675 5421 referant
2714 5368 2918 5439 gratias
2951 5368 3301 5440 Redemptori
3340 5385 3442 5427 suo
3478 5378 3539 5427 et
3564 5370 3783 5429 laudern

2202 5455 2322 5527 eius
2348 5459 2642 5529 praedicent
2660 5460 2714 5515 in
2744 5450 3002 5518 univérsa
3026 5470 3194 5517 terra.
