4028 6464
625 399 761 454 1251

1298 394 1360 448 Β.
1400 393 1654 449 RABANI
1693 391 1912 451 MAURI
1943 381 2280 450 ARCHIEP.‘
2306 393 2618 452 MOGUNT.
2658 394 2945 454 OPERUM
2985 394 3168 454 PARS
3203 396 3244 454 Ι.

3687 409 3788 465 ηὸὶ

620 513 678 568 in
722 508 1107 581 Lysimachum
1131 506 1335 578 jecere,
1371 514 1428 562 et
1463 507 1618 561 multi
1657 506 1873 576 quidem
1901 505 2194 572 vulnerati,
2227 509 2281 572 Α
2304 507 2497 563 dentur
2538 507 2868 565 intellectum
2915 509 3117 576 animi;
3169 508 3444 566 manifeste
3475 511 3712 586 designant
3730 523 3790 592 jn-

619 604 842 676 quidam
894 610 952 658 et
991 601 1272 674 prostrati,
1321 615 1512 656 omnes
1556 615 1684 655 vero
1723 600 1777 654 in
1831 599 2013 672 fugam
2056 600 2202 656 versi

618 703 766 764 sunt,
795 695 973 767 ipsum
1003 703 1062 751 et
1087 693 1409 764 sacrilegum
1441 708 1598 750 secus
1638 695 1893 750 aerarium
1916 693 2202 751 interfece-

618 795 766 842 runt.

690 880 769 935 De
814 879 899 937 his
945 895 1077 952 ergo
1101 880 1269 952 coepit
1296 878 1562 949 judicium
1596 878 1853 934 adversus
1901 876 2202 932 Menelaum

619 970 848 1042 agitari;
885 979 942 1027 et
961 988 1084 1027 cum
1113 972 1352 1027 venisset
1378 987 1475 1026 rex
1505 969 1709 1040 Tyrum
1734 970 1800 1024 ad
1833 969 2009 1038 ipsum
2039 982 2205 1038 nego-

618 1062 758 1116 tium
783 1063 1095 1119 detulerunt
1117 1063 1222 1117 viri
1248 1070 1380 1128 tres,
1409 1061 1560 1116 missi
1587 1077 1618 1115 a
1650 1059 1974 1124 senioribus,
2001 1068 2056 1113 et
2081 1072 2204 1111 cum

619 1164 970 1225 superaretur
1019 1154 1294 1210 Menelaus
1321 1195 1335 1220 ,
1359 1152 1630 1224 ‘promisit
1672 1150 1964 1206 Ptolemaeo
2003 1148 2205 1219 multas

616 1246 878 1314 pecunias
908 1245 978 1300 ad
1023 1245 1358 1301 suadendum
1401 1243 1534 1314 regi.
1578 1244 1762 1312 Itaque
1792 1241 2114 1298 Ptolemaeus
2151 1242 2206 1295 in

617 1335 854 1404 quodam
908 1337 1049 1392 atrio
1088 1337 1343 1407 positum,
1397 1335 1555 1405 quasi
1599 1334 1954 1405 refrigerandi
2007 1334 2203 1402 gratia,

616 1441 804 1500 regem
833 1430 986 1497 adiit,
1035 1439 1092 1484 et
1133 1447 1163 1484 a
1207 1429 1480 1485 sententia
1527 1428 1766 1494 deduxit,
1817 1436 1874 1483 et
1905 1428 2206 1484 Menelaum

618 1521 838 1591 quidem
864 1523 934 1577 ab
964 1522 1232 1578 universis
1263 1538 1447 1578 rerum
1477 1523 1794 1579 criminibus
1829 1522 2080 1578 absolvit.
2109 1522 2208 1577 Mi-

619 1628 771 1670 seros
817 1623 999 1670 autem
1025 1613 1258 1682 Judteos,
1296 1617 1410 1686 qui,
1449 1618 1553 1672 etsi
1593 1618 1734 1688 apud
1782 1617 2044 1687 praesides
2073 1631 2207 1671 cau-

615 1722 734 1763 sam
773 1708 1036 1763 dixissent
1083 1717 1140 1764 et
1192 1710 1512 1765 innocentes
1567 1710 1974 1780 iudicarentur,
2031 1717 2208 1764 morte

615 1799 912 1853 damnavit.
961 1798 1068 1856 Sed
1105 1816 1223 1855 cum
1267 1800 1436 1870 falsus
1485 1818 1667 1855 rumor
1717 1802 1908 1857 exisset
1955 1811 2207 1873 tanquam

2305 601 2600 656 stissimum
2629 600 2866 670 judicem
2907 611 3072 673 atque
3097 603 3453 672 aequissimum
3489 607 3792 670 retributorem

2305 695 2548 766 singulis,
2576 704 2735 766 prout
2759 696 2937 752 debita
2983 712 3170 753 eorum
3215 697 3599 767 postulaverint,
3638 720 3792 762 merce-

2307 786 2428 842 dem
2466 788 2787 859 condignam
2833 790 3158 845 restituere:
3185 791 3288 846 hoc
3324 799 3425 857 est,
3463 794 3558 862 piis
3586 811 3639 851 ac
3673 797 3796 857 Deum

2307 877 2627 935 timentibus
2653 881 2876 951 praemia
2911 890 3108 937 aeterna
3132 899 3147 948 ;
3176 883 3356 953 impiis
3387 894 3568 950 autem,
3595 898 3642 942 et
3660 905 3798 960 pecca-

2307 969 2536 1037 toribus,
2564 980 2620 1026 et
2660 971 3014 1043 blasphemis,
3044 988 3262 1043 poenam
3304 975 3437 1046 ignis
3457 982 3698 1048 perpetui;
3731 1000 3799 1040 nec

2308 1059 2449 1115 ullus
2496 1062 2657 1118 debet
2694 1053 2795 1120 sibi
2837 1065 3068 1121 blandiri
3116 1081 3214 1136 pro
3259 1076 3468 1124 terrena
3515 1070 3727 1130 felicitate
3760 1096 3801 1134 ac

2309 1157 2592 1228 praesentis
2638 1159 2764 1214 vitm
2809 1161 3187 1230 prosperitate,
3231 1163 3276 1217 si
3327 1163 3382 1218 in
3422 1167 3633 1234 peccatis
3666 1170 3803 1239 degere

2309 1249 2542 1305 voluerit
2577 1251 2872 1322 impurius;
2921 1268 3021 1309 nec
3061 1263 3116 1309 et
3139 1254 3278 1310 bene
3316 1271 3495 1328 agens,
3531 1275 3637 1314 cum
3670 1262 3804 1318 validis

2309 1343 2595 1398 tormentis
2618 1351 2713 1397 aut
2736 1344 2902 1399 variis
2934 1344 3374 1403 tribulationibus
3404 1348 3457 1402 in
3487 1353 3704 1420 praesenti
3734 1356 3806 1408 vita

2312 1443 2719 1506 coangustatur,
2757 1435 3047 1506 desperare
3071 1453 3181 1492 non
3219 1439 3383 1495 debet
3410 1441 3472 1496 de
3494 1439 3650 1497 futura
3671 1444 3805 1508 salute,

2313 1525 2359 1581 si
2387 1526 2443 1580 in
2463 1525 2685 1597 justitiaa
2723 1530 3155 1596 perseveraverit
3181 1532 3431 1598 tramite;
3471 1535 3585 1604 quia
3621 1537 3807 1605 scriptum

2313 1625 2399 1672 est
2423 1635 2436 1670 :
2460 1615 2645 1671 Multis
2673 1617 3035 1674 tribulationes
3055 1621 3347 1690 justorum,
3372 1632 3421 1678 et
3457 1623 3518 1678 de
3544 1627 3738 1682 omnibus
3759 1630 3808 1681 his

2314 1706 2549 1762 liberavit
2575 1726 2662 1763 eos
2688 1707 2946 1765 Dominus
2974 1709 3146 1782 (Psal.
3176 1715 3276 1785 vn)
3301 1732 3316 1780 ;
3349 1724 3404 1770 et
3432 1734 3446 1770 :
3480 1715 3634 1771 Multa
3665 1720 3808 1789 ﬂagella

2311 1807 2644 1867 peccatorum
2670 1809 2970 1870 :sperantes
3002 1813 3177 1858 autem
3205 1806 3261 1858 in
3291 1805 3513 1861 Domino
3539 1808 3811 1862 misericordia

612 1889 722 1942 vita
747 1891 1049 1945 excessisset
1084 1892 1393 1959 Antiochus,
1435 1894 1717 1964 assumptis
1757 1895 1927 1949 Jason
1956 1911 2060 1949 non
2112 1895 2203 1948 mi-

2237 1896 2287 1957 Β
2315 1888 2680 1943 circumdabit.
2708 1889 2989 1947 Ltetamini
3022 1894 3077 1948 in
3131 1895 3361 1951 Domino
3381 1907 3429 1951 et
3457 1898 3810 1969 exsultate,justi,

612 1997 713 2034 nus
734 1979 878 2035 mille
903 1980 1048 2047 viris,
1069 1993 1273 2052 repente
1304 2000 1578 2054 aggressus
1599 1994 1672 2038 est
1697 1985 1977 2052 civitatem,
2007 1995 2056 2039 et
2083 1987 2211 2040 civi-

614 2073 709 2126 bus
740 2072 810 2126 ad
856 2088 1067 2127 murum
1104 2074 1522 2142 convolantibus,
1565 2077 1634 2130 ad
1685 2075 1929 2131 ultimum
1980 2094 2213 2148 compre-

612 2164 777 2218 hensa
809 2164 1036 2230 civitate,
1062 2162 1336 2220 Menelaus
1379 2167 1513 2237 fugit
1553 2168 1610 2221 in
1652 2184 1846 2221 arcent.
1878 2168 2044 2222 Jason
2091 2185 2210 2224 vero

615 2273 722 2310 non
743 2255 990 2327 parcebat
1017 2258 1073 2310 in
1100 2257 1241 2312 crede
1275 2258 1470 2311 civibus
1512 2259 1643 2324 suis,
1677 2276 1769 2313 nec
1796 2260 2056 2330 cogitabat
2089 2277 2212 2330 pro-

614 2347 918 2417 speritatem
940 2347 1218 2402 adversum
1241 2358 1490 2419 cognatos
1512 2349 1712 2403 malum
1760 2368 1870 2404 esse
1895 2353 2210 2420 maximum,

594 2443 881 2496 arbitrans
914 2442 1144 2496 hostium
1168 2451 1216 2497 et
1249 2459 1352 2496 non
1381 2445 1571 2496 civium
1599 2461 1654 2498 se
1690 2454 1886 2514 tropa’a
1911 2455 2206 2516 capturum.

612 2527 686 2581 Et
709 2529 1060 2598 principatum
1082 2530 1289 2600 quidem
1317 2548 1422 2585 non
1454 2533 1673 2586 obtinuit
1697 2547 1715 2584 :
1735 2533 1890 2602 ﬁnem
1925 2551 2042 2588 vero
2077 2536 2208 2589 insi-

614 2617 826 2670 diarum
853 2634 1073 2671 suarum
1115 2618 1475 2688 confusionem
1525 2623 1694 2692 coepit,
1736 2635 1784 2677 et
1827 2625 2081 2695 profugus
2111 2627 2213 2680 ite-

615 2725 734 2762 rum
777 2708 906 2762 abiit
946 2710 1003 2763 in
1044 2709 1416 2766 Ammanitem.
1457 2713 1540 2766 Ad
1586 2712 1848 2780 ultimum,
1892 2715 1948 2769 in
1991 2716 2210 2769 exitium

612 2801 697 2855 sui
739 2800 1014 2856 conclusus
1046 2801 1109 2854 ab
1143 2804 1298 2856 Areta
1342 2803 1577 2859 Arabum
1625 2815 1864 2876 tyranno,
1894 2806 2101 2877 fugiens
2148 2807 2212 2862 de

612 2894 819 2948 civitate
847 2895 904 2948 in
937 2895 1224 2963 civitatem,
1258 2897 1498 2952 omnibus
1552 2899 1784 2967 odiosus,
1829 2909 1885 2954 ut
1911 2901 2097 2971 refuga
2132 2901 2209 2957 le-

611 3001 736 3056 gum
781 2995 830 3041 et
877 2988 1234 3054 exsecrabilis,
1286 2998 1342 3043 ut
1392 2992 1580 3062 patria?
1611 3002 1658 3046 et
1705 2994 1896 3046 civium
1937 2994 2122 3060 hostis,
2153 2994 2212 3048 in

588 3074 590 3076 ’
613 3077 909 3148 AE'gyptum
935 3080 1184 3151 expulsus
1214 3091 1324 3148 est;
1346 3091 1393 3137 et
1426 3085 1514 3155 qui
1537 3086 1727 3140 multos
1757 3087 1820 3140 de
1846 3087 2019 3157 patria
2041 3104 2208 3159 expu-

613 3169 773 3238 lerat,
795 3172 946 3228 exsul
976 3174 1138 3243 periit
1168 3174 1585 3233 Lacedaemonas
1612 3178 1906 3250 profectus.
1935 3181 2210 3237 Menelaus

2315 1991 2364 2036 et
2395 1982 2699 2053 gloriamini
2751 2002 2927 2042 omnes
2959 1989 3086 2043 recti
3106 1990 3263 2046 corde
3292 1990 3464 2064 (Psal.
3488 1992 3641 2064 xxxi).

2949 2121 3177 2181 CAPUT
3214 2126 3281 2183 ν.

2313 2229 2598 2305 De_signis
2633 2233 2922 2290 coelestibus
2969 2235 3126 2305 factis
3172 2239 3230 2292 in
3272 2237 3587 2296 Ierusalem.
3617 2241 3678 2294 De
3707 2252 3816 2295 morte

2385 2301 2600 2382 {asonis
2645 2301 2989 2382 persecutoris
3031 2308 3557 2382 civium._Antiochus
3589 2328 3817 2382 persequens

2387 2371 2609 2453 autem,
2645 2371 2848 2453 populo
2879 2378 3072 2442 occiso,
3103 2379 3362 2453 _templum
3400 2371 3640 2453 spoliavit,
3669 2371 3818 2435 ductore

2387 2442 2662 2522 Menelao.
2696 2442 3069 2522 Nonmpropter
3095 2442 3266 2522 locum
3311 2442 3532 2522 gcnlem,
3570 2442 3649 2507 sed
3676 2462 3819 2522 propter

2387 2524 2592 2584 gentem
2618 2515 2792 2570 locum
2817 2515 3075 2574 Dominus
3097 2520 3268 2591 elegit,
3301 2515 3412 2577 étc.

2386 2624 2590 2681 Eodem
2627 2637 2856 2699 tempore
2891 2630 3182 2687 Antiochus
3212 2636 3498 2690 secundam
3530 2638 3817 2708 profectionem

2314 2719 2519 2787 paravit
2548 2719 2605 2773 in
2649 2719 2961 2792 Egyptum,
2993 2731 3099 2779 etc.
3137 2723 3402 2781 Portenta
3446 2743 3566 2800 ergo
3608 2729 3818 2800 aliquando

2313 2810 2647 2878 portendunt
2692 2827 2984 2882 prospera,
3037 2815 3333 2886 aliquando
3377 2835 3506 2875 vero
3558 2823 3820 2892 praeligatum

2317 2899 2547 2956 adversa
2583 2921 2596 2956 :
2624 2904 2719 2958 sed
2749 2919 2964 2975 semper
2983 2904 3142 2974 juxta
3175 2910 3228 2964 id
3263 2913 3413 2981 quod
3442 2927 3661 2967 summus
3681 2911 3820 2966 arbiter

2314 2990 2543 3062 singulis
2595 2995 2756 3050 rebus
2797 3012 2861 3052 ac
2907 3000 3241 3069 temporibus
3296 3007 3584 3060 convenire
3616 3003 3818 3073 diiudicat.

2315 3082 2428 3140 Nec
2452 3087 2649 3143 mirum
2672 3091 2813 3160 quod
2839 3091 2896 3147 in
2927 3092 3366 3152 Machabaeorum
3397 3099 3696 3170 temporibus
3720 3097 3821 3166 equi-

2315 3183 2414 3239 tes,
2469 3187 2687 3235 auratas
2726 3182 2890 3237 stolas
2933 3183 3217 3252 habentes,
3264 3199 3490 3245 armatae
3527 3191 3735 3245 cohortes
3764 3203 3822 3258 per

615 3272 796 3320 autem
825 3281 946 3321 cum
981 3267 1122 3336 apud
1145 3267 1472 3325 Antiochum
1500 3271 1826 3342 Eupatorem
1857 3273 2021 3329 simili
2044 3275 2207 3330 modo
2236 3272 2282 3337 C
2314 3281 2497 3323 aerem
2527 3271 2835 3328 discurrere
2862 3275 3009 3340 visae,
3036 3291 3098 3331 ac
3122 3294 3408 3335 armorum
3430 3297 3687 3337 aureorum
3704 3280 3822 3350 splen.

611 3363 673 3409 ut
723 3367 881 3412 antea
928 3357 1081 3413 dolos
1121 3359 1500 3425 meditaretur,
1554 3360 1669 3416 Rea:
1716 3381 1893 3434 regum
1939 3367 2213 3422 suscitavit

613 3447 818 3502 animos
856 3449 1100 3503 Antiochi
1142 3451 1200 3504 in
1243 3463 1588 3521 peccatorem,
1625 3463 1675 3507 et
1701 3464 2010 3526 suggerente
2047 3456 2210 3528 Lysia
2249 3465 2252 3468 ‘

611 3540 752 3593 hunc
785 3555 896 3594 esse
939 3558 1153 3596 causam
1205 3544 1439 3597 omnium
1483 3543 1762 3611 ntalorum,
1806 3547 1988 3616 jussit,
2037 3558 2096 3602 ut
2137 3551 2211 3604 eis

612 3641 688 3685 est
744 3633 1086 3700 consuetudo,
1135 3637 1562 3706 comprehensum
1617 3641 1796 3694 eodem
1849 3640 1963 3696 loco
2008 3645 2206 3698 necari.

614 3720 750 3776 Erat
772 3733 946 3778 autem
970 3725 1025 3778 in
1044 3725 1158 3795 ipso
1182 3724 1294 3780 loco
1318 3729 1479 3781 turris
1505 3730 1884 3801 quinquaginta
1913 3732 2210 3788 cubitorum

614 3824 886 3884 aggestum
907 3815 1136 3888 undique
1159 3817 1352 3871 habens
1377 3820 1600 3886 cineris;
1625 3821 1736 3875 haec
1757 3827 2085 3893 prospectum
2113 3826 2210 3881 ha-

614 3908 764 3962 bebat
787 3909 845 3963 in
891 3926 1139 3980 praeceps.
1173 3907 1324 3966 Unde
1342 3912 1396 3965 in
1425 3915 1649 3969 cinerem
1675 3916 1833 3985 dejici
1852 3919 2015 3987 jussit
2041 3921 2210 3974 sacri-

613 3997 808 4068 legum,
841 3999 1078 4052 omnibus
1109 4016 1228 4053 eum
1270 4001 1674 4071 propellentibus
1722 4005 1790 4057 ad
1827 4007 2128 4076 interitum;
2160 4019 2209 4064 et

563 4087 566 4089 ’
614 4085 710 4140 tali
738 4086 848 4157 lege
871 4088 1331 4158 prevaricatorem
1358 4088 1485 4161 legis
1515 4095 1728 4163 contigit
1748 4097 1904 4163 mori,
1933 4113 2024 4152 nec
2055 4108 2208 4155 terra:

616 4181 736 4234 dari
783 4179 1104 4247 Menelaum,
1152 4184 1277 4253 quia
1321 4184 1486 4239 multa
1525 4204 1649 4259 erga
1701 4207 1851 4244 arant
1887 4192 1987 4248 Dei
2017 4195 2208 4249 delicta

616 4272 894 4339 commisit,
924 4274 1076 4345 cujus
1118 4274 1254 4345 ignis
1279 4285 1326 4330 et
1351 4278 1482 4333 cinis
1511 4289 1623 4333 erat
1651 4292 1884 4350 sanctus,
1908 4285 2016 4354 ipse
2047 4287 2104 4340 in
2134 4289 2209 4342 ci-

614 4365 753 4419 neris
781 4374 948 4419 morte
995 4365 1280 4421 damnatus
1328 4379 1425 4423 est.
1470 4368 1659 4427 Refert
1706 4383 1889 4429 autem
1917 4374 2204 4448 Josephus,

614 4457 758 4513 sicut
788 4457 843 4512 in
880 4458 1152 4528 superiori
1177 4459 1316 4514 libro
1342 4463 1698 4531 ostendimus,
1724 4467 1869 4536 quod
1897 4466 2040 4522 filius
2060 4471 2208 4538 prin-

613 4550 751 4621 cipis
772 4550 1115 4605 sacerdotum
1138 4549 1292 4607 Onia:
1318 4567 1440 4607 cum
1463 4555 1636 4610 adhuc
1663 4559 1922 4626 puerulus
1951 4560 2208 4618 defuncto

2319 3359 2418 3415 dor
2460 3360 2671 3433 fulgens
2715 3366 3100 3423 adversitatem
3131 3374 3501 3440 praenuntiam
3551 3376 3760 3439 futuram,
3788 3380 3822 3426 et

2318 3451 2527 3508 cladem
2569 3453 2768 3512 Judmis
2806 3468 3111 3530 venturam,
3164 3480 3289 3519 cum
3333 3476 3460 3522 ante
3503 3451 3819 3524 subversionem

2316 3543 2799 3619 Jerosolymorum,
2843 3551 3077 3624 Josepho
3119 3566 3360 3616 testante
3391 3561 3524 3634 (Lib.
3547 3578 3612 3616 vn
3647 3561 3699 3615 de
3722 3557 3820 3613 Bello

2317 3635 2568 3704 Iudaico,
2595 3656 2711 3710 cap.
2742 3641 2853 3714 12),
2903 3644 3163 3702 discimus
3213 3653 3364 3717 quod
3409 3653 3558 3708 stella
3580 3650 3818 3723 praefulgens

2317 3728 2496 3798 gladio
2538 3747 2636 3801 per
2662 3734 2845 3788 omnia
2876 3735 3160 3794 imminere
3200 3741 3434 3799 desertae
3460 3745 3667 3810 civitati,
3701 3753 3741 3798 et
3761 3756 3819 3794 ωε

2316 3830 2489 3876 metes
2513 3831 2775 3891 praeterea
2805 3827 3113 3884 exitialibus
3132 3829 3372 3890 ﬂammis
3402 3837 3585 3891 ardere
3607 3849 3689 3904 per
3704 3843 3818 3886 totum

2315 3910 2464 3966 visus
2497 3921 2580 3968 est
2621 3930 2842 3970 annum.
2887 3917 2995 3974 Sed
3024 3930 3151 3978 ante
3177 3925 3378 3981 excidii
3420 3937 3618 3998 tempus
3651 3942 3700 3982 ac
3721 3923 3816 3984 belli.

2313 4018 2439 4058 cum
2458 4007 2642 4076 populi
2668 4009 2735 4065 ad
2761 4011 2905 4066 diem
2931 4014 3129 4070 festum
3154 4017 3489 4088 Azymorum
3517 4025 3816 4078 convenerunly

2313 4107 2507 4155 octava
2541 4100 2630 4158 die
2660 4107 2864 4162 mensis
2905 4109 3184 4179 Antiochi,
3212 4115 3305 4183 qui
3349 4125 3436 4173 est
3472 4117 3672 4189 Aprilis,
3701 4112 3817 4169 noctis

2313 4201 2580 4266 tempore,
2627 4197 2759 4254 hora
2804 4216 2965 4268 nona,
3020 4213 3208 4263 tantus
3251 4208 3476 4267 luminis
3525 4211 3679 4282 fulgor
3715 4220 3816 4260 aram

2314 4289 2682 4361 templumque
2723 4295 3097 4367 circumdedit,
3143 4311 3204 4356 ut
3234 4313 3494 4374 putarent
3533 4319 3693 4360 omnes
3721 4300 3815 4356 diem

2313 4377 2676 4437 clarissimum
2701 4383 2904 4441 factum
2928 4406 2943 4456 ;
2969 4398 3025 4445 et
3046 4396 3347 4462 permansit
3377 4398 3548 4466 spatio
3566 4396 3691 4451 honr
3707 4391 3815 4446 dimi.

2313 4469 2434 4537 diae,
2475 4473 2618 4542 quod
2646 4475 2914 4546 imperitis
2945 4481 3162 4549 quidem
3191 4494 3245 4539 et
3270 4486 3477 4558 ignaris
3501 4489 3678 4544 bonum
3703 4499 3816 4553 augu-

2311 4564 2453 4619 rium
2503 4560 2624 4623 esse
2686 4571 3014 4630 videbatur:
3060 4580 3153 4634 sed
3206 4580 3547 4653 legisperitos
3584 4594 3631 4640 et
3676 4581 3815 4654 probo5

610 4651 769 4711 patre
798 4642 1017 4696 relictus
1043 4642 1133 4707 sit,
1157 4643 1349 4699 videns
1386 4647 1511 4715 quia
1539 4651 1861 4706 avunculum
1899 4671 2054 4709 suum
2088 4655 2202 4711 Me-
2229 4640 2283 4701 D
2310 4672 2552 4728 quosque
2583 4661 2832 4720 doctores
2880 4682 2984 4721 non
3016 4667 3174 4724 latuit
3215 4640 3435 4729 exiti-ale
3460 4640 3742 4746 portentum.
3778 4669 3813 4723 ln

613 4732 828 4787 nelaum
862 4748 957 4788 rex
1003 4733 1366 4790 interfecisset
1408 4747 1460 4792 et
1503 4739 1865 4810 principatum
1911 4747 2199 4803 sacerdotii

610 4823 819 4878 Alcimo
845 4825 1099 4891 dedisset,
1136 4842 1243 4881 non
1292 4830 1545 4883 existenti
1595 4833 1660 4886 de
1709 4850 1906 4904 genere
1948 4841 2200 4896 sacerdo-

613 4923 760 4979 tum;
810 4913 903 4968 sed
934 4931 962 4968 a
999 4915 1160 4986 Lysia
1203 4917 1374 4974 ﬂexus
1407 4931 1466 4974 ut
1512 4933 1889 4992 transponeret
1935 4929 2198 4985 honorem

614 5005 683 5058 ab
703 5021 766 5059 ea
797 5004 999 5061 familia
1037 5009 1104 5063 ad
1132 5009 1292 5064 aliam
1313 5010 1553 5079 domum,
1585 5015 1720 5085 fugit
1750 5018 1818 5071 ad
1848 5017 2195 5077 Ptolemaeum

610 5109 792 5166 regem
831 5095 1054 5168 Egypti
1085 5108 1140 5153 et
1168 5101 1430 5155 honorem
1475 5106 1669 5159 meruit
1707 5107 1774 5160 ab
1805 5109 1918 5178 ipso
1943 5119 1997 5164 et
2026 5128 2199 5168 uxore

609 5185 727 5254 ejus
759 5187 1044 5257 Cleopatra
1092 5189 1379 5262 locumque
1413 5196 1568 5264 petiit
1598 5198 1652 5251 in
1679 5201 1897 5270 regione
1935 5204 2199 5275 Cleopali-

611 5285 754 5343 tana,
795 5279 886 5333 ubi
908 5280 1184 5336 civitatem
1224 5286 1456 5342 nominis
1478 5290 1560 5343 sui
1590 5292 1828 5347 condidit
1859 5304 1913 5350 et
1938 5299 2197 5369 templum

551 5379 558 5384 ‘
610 5369 680 5423 ad
720 5369 1128 5428 similitudinem
1163 5376 1345 5447 templi
1389 5381 1559 5448 patris
1587 5387 1910 5441 construxit.
1953 5389 2195 5448 Alcimus

605 5473 762 5526 vero,
802 5461 1087 5518 adversum
1129 5465 1322 5522 ludant
1362 5469 1727 5530 Machabaaum
1769 5477 2079 5537 inimicitias
2108 5493 2197 5555 ge-

605 5566 755 5618 rens,
783 5560 906 5622 post
946 5569 1054 5610 non
1095 5557 1324 5614 multum
1355 5566 1610 5633 temporis
1649 5567 1730 5622 ira
1772 5569 1867 5625 Dei
1905 5588 2196 5642 percussus

607 5645 838 5711 interiit,
868 5661 934 5702 ac
957 5647 1037 5702 sic
1061 5665 1187 5702 cum
1219 5654 1458 5708 omnium
1489 5654 1798 5715 Judmorum
1823 5661 2009 5722 favore
2044 5666 2194 5725 Juda:

603 5730 918 5792 Machabaeo
935 5739 1296 5795 sacerdotium
1321 5744 1649 5803 decernitur.
1672 5749 1801 5817 Quae
1825 5756 2043 5823 quidem
2072 5775 2192 5814 om-

547 5837 554 5848 ι
611 5823 700 5878 nia
729 5827 904 5894 magis
938 5830 1196 5912 moralem
1221 5848 1382 5902 quam
1427 5837 1775 5910 allegoricum
1823 5849 2092 5908 aedificare
2116 5853 2194 5909 vi-

2310 4749 2498 4804 eadem
2525 4768 2738 4824 quoque
2764 4754 3058 4813 festivitate
3085 4762 3252 4817 vitula
3283 4765 3562 4822 sacrificiis
3591 4765 3760 4820 admota
3779 4767 3814 4812 cl

2311 4843 2590 4912 assistens,
2625 4847 2767 4902 inter
2805 4850 2951 4920 ipsas
2979 4853 3352 4911 ministrorum
3397 4873 3581 4913 manus
3615 4856 3738 4910 enixa
3759 4859 3813 4906 est

2310 4947 2536 5003 aquam;
2563 4937 2657 4993 sed
2685 4947 2740 4992 et
2763 4938 2928 5007 janua
2978 4943 3258 5001 interioris
3301 4949 3452 5016 tedis,
3488 4965 3599 5020 quae
3625 4944 3812 5015 respicio»

2307 5025 2402 5079 bat
2430 5028 2720 5096 orientem,
2763 5047 2887 5086 cum
2909 5043 3057 5090 esset
3079 5037 3254 5094 solido
3279 5056 3387 5096 tere
3425 5041 3597 5097 induta
3625 5034 3809 5094 immensi

2308 5119 2584 5186 ponderis,
2609 5137 2729 5191 quae
2757 5125 2845 5179 vix
2872 5126 3064 5197 viginti
3091 5130 3225 5188 viris
3246 5149 3456 5190 summo
3477 5143 3654 5191 conatu
3676 5130 3808 5201 impel-

2308 5206 2543 5265 lentibus
2578 5210 2945 5284 clauderetur,
2988 5217 3183 5277 ferreis
3210 5240 3424 5295 quoque
3457 5227 3674 5281 vectibus
3693 5233 3734 5278 et
3754 5235 3806 5276 se

2306 5299 2385 5356 ris
2414 5303 2642 5372 munita,
2675 5315 2730 5361 et
2773 5310 3004 5378 pessulis
3031 5313 3088 5367 in
3133 5314 3299 5371 altum
3342 5319 3567 5374 dimissis
3603 5324 3804 5373 teneretur

2307 5393 2602 5464 obstructa,
2633 5409 2854 5471 repente
2883 5404 3017 5459 hora
3047 5410 3224 5465 noctis
3245 5419 3395 5466 sexta
3424 5411 3802 5483 apparuitsponte

2302 5484 2610 5552 patefacta:
2636 5492 2731 5546 sed
2781 5502 2836 5548 et
2879 5501 3157 5554 transacto
3199 5500 3286 5556 die
3311 5501 3446 5558 festo
3487 5503 3614 5574 apud
3653 5501 3800 5570 aliquot

2302 5579 2439 5647 dies,
2471 5585 2644 5653 prima
2688 5594 2744 5641 et
2769 5588 3025 5646 vicesima
3070 5593 3156 5648 die
3196 5596 3393 5652 mensis
3435 5596 3718 5660 Artemisiae,
3736 5590 3799 5662 qui

2303 5672 2476 5729 Maius
2506 5675 2646 5746 apud
2679 5693 2777 5734 nos
2803 5690 3048 5750 vocatur,
3078 5685 3418 5758 prodigiosus
3443 5688 3666 5760 apparuit
3693 5686 3798 5739 visus

2301 5774 2356 5820 et
2402 5768 2560 5823 fidem
2590 5786 2728 5840 pene
2770 5775 3056 5843 excedens,
3083 5781 3226 5847 quod
3264 5797 3390 5837 vere
3428 5780 3605 5836 falsum
3630 5780 3797 5850 ‘putm‘

2299 5865 2408 5928 tur,
2434 5861 2538 5918 nisi
2577 5864 2912 5923 occultorum
2941 5866 3126 5940 [Forte
3152 5871 3505 5946 oculatoruut]
3543 5872 3792 5931 titleth
