4028 6464
237 381 397 457 'tsss
972 376 1327 445 COMMENT.
1363 373 1433 433 ιιι
1468 367 1713 430 uanos
1751 366 1864 424 MAG

1964 358 2329 421 lBIEORUM.
2366 387 2438 401 -—
2469 354 2541 414 IN
2574 353 2706 412 LIB.
2738 351 2807 411 II.
3377 345 3525 405 ΒΜ

252 508 527 570 ﬁrmasset
561 503 830 560 malorum
855 510 1043 557 eorum
1084 500 1376 553 consecuta
1412 487 1701 562 pernicies.
1737 483 1834 538 Et-
1859 484 1913 547 Α
1936 487 2166 535 serturos
2201 475 2438 539 Judwos,
2479 482 2585 529 etc.
2648 471 2943 538 Postquam
2990 465 3225 537 scriptor
3276 461 3524 521 historiae

254 555 403 663 :nim
440 613 607 673 prope
641 596 772 652 solis
810 555 1065 650 occasum
1091 589 1194 644 visi
1232 595 1357 644 sunt
1385 555 1579 640 currus
1605 590 1662 638 et
1690 592 1829 651 qua—
1937 569 2179 673 parravit
2204 568 2269 623 de
2295 564 2604 639 Lysimachi
2631 570 2687 619 et
2705 562 2923 618 Jasonis
2952 559 3242 631 impiorum
3265 565 3323 613 et
3347 555 3524 611 sacri-

255 695 422 768 driga:
457 692 513 749 in
559 703 777 748 omnem
805 686 1083 757 regionem
1108 697 1208 755 per
1248 693 1432 736 aerem
1473 674 1629 740 ferri,
1659 679 1717 728 et
1745 687 1836 726 ar-

252 761 525 849 malorum
566 783 820 841 cohortes
863 784 1145 836 uariantes
1182 770 1388 837 nubila,
1430 776 1487 824 et
1526 761 1834 823 civitatibus

253 876 635 941 circumfundi.
1017 950 1025 956 ‘
1044 950 1075 956 ἢ

324 971 385 1029 In
407 970 514 1026 alio
547 974 729 1023 autem
763 963 903 1021 festo
930 950 1165 1031 die',7‘qui
1209 956 1562 1014 Pentecostes
1602 948 1837 1020 appella-

256 1077 366 1134 tur,
395 1071 559 1121 noctu
588 1059 900 1118 sacerdotes
928 1053 1159 1128 ingressi
1201 1050 1459 1122 templum
1483 1047 1552 1102 ad
1593 1043 1837 1100 ministe-

1936 657 2180 731 legorum
2224 657 2467 721 interitu,
2513 660 2935 710 commemorata
2980 651 3201 720 insuper
3246 649 3527 719 signorum

1937 759 1994 806 et
2037 750 2407 821 prodigiorum
2427 748 2633 803 visione
2662 746 2716 800 in
2744 759 2893 809 aere,
2925 743 2994 799 ad
3023 739 3356 797 narrationis
3380 735 3528 793 ordi-

1950 858 2067 902 lem
2108 840 2287 906 rediit,
2323 841 2575 913 hoc‘est,
2609 839 2678 894 ad
2722 837 2976 893 Antiochi
3021 833 3318 907 Epiphanis
3345 829 3530 904 profe-

1938 933 2175 989 ctionem
2194 932 2260 987 de
2281 928 2535 1002 IEgypto,
2561 930 2650 999 qui
2671 929 2918 984 irritatus
2939 927 3085 993 inde,
3112 941 3179 981 eo
3198 924 3344 995 quod
3367 935 3531 978 sena-

1938 1033 2027 1079 tus
2050 1030 2324 1094 praacepto
2351 1022 2417 1077 de
2464 1021 2681 1092 regione
2707 1020 3144 1085 Ptolemworum,
3174 1031 3338 1087 quam
3376 1015 3532 1070 inva-

257 1160 338 1215 ria
374 1173 443 1214 ex
472 1168 624 1211 more
650 1149 990 1223 complenda,
1015 1146 1192 1217 primo
1216 1143 1436 1215 quidem
1466 1147 1647 1194 motus
1675 1148 1840 1205 quos-

256 1254 380 1309 dam
410 1233 1120 1322 strepitusque,senserunt.
1166 1236 1369 1293 Deinde
1393 1247 1555 1289 voces
1594 1227 1839 1285 subditas

255 1343 484 1398 audiunt
517 1317 797 1396 dicentes:
824 1334 1113 1406 Migremus
1147 1330 1289 1384 hinc.
1340 1325 1574 1382 Additur
1602 1330 1658 1376 et
1693 1317 1839 1374 aliud

257 1432 595 1491 terribilius:
619 1428 823 1486 etenim
856 1425 1076 1496 quidam
1107 1421 1263 1478 Jesus
1296 1417 1523 1473 Ananiae
1556 1414 1720 1478 ﬁlius,
1756 1411 1841 1466 vir

254 1528 497 1599 plebeius
516 1533 574 1582 et
596 1523 852 1587 rusticus,
882 1527 1006 1575 ante
1029 1525 1280 1589 quartum
1309 1511 1434 1567 belli
1461 1523 1683 1573 annum,
1715 1521 1840 1562 cum

254 1595 448 1673 civitas
475 1616 530 1670 in
565 1627 700 1684 pace
722 1619 780 1667 et
821 1606 1148 1665 abundantia
1177 1603 1521 1675 perduraret,
1564 1600 1620 1654 in
1651 1597 1738 1654 die
1762 1595 1843 1652 fe-

256 1716 343 1765 sto
368 1704 862 1763 Tabernaculorum
889 1709 1111 1773 repente
1131 1698 1367 1755 clamare
1394 1695 1560 1766 coepit
1587 1712 1600 1748 :
1627 1693 1746 1749 Vox
1773 1691 1842 1747 ab

257 1802 488 1867 oriente,
534 1815 641 1856 vox
687 1797 757 1852 ab
804 1795 1107 1858 occidente,
1149 1805 1256 1846 vox
1303 1805 1335 1844 a
1370 1796 1605 1859 quatuor
1640 1785 1839 1849 ventis,

255 1911 362 1952 vox
389 1909 552 1965 super
575 1890 989 1963 Jerosolymam,
1013 1894 1067 1943 et
1087 1902 1191 1941 vox
1240 1898 1404 1954 super
1434 1879 1716 1951 templum,
1760 1893 1848 1934 su-

257 2001 357 2056 per
401 1998 632 2056 sponsos
680 1991 736 2037 Cl
782 1996 944 2051 super
983 1992 1233 2050 sponsas,
1277 1990 1384 2030 V01
1430 1987 1593 2042 super
1632 1985 1850 2026 omnem

258 2077 404 2131 hunc
444 2072 722 2144 populum.
761 2072 981 2143 Hocque
1017 2067 1387 2123 indesinenter
1419 2063 1512 2118 diu
1555 2069 1849 2130 noctuque,

258 2181 452 2225 omnes
491 2165 701 2236 plateas
725 2162 1073 2224 circumiens,
1100 2157 1394 2221 clamabat,
1422 2168 1705 2226 usquequo
1733 2152 1853 2222 qui-

259 2258 384 2316 dam
408 2257 676 2329 primores
703 2240 775 2310 ex.
792 2254 989 2327 populo
1016 2252 1145 2319 viri,
1187 2250 1335 2307 velut
1355 2264 1422 2304 ex
1453 2245 1692 2303 infausto
1714 2260 1854 2316 prae

259 2349 411 2422 sagio
464 2346 834 2419 indignatione
880 2343 1156 2407 commoti,
1210 2345 1520 2409 correptum
1575 2337 1854 2391 hominem

260 2440 445 2496 multis
469 2436 787 2493 verberibus
815 2434 1085 2499 afﬁciunt;
1116 2440 1173 2487 at
1194 2431 1282 2487 ille
1303 2444 1646 2501 nequaquam
1672 2442 1771 2497 pro
1796 2439 1856 2481 se

263 2531 467 2601 aliquid
495 2531 741 2599 loquens,
773 2529 869 2583 sed
898 2541 1001 2582 nec
1024 2540 1120 2580 eos
1158 2522 1378 2594 quidem
1407 2520 1500 2591 qui
1541 2520 1858 2575 circumste-

264 2630 442 2678 terant
467 2622 808 2692 deprecatus,
836 2633 931 2673 eas
956 2618 1134 2672 denuo
1154 2628 1318 2670 voces
1346 2612 1467 2682 pari
1486 2611 1858 2667 obstinatione

263 2722 318 2769 et
353 2713 595 2768 clamore
634 2710 933 2782 repetebat.
974 2708 1128 2763 Tunc
1158 2705 1433 2777 principes
1472 2702 1855 2772 intelligentes,

265 2817 325 2864 ut
373 2822 463 2863 res
501 2814 642 2873 erat,
692 2804 865 2874 magis
899 2803 1141 2858 divinum
1189 2814 1309 2855 esse
1358 2797 1598 2853 hominis
1627 2803 1856 2860 motum,

264 2900 569 2971 perducunt
614 2912 737 2953 eum
779 2896 848 2951 ad
871 2896 1110 2967 judicem
1152 2893 1480 2955 Romanum,
1526 2890 1669 2962 apud
1696 2903 1861 2959 quem

266 2990 450 3063 ﬂagris
476 2990 543 3045 ad
571 3003 695 3046 ossa
720 3002 894 3058 usque
931 2986 1188 3051 laniatus,
1220 2998 1394 3053 neque
1423 2996 1636 3053 preces,
1680 2994 1860 3050 neque

266 3084 537 3155 lacrymas
568 3080 729 3147 fudit,
754 3079 850 3135 sed
890 3077 1140 3135 eamdem
1163 3088 1352 3130 vocem
1390 3071 1778 3129 miserabiliter
1806 3077 1863 3125 et

269 3189 392 3229 cum
433 3172 670 3242 quodam
716 3169 924 3224 ululatu
969 3168 1258 3231 emittens,
1311 3180 1408 3236 per
1461 3163 1672 3236 singula
1719 3176 1860 3234 pene

1941 1123 2106 1182 serat,
2151 1114 2335 1185 jussus
2378 1122 2463 1169 est
2515 1112 2792 1179 recedere,
2821 1111 3058 1168 eﬁ‘eratis
3105 1108 3302 1164 animis
3341 1107 3397 1163 in
3442 1104 3534 1161 Ju-

1942 1211 2114 1266 daeam
2140 1208 2310 1273 venit,
2336 1206 2476 1262 sicut
2502 1206 2557 1261 in
2585 1204 2955 1277 superioribus
2978 1204 3406 1258 demonstratum
3425 1204 3532 1265 est,

1943 1308 2000 1357 et
2020 1299 2323 1356 Jerusalem
2353 1298 2522 1353 armis
2546 1297 2689 1368 cepit
2717 1304 3039 1365 gentemque
3068 1293 3373 1357 mulctavit,
3397 1298 3536 1346 tem-

1942 1392 2199 1466 plumque
2225 1389 2497 1461 spoliavit,
2534 1396 2589 1443 et
2617 1387 2784 1441 multa
2827 1385 3035 1442 nefaria
3061 1385 3115 1439 in
3150 1384 3266 1454 ipsa
3308 1380 3546 1436 commiu

1945 1486 2035 1542 sit.
2084 1484 2236 1552 Quod
2266 1492 2449 1538 autem
2488 1481 2786 1535 Antiochus
2822 1479 2991 1549 ipsius
3036 1472 3362 1531 Antichristi
3403 1471 3540 1542 ﬁgu-

1946 1598 2063 1638 ram
2087 1579 2340 1652 praeferat
2368 1584 2680 1633 sanctorum
2710 1574 2947 1644 primum
2977 1568 3272 1625 traditione
3302 1562 3538 1620 manife-

1946 1674 2245 1730 stissimum
2269 1678 2354 1725 est
2378 1684 2393 1723 :
2413 1669 2536 1739 quia
2568 1667 2708 1723 sicut
2740 1663 2986 1720 Salvator
3010 1658 3273 1733 praemisit
3295 1655 3541 1712 Salomo-

1948 1781 2071 1821 nem
2101 1772 2157 1820 et
2191 1770 2418 1819 caeteros
2453 1767 2673 1815 sanctos
2711 1758 2767 1812 in
2802 1765 2990 1827 typum
3021 1751 3285 1807 adventus
3313 1747 3420 1812 sui,
3462 1745 3543 1800 sic

1872 1862 1922 1929 Β
1948 1856 2315 1914 Antichristus
2340 1853 2635 1924 pessimum
2664 1863 2847 1921 regem
2885 1845 3238 1908 Antiochum,
3287 1840 3380 1910 qui
3410 1853 3540 1895 san-

1951 1959 2069 2006 ctos
2102 1957 2420 2019 persecutus
2462 1953 2546 2000 est
2578 1943 2946 2014 templumque
2976 1937 3219 2002 violavit,
3270 1940 3421 1989 recte
3462 1942 3544 2003 ty-

1951 2056 2079 2112 pum
2108 2041 2192 2095 sui
2214 2038 2468 2094 habuisse
2498 2034 2801 2091 credendus
2823 2040 2925 2087 est.

2023 2131 2157 2188 Cum
2199 2141 2374 2186 autem
2419 2129 2686 2201 appositus
2725 2134 2857 2180 esset
2891 2133 3076 2179 contra
3111 2120 3355 2188 Juda’os,
3402 2116 3547 2172 misit

1954 2226 2193 2281 odiosum
2218 2223 2504 2295 principem
2532 2219 2872 2290 Apollonium
2892 2233 3011 2271 cum
3040 2216 3271 2271 exercitu
3299 2211 3479 2283 uiginti
3498 2215 3548 2264 et

1954 2319 2156 2373 duobus
2190 2316 2445 2382 millibus,
2474 2313 2782 2385 prwcipiens
2805 2311 2854 2365 ei
2895 2325 3072 2364 omnes
3103 2308 3347 2379 perfecta:
3374 2303 3548 2359 (etatis

1956 2409 2269 2478 interﬁcere,
2328 2406 2593 2472 mulieres,
2650 2420 2713 2457 ac
2746 2404 2989 2473 juvenes,
3038 2417 3101 2454 ac
3141 2399 3363 2469 virgines
3423 2412 3549 2453 uen-

1957 2505 2101 2569 dere,
2134 2512 2238 2558 etc.
2272 2501 2443 2573 Hujus
2483 2500 2589 2555 loci
2624 2507 2680 2554 et
2718 2498 2967 2568 superior
2993 2495 3132 2550 liber
3158 2493 3427 2556 meminit,
3456 2489 3553 2545 ubi

1958 2602 2014 2650 et
2040 2592 2353 2648 Judaeorum
2383 2591 2439 2645 iu
2462 2588 2675 2645 sabbati
2704 2589 2889 2658 quiete
2914 2585 3224 2641 interfectio
3251 2590 3308 2638 et
3333 2579 3553 2651 Apollo-

1959 2687 2036 2741 nii
2058 2686 2301 2756 nequitia
2332 2683 2493 2740 simul
2518 2690 2574 2738 et
2596 2682 2851 2737 interitus
2877 2679 2993 2750 ejus
3023 2693 3122 2748 per
3142 2676 3388 2739 Judaeam
3430 2689 3559 2729 nar-

1962 2787 2133 2833 ratur.
2183 2777 2338 2845 Quod
2391 2784 2572 2831 autem
2618 2774 2922 2829 Antiochus
2962 2770 3223 2842 praecepit
3272 2765 3558 2839 Apollonio

1962 2888 2139 2927 omnes
2163 2870 2408 2943 perfecta:
2433 2869 2604 2924 wtatis
2628 2867 2941 2936 interﬁcere,
2968 2862 3212 2918 mulieres
3255 2879 3317 2916 ac
3340 2861 3560 2932 juvenes

1964 2965 2202 3031 vendere,
2232 2962 2507 3036 signiﬁcat
2536 2961 2682 3031 quod
2702 2959 3006 3014 Antiochus
3044 2956 3214 3012 hostis
3241 2968 3429 3011 eorum
3464 2966 3562 3007 ne-

1965 3072 2085 3113 cem
2115 3055 2354 3111 maxime
2394 3054 2690 3110 meditatur
2718 3067 2855 3123 quos
2892 3049 3166 3121 perfectos
3204 3048 3259 3102 in
3295 3044 3562 3118 religione

1966 3147 2275 3204 Christiana
2300 3160 2421 3201 esse
2445 3143 2765 3215 conspexit;
2795 3157 2891 3203 eos
2922 3149 3102 3196 autem
3130 3138 3225 3209 qui
3263 3136 3454 3193 molles
3477 3144 3563 3190 at-

268 3226 434 3320 verba
446 3226 791 3335 proferebat,
841 3260 1043 3314 addens
1071 3267 1129 3313 et
1171 3226 1276 3313 hoc
1301 3226 1328 3312 τ’
1343 3256 1456 3322 Vae,
1482 3226 1865 3324 ναζιειοξοῌ-
1887 3234 1933 3298 C
1965 3253 2072 3335 (1υὲ
2097 3237 2383 3294 ίηδιθῧίιθε
2411 3245 2560 3335 εωξῇ
2599 3236 2667 3335 ξε
2689 3234 2888 3335 (Ιυίῧιξε
2912 3232 3285 3335 ξοτίυιυωξει
3310 3246 3323 3283 ε
3350 3226 3561 3335 sui!!!“

272 3354 395 3408 mis.
422 3352 565 3424 Ergo
587 3350 769 3406 omnia
790 3349 1035 3420 prodigia
1066 3346 1266 3403 misera
1296 3345 1490 3400 civitas
1518 3344 1715 3399 merito
1738 3358 1861 3414 per-

272 3462 431 3518 pessa
451 3456 556 3513 est,
584 3446 711 3517 quia
740 3459 973 3516 semper,
1000 3442 1295 3498 secundum
1332 3440 1520 3495 latoris
1546 3438 1681 3510 legis
1705 3437 1861 3495 testi-

245 3539 540 3606 ‘monium,
571 3536 894 3593 seditionem
935 3535 1046 3607 egit
1089 3542 1281 3591 contra
1324 3532 1632 3597 Dominum,
1683 3540 1739 3588 et
1780 3532 1855 3586 in-

277 3638 435 3702 grata
456 3629 844 3686 beneﬁciorum
891 3628 1030 3700 ejus,
1079 3640 1267 3683 servos
1300 3625 1499 3681 summi
1528 3622 1864 3694 patrisfami-

278 3723 398 3792 lias,
421 3724 516 3795 qui
545 3724 614 3779 ad
639 3738 759 3778 eam
802 3722 871 3777 ab
931 3720 1022 3776 illo
1062 3718 1215 3776 missi
1258 3726 1406 3785 sunt,
1448 3733 1574 3772 cum
1613 3716 1867 3773 irrisione

278 3814 588 3870 tractabant
662 3820 826 3884 atque
893 3812 1294 3868 interimebant.
1361 3809 1667 3866 Novissime
1737 3823 1868 3864 vero

280 3909 455 3979 ipsum
495 3907 884 3963 interﬁcientes
909 3905 1204 3972 haeredem,
1233 3912 1390 3960 extra
1416 3914 1597 3960 castra
1627 3901 1869 3974 projece-

282 4006 425 4053 runt.
474 3995 629 4052 Unde
675 3997 789 4066 ipse
830 3996 1090 4051 Dominus
1120 3995 1175 4050 in
1220 3994 1531 4067 Evangelio,
1584 3995 1871 4065 increpans

285 4088 617 4145 incredulam
674 4086 973 4152 civitatem,
1021 4087 1141 4141 ait:
1178 4085 1501 4151 Jerusalem,
1550 4085 1869 4154 Jerusalem,

284 4198 402 4253 qua:
441 4179 634 4236 occidis
675 4178 950 4250 prophetas
986 4187 1033 4232 et
1075 4176 1280 4243 lapides
1308 4193 1393 4231 eos
1414 4178 1504 4248 qui
1546 4177 1614 4230 ad
1655 4185 1703 4231 te
1728 4178 1874 4231 missi

287 4273 449 4327 sunt!
478 4270 691 4337 Quoties
712 4268 850 4324 volui
875 4284 1189 4340 congregare
1214 4268 1354 4337 filios
1392 4278 1509 4323 tuos
1539 4269 1878 4340 quemadmo-

289 4365 415 4419 dum
449 4362 649 4436 gallina
683 4370 959 4432 congregat
1000 4359 1171 4433 pullos
1208 4378 1332 4416 suos
1373 4363 1468 4417 sub
1508 4362 1623 4418 alas
1650 4380 1794 4429 suas,
1828 4371 1881 4419 et

293 4456 528 4512 noluisti.
570 4454 705 4508 Ecce
734 4452 1054 4524 relinquetur
1085 4453 1228 4508 vobis
1268 4454 1455 4509 domus
1478 4464 1647 4527 vestra
1676 4456 1882 4511 deserta

295 4546 511 4619 (Matth.
540 4545 720 4617 χχιιι).
752 4541 868 4599 Hoc
900 4544 1046 4599 enim
1087 4546 1514 4618 praasagiebatur
1536 4547 1833 4617 antiquitus
1863 4565 1876 4603 :

294 4640 399 4694 hoc
430 4638 484 4692 in
511 4636 904 4708 posterioribus
949 4637 1232 4693 homicidae.
1277 4639 1717 4715 truculentissimi
1751 4656 1864 4696 con-

1989 4625 2163 4693 ﬁlius;
2193 4632 2441 4691 octavus,
2464 4623 2614 4706 alter
2648 4621 2833 4691 Onias,
2861 4623 2954 4694 qui
2990 4621 3153 4679 Jason
3178 4629 3264 4678 est
3299 4635 3579 4692 nuncupa-
3608 4644 3623 4715 Ξ

246 4740 249 4745 ‘
298 4732 516 4801 dignam
555 4740 739 4786 reatus
787 4732 869 4787 sui
905 4740 1267 4803 perceperunt
1306 4734 1610 4790 mercedem
1655 4752 1667 4788 :
1701 4734 1778 4790 ita
1823 4742 1885 4790 ut

244 4832 249 4837 '
299 4824 498 4897 partim
524 4822 668 4878 fame
693 4832 1038 4891 necarentur,
1061 4826 1259 4896 partim
1292 4827 1601 4896 pestilentia
1622 4828 1881 4899 perirent,

301 4916 501 4988 partim
532 4915 699 4971 occisi
724 4924 781 4970 et
803 4916 1000 4987 captivi
1029 4916 1082 4970 in
1128 4917 1291 4972 totius
1311 4918 1460 4973 orbis
1480 4927 1664 4990 partes
1689 4920 1757 4975 ab
1792 4921 1889 4975 ho-
1944 4984 1947 4995 ι

305 5008 476 5065 stibns
501 5008 861 5074 ducerentur;
895 5007 1080 5078 sicque
1114 5007 1395 5078 impletum
1424 5017 1508 5065 est
1535 5008 1783 5065 Jeremiaa
1826 5011 1891 5066 il-

306 5099 399 5155 lud
421 5099 563 5171 quod
589 5099 654 5154 de
681 5098 871 5154 eadem
905 5088 1063 5171 gente
1084 5106 1139 5154 et
1167 5099 1386 5156 civitate
1410 5102 1776 5172 prophetavit,
1810 5101 1892 5158 di-

308 5206 439 5251 cens
465 5210 478 5246 :
505 5189 944 5263 Migravit‘ludas
972 5201 1183 5262 propter
1218 5192 1549 5264 aﬂlictionem
1576 5203 1622 5247 et
1655 5194 1894 5248 multitu-

312 5284 485 5340 dinem
529 5283 1106 5338 servitutis:habitavit
1153 5284 1290 5338 inter
1323 5266 1520 5355 gentes,
1570 5301 1661 5359 nec
1702 5286 1896 5341 invenit

314 5379 542 5452 requiem
577 5391 596 5429 :
634 5393 811 5432 omnes
863 5386 1216 5448 persecutores
1272 5376 1386 5452 ejus
1447 5377 1897 5448 appreltenderunt

314 5488 432 5528 eum
468 5472 604 5525 inter
646 5470 938 5540 angustias.
978 5467 1091 5524 Via:
1138 5466 1267 5523 Sion
1310 5467 1505 5540 lugent,
1529 5485 1588 5524 eo
1610 5469 1750 5540 quod
1792 5486 1897 5524 non

317 5572 436 5619 sunt
462 5561 552 5634 qui
588 5559 794 5615 veniant
838 5560 908 5614 ad
946 5558 1344 5615 solemnitatem.
1375 5559 1567 5614 Omnes
1588 5569 1753 5631 portae
1784 5561 1899 5632 ejus

319 5654 618 5720 destructa,
642 5651 935 5707 sacerdotes
955 5652 1071 5723 ejus
1094 5661 1369 5721 gementes,
1396 5651 1618 5723 uirgines
1643 5650 1899 5724 squalidte

320 5755 368 5801 et
396 5746 512 5837 ipsa
531 5759 776 5837 oppressa
797 5744 1151 5799 amaritudine
1180 5743 1396 5815 (Thren.
1423 5743 1488 5837 ι).

396 5835 494 5893 His
522 5836 713 5935 itaque:
735 5834 893 5925 gestis
929 5810 1226 5925 suspicatus
1250 5810 1773 5934 est‘renf‘so'cietatem
1802 5837 1896 5893 de-

1965 3340 2022 3386 ut
2054 3331 2182 3385 luna
2203 3340 2440 3385 mutatur
2466 3327 2658 3401 (Eccli.
2687 3326 2886 3398 xxv"),
2915 3326 3063 3396 ipsos
3086 3319 3255 3378 variis
3281 3320 3566 3378 erroribus

1964 3425 2258 3497 implicitos
2286 3438 2384 3494 per
2414 3422 2629 3478 diversa
2657 3420 2791 3475 vitia
2838 3417 3149 3473 ventilando
3177 3415 3248 3472 de
3273 3422 3425 3472 terra
3468 3412 3568 3469 Ec-

1966 3516 2145 3572 clesiae
2197 3528 2456 3586 separans
2480 3554 2497 3580 ,
2550 3513 2609 3568 in
2663 3510 2992 3585 profundum
3053 3507 3323 3572 scelerum
3373 3503 3567 3580 procul

1960 3609 2150 3679 jactat.

2037 3703 2210 3759 ludas
2256 3709 2428 3756 autem
2476 3687 2839 3765 Machameus,
2865 3696 2956 3769 qui
2989 3695 3222 3751 decimus
3251 3694 3449 3765 fuerat,
3480 3708 3566 3748 se-

1969 3802 2191 3851 cesserat
2216 3793 2273 3847 in
2298 3795 2583 3857 desertum,
2613 3798 2721 3846 etc.
2745 3787 3027 3857 Quomodo
3051 3795 3237 3843 autem
3281 3787 3430 3842 dicat
3472 3785 3568 3841 Ju-

1972 3892 2097 3947 dam
2126 3888 2494 3944 Machameum
2541 3899 2664 3940 esse
2698 3883 2967 3940 decimum
3015 3896 3126 3937 non
3176 3880 3414 3947 invenio,
3464 3878 3573 3935 nisi

1973 3986 2113 4042 forte
2140 4000 2239 4055 per
2273 3980 2737 4039 enumerationem
2764 3979 3081 4052 pontiﬁcum
3127 3976 3220 4046 qui
3265 3974 3489 4031 fuerunt
3516 3974 3577 4028 in

1974 4087 2135 4151 gente
2159 4076 2342 4132 Judaza
2368 4072 2700 4145 temporibus
2728 4072 2880 4144 regni
2905 4071 3214 4127 Graecorum
3256 4069 3375 4125 haec
3405 4067 3578 4129 histo-

1975 4170 2059 4225 ria
2102 4167 2360 4237 compulit
2402 4179 2595 4229 annos,
2622 4177 2856 4232 quorum
2885 4162 3095 4230 primus
3132 4158 3379 4231 pontifex
3406 4156 3575 4215 Onias

1978 4259 2136 4315 Jaddi
2164 4258 2341 4323 ﬁlius;
2381 4255 2674 4321 secundus,
2703 4252 2926 4309 Simeon
2958 4252 3109 4307 Onias
3137 4251 3310 4318 ﬁlius;
3354 4248 3599 4325 tertiust

1979 4349 2204 4405 Eleazar
2245 4346 2415 4401 frater
2458 4345 2758 4412 Simeonis;
2801 4351 3050 4414 quartus,
3091 4343 3371 4398 Manasses
3401 4356 3579 4397 avun-
3656 4372 3663 4381 -

1982 4441 2136 4497 culus
2166 4439 2443 4504 Eleazari;
2488 4439 2729 4508 quintus,
2758 4436 2926 4493 Onias
2967 4436 3205 4491 Simonis
3230 4434 3370 4492 Justi
3395 4436 3577 4504 ﬁlius;

1985 4541 2191 4599 sextus,
2220 4531 2408 4586 Simon
2433 4528 2586 4587 Onias
2616 4529 2790 4598 ﬁlius;
2821 4529 3107 4599 septimus,
3142 4526 3310 4584 Onias
3339 4526 3583 4584 Simonis

1992 4730 2099 4787 tus,
2128 4717 2296 4775 frater
2320 4717 2471 4774 Onias
2496 4717 2724 4790 prioris;
2750 4731 2947 4783 nonus,
2977 4716 3271 4785 Menelaus,
3297 4716 3468 4773 frater
3491 4708 3618 4771 Jao'.

1994 4811 2171 4877 sonis;
2200 4810 2462 4876 decimus,
2487 4806 2675 4874 Judas,
2700 4808 2794 4879 qui
2839 4807 3050 4864 Alcimo
3084 4816 3325 4863 tentante
3369 4808 3587 4878 pontiﬁ-

1996 4903 2214 4959 ﬁcatum
2259 4898 2567 4958 Judaeorum
2610 4899 2886 4967 invadere,
2937 4899 3227 4970 divinoque
3254 4899 3459 4971 judicio
3487 4899 3585 4954 de-

1998 5002 2226 5059 structo,
2258 4992 2492 5048 mirabili
2523 5006 2791 5049 consensu
2831 4990 3071 5047 omnium
3102 4990 3264 5061 primi
3295 4990 3586 5047 sacerdotii

1946 5082 1951 5085 ’
1997 5087 2206 5158 accepit
2248 5086 2585 5158 dignitatem.
2617 5084 2947 5156 Spiritaliter
2989 5091 3165 5139 autem
3195 5081 3362 5141 Judas
3388 5086 3588 5142 merito

1997 5182 2198 5237 dicitur
2224 5193 2346 5236 esse
2376 5180 2636 5246 decimus,
2667 5179 2794 5249 quia
2820 5177 3070 5251 Decalogi
3093 5187 3365 5251 praecepta
3394 5179 3448 5234 in
3478 5179 3586 5236 ﬁde

1946 5336 1951 5347 ι
1998 5283 2053 5332 et
2083 5275 2365 5330 devotione
2409 5273 2652 5345 perfecta
2697 5272 2967 5327 invenitur
3004 5286 3266 5338 servasse,
3303 5272 3589 5345 ipsamque

1954 5367 2175 5451 “legem
2203 5367 2427 5423 zelando
2448 5366 2517 5421 ab
2541 5365 2778 5421 hostium
2807 5364 3058 5423 manibus
3098 5364 3308 5434 primus
3336 5372 3460 5435 post
3487 5379 3590 5434 pa-

1988 5469 2143 5543 ‘trem
2166 5459 2333 5514 armis
2360 5457 2682 5533 defendisse.
2712 5457 2817 5526 Qui
2841 5471 2970 5512 vere
2992 5456 3135 5511 inter
3161 5454 3306 5512 feras
3326 5454 3602 5528 scribitur.

2005 5570 2129 5610 cum
2174 5553 2287 5608 suis
2322 5553 2377 5607 in
2425 5551 2697 5607 montibus
2736 5550 2903 5605 vitam
2951 5550 3188 5616 duxisse,
3219 5558 3276 5606 et
3312 5547 3421 5602 feni
3463 5545 3589 5603 cibo

2004 5648 2187 5706 vesci:
2218 5648 2347 5721 quia
2391 5656 2703 5705 sanctorum
2744 5643 2989 5716 exempla
3018 5651 3235 5700 secutus
3275 5638 3402 5711 (ipsi
3443 5638 3591 5694 enim

2005 5748 2131 5798 sunt
2154 5749 2366 5796 montes
2390 5738 2528 5810 Dei),
2551 5736 2808 5795 bestiales
2829 5744 3237 5808 persecutorum
3258 5743 3442 5795 mores
3464 5741 3594 5785 con-

1976 5832 2314 5913 _temnendo,
2353 5832 2518 5891 vitam
2548 5830 2660 5889 Deo
2701 5828 2956 5908 placitam
3000 5823 3182 5905 elegit,
3228 5828 3287 5893 et
3324 5821 3592 5897 virtutum

3608 4673 3619 4721 ἱ

3611 4794 3630 4820 \
