4028 6462
309 388 449 468 1131
1011 378 1368 467 continui.
1407 400 1475 461 iN
1510 390 1757 461 uncos
1794 372 2365 460 nienseiboituii.
2408 433 2477 443 —
2515 388 2579 457 is
2618 386 2746 458 Lis.
2786 374 2855 458 11.
3440 390 3581 463 me

307 516 506 596 quibus
533 506 720 575 Hostes
750 514 1032 573 nubentes
1057 512 1379 588 [vicerunt],
1400 504 1587 569 liberis
1613 512 1897 567 animabus
1925 506 1979 577 Α
2001 500 2204 566 Cliristi
2235 498 2398 575 Deus,
2425 510 2517 580 qni
2559 518 2720 579 caput
2763 506 3003 565 laniabat
3030 510 3085 565 in
3128 504 3388 583 martyre,
3417 513 3587 570 Deum

308 608 553 684 requiem
579 602 855 664 intrabunt
881 604 1159 661 asturnam.
1203 596 1504 659 Novissiine
1552 602 1666 672 ipsa
1713 600 1887 656 mater
1987 606 2045 658 et
2070 596 2344 656 ChriStuiii
2372 598 2797 671 persequebatur
2842 600 2895 655 in
2925 601 3120 672 ca'pite.
3152 598 3223 658 At
3250 600 3339 659 ille
3366 604 3421 659 in
3449 612 3590 671 mar-

309 696 548 761 iideiiditi
591 689 831 755 1111111111111
868 696 923 751 111
955 692 1060 751 line
1104 693 1287 750 mundi
1321 686 1805 759 ciiiiSummabitur,
1833 696 1890 747 et
1987 694 2129 766 tyrio
2153 698 2250 748 suo
2298 690 2487 757 naeus,
2532 694 2588 747 et
2627 690 3039 749 resurrectionis
3073 688 3175 751 sibi
3206 695 3487 764 praemium
3518 694 3584 751 de

309 792 572 864 tropaeum
616 782 800 861 gloria
844 780 911 843 ue
955 778 1205 841 omnibus
1249 776 1482 839 inimicis
1526 783 1640 839 Suis
1669 776 1890 853 11111111ιέ
1990 774 2089 839 Dei
2124 781 2559 838 remuneratitine
2597 780 2937 854 promittens,
2966 783 3290 841 exclamavit
3318 793 3373 843 et
3405 780 3580 842 dixit:

309 886 533 960 regnum
563 880 858 957 possidebit
886 876 1226 953 perpetuum.
1993 864 2073 931 Tu
2087 872 2293 947 quidem
2308 874 2562 944 impotens
2582 886 2645 929 ex
2657 870 2755 928 hac
2775 874 3016 945 pi’ws‘enti
3038 876 3144 931 vita
3166 892 3260 932 nos
3278 876 3484 949 perdis;
3499 874 3590 933 sed

382 972 623 1047 Qualiter
648 972 829 1029 autem
854 964 1196 1028 beatiSSiiiius
1225 966 1429 1045 ma‘i‘t'yi‘
1454 964 1510 1025 tit
1537 964 1893 1027 suavissimus
1992 962 2178 1021 mandi
2211 974 2302 1019 rex
2326 960 2597 1034 defunctos
2626 974 2719 1019 nos
2747 970 2840 1035 pro
2867 963 2975 1020 suis
3007 964 3204 1037 legibus
3243 970 3299 1022 in
3340 968 3590 1023 eternam

312 1064 501 1124 doctor
529 1058 830 1138 Gypt-ianus
874 1062 940 1119 de
971 1054 1173 1117 eisdem
1217 1064 1426 1133 Septem
1456 1052 1715 1116 fratribus
1759 1060 1895 1117 seri.
1994 1056 2113 1111 uitte
2149 1054 2579 1110 resurrectionem
2620 1054 2909 1111 suscittibit.
2939 1055 3159 1113 Tertius
3206 1056 3444 1130 linguam
3488 1068 3589 1129 po-

310 1152 445 1214 bens
471 1156 538 1213 ad
586 1146 942 1213 Foritinatudi
985 1156 1136 1209 inore
1180 1152 1455 1209 rhetorum
1505 1146 1738 1211 facundo
1781 1156 1895 1209 se’r-
1998 1146 2227 1203 Stulatus
2250 1145 2359 1202 cito
2385 1144 2645 1216 protulit:
2674 1142 2798 1200 nam
2820 1160 3036 1216 pinnam
3058 1147 3254 1220 linguae
3274 1146 3593 1205 exsecandze

312 1252 473 1307 mone
518 1242 829 1309 dissereret,
878 1234 978 1303 hoc
1025 1234 1142 1301 i‘o'co
1180 1238 1521 1301 inserendum
1567 1242 1894 1317 censuimus,
1991 1239 2108 1310 jam
2146 1234 2407 1295 didicerat
2446 1250 2479 1293 a
2510 1234 2680 1294 fratre
2732 1244 3105 1306 contemnere;
3138 1252 3332 1298 manus
3374 1242 3593 1313 quoque

314 1340 404 1417 qui
451 1340 591 1400 inter
637 1338 831 1397 cetera
862 1338 940 1396 sic
970 1333 1046 1395 ait
1088 1355 1101 1395 :
1129 1334 1266 1409 Quid
1308 1356 1436 1395 vero
1469 1340 1523 1393 in
1556 1330 1897 1406 Machabagis,
2000 1329 2357 1399 εωρυωηότιε
2397 1330 2710 1384 “iis”!!le
2734 1331 2995 1397 extendit,
3027 1330 3255 1386 multum
3284 1330 3476 1417 ocatus
3502 1346 3595 1405 ge-

312 1416 520 1505 septem
548 1432 742 1489 fratres
769 1434 823 1488 et
858 1428 1116 1490 naiaiiiim
1154 1432 1352 1501 pariter
1378 1434 1431 1484 et
1471 1428 1727 1484 virtutum
1755 1428 1901 1486 sorté
2002 1432 2138 1473 nere
2179 1418 2284 1473 is“)
2312 1418 2592 1489 δυββιίείίν
2618 1420 2707 1473 δαί
2737 1420 2964 1492 contigit
3003 1422 3245 1477 εκεθηδίε
3272 1416 3340 1477 ad
3377 1422 3596 1493 pinnam

313 1522 640 1585 consimiles,
676 1520 1013 1593 signiIiCent,
1057 1514 1159 1575 nisi
1207 1517 1569 1588 septenarium
1616 1520 1901 1573 munerum
2005 1508 2253 1566 111811ίῦ118
2278 1511 2546 1579 ραεείοηίε
2573 1510 2866 1566 Dominicm
2896 1513 3070 1567 inStat‘
3095 1510 3313 1569 imitari.
3340 1508 3451 1569 Nec
3482 1522 3591 1570 non

314 1620 655 1672 sacramento
685 1613 942 1683 perfectm
970 1606 1447 1667 consummationis
1477 1606 1786 1678 impletum?
1814 1608 1904 1664 Sic
2006 1613 2062 1656 et
2097 1600 2339 1671 quartus,
2371 1600 2487 1671 pari
2512 1603 2711 1657 Virtute
2743 1610 3013 1657 tormenta
3042 1606 3409 1671 contemnens,
3447 1610 3503 1660 et
3529 1601 3598 1661 ad

313 1706 458 1761 enim
510 1714 715 1776 septem
774 1702 970 1757 fratres
1020 1703 1074 1756 in
1125 1694 1385 1770 martyrio
1435 1698 1805 1763 cohaerentes,
1849 1702 1908 1752 iit
2007 1694 2402 1749 retundendnm
2427 1710 2609 1766 regem
2633 1692 2838 1749 cmlesti
2864 1704 2997 1750 voce
3029 1692 3382 1765 respondens,
3415 1695 3598 1753 cacla-

312 1792 472 1867 primi
509 1790 724 1848 fuéi‘tint
750 1788 803 1847 in
832 1792 1184 1862 dispositione
1213 1789 1390 1844 divina
1424 1796 1627 1859 septem
1659 1787 1772 1842 dies
1814 1798 1909 1843 an-

2009 1788 2179 1839 11111γὶ1
2216 1791 2272 1839 et
2300 1782 2473 1840 dixit:
2506 1782 2690 1839 Potius
2719 1794 2793 1839 est
2829 1784 2894 1839 ab
2924 1784 3221 1841 hominibus
3265 1782 3421 1841 morti
3448 1787 3599 1846 datos

314 1888 510 1939 norunt
543 1888 748 1953 septeni
787 1874 951 1936 millia
981 1879 1338 1936 continentes.
1367 1884 1425 1934 ut
1454 1888 1657 1948 septem
1686 1876 1907 1948 spiritus
1934 1870 1982 1937 Β
2011 1872 2307 1946 exspecttire
2331 1886 2471 1947 spem
2499 1892 2531 1930 α
2561 1872 2693 1942 Deo,
2721 1878 2909 1931 iterum
2936 1877 3000 1931 ab
3030 1890 3089 1933 eo
3122 1878 3510 1935 resuscitandas
3544 1881 3601 1935 in

316 1978 371 2029 et
400 1970 573 2042 angeli
606 1974 810 2041 Septem
841 1974 932 2041 qni
969 1972 1231 2025 assistunt
1260 1972 1313 2023 et
1364 1977 1751 2023 conversantur
1780 1975 1908 2023 ante

317 2061 512 2119 faciem
562 2054 805 2128 D‘omidi,
834 2072 889 2117 et
916 2060 1136 2116 lucerna
1182 2056 1513 2131 septiformis
1557 2061 1611 2113 in
1660 2058 1908 2114 taberna-

318 2150 440 2208 culo
488 2150 753 2223 martyrii,
800 2156 854 2206 et
885 2148 937 2206 in
982 2150 1301 2222 Apocalypsi
1350 2156 1553 2219 Septem
1585 2146 1908 2204 candelabra

319 2258 484 2297 aurea
514 2242 697 2314 (Apoc.
727 2242 790 2313 1),
839 2252 895 2297 et
936 2244 1074 2312 apud
1122 2242 1468 2296 Salomonem
1508 2240 1772 2295 columna:
1820 2252 1908 2293 se-

316 2341 496 2405 ptem,
554 2338 717 2403 super
772 2344 906 2403 quas
984 2326 1271 2387 aediﬁcavit
1342 2328 1557 2386 domum
1637 2329 1911 2400 Sapientia

321 2418 505 2494 (Prov.
532 2422 608 2495 ix)
650 2440 664 2479 :
709 2423 784 2478 ita
830 2424 883 2478 et
918 2420 1039 2478 istic
1086 2433 1291 2493 septem
1356 2414 1581 2476 fratrum
1630 2432 1908 2487 numerus,

320 2508 685 2570 Euclesiarum
725 2518 931 2585 scptem
974 2524 1256 2569 numerum
1294 2515 1376 2569 Sui
1416 2512 1718 2584 quantitate
1761 2518 1910 2565 com-

321 2604 530 2681 plexit‘s,
576 2606 869 2664 secundtim
915 2606 1058 2677 quod
1103 2607 1158 2661 in
1204 2606 1379 2678 primo
1420 2600 1559 2661 libro
1603 2604 1912 2675 Regnorum

328 2698 483 2774 (Cap.
510 2701 571 2771 11)
598 2698 848 2770 legimtis,
876 2698 1113 2754 sterilem
1137 2706 1342 2768 septem
1368 2696 1659 2766 peperisse.
1683 2691 1750 2749 Et
1772 2695 1914 2765 apud

325 2786 520 2845 Isaiam
556 2796 761 2861 septem
804 2788 1058 2844 mulieres
1101 2800 1266 2843 unum
1313 2786 1585 2842 hominem
1615 2784 1914 2857 apprehen-

326 2880 481 2946 dnnt,
510 2876 663 2949 cultis
692 2875 932 2934 invocari
963 2888 1123 2951 super
1147 2892 1207 2935 se
1231 2890 1425 2934 nomen
1449 2885 1747 2948 exposcunt
1776 2876 1909 2949 (Isa.

326 2972 425 3044 ιν).
460 2968 524 3027 lit
566 2968 841 3043 apostolus
867 2966 1082 3037 Paulus,
1116 2972 1208 3040 qui
1238 2967 1396 3038 hujus
1424 2970 1636 3024 numeri
1686 2967 1911 3040 legitimi

327 3073 382 3121 et
406 3064 539 3120 certi
575 3060 841 3127 meminit,
871 3061 937 3116 ad
974 3064 1181 3133 septem
1220 3058 1492 3116 Eccleslas
1520 3060 1726 3114 scribit.
1758 3059 1823 3113 Et
1858 3059 1912 3113 111

327 3150 650 3229 Apocalypsi
681 3154 863 3229 (Apoc.
889 3154 929 3227 1)
960 3146 1219 3209 Dominus
1250 3151 1503 3208 mandata
1525 3162 1623 3207 sua
1651 3151 1829 3205 divina
1858 3159 1913 3204 et

2011 1969 2165 2023 vitam
2207 1976 2497 2022 alternum:
2528 1966 2622 2020 tibi
2666 1970 2804 2021 enim
2841 1968 3153 2023 resurrectio
3192 1971 3261 2024 att
3291 1971 3453 2026 vitum
3496 1974 3602 2025 non

2011 2060 2128 2112 erit.
2146 2058 2607 2127 Quintus,praater
2620 2058 2764 2127 quod
2793 2058 3164 2115 carniﬁcinam
3194 2062 3338 2134 regis
3360 2070 3415 2119 et
3437 2056 3602 2119 duros

2012 2150 2300 2219 variosque
2340 2149 2617 2203 cruciatus
2645 2148 2768 2204 iidei
2819 2152 3005 2221 vigore
3034 2151 3308 2221 calcabat,
3354 2158 3422 2210 au
3465 2158 3603 2226 pi‘tié1

2014 2240 2295 2294 scientiam
2324 2255 2542 2309 quoque
2568 2248 2623 2295 et
2654 2241 2900 2295 notitiam
2930 2242 3245 2299 futurorum
3290 2246 3482 2317 spiritu
3526 2248 3605 2301 di-

2013 2331 2256 2385 vinitatis
2277 2332 2567 2396 animatus,
2596 2332 2942 2401 prophetarit
2966 2336 3077 2405 regi
3101 2343 3157 2389 et
3178 2328 3603 2408 indlgmitidnem

2014 2423 2110 2477 Dei
2137 2430 2190 2478 et
2214 2422 2471 2477 ultionem
2495 2422 2756 2479 velociter
2784 2434 3228 2495 preseeuturam:
3254 2420 3599 2496 Potestatem,

2013 2513 2209 2581 inquit,
2246 2512 2384 2567 inter
2419 2514 2654 2568 homines
2696 2516 2918 2583 habens,
2949 2530 3067 2572 cum
3111 2519 3183 2573 sis
3227 2516 3605 2593 corruptibilis,

2014 2604 2147 2675 facis
2175 2607 2312 2676 quod
2353 2605 2450 2661 vis.
2495 2604 2624 2659 Noli
2659 2616 2832 2663 autem
2867 2618 3052 2682 putare
3086 2622 3249 2684 genus
3287 2620 3521 2669 nostrum
3572 2631 3603 2667 a

2012 2694 2125 2750 Deo
2148 2695 2451 2751 derelictum
2483 2712 2613 2753 esse.
2641 2696 2854 2757 Sustine
2887 2712 2935 2757 et
2964 2702 3077 2759 uide
3111 2710 3357 2777 magnam
3379 2710 3607 2779 potesta-

2014 2795 2117 2839 tem
2142 2787 2274 2856 ejus,
2305 2787 2532 2859 qualiter
2572 2794 2623 2843 te
2653 2794 2700 2844 et
2732 2800 2906 2848 semen
2954 2796 3103 2850 iitum
3139 2794 3415 2870 torquebit.
3442 2798 3608 2865 Q‘uale

2012 2875 2145 2931 illud
2203 2877 2571 2933 levamentum
2627 2883 2856 2953 martyri
2919 2882 3058 2952 mn,
3100 2892 3263 2957 qnam
3314 2898 3605 2960 magnum,

2014 2976 2175 3039 quam
2204 2969 2407 3039 grande
2446 2970 2697 3026 solatium
2742 2970 2796 3028 in
2824 2977 3158 3034 cruciatibus
3182 2980 3297 3035 suis
3339 2978 3447 3034 non
3493 2988 3603 3035 tor-

2012 3068 2195 3115 menta
2238 3062 2458 3130 propria
2499 3062 2771 3134 cogitare,
2804 3067 2899 3122 sed
2945 3068 3165 3125 tortoris
3216 3070 3299 3125 sui
3344 3070 3604 3142 supplicia

2011 3150 2342 3222 praedicam?
2378 3151 2437 3207 in
2468 3159 2625 3208 sexto
2669 3162 2799 3210 vero
2847 3158 2955 3211 non
2998 3159 3173 3215 virtus
3223 3158 3362 3226 suis,
3402 3160 3496 3215 sed
3545 3166 3601 3215 et

326 3246 592 3320 praecepta
622 3246 863 3302 cmlcstia
889 3245 956 3301 ad
989 3246 1192 3316 septem
1220 3242 1512 3309 Ecclesias,
1541 3244 1596 3299 et
1620 3243 1687 3297 ad
1720 3250 1907 3297 earum
1936 3233 1982 3301 Β
2013 3247 2293 3303 humilitas
2322 3247 2663 3317 praedicanda
2702 3254 2814 3316 est;
2848 3242 2983 3305 nihil
3021 3244 3121 3305 sibi
3155 3250 3447 3322 martyrem
3489 3246 3605 3305 viii-

333 3340 553 3410 angclos
588 3334 789 3410 dirigit,
821 3336 912 3408 qui
941 3346 1083 3393 nunc
1110 3338 1211 3393 iste
1256 3334 1310 3390 in
1358 3330 1616 3389 fratribus
1655 3340 1913 3388 numerus

331 3426 624 3495 invenitur,
646 3432 705 3482 ut
728 3426 1119 3483 consummatio
1146 3426 1381 3499 legitima
1405 3422 1755 3494 compleatur.
1778 3420 1913 3477 Cum

334 3518 535 3589 septem
565 3506 749 3574 liberis
778 3515 933 3589 plane
960 3515 1238 3589 copulatur
1262 3523 1315 3571 et
1345 3520 1517 3571 mater
1543 3516 1697 3586 origo
1731 3520 1785 3570 et
1826 3524 1913 3568 ra-

334 3604 455 3675 dix:
484 3616 602 3680 qua
632 3605 902 3665 Ecclesias
930 3620 1133 3680 septem
1163 3609 1501 3680 pustmodum
1535 3609 1763 3678 peperit,
1796 3609 1914 3678 ipsa

333 3698 511 3771 prima
538 3708 593 3754 et
638 3708 744 3754 una
790 3704 951 3770 super
980 3707 1187 3771 petram
1234 3698 1446 3753 Domini
1492 3706 1623 3752 voce
1668 3697 1909 3753 fundata.

332 3788 447 3848 Nec
472 3798 629 3847 vacat
661 3790 802 3863 quod
834 3793 886 3847 in
921 3791 1261 3863 passi‘tiniiilis
1286 3790 1400 3846 sola
1432 3796 1555 3846 cum
1585 3790 1769 3846 liberis
1800 3800 1915 3847 ma-

332 3890 418 3941 ter
445 3882 562 3941 est:
594 3886 859 3958 martyres
894 3889 1061 3951 enim,
1087 3888 1176 3955 qui
1204 3888 1262 3941 se
1288 3885 1382 3941 Dei
1416 3884 1553 3941 illius
1583 3884 1634 3940 In
1666 3886 1915 3957 passione

336 3980 622 4039 testantur;
652 3975 764 4046 jam
800 3989 905 4035 non
936 3978 1038 4031 nisi
1078 3977 1190 4031 Deo
1219 3976 1382 4032 Patre
1423 3984 1731 4043 cenSentur,
1775 3979 1917 4033 sicut

335 4065 393 4120 in
418 4063 706 4136 Evangelia
736 4063 993 4121 Dominus
1029 4066 1204 4131 discet;
1238 4068 1458 4123 dicens:
1493 4069 1577 4122 Ne
1616 4069 1915 4123 vocaveritis

336 4155 476 4210 vobis
512 4154 725 4209 Patrem
760 4168 915 4227 super
942 4158 1154 4222 terram,
1188 4162 1322 4212 uitus
1351 4168 1426 4212 est
1465 4159 1599 4212 enim
1644 4159 1803 4212 Pater
1840 4168 1920 4213 ve-

336 4257 442 4300 ster
473 4247 561 4320 qui
588 4247 643 4300 in
680 4245 819 4302 cretis
844 4248 920 4301 est
958 4246 1173 4319 (Matth:
1208 4249 1386 4319 xxiii).
1415 4248 1543 4315 Qiiti.‘
1575 4258 1703 4304 vero
1738 4247 1919 4303 edide-

337 4346 465 4393 runt
489 4339 886 4397 confessionem
914 4328 1206 4411 prteconia;
1250 4356 1411 4410 quam
1442 4340 1721 4411 prmclara,
1753 4352 1917 4409 quam

335 4436 530 4500 magna
566 4430 887 4487 documenta
918 4431 1040 4485 iidei
1071 4432 1447 4501 praebuerunt!
1477 4430 1591 4485 Res
1622 4430 1919 4484 Antiochus

337 4521 586 4589 infestus,
634 4518 743 4578 imo
786 4523 840 4577 in
890 4521 1158 4578 Antiocho
1202 4523 1567 4578 Antichristus
1612 4534 1916 4592 expressus,

2018 3338 2247 3403 dicasse,
2274 3350 2378 3394 nec
2406 3336 2762 3395 con‘fbssionis
2801 3346 2910 3395 sua:
2944 3341 3203 3396 hdnorem
3233 3336 3483 3413 superbis
3514 3356 3605 3396 vo-

2015 3432 2171 3487 cibus
2217 3431 2538 3499 ventilasse,
2593 3434 2833 3503 peccatis
2885 3434 2997 3489 suis
3046 3436 3225 3505 potius
3282 3434 3598 3513 ascripsisse

2013 3522 2157 3593 quod
2184 3514 2617 3593 persecutionem
2650 3534 2681 3578 a
2717 3532 2843 3595 rege
2870 3518 3183 3595 pateretur:
3216 3520 3327 3581 Deo
3350 3532 3483 3580 vero
3511 3520 3605 3580 de-

2011 3612 2162 3669 disse
2207 3614 2350 3685 quod
2396 3614 2740 3684 postmodum
2798 3612 3182 3670 vindicaretur.
3234 3612 3426 3672 Docuit
3479 3628 3599 3671 esse

2015 3712 2287 3776 martyres
2313 3706 2667 3770 verecundos,
2711 3703 2777 3759 de
2820 3703 3024 3761 ultione
3067 3704 3248 3771 ﬁdere,
3282 3710 3337 3763 et
3375 3704 3511 3763 nihil
3548 3708 3601 3762 in

2013 3799 2266 3868 passione
2300 3796 2528 3867 jactare.
2573 3794 2732 3863 Noti,
2766 3794 2970 3867 inquit,
3006 3797 3207 3868 frustra
3240 3804 3418 3853 errore
3452 3813 3470 3852 :
3510 3808 3603 3854 nos

2014 3890 2153 3941 enim
2192 3893 2401 3959 propter
2429 3886 2770 3957 nosmetipsos
2809 3886 2920 3940 hinc
2949 3888 3201 3957 patimur,
3242 3894 3511 3957 peccantes
3549 3884 3605 3941 in

2014 3980 2182 4035 Deum
2217 3990 2448 4035 nostrum
2469 3994 2486 4033 :
2510 3991 2569 4036 tu
2594 3990 2790 4047 autem,
2816 3994 2879 4035 ne
2914 3978 2962 4035 te
2992 3978 3254 4035 existimes
3288 3980 3602 4051 impunitum

2016 4070 2287 4139 futurum,
2331 4082 2604 4142 aggressus
2642 4082 2877 4143 pugnare
2917 4080 3036 4125 cum
3077 4068 3204 4126 Deo.
3251 4068 3603 4126 Admirablils

2016 4168 2231 4230 quoque
2276 4170 2468 4229 mater,
2507 4180 2628 4234 quae
2679 4176 2778 4219 nec
2826 4174 2988 4218 sexus
3046 4162 3358 4218 inﬁrmitate
3403 4160 3600 4227 fracta,

2016 4256 2120 4305 nec
2162 4250 2443 4321 multiplici
2470 4252 2704 4308 orbitate
2733 4256 3023 4316 commota,
3066 4252 3359 4306 morientes
3400 4250 3601 4307 liberos

2019 4344 2299 4413 Spectabat
2344 4344 2593 4409 libenter,
2633 4358 2734 4398 nec
2779 4358 2970 4412 pinnas
3012 4342 3133 4397 illas
3164 4342 3472 4413 pignorum,
3506 4340 3605 4397 sed

2019 4434 2221 4507 glorias
2271 4434 2637 4505 computavit,
2693 4440 2803 4489 tam
2850 4432 3056 4507 grande
3123 4432 3442 4504 martyrium
3490 4431 3600 4489 Deo

2018 4527 2268 4596 praebens
2314 4518 2512 4582 virtute
2546 4525 2827 4581 oculorum
2874 4526 3117 4591 suorum,
3157 4534 3320 4595 quam
3352 4524 3601 4595 91811116-

336 4626 429 4666 ora
462 4618 759 4684 martyrum
787 4612 1021 4684 gloriosa
1048 4612 1104 4668 et
1140 4613 1331 4682 spiritu
1359 4612 1715 4668 confessionis
1730 4611 1917 4680 juncta
1944 4602 1997 4665 D
2023 4624 2144 4672 rant
2169 4614 2264 4671 lilii
2289 4617 2405 4688 ejus
2425 4618 2705 4687 tormentis
2727 4622 2781 4671 et
2802 4616 3050 4687 passione
3074 4617 3457 4672 membrorum.

337 4703 586 4777 [invicta]
632 4705 879 4776 contagio
909 4705 1079 4761 suillae
1105 4706 1384 4776 tiumebat
1415 4706 1597 4761 carnis
1626 4703 1913 4769 maculare,

338 4806 392 4850 et
427 4812 550 4850 cum
594 4794 816 4867 ﬂagellis
853 4796 1093 4868 graviter
1130 4792 1490 4864 temerasset,
1520 4806 1585 4853 ac
1630 4796 1763 4852 nihil
1792 4804 1918 4865 prm-

338 4890 556 4940 moverle
594 4887 886 4957 primisset,
932 4888 1234 4958 sartagines
1280 4889 1443 4959 jussit
1488 4887 1687 4958 igniri:
1722 4886 1919 4955 ququ

339 4972 523 5044 ignitis
574 4980 629 5030 et
672 4977 914 5031 accensis
957 4978 1079 5031 eum
1138 4979 1230 5047 qui
1293 4979 1499 5048 primus
1546 4978 1755 5031 locutus
1806 4975 1921 5030 me—

341 5066 446 5131 rat,
476 5069 532 5121 et
579 5066 750 5135 magis
794 5067 931 5121 iram
977 5068 1120 5137 regis
1164 5068 1379 5122 virtutis
1408 5078 1472 5121 ac
1499 5067 1622 5121 iidei
1669 5072 1924 5121 constan-

343 5156 417 5211 tia
447 5156 856 5228 prtivocaverat,
895 5158 1169 5215 admoveri
1215 5160 1489 5229 praecepit,
1521 5162 1575 5212 et
1619 5155 1764 5227 frigi;
1797 5168 1923 5225 pro-

342 5246 505 5303 ducta
531 5255 586 5303 et
612 5244 853 5305 extracta
902 5248 1167 5323 [asserta]
1212 5252 1363 5320 prius
1398 5250 1603 5319 lingua,
1633 5262 1753 5318 qua:
1792 5260 1922 5302 con-

346 5336 486 5394 fessa
516 5339 682 5396 Deum
711 5338 888 5397 fuerat
924 5360 938 5395 :
968 5343 1110 5411 Quod
1154 5341 1382 5413 martyri
1422 5338 1708 5413 gloriosius
1748 5341 1921 5395 conti-

347 5430 454 5501 git;
488 5428 669 5502 lingua
706 5432 849 5486 enim
870 5431 1116 5487 eontessa
1142 5440 1337 5487 nomen
1364 5431 1480 5497 Dei;
1518 5431 1669 5502 prior
1698 5430 1810 5500 ipsa
1854 5429 1922 5484 ad

350 5524 518 5579 Deum
544 5520 727 5578 debuit
751 5520 1041 5595 proﬁcisci.
1074 5522 1202 5580 Post
1243 5524 1300 5579 in
1341 5526 1579 5580 secundo
1605 5523 1923 5595 excogitatis

348 5616 645 5672 acrioribus
674 5617 880 5688 pinnis;
908 5621 1196 5687 antequam
1219 5620 1415 5674 caetera
1444 5616 1687 5674 membra
1710 5626 1923 5688 torque-

350 5718 451 5772 ret,
481 5718 656 5764 cutem
691 5709 883 5780 capitis
909 5724 1033 5765 cum
1057 5706 1262 5780 capillis
1287 5704 1541 5777 detraxit,
1567 5709 1691 5765 odio
1719 5708 1925 5766 scilicet

351 5808 519 5859 certo.
558 5797 692 5857 Nam
720 5816 842 5858 cum
885 5802 989 5858 viri
1028 5810 1192 5874 caput
1232 5801 1480 5859 Christus
1520 5802 1620 5867 sit,
1664 5809 1720 5856 et
1763 5809 1924 5871 caput

2095 4708 2227 4763 Cum
2256 4722 2353 4764 sex
2379 4709 2573 4764 occisis
2595 4717 2651 4764 et
2679 4709 2882 4778 punitis
2900 4714 3209 4777 superesset
3235 4718 3377 4765 unus
3399 4720 3468 4765 es
3491 4706 3602 4765 11η-
3651 4749 3680 4765 .-

2022 4799 2217 4865 tribus,
2252 4798 2337 4854 cui
2368 4804 2463 4853 rei:
2497 4798 2732 4863 divitias,
2766 4806 2821 4853 et
2854 4804 3183 4868 potentatus,
3209 4806 3267 4854 et
3293 4798 3460 4854 multa
3488 4798 3603 4870 pol-
3654 4865 3664 4879 l

2025 4886 2305 4956 iiceimtur,
2330 4898 2391 4944 ut
2415 4886 2710 4945 crudelitas
2736 4890 2853 4959 eius
2876 4900 2940 4943 ac
2972 4887 3162 4943 feritas
3181 4888 3269 4944 vel
3292 4889 3452 4945 unius
3474 4890 3604 4945 sub-

2025 4980 2133 5035 acti
2181 4980 2372 5034 solatio
2401 4978 2693 5045 ibveretur,
2720 4987 2775 5034 et
2815 4986 3023 5049 peteret
3065 4986 3127 5032 ut
3163 4979 3231 5033 ad
3274 4977 3445 5033 tilium
3471 4977 3603 5049 deji-
3668 4966 3675 4970 ’

2022 5071 2273 5126 ciendum
2314 5080 2500 5126 secum
2545 5070 2928 5139 deprecaretur
2971 5075 3026 5123 et
3074 5074 3281 5134 mater;
3315 5068 3602 5139 deprecata

2016 5170 2106 5216 est
2135 5160 2225 5214 illa
2251 5160 2442 5224 tilium,
2468 5157 2561 5215 sed
2590 5167 2649 5212 ut
2671 5157 2897 5213 decebat
2924 5163 3228 5227 martyrum
3256 5160 3503 5222 matrem,
3538 5164 3600 5212 at

2025 5241 2249 5306 decebat
2273 5249 2405 5319 legis
2427 5258 2482 5305 et
2510 5249 2603 5304 Dei
2630 5262 2946 5313 memorem,
2972 5254 3033 5302 ut
3053 5245 3278 5303 decebat
3300 5246 3441 5304 ﬁlios
3466 5261 3602 5305 suos

2026 5355 2135 5395 non
2178 5340 2407 5395 delicate
2448 5339 2544 5395 sed
2582 5338 2794 5394 fortiter
2818 5337 3149 5408 diligentem
3193 5336 3488 5407 Dsprecata
3512 5341 3601 5394 est

2026 5430 2195 5495 enim,
2236 5430 2331 5485 sed
2372 5432 2431 5485 ut
2460 5430 2747 5484 Dominum
2773 5426 3156 5485 conﬁteretur:
3187 5425 3476 5498 deprecata
3512 5431 3601 5482 ast

2030 5539 2098 5579 ne
2124 5538 2156 5577 a
2198 5521 2458 5578 fratribus
2478 5522 2592 5577 suis
2619 5521 2788 5577 frater
2821 5522 2877 5576 in
2904 5520 3175 5577 consortio
3203 5518 3378 5575 laudis
3402 5526 3459 5574 et
3487 5518 3601 5590 glo-

2027 5614 2124 5668 riae
2146 5622 2525 5683 separantur:
2557 5613 2685 5668 tunc
2703 5626 2764 5667 se
2789 5612 2992 5683 septeni
3021 5609 3254 5667 ﬁliorum
3281 5618 3600 5680 computans

2028 5714 2278 5772 matrem,
2315 5708 2360 5762 si
2384 5707 2486 5762 sibi
2529 5706 2866 5775 conﬁngeret
2892 5702 3032 5759 tilias
3062 5710 3273 5773 septem
3296 5700 3407 5757 Deo
3435 5715 3600 5772 popo-

2026 5800 2190 5865 risse,
2219 5814 2326 5854 non
2354 5797 2573 5856 sautio.
2597 5797 2830 5853 Aruns
2871 5795 3056 5869 itaque
3090 5806 3217 5850 cum
3254 5800 3312 5847 ot
3337 5791 3597 5849 corrobo-
