4028 6472
562 343 736 402 ηδε)-

554 481 709 538 rans,
735 470 792 520 et
817 462 1046 530 féliciori
1079 471 1208 520 tunc
1251 471 1407 534 partu
1450 463 1618 518 ﬁlium
1659 478 1962 534 generans:
2001 462 2139 528 Fili,

551 556 753 626 inquit,
779 557 1024 609 miserere
1051 557 1175 619 mei,
1198 571 1315 625 qua:
1337 555 1391 609 in
1416 563 1562 608 utero
1587 563 1635 608 te
1665 570 1846 608 novem
1879 554 2140 609 mensibus

549 649 772 720 portavi,
798 657 846 701 et
880 647 962 700 lac
1001 647 1226 700 triennio
1261 646 1404 710 dedi,
1429 655 1478 699 et
1504 645 1636 711 alui,
1663 656 1711 699 et
1749 647 1805 700 in
1833 655 2040 701 aetatem
2069 647 2142 701 is-

550 749 658 794 tam
684 738 927 809 perduxi.
954 737 1082 803 Oro,
1130 737 1228 804 ﬁli,
1257 739 1483 809 aspicias
1514 740 1570 792 in
1610 739 1794 792 caelum
1823 747 1872 792 et
1911 748 2138 806 terram;

548 836 594 883 et
616 829 855 882 omnibus
876 845 994 900 qua:
1023 831 1077 882 in
1105 846 1178 882 ets
1206 839 1326 883 sunt
1360 831 1606 899 aspectis,
1637 830 1898 900 intelligas
1923 832 2049 902 quia
2075 849 2140 886 ea:

547 919 713 973 nihilo
740 921 860 989 fecit
896 921 987 974 illa
1022 921 1163 975 Deus
1186 931 1234 976 et
1274 922 1544 977 hominum
1571 940 1755 993 genus.
1796 923 2006 994 Itaque,
2035 925 2134 994 ﬁli,

547 1030 610 1068 ne
636 1015 818 1069 timeas
859 1017 1157 1084 carniﬁcem
1202 1018 1384 1083 istum,
1411 1019 1502 1072 sed
1547 1019 1734 1089 dignus
1776 1020 2029 1089 fratribus
2061 1020 2140 1089 ef-

545 1109 736 1178 fectus,
764 1109 992 1176 erccipias
1037 1120 1288 1174 mortem,
1318 1119 1374 1162 ut
1409 1111 1463 1164 in
1512 1109 1604 1164 illa
1649 1112 1979 1165 miseratione
2017 1128 2136 1166 cum

544 1200 799 1271 fratribus
849 1200 954 1254 tuis
1007 1210 1054 1253 te
1102 1201 1368 1269 recipiam.
1428 1200 1616 1272 Magna
1672 1201 1789 1256 laus
1842 1202 2032 1256 matris
2082 1203 2136 1257 in

542 1293 921 1348 exhortatione
954 1293 1194 1358 virtutis,
1228 1294 1319 1347 sed
1349 1291 1520 1361 major
1551 1294 1600 1347 in
1634 1294 1730 1349 Dei
1763 1294 1957 1348 timore
1987 1303 2044 1350 et
2081 1295 2136 1350 in

543 1386 666 1440 ﬁdei
697 1386 944 1449 veritate,
978 1385 1122 1454 quod
1151 1385 1284 1439 nihil
1314 1385 1413 1439 sibi
1442 1393 1534 1439 aut
1568 1385 1676 1440 ﬁlio
1708 1386 1772 1440 de
1803 1400 1895 1440 sex
1935 1397 2137 1458 marty-

541 1491 663 1529 rum
693 1475 904 1530 honore
934 1476 1207 1544 promisit,
1238 1490 1336 1530 nec
1383 1475 1612 1530 fratrum
1643 1491 1861 1546 precem
1890 1476 2136 1547 profutu-

541 1583 655 1620 ram
690 1567 923 1622 credidit
962 1568 1028 1621 ad
1059 1568 1306 1638 negantis
1355 1567 1583 1622 salutem
1615 1587 1627 1620 :
1655 1568 1926 1636 persuasit
1956 1569 2135 1637 potius

539 1657 806 1725 passionis
841 1658 1155 1726 participem
1191 1657 1338 1722 ﬁeri,
1385 1666 1443 1712 ut
1484 1659 1538 1711 in
1583 1658 1774 1728 judicii
1819 1659 1906 1714 die
1951 1667 2135 1729 posset

537 1763 658 1802 cum
689 1747 946 1804 fratribus
977 1749 1226 1803 inveniri.
1257 1749 1387 1803 Post
1420 1750 1534 1805 hinc
1563 1757 1744 1804 autem
1790 1749 1976 1806 liberis
2020 1752 2133 1805 suis

535 1839 892 1893 commoritur
936 1848 991 1894 et
1022 1849 1226 1905 mater;
1276 1855 1453 1910 neque
1505 1840 1650 1894 enim
1696 1841 1842 1896 aliud
1881 1841 1996 1911 jam
2045 1842 2138 1896 de-

534 1929 711 1993 cebat,
737 1945 843 1999 qua
880 1939 937 1984 ut
958 1946 1078 2000 qua:
1108 1941 1376 2004 martyres
1402 1941 1687 2001 pepererat
1724 1940 1780 1987 et
1813 1929 2034 1998 fecerat,
2074 1934 2129 1987 in

535 2019 811 2074 consortio
854 2020 961 2076 illis
990 2022 1176 2092 gloriae
1211 2020 1563 2092 jungeretur;
1605 2030 1661 2078 et
1693 2038 1830 2092 quos
1862 2024 1931 2078 ad
1957 2023 2129 2079 Deum

533 2111 894 2181 prmmiserat,
925 2113 1040 2184 ipsa
1061 2130 1274 2185 quoque
1302 2123 1641 2184 sequeretur.

1139 2225 1369 2281 CAPUT
1411 2225 1540 2281 VHI.

533 2312 611 2368 De
628 2312 788 2390 _Juda
825 2314 1152 2390 Alae/tabam.
1188 2316 1419 2390 Mittitur
1451 2319 1690 2390 Nicanor
1714 2321 1907 2390 impius
1941 2323 1997 2376 in
2033 2321 2133 2376 Ju-

603 2385 774 2440 dazam
792 2403 810 2451 ,°
843 2386 1084 2440 hortatur
1107 2404 1229 2440 suos
1259 2387 1433 2442 ludus
1456 2389 1524 2442 ad
1555 2385 1923 2457 constantiam,
1952 2401 2054 2447 etc.

608 2476 779 2531 Iudas
811 2493 927 2532 vero
973 2476 1310 2532 Machabteus
1347 2490 1394 2532 et
1432 2481 1522 2549 qui
1572 2497 1690 2534 cum
1719 2481 1810 2535 illo
1857 2494 2004 2535 erant
2053 2485 2133 2538 in-

531 2566 758 2620 troibant
814 2565 1033 2620 latenter
1063 2569 1117 2620 in
1145 2568 1392 2634 castella,
1431 2579 1537 2624 etc.
1577 2571 1644 2624 Et
1681 2588 1799 2642 quae
1834 2573 1900 2626 de
1932 2573 2132 2629 Matha-

532 2657 664 2721 thia,
698 2665 853 2726 patre
887 2656 1181 2712 Machabazi
1210 2667 1266 2713 et
1313 2658 1544 2714 fratrum
1589 2659 1726 2729 ejus,
1763 2663 1962 2731 prioris
2007 2665 2131 2720 libri

531 2756 720 2828 narrat
751 2749 998 2814 historia,
1028 2750 1264 2820 scriptor
1293 2753 1576 2820 prmsentis
1606 2753 1750 2820 libri,
1783 2764 1838 2808 et
1880 2755 2131 2810 brevitati

530 2840 797 2914 studendo
820 2841 1100 2908 amittens,
1130 2842 1196 2896 ad
1220 2841 1371 2896 ludas
1403 2841 1547 2898 facta
1575 2852 1630 2899 et
1650 2845 1834 2913 praelia
1861 2845 2133 2901 narranda

527 2945 586 3000 se
615 2930 864 2996 contulit,
891 2931 1070 3001 aliqua
1098 2932 1165 2987 de
1193 2933 1272 2987 eis
1299 2949 1552 2999 narrans,
1580 2935 1674 2989 sed
1709 2935 1944 3006 plurima
1973 2951 2129 2993 more

528 3036 625 3075 suo
649 3023 928 3080 omittens.
973 3025 1079 3079 Sed
1109 3025 1236 3095 quia
1257 3024 1374 3093 jam
1404 3027 1724 3096 allegoriam
1771 3029 1942 3100 ipsius
1967 3045 2131 3100 supra

527 3110 756 3180 plurima
803 3127 872 3167 ex
920 3123 1079 3183 parte
1111 3116 1478 3184 exposuimus,
1526 3119 1670 3188 quod
1715 3119 1883 3174 semel
1928 3121 2132 3178 dictum

529 3209 613 3274 est
635 3217 740 3257 non
770 3219 997 3261 necesse
1023 3208 1295 3264 credimus
1321 3209 1529 3264 iterari.
1561 3210 1619 3266 Si
1639 3212 1763 3281 quis
1787 3223 1967 3270 autem
1989 3231 2133 3286 qua:-

533 3294 688 3348 sierit
709 3296 840 3365 quid
873 3311 970 3352 sex
1006 3299 1175 3353 millia
1203 3300 1444 3355 virorum
1469 3303 1560 3371 qni
1590 3301 1742 3359 Judae
1767 3305 1822 3360 in
1866 3307 2132 3378 principio

533 3389 787 3462 associati
836 3399 995 3457 sunt,
1039 3393 1378 3464 significent,
1408 3405 1668 3466 agnoscat
1712 3414 1811 3468 per
1845 3402 2045 3456 senarii
2077 3411 2133 3458 et

527 3483 818 3540 millenarii
866 3488 1079 3542 numeri
1123 3488 1515 3559 perfectionem
1563 3492 1796 3548 militum
1825 3494 2030 3550 Christi
2076 3497 2131 3552 in

527 3577 632 3656 ﬁde
675 3579 1047 3635 sinceritatem
1094 3581 1394 3650 perfectam
1443 3585 1712 3656 designari
1758 3587 2127 3643 devotionem.

530 3666 684 3724 Unde
709 3668 765 3724 in
793 3669 1023 3725 Actibus
1057 3671 1424 3740 apostolorum
1460 3673 1528 3728 de
1573 3674 1849 3742 primitiva
1881 3675 2130 3733 Ecclesia

526 3755 727 3820 Iudaeis
751 3761 1013 3830 scriptum
1043 3770 1164 3818 est:
1195 3761 1560 3819 Multitudinis
1593 3776 1772 3819 autem
1804 3769 2132 3824 credentium

527 3861 638 3918 erat
667 3868 758 3908 cor
800 3869 964 3908 unum
1007 3863 1054 3907 et
1101 3854 1281 3908 anima
1310 3871 1440 3920 una,
1487 3872 1580 3910 nec
1628 3859 1906 3930 quisquam
1949 3877 2132 3915 eorum

526 3961 644 4015 qua:
686 3944 983 4016 possidebat
1020 3944 1221 4017 aliquid
1253 3963 1362 4001 esse
1389 3964 1543 4000 suum
1581 3948 1806 4015 dicebat,
1853 3950 1944 4004 sed
1981 3961 2130 4006 erant

527 4031 633 4088 illis
679 4036 858 4088 omnia
895 4037 1216 4089 communia.
1248 4035 1320 4090 Et
1371 4037 1556 4091 virtute
1599 4054 1792 4108 magna
1843 4039 2132 4096 reddebant

537 4123 765 4195 apostoli
803 4125 1157 4182 testimonium
1192 4127 1582 4182 resurrectionis
1618 4127 1750 4184 Iesu
1791 4129 1986 4185 Christi
2029 4131 2134 4187 Do-

534 4215 664 4294 mini
706 4217 920 4280 nostri,
945 4224 994 4286 et
1036 4217 1209 4286 gratia
1253 4232 1447 4288 magna
1488 4228 1600 4274 erat
1646 4220 1704 4274 in
1743 4221 1984 4276 omnibus
2025 4223 2133 4278 illis

532 4307 671 4379 (Act.
698 4295 803 4381 iv).
834 4363 856 4374 ._

573 4400 804 4478 _.Videns
848 4412 1022 4477 autem
1062 4401 1342 4476 Philippus
1383 4405 1643 4476 paulatim
1680 4407 1850 4462 virum
1888 4410 1958 4463 ad
2005 4427 2132 4482 pro-

530 4493 732 4562 fectum,
749 4493 942 4568 venire,
966 4502 1071 4550 etc.
1112 4495 1174 4550 In
1201 4496 1370 4568 priori
1418 4497 1556 4553 libro
1583 4499 1846 4570 scriptum
1875 4510 1960 4557 est
1986 4503 2130 4571 quod

529 4585 852 4656 Antiochus,
879 4586 1226 4656 profecturus
1252 4589 1308 4644 in
1337 4588 1638 4668 Persidem,
1676 4592 1957 4663 reliquerit
1983 4595 2127 4650 intra

531 4695 764 4750 regnum,
779 4680 1023 4752 Lysiam,
1054 4682 1328 4738 hominem
1355 4685 1591 4740 nobilem
1617 4685 1686 4742 de
1708 4703 1907 4758 genere
1935 4691 2125 4760 regali,

533 4787 695 4843 super
720 4774 938 4844 negotia
969 4775 1138 4846 regia,
1171 4783 1225 4832 et
1253 4783 1314 4829 ut
1341 4777 1574 4833 nutriret
1599 4777 1924 4834 Antiochum
1955 4779 2127 4837 ﬁlium

531 4877 825 4935 suum,.,et
851 4869 996 4938 quod
1027 4869 1140 4938 ipse
1179 4867 1369 4940 Lysias
1399 4869 1628 4941 elegerit
1670 4870 2021 4928 Ptolemaeum
2065 4873 2130 4928 ﬁ-

531 4959 663 5014 lium
688 4959 969 5029 Dorymini
995 4967 1052 5012 et
1086 4957 1410 5014 Nicanorem
1441 4967 1495 5013 et
1523 4959 1809 5030 Gorgiam,
1851 4963 2001 5018 viros
2031 4978 2128 5035 po-

532 5057 708 5124 tentes
732 5065 802 5105 ex
831 5049 1022 5118 amicis
1061 5049 1227 5121 regis,
1269 5057 1322 5105 et
1354 5050 1566 5105 miserit
1603 5064 1697 5105 eos
1725 5067 1852 5107 cum
1892 5053 2129 5123 quadra-

537 5144 684 5215 ginta
713 5142 952 5198 millibus
976 5141 1242 5210 virorum,
1285 5151 1343 5197 ut
1371 5141 1750 5213 disperderent
1789 5143 2006 5202 Iudaeos
2049 5163 2131 5202 se-

534 5234 770 5290 cundum
813 5234 1040 5290 verbum
1088 5233 1248 5306 regis.
1307 5233 1461 5289 Nunc
1490 5244 1674 5290 autem
1713 5235 1946 5292 refertur
1986 5238 2130 5309 quod

536 5325 816 5396 Philippus
859 5326 1138 5396 scripserit
1162 5327 1232 5382 ad
1258 5325 1606 5383 Ptolemaeum
1643 5328 1858 5394 ducem,
1885 5338 1945 5382 ut
1972 5329 2128 5384 auxi-

537 5415 874 5488 liuml‘erret
920 5417 1065 5487 regis
1106 5416 1357 5488 negotiis,
1401 5417 1623 5488 ipseque
1654 5418 1866 5474 miserit
1909 5419 1980 5474 ad
2024 5419 2127 5477 hoc

536 5509 900 5574 Bianorem.
943 5510 1083 5566 datis
1128 5511 1180 5564 ei
1235 5509 1428 5580 viginti
1476 5510 1714 5566 millibus
1760 5518 2126 5580 armatorum,

533 5599 734 5672 juncta.
752 5601 802 5658 ei
827 5607 884 5654 et
916 5599 1115 5671 Gorgia
1139 5598 1259 5654 viro
1289 5600 1530 5656 militari.
1561 5599 1717 5656 Hunc
1747 5602 1890 5656 enim
1925 5601 2130 5673 Philip-

536 5700 1027 5764 pummemoratus
1043 5705 1148 5746 rex
1171 5689 1488 5760 Antiochus,
1512 5700 1788 5750 revertens
1818 5693 1884 5748 de
1905 5693 2127 5751 Perside

543 5784 981 5860 imBabylopem,
1009 5787 1330 5855 prteposuit;
1350 5800 1513 5856 super
1554 5787 1867 5856 universum
1897 5801 2122 5859 regnum

1221 345 1292 398 ‘B.
1329 343 1586 416 RABANI
1623 342 1846 402 MAURI
1876 344 2194 404 ARCHIEP.
2239 346 2547 407 MOGUNT.
2587 351 2874 409 OPERUM
2909 347 3092 406 PARS
3127 348 3163 405 l.

3636 361 3733 421 im

2171 466 2227 528 Α
2250 481 2424 529 suum,
2456 475 2512 522 et
2547 467 2693 524 dedit
2717 470 2767 524 ei
2811 470 3080 536 diadema,
3117 481 3172 527 et
3201 471 3408 538 stolam,
3433 481 3485 530 et
3522 479 3736 551 annulum,

2244 566 2304 611 ut
2325 557 2581 614 educaret
2599 559 2926 616 Antiochum
2950 561 3118 617 ﬁlium
3141 578 3316 629 suum,
3337 571 3391 618 et
3414 566 3614 622 nutriret
3632 585 3737 640 eum,

2243 658 2301 707 et
2348 659 2601 721 regnaret
2636 671 2651 706 :
2695 668 2857 723 quem
2907 654 3198 723 praedictus
3256 654 3439 726 Lysias
3481 657 3615 713 simul
3653 678 3739 721 cum

2242 740 2508 796 Antiocho
2547 740 2763 810 juniore
2805 751 3083 798 revertens
3129 744 3490 812 Antiochiam,
3531 747 3744 808 inveniens

2243 830 2609 886 dominantem
2635 833 2845 888 civitati
2867 835 3213 903 expugnavit.
3242 833 3391 890 Unde
3410 839 3636 906 quaeritur
3653 844 3745 910 quid

2243 919 2457 976 dicatur
2489 919 2770 992 Philippus
2803 921 3058 979 ordinare
3101 922 3376 978 Ptolemaei
3418 927 3664 982 transitum
3683 929 3747 983 Ni-

2242 1012 2456 1067 canoris
2484 1021 2538 1068 et
2565 1011 2798 1084 Gorgiae,
2847 1014 2914 1067 ad
2947 1012 3212 1080 Iudaeam,
3257 1031 3378 1070 cum
3422 1017 3557 1086 prior
3581 1018 3747 1075 historia

2241 1110 2446 1169 narret,
2476 1115 2719 1159 morante
2760 1104 3024 1159 Antiocho
3061 1106 3274 1160 seniore
3300 1106 3353 1160 in
3381 1105 3600 1171 Perside,
3637 1125 3747 1162 eum-

2241 1193 2362 1248 dem
2389 1209 2454 1248 ac
2481 1193 2737 1265 Gorgiam
2765 1194 2958 1250 ducem
2989 1195 3181 1261 simul,
3214 1205 3270 1250 et
3311 1196 3515 1268 Lysiam
3541 1199 3750 1255 ordinato-

2241 1299 2389 1350 rem,
2420 1284 2618 1340 Judzeis
2665 1302 2784 1342 esse
2829 1296 3111 1358 superatos
3160 1295 3321 1356 atque
3369 1285 3582 1358 fugatos,
3607 1298 3649 1344 et
3680 1291 3751 1344 hoc

2240 1375 2542 1432 innotuisse
2584 1377 2850 1433 Antiocho
2910 1379 3237 1444 revertenti,
3282 1379 3550 1457 ipsumque
3593 1381 3648 1434 ob
3682 1381 3752 1436 hoc

2239 1469 2494 1524 incidisse
2540 1471 2593 1524 in
2625 1471 2940 1540 languorem
2980 1486 3090 1540 pra:
3137 1471 3380 1536 tristitia,
3425 1472 3540 1540 quia
3581 1487 3667 1525 non
3700 1482 3756 1526 est

2237 1559 2438 1615 factum
2478 1561 2544 1615 de
2590 1560 2790 1617 Judzeis
2833 1563 2972 1617 sicut
3017 1563 3290 1634 cogitabat
3327 1582 3338 1616 :
3373 1564 3501 1627 hoc,
3539 1564 3587 1616 ni
3625 1563 3754 1628 fallor,

2237 1653 2384 1708 haud
2420 1653 2578 1707 aliter
2605 1655 2855 1718 solvitur,
2900 1656 3005 1710 nisi
3039 1665 3097 1710 ut
3124 1656 3424 1726 Philippus,
3454 1658 3755 1711 commendato

2237 1747 2338 1801 sibi
2385 1749 2634 1817 imperio,
2664 1748 2766 1804 hoc
2799 1749 2940 1802 idem
2987 1757 3252 1804 statutum
3286 1749 3554 1817 rescripsit
3592 1750 3758 1803 ducibus

2165 1847 2214 1907 Β
2243 1837 2413 1908 Syria:
2444 1837 2746 1892 faciendum
2781 1841 2925 1908 quod
2962 1839 3153 1909 Lysias
3183 1847 3346 1892 antea
3368 1839 3473 1908 jam
3502 1835 3655 1892 facere
3677 1853 3758 1889 mo-

2236 1927 2413 1982 liendo
2437 1928 2766 1998 suscipiebat
2796 1927 3193 2000 [susceperat],
3233 1927 3326 1982 sed
3360 1941 3463 1982 non
3492 1926 3757 1995 perﬁciebat,

2234 2031 2411 2086 neque
2452 2017 2526 2071 ita
2577 2027 2637 2072 ut
2685 2019 2951 2088 disposuit
2999 2019 3113 2088 ipse
3161 2033 3262 2088 per
3311 2032 3464 2071 suam
3516 2015 3759 2070 missionem

2232 2107 2432 2164 Iudaeis
2475 2107 2687 2163 efﬁcere
2741 2109 2994 2175 valebat,
3045 2118 3105 2164 ut
3161 2124 3399 2180 sequens
3452 2106 3653 2162 historia
3691 2107 3756 2159 de-

2234 2208 2522 2253 monstrat.
3185 2264 3187 2266 η

2307 2289 2589 2346 Constituit
2637 2300 2811 2347 autem
2847 2293 3085 2346 Nicanor
3133 2292 3242 2363 regi
3289 2293 3348 2346 in
3391 2291 3641 2352 tributum,
3659 2290 3758 2359 quod

2237 2382 2492 2437 Romanis
2513 2384 2895 2449 eratdandum,
2915 2385 3021 2438 duo
3047 2383 3214 2437 millia
3237 2378 3762 2446 talentorum,etc.lioc

2235 2474 2293 2530 in
2321 2475 2588 2543 superiori
2620 2475 2760 2529 libro
2791 2476 3032 2530 breviter
3059 2482 3544 2529 commemoratum
3568 2480 3663 2526 est:
3689 2471 3762 2525 sci-

2235 2566 2362 2622 licet
2385 2567 2525 2636 quod
2564 2576 2895 2622 mercatores
2926 2574 3302 2622 convenerunt
3329 2580 3452 2620 cum
3479 2578 3599 2618 auro
3622 2568 3668 2616 et
3702 2574 3760 2612 ar-

2235 2668 2398 2730 gento
2438 2669 2498 2712 ut
2547 2667 2861 2715 coemerent
2896 2659 3036 2714 ﬁlios
3074 2658 3240 2712 lsrael
3270 2658 3378 2712 sibi
3406 2658 3458 2712 in
3487 2669 3674 2711 servos:
3698 2653 3760 2707 hic

2237 2758 2419 2804 autem
2447 2749 2791 2805 manifestius
2821 2759 3080 2804 narratur
3106 2751 3251 2820 quod
3292 2749 3364 2803 ab
3402 2747 3661 2807 Nicanore,
3696 2741 3760 2812 qui

2237 2843 2352 2914 regi
2374 2843 2626 2913 promisit
2650 2843 2716 2897 de
2739 2843 3025 2912 mancipiis
3045 2841 3359 2897 Judzeorum
3390 2838 3621 2910 supplere
3641 2835 3760 2889 tribu-

2235 2946 2352 2992 tum
2373 2936 2632 2992 Romanis
2678 2937 2937 3001 dandum,
2968 2935 3181 2990 invitati
3206 2943 3338 2990 sunt
3364 2933 3463 3003 ipsi
3494 2936 3762 2985 mercatores

2235 3029 2303 3086 ad
2332 3029 2729 3098 coemptionem
2749 3025 3097 3084 Judaicorum
3121 3026 3534 3095 mancipiorum.

2306 3119 2480 3175 Iudas
2511 3130 2684 3174 autem
2731 3120 2822 3172 ubi
2858 3120 3131 3190 comperit,
3155 3118 3411 3172 indicavit
3439 3117 3516 3170 his
3535 3115 3612 3182 qui
3633 3125 3762 3165 secant

2159 3217 2208 3284 Ο
2238 3222 2388 3268 erant
2415 3211 2621 3266 Iudaeis
2647 3211 2934 3266 Nicanoris
2961 3210 3258 3273 adventum,
3291 3217 3398 3264 etc.
3430 3209 3502 3262 De
3533 3208 3624 3260 isto
3643 3201 3762 3257 Nica-

2239 3305 2390 3361 noris
2421 3305 2657 3359 adventu
2694 3303 2749 3356 in
2774 3302 3038 3367 Iudaeam,
3075 3303 3168 3371 qui
3212 3302 3314 3356 sub
3344 3298 3596 3354 Antiocho
3634 3295 3764 3349 facns

2235 3405 2337 3461 est,
2366 3396 2518 3466 prior
2542 3395 2678 3451 liber
2703 3393 2991 3450 manifeste
3017 3409 3124 3449 non
3159 3393 3324 3448 dicit:
3374 3401 3545 3446 tamen
3585 3399 3762 3442 narrans

2233 3504 2334 3560 per
2357 3489 2577 3560 Lysiam
2607 3504 2730 3543 eum
2753 3488 2985 3542 electum
3013 3500 3156 3551 esse,
3195 3485 3359 3540 simul
3386 3498 3506 3539 cum
3532 3478 3762 3535 Ptolemao

2233 3588 2290 3636 et
2309 3579 2529 3650 Gorgia,
2553 3578 2687 3632 viris
2712 3577 3045 3649 potentibus,
3071 3575 3329 3646 adjuncta
3372 3572 3527 3631 simul
3550 3569 3759 3627 comitum

2235 3671 2415 3735 turba,
2443 3679 2502 3723 ut
2535 3669 2858 3724 invaderent
2881 3678 2938 3724 et
2960 3669 3343 3740 disperderent
3375 3667 3640 3727 Judaaam;
3688 3659 3760 3714 sub

2234 3762 2508 3818 Demetrio
2527 3770 2708 3817 autem
2731 3776 2855 3816 eum
2883 3761 3013 3816 illuc
3038 3776 3159 3816 esse
3186 3762 3417 3816 missum
3443 3756 3761 3822 asseritetper

2235 3855 2416 3911 dolum
2445 3854 2584 3910 velle
2604 3869 2821 3924 capere,
2837 3862 3003 3924 atque
3025 3855 3284 3910 invadere
3296 3851 3534 3908 Iudaeam
3557 3868 3569 3902 :
3593 3847 3670 3902 sed
3687 3855 3762 3896 non

2232 3950 2526 4019 praevalere
2574 3950 2768 4020 potuit.
2829 3949 2984 4016 Quod
3014 3959 3196 4005 autem
3237 3949 3354 4020 ipse
3384 3945 3606 4000 Nicanor
3633 3940 3760 4009 hypo-

2234 4040 2516 4107 critarnm,
2551 4040 2645 4111 qui
2674 4040 2857 4095 omnia
2887 4039 3012 4095 ﬁcte
3037 4038 3263 4103 faciunt,
3294 4046 3483 4109 typum
3507 4039 3665 4089 teneat
3678 4028 3760 4096 jam

2235 4132 2485 4201 superius
2511 4131 2714 4185 dictum
2745 4139 2847 4186 est.
2881 4130 2989 4186 Sed
3013 4128 3184 4186 Judas
3197 4145 3323 4185 cum
3355 4137 3554 4198 septem
3576 4119 3761 4178 millibus

2234 4232 2423 4278 contra
2453 4221 2780 4278 Nicanorem
2824 4233 2883 4277 et
2921 4222 3099 4279 socios
3121 4221 3240 4290 ejus
3286 4218 3524 4290 confligit
3545 4230 3602 4268 ac
3618 4208 3760 4267 vincit,

2234 4316 2360 4384 quia
2386 4330 2482 4387 per
2506 4315 2840 4386 septiformis
2869 4315 3097 4386 gratiam
3125 4313 3366 4385 Spiritus
3391 4309 3606 4384 populus
3623 4297 3761 4359 Ecde-

2234 4409 2327 4464 size
2357 4425 2480 4464 cum
2502 4409 2806 4464 rectoribus
2830 4408 2945 4464 suis
2967 4407 3137 4462 vincit
3164 4407 3354 4462 hostes
3375 4405 3664 4460 universos;
3687 4402 3758 4445 nec

2235 4501 2300 4556 de
2322 4517 2388 4557 eo
2413 4516 2650 4570 unquam
2678 4501 2961 4556 victoriam
2991 4499 3138 4568 capit
3159 4496 3400 4561 Judazus,
3414 4495 3523 4550 sive
3545 4494 3755 4580 paganus.

2155 4571 2210 4630 D
2233 4605 2327 4646 seu
2353 4589 2662 4655 haereticus,
2683 4589 2767 4644 vel
2793 4588 3194 4652 schismaticus,
3225 4587 3342 4642 sive
3389 4585 3524 4640 ullus
3557 4571 3758 4649 hypocri‘

2233 4688 2411 4734 tarum
2440 4686 2535 4734 aut
2568 4693 2830 4748 nequam:
2862 4678 2970 4733 imo
2999 4677 3115 4747 ipse
3141 4691 3265 4731 cum
3295 4688 3422 4743 rege
3445 4685 3538 4727 suo
3561 4667 3757 4719 vincente

2233 4778 2493 4840 tropaeum
2519 4768 2705 4839 gloria:
2729 4767 3030 4839 possidebit
3049 4767 3105 4821 in
3125 4774 3410 4822 aeternum.
3750 4838 3759 4849 .

2302 4861 2374 4916 Et
2406 4879 2525 4916 cum
2549 4862 2777 4932 epicinia
2813 4868 3028 4931 agerent
3073 4860 3130 4912 in
3175 4855 3536 4927 Jerosolgmis,
3563 4863 3663 4904 eum
3693 4855 3759 4940 4f"

2231 4967 2413 5008 sacras
2431 4951 2634 5020 januas
2655 4949 2987 5015 incenderat,
3019 4948 3075 5001 id
3106 4958 3180 5002 est
3211 4945 3589 5001 Callisthenem,
3613 4945 3757 4989 cumis

2234 5041 2502 5116 quoddam
2523 5039 2850 5094 domicilium
2881 5039 3153 5110 refugisset
3176 5037 3532 5096 incenderunt,
3560 5037 3650 5082 etc.
3677 5021 3756 5075 Pro

2233 5131 2480 5202 epiciniis
2511 5131 2615 5201 legi
2642 5131 2696 5183 in
2718 5129 2820 5184 alia
2857 5129 3120 5193 editione,
3151 5129 3262 5182 dies
3296 5126 3536 5182 victorian
3572 5120 3755 5186 Supera-

2233 5225 2304 5280 tis
2331 5240 2460 5294 ergo
2499 5223 2745 5279 hostibus
2781 5221 2950 5278 ludas
2976 5221 3177 5278 festum
3208 5221 3462 5285 celebrat,
3517 5215 3627 5286 quia
3663 5219 3752 5262 cum

2234 5317 2439 5372 sanctis
2463 5315 2690 5385 quilibet
2713 5330 2812 5386 per
2838 5315 3068 5386 gratiam
3093 5314 3294 5371 Christi
3324 5313 3390 5368 de
3410 5313 3556 5368 hoste
3577 5302 3752 5398 antiquo

2234 5407 2552 5476 triumphat,
2593 5405 2789 5478 gaudio
2823 5405 3052 5475 spiritali
3092 5406 3339 5478 repletus
3389 5400 3563 5458 laudes
3611 5390 3751 5450 condi-

2232 5513 2366 5569 gnas
2385 5512 2600 5562 cavere,
2629 5510 2693 5552 ac
2713 5505 2895 5568 grates
2920 5497 3249 5567 multiplices
3275 5491 3479 5550 auctori
3511 5502 3598 5544 suo

2234 5587 2474 5653 referre;
2528 5601 2630 5642 nec
2661 5587 2816 5643 decet
2870 5587 2989 5643 ﬁeri
3025 5589 3322 5659 ingratum,
3348 5585 3439 5658 qui
3466 5597 3520 5640 se
3551 5572 3750 5635 meminit

2231 5677 2414 5733 divino
2443 5691 2606 5746 opere
2623 5690 2746 5733 esse
2771 5673 3035 5744 adiutum.
