4028 6466
2161 264 2196 280 ’δ

1218 365 1281 421 n.
1311 361 1582 433 amt
1601 360 1832 430 suum
1863 357 2182 442 augmen,
2218 355 2544 444 uocum,
2567 355 2851 414 orenam
2887 352 3070 411 rans
3099 352 3143 408 ι.

576 366 718 428 il“

3656 350 3758 408 ηιξ

573 482 672 539 dat
696 481 918 536 dextras
940 476 1212 535 etsillatsos
1237 477 1503 550 permittit
1535 477 1726 531 abire:
1760 473 1886 544 quia
1916 488 2055 544 saepe
2079 482 2154 528 ta-
2179 476 2233 550 Α
2259 473 2315 528 id
2344 471 2486 548 quod
2524 471 2639 539 ipse
2670 476 2788 524 erat
2819 467 3185 538 praecipiebat.
3223 464 3324 532 Qui
3357 464 3497 521 enim
3529 467 3764 525 manducat

575 573 676 639 les,
703 572 796 642 qui
823 569 1158 642 philosophia
1179 548 1373 626 mundi
1414 567 1606 630 imbuti
1641 565 1887 632 fuerant,
1927 581 2051 620 cum
2083 565 2151 628 ad
2186 548 2194 559 ’

573 663 736 720 ﬁdem
761 662 962 718 Christi
987 668 1391 730 convertuntur,
1411 709 1414 713 .
1437 659 1508 721 ad
1547 657 1930 724 destruendam
1971 655 2150 723 stultis

569 758 707 812 tiam
732 763 894 826 atque
919 767 1165 810 errorem
1198 751 1480 824 gentilium
1506 750 1753 820 aptiores
1799 756 1959 817 atque
2001 746 2153 800 habi-

571 848 736 904 liores
769 847 938 915 ﬁunt;
971 855 1176 903 etcum
1194 845 1281 901 eis.
1295 845 1527 904 verbum
1548 841 1674 898 ﬁdei
1701 841 1927 912 pleniter
1952 839 2151 909 praedi-

571 947 754 995 catum
781 938 962 1003 fuerit,
994 945 1226 1008 utraque
1245 944 1515 996 armatura
1539 931 1790 990 instructi
1817 939 2004 986 contra
2031 945 2154 1001 per-,-

570 1027 754 1084 ﬁdiam
779 1028 975 1084 fortius
999 1035 1259 1100 pugnant.
1292 1025 1429 1083 Hinc
1454 1024 1718 1086 Salomon
1758 1023 1813 1076 in
1843 1021 2152 1080 aediﬁcatio-

569 1139 695 1180 nem
724 1124 954 1198 [templi]
976 1123 1177 1196 Hyram
1205 1164 1220 1190 ,
1253 1124 1394 1192 regis
1417 1121 1550 1192 Tyri
1569 1161 1594 1185 ,,
1619 1119 1689 1174 ad
1724 1119 1976 1175 caedenda
2005 1119 2150 1189 ligna

567 1215 636 1270 de
663 1213 871 1270 Libano
899 1216 1159 1270 auxilium
1189 1214 1345 1284 petit,
1371 1212 1497 1282 quia
1520 1212 1574 1265 in
1600 1212 1850 1273 hac..arte
1882 1211 2150 1266 doctiores

565 1313 724 1360 erant
753 1306 894 1360 servi
921 1305 1124 1376 Hyram
1161 1306 1335 1360 servis
1368 1304 1512 1369 suis;
1553 1304 1650 1360 sed
1696 1319 1802 1358 non
1841 1319 1938 1372 per
1963 1317 2022 1357 se
2049 1301 2150 1357 soli

566 1395 695 1450 huic
724 1396 825 1466 ipsi
848 1395 1326 1466 operi'instabant,
1369 1395 1584 1464 quando
1611 1403 1666 1450 et
1693 1395 1948 1450 associati
1976 1395 2149 1450 servis

566 1484 872 1540 Salomonis
920 1486 1157 1542 solemne
1195 1501 1261 1540 ac
1302 1487 1555 1541 decenter
1596 1485 1725 1539 illud
1759 1485 2145 1556 perliciebant;

564 1574 717 1644 cujus
739 1577 818 1630 rei
837 1591 1004 1632 causa
1021 1577 1076 1631 in
1096 1586 1348 1648 promptu
1368 1586 1471 1644 est,
1489 1578 1613 1647 quia
1634 1578 1889 1632 nimirum
1917 1576 2149 1646 apostoli

563 1666 767 1722 certius
795 1668 1020 1722 verbum
1047 1667 1143 1724 Dei
1165 1681 1192 1709 α
1220 1667 1497 1740 Evangelii
1537 1669 1684 1737 quod
1718 1683 1749 1721 a
1790 1668 2016 1722 Domino
2054 1683 2149 1721 au-

561 1755 678 1811 dire
705 1767 998 1826 noverunt;
1025 1761 1117 1815 sed
1138 1761 1370 1830 gentiles
1394 1761 1464 1816 ab
1484 1774 1670 1816 errore
1691 1761 1960 1826 conversi,
1985 1770 2148 1831 atque

2221 561 2224 566 ’
2254 563 2433 618 cibum
2462 545 2594 616 foris
2628 560 2864 631 positum
2906 559 2962 612 in
2997 573 3154 613 suum
3189 571 3384 628 corpus
3420 555 3603 625 trajicit
3623 575 3636 623 ;
3660 574 3765 628 pra.

2253 654 2396 726 cepit
2427 668 2554 724 ergo
2579 661 2637 707 ut
2666 652 2914 706 nationes
2939 666 3036 721 per
3066 647 3626 705 incredulitatem-ante
3654 649 3766 707 fores

2252 747 2462 817 positae,
2489 742 2769 799 interfecta
2794 743 3070 814 praeterita
3093 743 3233 807 vita,
3277 741 3520 796 societati
3541 740 3768 811 Ecclesia,

2253 854 2416 909 quam
2439 837 2708 909 signiﬁcat
2745 834 2941 890 Petrus
2963 875 2979 901 ,
3031 835 3361 890 inserantur.
3392 832 3542 889 Juxta
3568 835 3690 903 quod
3723 837 3772 892 de

2252 931 2428 1002 seipse
2457 929 2730 1000 apostolus
2756 927 2954 982 Paulus
2981 926 3095 981 ait:
3125 926 3241 998 Ego
3269 927 3408 980 enim
3435 943 3522 996 per
3542 927 3678 996 legem
3697 928 3773 997 legi

2251 1033 2486 1078 mortuus
2512 1039 2647 1087 sum,
2671 1013 2725 1074 ut
2753 1019 2976 1074 Domino
3023 1020 3189 1074 vivam
3225 1016 3432 1073 Christo
3476 1017 3606 1091 (Gal.
3627 1021 3704 1091 n);
3733 1032 3774 1076 et

2250 1117 2381 1172 item
2407 1133 2420 1168 :
2455 1113 2581 1168 Vivo
2605 1122 2777 1183 autem
2788 1112 2908 1182 jam
2929 1128 3032 1166 non
3057 1126 3174 1182 ego,
3201 1110 3322 1165 vivit
3351 1126 3468 1164 uero
3493 1113 3547 1165 in
3568 1126 3639 1164 me
3660 1110 3775 1164 Chri-

2249 1218 2361 1262 stus
2386 1207 2434 1279 (1
2443 1206 2595 1278 bid.).

2321 1318 2432 1373 Nec
2456 1316 2585 1372 illud
2609 1324 2665 1372 et
2692 1315 2810 1370 sine
2835 1314 3096 1386 mysterio
3127 1322 3211 1370 est
3246 1313 3392 1385 quod
3435 1313 3666 1384 adiacens
3697 1324 3778 1370 sta-

2249 1425 2412 1480 gnum
2441 1409 2718 1464 hominum
2765 1405 3134 1461 confectorum
3167 1406 3434 1475 sanguine
3461 1405 3701 1462 conﬂuere
3722 1409 3780 1462 vi-

2249 1501 2511 1554 deretur:
2545 1497 2670 1566 quia
2705 1496 2979 1566 sanguinis
3015 1494 3208 1550 effusio
3248 1505 3491 1550 cruenta:
3513 1496 3627 1550 vitae
3659 1499 3780 1551 amis-

2249 1591 2454 1646 sionem
2486 1588 2784 1660 signiﬁcat,
2819 1589 2974 1658 quasi
3013 1589 3234 1659 sanguis
3274 1604 3418 1658 aqua
3451 1586 3628 1643 effecta
3656 1589 3779 1644 littere

2248 1682 2481 1747 videtur,
2514 1697 2636 1736 cum
2660 1680 2715 1734 in
2736 1680 3081 1750 baptismatis
3109 1689 3473 1745 sacramento,
3497 1681 3582 1733 ubi
3610 1688 3782 1748 peccato

2251 1772 2437 1828 ﬁdeles
2465 1773 2802 1836 moriuntur,
2851 1771 3263 1842 sanguinolenta
3309 1787 3476 1843 opera
3516 1781 3570 1828 et
3601 1773 3783 1827 carnalis

559 1846 630 1900 ad
644 1849 1225 1922 veritatem.Evangelii
1246 1865 1341 1921 per
1359 1851 1574 1906 eosdem
1596 1851 1868 1920 apostolos
1889 1851 2148 1907 transfor—
2173 1841 2222 1910 Β
2249 1865 2372 1919 vita;
2393 1864 2582 1919 sordes
2607 1862 2752 1918 ablui
2779 1841 3196 1934 cognoscuntur,
3225 1841 3446 1932 quando
3467 1864 3658 1917 exuitur
3678 1875 3783 1915 rem

557 1940 723 2006 mati,
767 1941 960 1997 melius
1000 1943 1146 2013 ipsos
1184 1944 1426 2015 gentium
1471 1958 1687 2000 errores
1734 1953 2003 2000 noverunt
2041 1959 2055 1997 :
2091 1952 2147 2000 et

558 2043 666 2100 quo
718 2034 923 2088 certius
976 2043 1284 2102 noverunt,
1334 2049 1400 2092 eo
1446 2035 1793 2093 artiﬁciosius
1839 2053 2146 2110 expugnare

558 2129 722 2192 atque
751 2139 1020 2180 evacuare
1037 2126 1365 2183 didicerunt.

626 2215 911 2285 Aggressus
940 2227 1016 2272 est
1045 2229 1220 2274 autem
1241 2231 1292 2275 et
1319 2223 1580 2277 civitatem
1599 2223 1882 2292 quamdam
1909 2225 2142 2294 ﬁrmam,

554 2305 798 2375 pontibus
823 2317 871 2361 et
897 2310 1062 2364 muris
1089 2311 1509 2384 circumseptam,
1535 2330 1652 2384 qua:
1683 2330 1714 2366 a
1743 2314 1906 2368 turbis
1935 2315 2145 2368 habita-

556 2394 711 2449 batur
738 2398 967 2467 gentium
992 2403 1430 2470 promiscuarum,
1461 2406 1546 2458 cui
1575 2421 1762 2459 nomen
1794 2403 2042 2474 Casphin.
2069 2406 2144 2461 Hi

553 2501 671 2540 uero
695 2489 782 2558 qui
811 2489 952 2543 intus
982 2501 1165 2558 erant,
1203 2493 1518 2561 conﬁdentes
1553 2497 1608 2548 in
1645 2494 1931 2549 stabilitate
1960 2512 2140 2550 muro-

555 2594 670 2630 rum
691 2589 738 2631 et
760 2590 1020 2649 apparatu
1044 2581 1439 2651 alimoniarum,
1459 2587 1728 2641 remissius
1758 2586 1998 2657 agebant,
2030 2605 2143 2643 ma-

553 2668 756 2723 ledictis
786 2671 1095 2727 lacessentes
1118 2671 1349 2740 ludam,
1393 2692 1455 2729 ac
1483 2675 1897 2746 blasphemantes
1920 2721 1936 2743 ,
1977 2698 2040 2735 ac
2065 2681 2143 2736 lo-

552 2770 764 2830 quentes
793 2778 910 2832 qure
941 2763 1022 2832 [as
1047 2780 1152 2818 non
1177 2775 1274 2818 est.
1295 2765 1502 2822 Civitas
1523 2767 1639 2822 hzcc
1659 2769 1758 2824 sub
1779 2768 1938 2838 cujus
1963 2773 2142 2828 muni-

551 2854 696 2908 tione
721 2855 964 2924 plurimae
987 2858 1158 2912 turbae
1181 2858 1521 2915 diversarum
1552 2862 1790 2933 gentium
1819 2865 2143 2921 convenien-

551 2954 634 3002 tes
659 2947 1064 3016 habitaverunt,
1091 2949 1229 3004 nihil
1250 2951 1442 3008 melius
1465 2968 1628 3022 quam
1651 2955 1837 3009 mundi
1863 2956 2022 3010 istius
2040 2972 2140 3028 po-

551 3046 812 3092 tentatum
836 3039 1144 3109 signiﬁcare
1165 3042 1432 3109 arbitror;
1465 3043 1620 3114 cujus
1642 3045 1743 3100 sub
1771 3045 2140 3104 dominatione

548 3130 776 3187 diversa:
807 3131 1057 3188 adierunt
1080 3143 1289 3205 gentes,
1319 3145 1378 3190 ut
1401 3138 1502 3192 sub
1529 3136 1647 3206 ejus
1671 3137 1986 3196 defensione
2013 3157 2136 3198 cor-

547 3222 807 3293 poraliter
847 3231 1128 3280 tuerentur
1151 3227 1442 3298 carnisque
1480 3243 1591 3283 sua:
1617 3228 1774 3283 libitu
1806 3229 2079 3287 fruerentu

547 3311 866 3380 Huiusmodi
912 3329 1043 3386 ergo
1095 3325 1425 3382 conventus,
1475 3317 1710 3375 conﬁsus
1751 3320 1807 3375 in
1845 3321 2140 3380 stabilitate

546 3414 826 3460 murorum
849 3446 866 3472 ,
914 3405 1214 3462 maledictis
1243 3406 1462 3463 lacessit
1500 3407 1731 3476 ludam,
1775 3425 1839 3466 ac
1882 3411 2139 3484 blasphe-

550 3511 703 3550 mans
731 3496 1054 3568 loquebatur
1078 3513 1143 3554 ea
1173 3514 1293 3570 qum
1325 3499 1407 3556 fas
1437 3516 1544 3556 non
1575 3510 1692 3558 erat
1721 3521 1734 3558 :
1764 3518 1888 3559 cum
1909 3503 2140 3563 diversa:

545 3601 792 3657 personae
843 3587 1145 3656 hominum,
1186 3587 1431 3646 faventes
1474 3590 1769 3647 adulationi
1807 3594 2136 3665 principum,

545 3695 843 3750 eorumque
872 3682 1150 3739 beneﬁciis
1171 3683 1489 3755 gaudentes,
1517 3686 1790 3742 contraria
1813 3686 1993 3744 fecere
2018 3703 2140 3745 san-

544 3774 649 3830 ctis
671 3774 1140 3845 praedicatoribus,
1166 3784 1328 3848 atque
1355 3779 1498 3834 idola
1529 3779 1789 3846 colentes,
1807 3781 1972 3836 verba
1992 3781 2141 3838 blas-

544 3867 773 3940 phemia:
829 3877 1018 3924 contra
1062 3870 1234 3940 ipsam
1281 3871 1628 3928 Divinitatem
1653 3873 2016 3944 jactaverunt.
2045 3875 2139 3932 Ju-

544 3956 640 4012 das
659 3973 810 4030 ergo,
839 3959 1091 4016 invocato
1114 3962 1299 4017 mundi
1321 3964 1564 4035 principe
1581 4006 1596 4031 ,
1619 3980 1714 4035 per
1735 3965 1905 4036 ipsius
1928 3967 2139 4037 adjuto-

544 4047 684 4102 rium
716 4049 858 4117 cepit
898 4049 1173 4106 civitatem
1207 4070 1220 4106 :
1259 4053 1388 4122 quia
1433 4056 1607 4111 sancti
1646 4057 1896 4113 doctores
1939 4059 2138 4128 partim

543 4139 901 4206 orationibus,
935 4142 1132 4210 partim
1154 4152 1209 4198 et
1234 4144 1608 4217 dogmatibus,
1655 4159 1846 4206 contra
1880 4152 2135 4208 adversa-

543 4230 655 4286 rios
695 4246 823 4288 suos
859 4221 1252 4305 conflixerunt,
1300 4238 1470 4296 donec
1501 4240 1646 4312 ipsos
1689 4243 1786 4298 Dei
1833 4245 2000 4300 verbo
2036 4260 2136 4316 per

543 4319 757 4377 Domini
802 4319 1133 4381 voluntatem
1182 4339 1537 4401 captaverant
1580 4335 1876 4406 principes.
1933 4336 2136 4408 Sicque

542 4415 936 4498 inenarrabiles
959 4421 1135 4494 caedes
1164 4422 1526 4481 conﬁciebant
1552 4427 1830 4483 hominum
1849 4468 1865 4494 ,
1917 4441 2026 4484 non
2073 4436 2137 4486 ut

542 4508 763 4564 interitu
794 4497 999 4583 mterno
1024 4511 1267 4570 funditus
1289 4517 1548 4586 perirent,
1579 4519 1673 4575 sed
1694 4527 1754 4574 ut
1786 4521 1991 4575 mundo
2015 4535 2129 4576 mo-

2245 1955 2400 2006 homo
2422 1970 2540 2006 cum
2564 1953 2763 2006 actibus
2795 1953 2904 2006 suis
2925 1993 2940 2017 ,
2975 1961 3022 2006 et
3057 1953 3300 2006 induitur
3327 1970 3490 2008 novus
3509 1994 3523 2017 ,
3547 1954 3628 2023 qui
3645 1969 3785 2008 secus-

2245 2047 2371 2100 dum
2394 2045 2678 2100 Dominum
2698 2055 2904 2100 creatus
2927 2053 3001 2100 est
3028 2045 3083 2098 in
3104 2045 3318 2114 justitia
3344 2053 3393 2099 et
3417 2046 3673 2099 sanctitate
3688 2043 3786 2099 reri-

2244 2140 2368 2192 tatis
2400 2138 2618 2209 (Ephes.
2651 2138 2754 2208 ιν).

2316 2251 2386 2306 Et
2415 2260 2660 2306 venerunt
2681 2253 2737 2306 in
2768 2251 3009 2307 Characa
3039 2251 3108 2306 ad
3132 2269 3219 2307 eos
3249 2255 3342 2324 qui
3369 2254 3609 2308 dicuntur
3638 2251 3784 2305 Tabia-

2245 2344 2366 2409 nmi,
2397 2342 2616 2398 Judmos
2641 2356 2660 2396 :
2686 2354 2734 2398 et
2767 2340 3092 2399 Timotheum
3118 2345 3333 2416 quidem
3364 2348 3419 2399 in
3451 2344 3553 2399 illis
3580 2344 3689 2398 locis
3709 2360 3784 2397 non

2243 2435 2772 2505 comprehenderunt,
2801 2433 3047 2507 nulloque
3076 2437 3280 2507 negotio
3317 2437 3545 2507 perfecto
3574 2452 3784 2505 regressus

2242 2535 2317 2581 est
2336 2567 2350 2592 ,
2379 2527 2556 2581 relicto
2594 2528 2651 2581 in
2689 2509 2918 2599 quodam
2957 2527 3071 2582 loco
3099 2528 3410 2597 ﬁrmissimo
3435 2528 3684 2598 prmsidio,
3705 2534 3779 2580 etc.

2240 2618 2434 2675 Audivi
2476 2620 2745 2689 quondam
2794 2619 3080 2676 Hebraeum
3118 2620 3482 2676 disserentem
3520 2620 3782 2674 Tubiaszeos

2240 2709 2453 2767 Judmos
2483 2712 2605 2767 illos
2633 2713 2933 2783 nuncupari
2975 2713 3097 2783 qui,
3136 2712 3460 2782 alienigenis
3499 2710 3777 2776 convocatis,

2241 2803 2296 2857 in
2322 2801 2650 2870 adjutorium
2683 2803 2834 2860 Judze
2873 2813 3168 2871 venerunt,
3213 2813 3269 2860 et
3311 2804 3489 2860 dictos
3525 2802 3783 2859 Tubianzeos

2241 2895 2396 2964 quasi
2425 2895 2616 2950 alienis
2642 2896 2788 2953 tubis
2813 2897 3134 2952 conductos.

2263 3020 2273 3030 ‘
2308 3006 2591 3061 Dositheus
2622 3015 2798 3063 autem
2822 3015 2870 3064 et
2899 3006 3186 3080 Sosipater,
3212 3009 3306 3078 qui
3339 3017 3494 3064 erant
3520 3008 3662 3062 duces
3689 3020 3777 3059 cum

2239 3097 2568 3166 Machabwo,
2602 3110 2930 3170 peremerunt
2958 3119 2992 3155 a
3025 3101 3295 3156 Timotheo
3330 3101 3537 3156 relictos
3567 3101 3616 3154 in
3639 3096 3781 3170 prteri-

2085 3188 2131 3286 }.
2159 3205 2208 3276 ς
2239 3189 2326 3244 dio
2355 3191 2733 3286 decem-millia
2764 3193 2920 3247 viros.
2949 3191 3043 3247 lsti
3070 3193 3175 3248 duo
3198 3191 3399 3259 duces,
3423 3193 3526 3248 hoc
3561 3199 3637 3246 est
3660 3188 3778 3244 Dosi-

2244 3282 2400 3338 thcus
2444 3291 2500 3338 et
2529 3277 2834 3354 Sosipater,
2878 3293 3094 3340 sanctos
3118 3286 3504 3356 praedicatores
3528 3283 3777 3354 designant,

2243 3373 2366 3442 qui,
2405 3373 2510 3428 viri
2551 3374 2842 3431 Machabeei
2880 3376 3265 3446 dispositione,
3305 3377 3413 3433 hoc
3439 3383 3523 3430 est
3552 3369 3778 3429 fortissimi

2240 3467 2580 3538 praeliatores
2614 3468 2703 3541 (de
2743 3484 2852 3540 quo
2884 3470 2939 3524 in
2969 3470 3180 3540 psalmo
3209 3471 3476 3541 scriptum
3499 3476 3577 3524 est
3605 3485 3617 3521 :
3641 3463 3779 3519 Domi-

2243 3575 2340 3613 nus
2367 3558 2521 3629 fortis
2548 3568 2599 3615 et
2637 3569 2818 3630 potens
2860 3562 2917 3616 in
2957 3561 3138 3633 pretio
3191 3558 3371 3634 [Psal.
3415 3557 3590 3631 xxmj)
3633 3563 3777 3611 contra

2241 3663 2430 3706 omnes
2477 3665 2691 3707 errores
2727 3651 3057 3722 perﬁdorum
3086 3651 3412 3724 belligerare
3453 3650 3774 3707 destinantur:

2241 3742 2333 3812 qui
2375 3750 2501 3813 apte
2543 3743 2756 3799 binario
2798 3758 3028 3800 numero
3071 3751 3335 3800 notantur
3359 3784 3376 3810 ,
3430 3743 3553 3814 quia
3597 3742 3774 3795 duorum

2242 3834 2718 3890 Testamentorum
2742 3833 2975 3906 spiritali
3001 3835 3227 3890 scientia
3253 3834 3390 3890 satis
3412 3831 3660 3892 instructi,
3680 3841 3778 3898 pne-

2239 3927 2372 3982 lium
2403 3928 2615 3984 Domini
2645 3929 2752 3985 rite
2777 3929 3048 3985 conﬁcere
3069 3937 3391 3992 noscuntur.
3431 3927 3496 3982 Ili
3523 3940 3640 3996 ergo
3666 3938 3689 3975 a
3713 3919 3777 3974 Ti-

2239 4022 2457 4078 motheo
2485 4021 2703 4078 relictos
2732 4023 2786 4077 in
2818 4023 3073 4094 praesidio
3099 4023 3288 4080 decem
3316 4022 3488 4078 millia
3520 4021 3648 4074 viros
3668 4016 3772 4070 inte.

2239 4117 2479 4182 rimunt,
2519 4131 2644 4172 cum
2690 4115 2867 4171 socios
2899 4115 3424 4181 haeresiarcharum,
3472 4115 3537 4168 ad
3575 4107 3773 4166 tuendam

2236 4206 2534 4277 nequitiam
2557 4220 2712 4261 suam
2735 4207 2803 4262 ab
2834 4206 2966 4278 ipsis
2989 4205 3338 4272 constitutos,
3371 4205 3474 4275 legi
3498 4201 3584 4258 Dei
3607 4206 3774 4256 contra.

2235 4299 2317 4354 ria
2342 4299 2660 4366 sentientes,
2693 4314 2791 4370 per
2819 4297 3075 4368 ejusdem,
3089 4299 3224 4370 legis
3250 4299 3618 4354 auctoritatem
3649 4301 3769 4359 atque

2208 4427 2210 4430 μ
2235 4389 2582 4446 severitatem
2612 4390 2843 4460 spiritali
2869 4390 3049 4463 gladio
3069 4390 3215 4461 jnste
3240 4390 3588 4446 interﬁciunt.

2302 4501 2475 4559 ludas
2507 4511 2684 4558 autem
2715 4505 3036 4559 uehementer
3059 4503 3288 4558 instabat
3315 4502 3531 4574 puniens
3554 4486 3768 4567 prolati“,

542 4599 744 4684 rientcs
771 4581 986 4660 Christo
1013 4593 1238 4684 felicius"
1258 4571 1870 4678 viverent.',ﬂujusmodi
1911 4571 2208 4680 quoque.D
2231 4607 2281 4652 ετ
2310 4598 2592 4668 ρτοεεναυίε
2618 4614 2684 4653 επ
2712 4599 2787 4654 eis
2816 4600 3033 4672 triginta
3057 4597 3226 4652 millia
3252 4599 3505 4662 virorum,
3533 4603 3628 4650 elc-
3655 4589 3770 4656 Qua“

523 4677 701 4746 'Petro
726 4694 898 4749 caedes
927 4695 982 4749 in
1009 4677 1237 4778 actibus
1265 4687 1811 4773 apostolorum(Cap.
1847 4701 1903 4776 x)
1928 4677 2125 4770 Tjussus

527 4792 623 4854 est
645 4783 931 4867 conficere,
955 4786 1171 4868 quando
1192 4803 1288 4868 vas
1312 4789 1441 4844 illud
1461 4791 1747 4862 mysticum
1769 4800 1998 4861 quatuor
2019 4791 2124 4847 ini-

521 4869 628 4959 tiis
651 4863 894 4931 submitti
915 4875 980 4932 de
1000 4865 1139 4953 coelo
1159 4873 1212 4934 in
1233 4863 1436 4936 terram
1452 4883 1506 4937 in
1521 4883 1723 4939 exstasi
1745 4892 2123 4954 conspexerat,

523 4966 592 5031 in
618 4983 725 5036 quo
753 4963 914 5055 erant
949 4961 1132 5060 omnia
1159 4959 1529 5057 quadrupedia
1557 4975 1910 5057 et'serpentia
1931 4984 2123 5045 terrae,

538 5067 592 5114 et
622 5049 860 5142 volatilia
890 5049 1036 5145 Caeli,
1148 5049 1350 5150 dictum
1381 5053 1578 5150 est/eiii
1613 5055 1801 5140 Surge,
1827 5053 1981 5122 Petre
2000 5109 2013 5135 ,
2045 5061 2133 5123 oc-

523 5137 1326 5239 ,cideet.manduca.‘lhnimalia
1353 5137 1488 5234 ergo
1506 5139 1695 5239 omnes
1725 5137 1918 5226 gentes
1956 5151 2127 5230 signi-

537 5243 776 5320 ﬁcabant
801 5229 1435 5330 erroribusimmundas,
1471 5229 1893 5330 sedbin‘nom'ine
1923 5229 2126 5308 sanctae

539 5335 1004 5420 Trinitatislsla'cro
1018 5325 1379 5426 baptismate
1396 5325 1760 5426 mundandasl,
1785 5359 1921 5426 Aquae
1951 5343 2125 5426 homi-

513 5430 626 5498 nis
653 5410 1379 5520 ἰιηέιείάειὲιςιδειίηὲιιιὲιιίεξέέί
1412 5413 1508 5518 per,
1531 5410 2125 5520 ’ίξῐὲἓίέιίῖὸὲἶέιίίζυθδιίῑλ-

511 5532 741 5591 »κωκυ-ει
769 5511 1994 5612 serpentiumresuscitatus:meum
2013 5513 2127 5612 "vix

511 5615 630 5676 ..ωε
654 5616 891 5692 caelestis
910 5613 1073 5691 Petro
1097 5601 1345 5692 occidere
1819 5602 1954 5697 quia,
1972 5603 2126 5700 illum

507 5834 540 5869 ει
608 5821 1105 5896 ,ιεῦοωὶιιίσιιίιὶς
1125 5841 1149 5886 .l
1202 5849 1271 5893 iu.

1308 5861 1396 5895 mi:
1433 5853 1618 5908 nivlcl'l
1652 5849 1661 5900 ἶ
1706 5871 1750 5902 11'.
1781 5865 2042 5911 -':'.-'li.|‘."i-."
2069 5885 2078 5908 Ξ
2188 5893 2200 5900 -

2225 4689 2374 4745 ritur
2417 4690 2688 4759 quomodo
2725 4690 3041 4746 Timotheus
3075 4691 3165 4746 hic
3205 4697 3458 4744 narretur
3489 4689 3554 4742 ob
3596 4691 3768 4754 precum

2230 4797 2455 4837 suarum
2495 4783 2855 4839 humilitatem
2901 4800 2933 4838 a
2960 4781 3159 4840 Iudaeis
3203 4783 3430 4838 ducibus
3466 4780 3606 4833 vivus
3629 4771 3769 4828 dimis-

2209 4889 2347 4942 -*sus,
2377 4891 2443 4931 eo
2472 4877 2616 4946 quod
2653 4876 2948 4932 multorum
2975 4892 3043 4933 ex
3074 4875 3272 4932 Judaeis
3304 4881 3554 4945 parentes
3591 4865 3768 4922 habere!

2234 4977 2299 5024 ac
2341 4967 2559 5036 fratres,
2596 4982 2740 5040 quos
2786 4979 2961 5025 morte
2999 4970 3116 5040 ejus
3156 4968 3330 5038 decipi
3367 4963 3692 5032 contingeret,
3733 4949 3766 5002 si

2217 5060 2350 5130 'ipse
2378 5069 2523 5116 esset
2553 5063 2795 5129 occisus;
2836 5071 2892 5119 et
2916 5061 3074 5133 paulo
3109 5069 3234 5116 ante
3260 5065 3507 5114 narratur
3532 5047 3656 5124 quod
3680 5046 3764 5113 il)se

2203 5150 2424 5207 «'l‘ui'sset
2451 5153 2505 5206 in
2546 5151 2770 5208 Gazarae
2812 5154 3082 5224 prmsidio,
3131 5153 3224 5209 ubi
3248 5169 3278 5208 a
3307 5151 3558 5208 militibus
3595 5153 3762 5217 pcrem'

2230 5254 2353 5315 ptus
2386 5263 2398 5299 :
2429 5247 2481 5301 si
2511 5247 2655 5301 enim
2691 5248 2765 5302 ibi
2796 5255 2924 5302 tunc
2972 5246 3161 5302 fuisset
3186 5245 3428 5311 occisus,
3474 5239 3608 5298 nullo
3641 5233 3762 5292 modo

2203 5339 2318 5393 "hic
2345 5352 2487 5392 nunc
2509 5339 2666 5393 vivus
2707 5347 2853 5395 esset
2879 5340 3164 5408 dimissus;
3189 5339 3331 5409 quod
3370 5335 3510 5392 haud
3548 5331 3699 5391 aliter,
3720 5320 3759 5374 ηί

2203 5431 2620 5502 'fallor,'pote'5t
2647 5432 2811 5498 solvi,
2856 5432 2960 5487 nisi
3009 5432 3151 5502 quod
3189 5439 3282 5485 aut
3322 5430 3392 5485 ibi
3430 5442 3523 5498 per
3547 5422 3756 5490 anticipa-

2194 5508 2433 5578 “‘tioncm
2462 5523 2670 5578 dicatur
2697 5524 2925 5587 occisus,
2972 5532 3063 5578 aut
3092 5523 3228 5578 alius
3276 5523 3361 5577 ille
3397 5519 3677 5576 Timotheus
3700 5512 3757 5564 in-

2197 5610 2498 5686 "telligat'u'r
2529 5613 2632 5684 'qui
2680 5615 2735 5669 in
2763 5612 2986 5669 Gazara:
3025 5614 3274 5683 prmsidio
3299 5622 3380 5669 est
3405 5609 3753 5668 iuterfectus,et

518 5687 873 5787 :loccidereliln
904 5687 1162 5793 gentibus
2191 5709 2204 5719 “
2222 5707 2391 5800 ‘alius'
2414 5709 2518 5764 iste
2564 5709 2654 5778 qui
2681 5721 2784 5779 per
2809 5708 3126 5764 Dositheum
3157 5717 3213 5764 et
3243 5707 3565 5777 Sosipatrum
3599 5698 3752 5769 legitur

2355 5885 2396 5906 "I
2451 5881 2616 5919 :"'.'l"-l
2647 5885 2688 5920 "l
2735 5903 2738 5910 ι
