4028 6454
307 396 451 452 1249

1027 394 1376 454 COMMENT.
1414 393 1480 448 1N
1519 390 1764 449 uanos
1805 379 2378 448 MACHABASORUM.
2408 375 2490 428 LL
2779 375 2853 436 ιιι.

3422 371 3562 440 12⁵9

302 509 580 564 dimissus.
635 506 786 572 Quod
831 515 1010 562 autem
1051 507 1202 563 Iudae
1250 509 1432 573 duces,
1480 507 1884 562 considerantes
1908 497 1963 569 Α
1986 503 2144 558 deriis
2172 502 2353 557 carnis
2377 499 2602 555 luxuriae
2635 495 2842 566 eos‘qui
2865 483 3443 564 paululumsmtgiunt,
3472 487 3565 557 qui

302 600 531 654 fratrum
565 598 849 652 utilitatem
875 615 937 654 ac
973 614 1192 653 suorum
1219 598 1659 668 redemptionem,
1705 595 1882 651 Timo-

307 689 437 745 theo
474 698 850 760 pepercerunt,
896 691 1129 745 ostendit
1153 689 1296 758 quod
1334 688 1617 758 aliquando
1656 701 1886 742 cumer-

304 781 549 834 rantibus
572 779 756 835 mitius
777 788 859 834 est
879 780 1160 850 agendum,
1185 795 1288 832 non
1319 779 1438 835 dico
1463 787 1520 833 ut
1548 793 1733 833 eorum
1759 792 1886 832 con-

301 871 570 928 sentiatur
611 869 899 939 iniquitati,
941 869 1034 924 sed
1070 869 1269 938 pietate
1312 878 1535 938 paterna
1578 868 1888 922 consulatur

306 974 495 1014 eorum
523 957 841 1024 inﬁrmitati,
882 967 938 1014 et
971 959 1205 1012 maxime
1242 958 1346 1013 illis
1375 958 1506 1014 locis
1543 958 1634 1012 ubi
1682 957 1889 1013 fructus

306 1049 501 1120 aliquis
549 1049 616 1103 de
653 1049 947 1104 errantium
993 1049 1340 1104 conversione
1392 1058 1657 1120 speratur,
1704 1057 1892 1120 quate-

306 1155 411 1193 nus
459 1139 867 1194 mansuetudine
905 1139 1268 1193 ecclesiastica
1316 1147 1676 1210 provocentur
1706 1153 1736 1192 a
1777 1139 1890 1194 dia-

304 1227 412 1283 boli
469 1225 672 1298 laqueis
714 1229 970 1300 eﬁ‘ugere,
1023 1237 1077 1284 et
1125 1229 1412 1284 convenire
1455 1230 1523 1284 ad
1573 1229 1891 1284 catholicam

304 1320 627 1391 libertatem.
677 1320 828 1376 Unde
872 1322 926 1374 in
968 1320 1224 1376 Africano
1249 1320 1475 1376 concilio
1499 1321 1565 1375 de
1600 1319 1893 1374 Donatistis

307 1411 578 1466 hazreticis
625 1411 974 1466 constitutum
999 1419 1084 1466 est
1120 1419 1181 1465 ut
1223 1410 1394 1466 levius
1439 1425 1562 1465 cum
1603 1410 1684 1466 eis
1710 1424 1894 1481 agere-

308 1509 419 1568 tur,
470 1502 561 1556 ubi
584 1503 657 1556 ita
695 1503 954 1572 scriptum
999 1510 1123 1557 est:
1168 1501 1518 1556 Pertractatis
1564 1509 1618 1556 et
1643 1500 1894 1556 conside-

311 1592 446 1646 ratis
496 1592 744 1647 omnibus
785 1607 903 1662 quae
943 1592 1159 1646 utilitati
1207 1592 1462 1646 Ecclesia
1501 1590 1787 1646 convenire
1810 1590 1892 1644 vi-

313 1683 601 1748 debantur,
650 1693 918 1739 annuente
970 1693 1129 1753 atque
1176 1683 1497 1739 admonente
1545 1682 1752 1753 Spiritu
1795 1680 1891 1735 Dei

1982 594 2040 649 in
2076 609 2254 649 errore
2277 599 2679 647 conversantur:
2709 587 2999 642 libertatem
3039 581 3150 636 illis
3187 580 3562 651 promittentes,

1985 702 2102 739 cum
2145 685 2245 756 ipsi
2286 683 2417 738 servi
2454 681 2558 736 sint
2595 676 2943 748 corruptionis
2968 672 3055 745 (II
3103 672 3245 728 Petr.
3277 669 3369 742 ιι).¹
3402 667 3566 724 ludas

1985 776 2126 830 enim
2167 789 2291 830 cum
2341 773 2451 828 suis
2497 781 2880 840 usquequaque
2929 765 3162 821 hostium
3197 762 3385 817 turbas
3431 768 3570 816 atra-

1985 865 2062 920 vit
2106 874 2161 921 et
2187 863 2467 919 victoriam
2505 860 2706 923 habuit,
2739 858 2864 927 quia
2904 857 3152 912 doctores
3202 852 3375 909 sancti
3427 851 3571 906 veri-'-

1990 957 2114 1012 tatis
2155 962 2483 1018 assertores,
2531 959 2587 1006 et
2624 948 2859 1004 universi
2903 946 3107 1003 erroris
3153 949 3566 1016 expugnatores.

1988 1047 2168 1102 divina
2205 1059 2306 1116 ope
2330 1045 2516 1115 adjuti,
2558 1042 2756 1111 ubique
2795 1041 2862 1096 de
2890 1039 3136 1095 hostibus
3157 1036 3271 1093 suis
3307 1043 3570 1105 tropaeum

1987 1137 2228 1193 victoria:
2264 1136 2497 1205 capiunt.
2530 1133 2682 1190 Unde
2724 1130 2904 1187 dicere
2941 1146 3065 1186 cum
3099 1128 3266 1183 Paulo
3291 1134 3519 1198 possunt
3549 1141 3563 1178 :

1989 1227 2098 1282 Deo
2165 1235 2338 1280 autem
2380 1224 2577 1296 gratias
2637 1223 2726 1294 qui
2791 1236 2990 1291 semper
3029 1219 3316 1290 triumphat
3361 1233 3458 1270 nos
3511 1216 3569 1270 in

1989 1314 2198 1383 Christo
2235 1315 2383 1380 Jesu,
2425 1324 2475 1368 et
2519 1313 2730 1368 odorem
2756 1312 2955 1366 notitia:
2998 1326 3108 1365 suae
3146 1309 3444 1378 manifestat
3475 1322 3569 1373 per

1991 1423 2085 1461 nos
2108 1407 2163 1460 in
2188 1406 2326 1459 omni
2355 1404 2466 1458 loco
2497 1401 2584 1475 (ΙΙ
2625 1402 2748 1458 Cor.
2773 1402 2856 1474 ιι).
2886 1401 3021 1457 EsSe
3045 1399 3404 1456 communiter
3421 1411 3566 1452 com-

1992 1499 2188 1553 munis.
2216 1497 2278 1570 (?)
3089 1514 3093 1518 ·

2064 1588 2196 1644 Inde
2223 1588 2292 1642 ad
2319 1588 2576 1642 civitatem
2598 1586 2910 1657 Scytharum
2938 1585 3197 1650 abierunt,
3217 1599 3336 1655 qua:
3372 1583 3436 1636 ab
3471 1581 3569 1636 Je-

1993 1680 2264 1751 rosolgmis
2291 1680 2541 1734 sexcentis
2584 1679 2770 1733 stadiis
2802 1677 3004 1743 aberat,
3033 1684 3139 1732 etc.
3191 1673 3572 1746 Scythopolitae

315 1776 656 1832 decernimus
681 1792 803 1832 cum
842 1776 1151 1831 memoratis
1188 1776 1516 1842 hominibus,
1561 1773 1806 1844 quamvis
1830 1773 1896 1828 de
1995 1771 2088 1840 qui
2109 1769 2322 1825 Iudaeos
2369 1769 2600 1838 benigne
2643 1774 2960 1830 tractantes,
2990 1782 3091 1836 pro
3139 1764 3418 1821 beneﬁciis
3461 1763 3575 1818 suis

311 1869 576 1924 Dominici
620 1869 862 1939 corporis
889 1869 1095 1924 unitate
1124 1869 1359 1939 inquieta
1391 1867 1728 1924 dissensione
1763 1880 1886 1922 sen-
1911 1847 1961 1917 Β
1987 1860 2127 1930 apud
2146 1857 2338 1913 ludam
2359 1859 2590 1930 gratiam
2619 1866 2676 1913 et
2701 1856 2910 1911 laudem
2940 1863 3379 1926 promeruerunt,
3409 1853 3575 1923 signi-

314 1961 593 2026 tientibus,
647 1961 840 2016 leniter
887 1970 944 2016 et
989 1959 1213 2031 paciﬁce
1251 1973 1430 2029 agere,
1481 1967 1563 2022 ut,
1629 1965 1890 2028 quantum
1994 1952 2164 2007 ﬁcant
2190 1965 2284 2006 eos
2303 1950 2395 2021 qui
2427 1950 2676 2006 doctores
2709 1958 2925 2004 sanctos
2951 1957 3008 2002 et
3031 1946 3369 2003 confessores
3413 1952 3575 1999 rectae

309 2056 366 2111 iu
409 2053 564 2133 nobis
603 2060 706 2118 est,
750 2052 998 2108 omnibus
1041 2052 1132 2121 qui
1172 2050 1228 2105 in
1276 2065 1463 2105 eorum
1515 2048 1892 2104 communione

307 2153 363 2200 et
405 2144 662 2200 societate
689 2143 927 2198 haeretici
973 2150 1098 2198 sunt
1137 2157 1233 2212 per
1272 2141 1550 2195 universas
1586 2139 1894 2208 provincias

308 2237 588 2292 Africanas
627 2236 841 2307 penitus
867 2236 1166 2291 innotescat
1194 2248 1354 2303 quam
1384 2231 1676 2288 miserabili
1708 2245 1894 2287 errore

309 2327 506 2383 devicti
551 2336 707 2392 sunt,
759 2325 1054 2397 nequando,
1096 2325 1234 2379 sicut
1277 2322 1408 2377 dicit
1441 2321 1751 2392 Apostolus,
1799 2337 1896 2377 nov

306 2416 391 2470 bis
422 2416 478 2470 in
511 2415 924 2470 mansuetudine
956 2412 1373 2482 corripientibus
1404 2412 1615 2466 diversa
1662 2411 1897 2465 sentien-

315 2516 418 2571 tes,
484 2507 570 2562 det
612 2506 717 2560 illis
770 2505 911 2560 Deus
969 2504 1318 2575 paenitentiam
1367 2503 1435 2556 ad
1490 2502 1898 2573 cognoscendam

311 2596 598 2662 veritatem,
634 2604 684 2649 et
721 2595 1020 2664 resipiscant
1064 2611 1096 2646 a
1123 2591 1318 2646 diaboli
1358 2592 1576 2662 laqueis,
1610 2609 1644 2646 a
1669 2607 1770 2662 quo
1812 2608 1900 2645 ca-

312 2684 437 2755 ptivi
462 2692 700 2738 tenentur
738 2683 806 2737 ad
834 2683 996 2753 ipsius
1041 2681 1352 2736 voluntatem
1396 2681 1481 2748 (II
1513 2683 1646 2737 Tim.
1673 2681 1756 2752 ιι).

1992 2041 2117 2098 ﬁdei
2147 2040 2364 2111 rapiunt
2386 2038 2730 2112 [excipiunt],
2753 2048 2809 2095 et
2831 2038 3038 2094 solatiis
3065 2035 3434 2107 corporalibus
3467 2050 3568 2103 pro

1991 2131 2198 2187 viribus
2226 2129 2520 2200 adjuvant:
2556 2145 2784 2200 quorum
2826 2143 3035 2184 merces
3083 2128 3138 2182 in
3189 2141 3420 2181 vacuum
3461 2139 3570 2179 non

1994 2223 2218 2294 peribit;
2247 2222 2478 2277 maxime
2504 2237 2626 2276 cum
2653 2219 2911 2276 Dominus
2935 2219 2990 2274 in
3039 2216 3328 2288 Evangelia
3365 2215 3431 2270 de
3456 2213 3574 2268 tali-

1997 2313 2100 2369 bus
2123 2315 2192 2369 ad
2211 2312 2480 2383 apostolos
2504 2313 2678 2368 dicat:
2705 2311 2808 2378 Qui
2829 2310 3006 2381 recipit
3027 2326 3115 2364 vos
3135 2325 3224 2362 me
3242 2307 3458 2377 recipit;
3483 2305 3574 2376 qui

1997 2404 2176 2474 recipit
2189 2404 2489 2474 prophetam
2501 2404 2555 2456 in
2571 2402 2777 2456 nomine
2788 2401 3049 2471 propheta:
3063 2399 3346 2454 mercedem
3357 2397 3579 2467 prophe-

1999 2502 2066 2548 ta:
2095 2493 2348 2563 accipiet:
2393 2499 2442 2546 et
2462 2492 2752 2561 quicunque
2776 2489 2954 2559 recipit
2966 2488 3172 2558 justum
3244 2488 3302 2540 in
3369 2485 3578 2540 nomine

1991 2581 2148 2651 justi,
2204 2580 2493 2635 mercedem
2532 2580 2670 2649 justi
2719 2579 2970 2648 accipiet;
2995 2577 3376 2646 et‘quicunque
3420 2571 3577 2629 dede—

2002 2673 2072 2726 rit
2094 2681 2274 2742 potum
2324 2671 2417 2726 uni
2448 2687 2514 2725 ea:
2535 2670 2761 2724 minimis
2815 2669 2949 2734 istis,
2971 2677 3020 2722 et
3053 2665 3268 2726 calicem
3313 2679 3464 2735 aqua:
3488 2663 3585 2732 fri-

384 2770 556 2826 Judas
595 2783 765 2826 autem
796 2788 1026 2842 egressus
1047 2781 1120 2826 est
1159 2789 1191 2825 a
1229 2769 1482 2838 Carnion,
1517 2770 1800 2840 interfectis
1828 2770 1902 2826 vi-
2002 2764 2138 2835 gidw
2188 2772 2391 2818 tantum
2448 2763 2505 2816 in
2556 2761 2762 2816 nomine
2820 2757 3086 2828 discipuli,
3137 2771 3290 2810 amen
3329 2754 3448 2807 άὶσο
3497 2769 3583 2810 νοτ

317 2863 448 2933 ginti
484 2863 711 2935 quinque
743 2862 990 2917 millibus.
1040 2860 1168 2917 Post
1196 2864 1381 2916 horum
1425 2862 1603 2932 fugam
1644 2873 1690 2916 et
1729 2877 1902 2915 necem
2003 2855 2082 2910 bis
2130 2871 2234 2909 non
2299 2853 2476 2925 perdet
2537 2851 2823 2906 mercedem
2864 2864 3017 2904 suam
3061 2846 3276 2920 (Matth.
3327 2843 3405 2915 ι).
3433 2842 3587 2898 Unde

315 2953 470 3007 movit
511 2955 790 3008 exercitum
838 2953 906 3007 ad
950 2952 1183 3023 Ephron,
1229 2954 1486 3006 civitatem
1528 2952 1802 3018 munitam,
1849 2950 1904 3004 in
2003 2947 2240 3004 Joannes
2301 2947 2545 3002 scribens
2598 2945 2667 3000 ad
2715 2943 2932 3008 Gaium,
2963 2941 3018 2996 in
3063 2939 3290 3010 epistola
3335 2951 3432 2992 sua
3475 2935 3582 2990 ait:

317 3062 420 3116 qua
458 3044 734 3100 multitudo
780 3046 1098 3099 diversarum
1139 3047 1366 3115 gentium
1411 3044 1710 3109 habitabat;
1739 3053 1786 3098 et
1819 3059 1907 3096 ro-
1990 3040 2344 3104 ,Charissime,
2377 3037 2601 3107 ﬁdeliter
2635 3035 2767 3105 facis
2810 3032 3062 3104 quidquid
3108 3029 3339 3101 operaris
3377 3030 3434 3081 in
3470 3027 3586 3095 fra-

319 3135 455 3190 busti
480 3136 697 3206 juvenes
724 3153 817 3206 pro
851 3137 1015 3190 muris
1058 3137 1385 3190 consistentes
1419 3135 1624 3204 fortiter
1652 3150 1907 3206 repugna-
2006 3144 2133 3199 tres,
2166 3143 2214 3187 et
2237 3133 2334 3186 hoc
2355 3129 2748 3201 inperegrinos,
2771 3127 2862 3198 qui
2871 3125 3224 3187 testimonium
3246 3119 3583 3176 reddiderunt

320 3231 465 3296 bant,
494 3239 598 3286 etc.
625 3229 868 3285 Diximus
893 3231 948 3285 in
974 3229 1171 3300 prioris
1196 3228 1318 3283 libri
1348 3228 1702 3298 expositione,
1725 3227 1818 3282 ubi
1844 3226 1912 3281 de
1935 3220 1982 3293 ε
2003 3222 2256 3284 charitati
2279 3230 2382 3280 tua:
2403 3220 2459 3272 in
2476 3225 2748 3288 conspectu
2777 3214 3058 3275 Ecclesiae;
3090 3228 3230 3283 quos,
3246 3208 3586 3278 ,beuefaciens

322 3324 605 3378 Timotheo
635 3331 917 3377 tractatum
946 3330 1063 3386 est,
1107 3321 1248 3391 quod
1286 3319 1402 3389 ejus
1430 3319 1700 3375 exercitus
1729 3318 1896 3388 signi-
1989 3314 2221 3378 .deduces
2247 3313 2402 3382 digne
2423 3310 2557 3376 Deo,
2575 3311 2666 3380 qui
2687 3325 2782 3379 pro
2806 3307 3017 3362 nomine
3043 3303 3158 3373 ejus
3188 3301 3410 3373 profecti
3431 3309 3574 3391 sunt,

323 3415 508 3470 ﬁcaret
533 3415 750 3469 turbam
779 3389 1186 3477 haereticorum;
1233 3410 1483 3465 similiter
1510 3419 1564 3464 et
1589 3410 1655 3464 de
1680 3408 1900 3479 Ephron
1995 3402 2131 3460 nihil
2157 3403 2462 3472 accipientes
2485 3418 2518 3454 a
2545 3398 2840 3470 gentilibus.
2868 3396 2982 3451 Nos
3001 3411 3121 3465 ergo
3153 3393 3396 3462 debemus
3414 3389 3584 3454 suscia-

324 3509 472 3562 urbis
509 3504 939 3570 habitatoribus,
975 3503 1118 3573 quod
1154 3502 1272 3558 illos
1298 3501 1598 3572 ﬁguraliter
1634 3499 1902 3568 exprime—
1993 3514 2120 3568 pere
2167 3493 2550 3565 hujuscemodi,
2598 3501 2654 3545 ut
2721 3496 3111 3573 cooperatores-
3136 3484 3314 3573 simus,
3338 3479 3574 3573 veritatis

328 3607 478 3664 rent,
523 3598 614 3668 qui
664 3598 831 3652 ritum
878 3569 1138 3650 Judaismi
1176 3569 1506 3661 temporibus
1544 3591 1730 3662 gratiae
1755 3597 1902 3644 exte-
2005 3584 2124 3656 (III
2163 3583 2322 3638 Jaan.
2351 3581 2427 3654 5).
2456 3580 2548 3636 Sic
2573 3587 2631 3634 et
2665 3575 2865 3648 Paulus
2912 3577 3016 3630 hoc
3059 3571 3320 3668 laudavit,
3344 3569 3590 3668 scribens

329 3659 641 3755 nuaverunt,
693 3698 752 3742 ut
796 3687 1013 3742 fuerunt
1057 3686 1158 3755 ipsi
1198 3659 1368 3740 Judzei
1407 3693 1462 3738 et
1499 3659 1758 3748 haeretici,
1810 3681 1904 3751 qui
1985 3674 2422 3731 _.adCorinthios:
2448 3670 2693 3736 Obsecro,
2716 3669 2929 3740 fratres,
2952 3666 3113 3720 nostis
3133 3659 3591 3755 domumStephar

326 3796 446 3834 cum
485 3780 773 3851 Evangelio
809 3778 940 3850 legis
970 3749 1319 3832 caeremonias
1361 3789 1578 3831 servare
1619 3749 1900 3830 volebant:
2004 3784 2111 3833 na,
2138 3775 2185 3821 et
2223 3763 2526 3828 Fortunati,
2553 3771 2602 3816 et
2626 3758 3130 3851 Achaici,quoniam
3173 3749 3588 3851 suntnprimitia:

331 3871 457 3942 quia
493 3870 584 3926 isti
610 3870 898 3925 carnaliter
926 3869 1223 3924 sentientes
1249 3867 1582 3938 spiritualem
1625 3865 1906 3921 scientiam

2007 3856 2224 3911 Achaia:
2247 3895 2262 3920 ,
2289 3862 2339 3908 et
2386 3853 2443 3906 in
2478 3850 2831 3916 ministerium,
2868 3855 3169 3902 sanctorum
3219 3841 3590 3910 ordinaverunt

334 3927 543 4017 discere
569 3959 840 4024 volebant,
888 3974 990 4014 nec
1018 3927 1313 4028 intelligere
1337 3966 1587 4028 poterant
1615 3957 1757 4028 quod
1786 3956 1906 4025 ﬁnis
2010 3948 2244 4017 δείρεοδι
2279 3953 2334 3998 αι
2361 3951 2410 3998 ει
2453 3959 2540 3997 υοε
2586 3939 2961 4028 “bl-“[555?”
3011 3933 3332 4028 Ῑιιιίαδτηράίν
3361 3939 3409 3985 ει
3454 3927 3596 4027 amt“

330 4051 454 4121 legis
474 4057 549 4104 est
569 4048 806 4103 Christus
829 4023 902 4101 ad
928 4023 1358 4116 justitiam—omni
1377 4049 1602 4103 credenti
1627 4023 1805 4119 (-Rom.
1827 4047 1906 4118 ιι),

2011 4035 2331 4106 cooperanti,
2353 4042 2401 4087 et
2430 4030 2710 4086 laboranti.
2756 4026 2971 4083 Gaudeo
2993 4033 3168 4079 autem
3216 4023 3272 4075 in
3313 4023 3594 4096 prwsentia

333 4105 518 4198 Jddzeo
568 4139 774 4194 scilicet
823 4105 983 4208 atque
1014 4138 1215 4208 gentili.
1269 4137 1513 4208 Quinque
1567 4105 1730 4192 millia
1781 4105 1909 4207 pro;
1993 4105 2383 4194 διερίιαηιειεε
2425 4120 2728 4203 Fortuna“:
2760 4131 2807 4172 ει
2855 4110 3437 4208 Αειιαξσὶτιιιθοηίαηιίίξ
3458 4105 3594 4208 quoii

337 4245 506 4292 strata
546 4235 601 4289 in
639 4233 780 4289 bello
825 4232 1173 4302 Ephronitico
1203 4231 1469 4302 leguntur,
1534 4233 1675 4286 sicut
1721 4231 1776 4285 in
1823 4231 1909 4286 illo

2003 4215 2156 4287 vobis
2194 4212 2519 4281 deerat,ipsi
2563 4201 2960 4279 suppleverunt:
3011 4204 3299 4271 refecerunt
3342 4199 3591 4286 enim‘et

331 4327 469 4381 bello
504 4327 646 4395 quod
670 4325 724 4379 in
756 4338 970 4378 carmen
999 4288 1286 4395 [απιιὶοηῖ
1315 4322 1621 4378 confectum
1658 4330 1762 4387 est,
1790 4322 1916 4391 quia
2017 4321 2188 4390 meum
2212 4305 2480 4395 spiritum.
2502 4309 2819 4395 εςυεεξναηξι
2853 4291 3157 4395 cognoscite
3208 4307 3328 4372 ergo
3368 4289 3458 4360 qui
3499 4288 3596 4366 hu,-

331 4385 584 4489 sapient-ia
623 4418 780 4488 hujus
821 4385 1020 4469 mundi‘
1060 4385 1286 4468 stultitid
1327 4414 1465 4485 apud
1518 4413 1685 4468 Deum
1721 4385 1822 4478 est,
1869 4420 1916 4466 et
1986 4387 2251 4477 jIlSMOdi
2278 4403 2397 4489 sunt
2428 4390 2480 4464 (Ι
2525 4388 2647 4482 Cor.

331 4510 607 4580 prudentia
644 4511 816 4563 carnis
843 4523 981 4562 mors
1026 4517 1099 4562 est
1139 4506 1191 4577 (Ι
1239 4505 1360 4560 Cor.
1393 4506 1509 4577 ut);
1544 4505 1744 4562 Littera
1775 4506 1918 4560 enim

2092 4489 2163 4543 Et
2189 4496 2304 4558 post
2329 4441 2670 4548 Peritecosten
2691 4441 2930 4554 abierunt
2954 4457 3136 4552 contra
3153 4441 3596 4558 τᾷῥτνθᾷὰῖᾗκ,

333 4553 549 4664 Ζεείάὶι,
592 4599 805 4668 spiritus
842 4607 1014 4651 autem
1051 4553 1273 4664 viviﬁcat
1315 4593 1415 4666 (ΙΙ
1445 4553 1568 4648 éor.
1623 4594 1726 4664 ιιι).
1770 4592 1909 4649 Unde

1999 4553 2250 4650 ,positum
2270 4567 2558 4662 Id‘umazaz.3
2790 4565 2978 4668 autem
3005 4553 3595 4668 cunipeditibus'v't'ribuf

334 4689 461 4742 item
495 4705 592 4759 per
614 4689 837 4743 Paulum
865 4688 1058 4744 dicitur
1083 4705 1097 4741 :
1125 4684 1355 4741 Stultam
1388 4685 1506 4754 fecit
1542 4683 1683 4738 Deus
1723 4684 1924 4754 sapien.

335 4779 460 4831 tiam
481 4780 636 4848 hujus
660 4779 841 4832 mundi
872 4777 922 4849 (I
971 4775 1090 4832 Cor.
1119 4777 1178 4847 ι).
1205 4777 1272 4830 Et
1308 4776 1526 4841 iterum,
1561 4773 1806 4829 animalis
1829 4774 1923 4828 ho-

338 4885 420 4921 mo
465 4885 569 4922 non
605 4870 818 4939 percipit
862 4885 923 4923 ea
960 4885 1075 4939 qua:
1104 4877 1224 4922 sunt
1268 4868 1482 4937 spiritus
1510 4865 1609 4920 Dei
1631 4880 1650 4917 :
1698 4864 1922 4920 stultitia

337 4960 475 5013 enim
514 4967 589 5014 est
632 4958 727 5022 illi,
770 4968 817 5013 et
866 4975 969 5013 non
1013 4967 1176 5028 potest
1222 4974 1284 5012 ea
1329 4955 1616 5026 intelligere
1643 4972 1759 5026 qua:
1809 4955 1921 5026 spi—

340 5048 562 5103 ritaliter
595 5050 966 5104 examinantur
999 5048 1052 5120 (Ι
1099 5047 1220 5103 Cor.
1247 5047 1332 5119 ιι).
1362 5047 1499 5102 Hinc
1534 5045 1767 5102 Iacobus
1788 5061 1920 5116 apo«

340 5138 528 5204 stolus,
567 5140 807 5195 scribens
836 5140 904 5194 ad
945 5140 1235 5209 dispersos,
1259 5139 1336 5193 ait
1367 5137 1518 5210 (Cap.
1552 5136 1671 5206 In):
1701 5121 1854 5202 Quod
1876 5136 1923 5190 si

340 5230 510 5284 zelum
548 5247 788 5285 amarum
827 5230 1023 5284 habetis
1057 5239 1104 5284 et
1139 5231 1489 5285 contentiones
1523 5228 1624 5294 sint
1658 5228 1714 5281 in
1744 5225 1921 5282 cordi-
1999 5281 2002 5286 .

343 5323 435 5376 bus
463 5323 667 5389 vestris,
705 5321 862 5377 nolite
906 5319 1120 5393 gloriari
1157 5331 1204 5376 et
1234 5321 1508 5376 mendaces
1538 5337 1647 5374 esse
1672 5318 1922 5382 adversus

341 5411 648 5468 veritatem:
677 5429 781 5468 non
813 5421 889 5467 est
918 5413 1054 5467 enim
1097 5413 1199 5467 ista
1228 5412 1485 5483 sapientia
1520 5411 1792 5466 desursum
1832 5408 1924 5464 de-

343 5505 589 5560 scendens
618 5503 682 5559 de
715 5501 877 5557 Patre
909 5519 1131 5569 summo,
1175 5503 1265 5558 sed
1315 5511 1541 5568 terrena,
1589 5483 1833 5556 animalis
1877 5508 1928 5554 et

346 5595 623 5650 diabolica.
662 5593 828 5665 Cujus
851 5602 1144 5651 sectatores
1169 5594 1418 5664 princeps
1445 5591 1755 5662 praeliorum
1777 5587 1940 5662 [apo-,

350 5685 630 5758 stolorum]
662 5687 827 5757 fontes
851 5687 954 5741 sive
981 5703 1116 5756 aqua
1141 5693 1198 5740 et
1233 5683 1443 5761 nebulas
1467 5683 1768 5764 turbinibus
1784 5741 1785 5746 η
1802 5697 1931 5763 ηας

353 5777 538 5846 gitatas
563 5755 810 5848 appellat,
834 5755 1208 5848 quibusicaligo
1238 5755 1567 5831 tenebrarum
1599 5760 1927 5830 reservatur:

355 5875 480 5924 sunt
515 5867 659 5925 enim
685 5867 947 5926 vanitates
992 5865 1292 5939 loquentes,
1337 5863 1668 5936 pellicientes
1711 5861 1767 5918 in
1795 5859 1954 5933 desi-_

2027 4627 2278 4733 inillibus,
2304 4649 2352 4720 el
2373 4636 3058 4750 equitibus)quildri'ngelntis.
3077 4627 3602 4751 .cZanglre-ssis

2003 4759 2237 4834 ,contigit
2261 4774 2455 4838 paucos
2485 4747 2644 4838 ruere
3029 4741 3602 4838 1(ἶοιέςίίιξ.ξιιςξιξρρξξῑιιδε

2024 4827 2287 4920 Idumaeas,
2323 4827 2461 4904 bene
2479 4827 3061 4932 po'test‘tjpum|'gerere
3078 4827 3303 4928 IdiabOlii
3431 4827 3602 4924 rubelli

2003 4931 2010 4938 ’
2027 4949 2188 5011 atque
2201 4915 2606 5012 sanguinolenta
2620 4915 2839 5012 semper
2855 4915 3154 5012 delectatus
3167 4915 3601 5012 conversatione,

1999 5027 2009 5036 ”
2027 4995 2260 5100 speciem
2284 4995 2462 5083 tamen
2485 4995 2773 5096 aliquando
2795 4998 3054 5074 virtutum
3076 4997 3458 5100 Simulatglice‘t
3473 4995 3599 5100 ipse

2148 5114 2276 5173 vitia
2307 5116 2492 5191 sedulo
2522 5091 2722 5192 contra
2749 5105 2978 5190 virtutes
3015 5091 3599 5192 ’ρυειιξξτὶᾘιιάςέξιῆι

2023 5181 2190 5280 plices
2216 5183 2494 5277 quoslibet
2515 5181 3132 5280 de'ﬁdelium'numclfp,

2011 5273 2279 5354 interﬁcit
2300 5316 2313 5352 :
2338 5291 2432 5353 sed
2476 5276 2678 5374 tamen
2691 5279 2974 5374 [Tvictoria'l
2997 5273 3198 5374 animi
3379 5273 3601 5374 potitu’f,

2011 5381 2279 5461 quoniam
2300 5382 2481 5460 potius
2504 5381 2603 5458 per"
2628 5361 3010 5460 ducalum‘vlri

2027 5457 2142 5555 sius
2168 5457 2454 5560 Dominum
2483 5457 2863 5560 invocaiitibus
2883 5457 3314 5560 adjtitore'm',

2001 5559 2015 5580 ³
2031 5551 2193 5648 atque
2227 5571 2454 5648 hymnis
2512 5553 2920 5648 ιυέἱεϊείίιῑδψέέ
2946 5554 3073 5634 palis
3099 5553 3372 5648 'la'dv‘érs'a,‘
3383 5553 3390 5581 ‘

1995 5629 2835 5753 ;'.363tﬁ.s'.a‘7irzlfusaavalidi?
2853 5629 2915 5744 ’ἐξ
2947 5629 3610 5753 ἶῖίαίξιῖξῗῐῖὲοὲβῖῗῆΐίξ

1995 5743 2128 5817 "nea
2152 5731 2463 5816 cultoribus?
2486 5735 3223 5836 tribulis}:essementis,
3244 5731 3604 5836 etsenatus

2033 5855 2341 5921 credentes,
2361 5850 2418 5908 in
2447 5846 2687 5921 Epistola
2713 5859 2810 5905 sua
2844 5842 2920 5900 ait
2939 5827 3611 5912 (Capti-vbi'ﬂuillamim
