4028 6484
604 331 754 417 ηδε

2042 347 2224 409 οῐωο
2257 343 2504 404 RERUM

602 477 698 548 qui
733 475 844 530 Deo
874 479 1096 528 auctore
1113 468 1267 541 bella
1291 477 1598 543 gesserunt,
1621 478 1717 526 aut
1764 481 2052 538 personam
2101 481 2191 538 ge—
2217 462 2270 524 A
2296 455 2580 548 Ωαὶεδςὶιε,
2628 449 2826 548 inquit,
2870 449 2934 548 ab
2965 446 3172 502 homine
3200 445 3350 516 cujus
3379 443 3586 548 spiritus
3621 439 3668 548 in
3697 449 3792 500 nari-

601 576 786 624 rentes
811 565 1040 646 publicae
1061 565 1347 637 potestatis
1390 565 1686 620 secundum
1731 561 1850 632 ejus
1899 561 2064 632 leges,
2089 562 2193 616 hoc

603 667 707 723 est,
724 656 1044 729 justissimae
1076 657 1306 712 rationis
1339 656 1647 726 imperium,
1679 655 1974 711 sceleratos
2018 661 2193 708 morte

602 750 921 822 punierunt.
947 748 1014 804 Et
1031 749 1305 804 Abraham
1347 763 1455 803 non
1498 747 1672 804 solum
1698 762 1804 802 non
1835 755 1919 801 est
1944 745 2193 815 culpatus

605 839 944 896 crudelitatis
972 839 1219 905 crimine,
1246 854 1436 894 verum
1449 845 1518 894 'et
1544 838 1796 894 laudatus
1817 837 2038 892 nomine
2075 835 2192 905 pie-

604 931 755 996 tatis,
792 931 936 1000 quod
975 930 1143 986 voluit
1169 930 1340 986 ﬁlium
1397 945 1738 1001 nequaquam
1791 929 2075 994 scelerate,
2099 927 2196 984 sed

607 1022 943 1088 obedienter,
976 1023 1245 1079 occidere.
1281 1023 1346 1078 Et
1368 1024 1572 1079 merito
1590 1023 1849 1093 quaeritur
1866 1031 2045 1077 utrum
2093 1036 2195 1091 pro

610 1112 706 1167 Dei
725 1110 879 1180 jussu
909 1113 981 1167 sit
998 1113 1698 1183 habendum'quod-Jephte
1741 1113 1931 1178 ﬁliam,
1953 1127 2075 1183 quae
2101 1127 2196 1182 pa-

609 1196 679 1257 tri
708 1203 968 1268 occurrit,
1001 1204 1221 1270 occidit,
1245 1220 1369 1259 cum
1401 1203 1454 1258 id
1483 1219 1542 1259 se
1560 1206 1773 1260 vovisse
1793 1203 2196 1258 immolaturum

613 1291 728 1348 Deo
756 1293 976 1359 dixerit,
1003 1294 1147 1362 quod
1163 1295 1212 1348 ei
1237 1295 1482 1350 redeunti
1508 1295 1575 1350 de
1599 1294 1786 1364 praelio
1828 1294 2025 1350 victori
2087 1293 2197 1363 pri-

610 1399 760 1438 mum
815 1384 1142 1440 occurrisset
1168 1383 1321 1456 (Jud.
1352 1385 1437 1458 ιι).
1466 1384 1576 1441 Nec
1629 1385 1857 1441 Samson
1908 1393 2199 1440 excusatur

613 1475 792 1542 aliter,
841 1477 934 1545 qui
976 1477 1326 1547 semetipsum
1370 1492 1495 1532 cum
1525 1478 1771 1532 hostibus
1799 1477 1955 1532 ruina
2008 1478 2198 1532 domus

611 1567 1043 1638 oppressit,'nisi
1065 1568 1191 1638 quia
1238 1568 1464 1640 spiritus
1505 1569 1738 1625 latenter
1787 1571 1893 1625 hoc
1937 1567 2195 1638 jusserat,

611 1657 823 1727 qui-per
853 1657 1003 1712 illum
1043 1659 1305 1714 miracula
1343 1658 1598 1715 faciebat.
1623 1659 1720 1715 His
1776 1674 1908 1730 ergo
1959 1657 2200 1728 exceptis

611 1764 747 1818 quos
771 1749 856 1805 vel
881 1749 966 1804 lex
1005 1750 1330 1820 generaliter
1341 1749 1508 1819 justa,
1532 1749 1619 1806 vel
1661 1749 1777 1822 ipse
1819 1749 1939 1805 fons
1977 1749 2200 1820 iustitiae

612 1841 758 1896 Deus
825 1840 1135 1911 specialiter
1180 1843 1355 1898 occidi
1396 1842 1570 1912 jubet,
1625 1841 1873 1912 quisquis
1921 1841 2194 1897 hominem

610 1929 697 1986 vel
717 1931 979 2000 seipsum,
1001 1931 1089 1987 vel
1112 1932 1408 2002 quemlibet
1456 1933 1737 2000 occiderit,
1760 1931 2040 1988 homicidii
2086 1932 2197 1987 cri-

611 2023 759 2080 mine
775 2023 1100 2091 innectitur;
1126 2035 1182 2081 et
1200 2027 1510 2098 quicunque
1533 2027 1716 2082 hocin
1761 2026 1955 2097 seipsis
2003 2040 2198 2096 perpe-

611 2101 912 2182 i'averunt,
950 2118 1117 2173 animi
1165 2120 1537 2190 magnitudine
1583 2118 1818 2176 fortasse
1875 2117 2198 2184 admirandi,

610 2223 723 2263 non
743 2208 1023 2279 sapientiae
1075 2211 1310 2266 sanitate
1335 2211 1588 2268 laudandi
1623 2222 1766 2267 sunt.
1794 2211 2113 2280 Quanquam
2155 2210 2203 2265 si

611 2300 880 2356 rationem
904 2300 1216 2370 diligentius
1251 2304 1524 2370 consulas,
1547 2318 1650 2360 nec
1673 2305 1787 2374 ipsa
1829 2305 2046 2375 quidem
2093 2303 2203 2358 ani-

609 2390 688 2445 mi
708 2392 1023 2462 magnitudo
1050 2402 1199 2448 recte
1226 2395 1567 2461 nominatur,
1598 2395 1692 2451 ubi
1723 2395 1955 2464 quisque
1973 2409 2081 2449 non
2113 2409 2202 2447 va-

610 2480 771 2537 lendo
799 2483 1036 2539 tolerare
1063 2484 1149 2540 vel
1173 2500 1402 2555 quaeque
1423 2501 1616 2556 aSpera
1645 2485 1727 2541 vel
1766 2485 1940 2540 aliena
1980 2491 2200 2555 peccata

613 2571 856 2640 seipsum
892 2573 1250 2630 interemerit.
1282 2573 1454 2646 Magis
1477 2575 1622 2630 enim
1656 2590 1810 2629 mens
1845 2575 2059 2628 inﬁrma
2111 2574 2204 2629 de-

609 2663 990 2732 prehenditur,
1021 2681 1141 2736 quae
1171 2665 1317 2721 ferre
1366 2683 1474 2721 non
1524 2675 1702 2736 potest
1738 2667 1825 2720 vel
1880 2667 2071 2722 duram
2119 2665 2203 2720 sui

609 2755 857 2824 corporis
896 2756 1234 2822 servitutem,
1260 2755 1346 2812 vel
1403 2755 1626 2811 stultam
1655 2756 1797 2828 vulgi
1855 2756 2198 2827 opinionem;

611 2844 896 2915 majorque
913 2847 1130 2902 animus
1163 2846 1424 2903 dicendus
1443 2856 1547 2914 est,
1579 2849 1671 2918 qui
1726 2848 1893 2903 vitam
1934 2864 2203 2904 aerumno-

607 2948 726 2988 sam
764 2935 938 3006 magis
962 2944 1142 3006 potest
1162 2935 1328 3003 ferre,
1351 2952 1515 3007 quam
1564 2936 1780 3009 fugere;
1808 2945 1864 2992 et
1906 2939 2202 2992 humanum

600 3021 886 3093 judicium,
916 3027 1270 3097 maximeque‘
1281 3027 1528 3099 vulgare,
1551 3029 1694 3098 quod
1715 3028 2035 3099 plerumque
2081 3027 2204 3082 cali-

606 3115 731 3186 gine
782 3117 992 3173 erroris
1056 3118 1372 3187 involvitur,
1403 3134 1520 3190 pra:
1577 3119 1931 3177 conscientiae
1971 3119 2094 3177 luce
2138 3135 2204 3175 ac

604 3206 844 3277 puritate
867 3215 1237 3269 contemnere.

1230 3361 1460 3422 CAPUT
1494 3362 1615 3423 XV.

605 3493 835 3567 Apparet
865 3498 1030 3553 Onias
1059 3507 1109 3554 et
1137 3497 1399 3554 Ieremias
1441 3499 1532 3570 qui
1559 3497 1723 3552 tradit
1766 3497 1924 3554 Iuda:
1964 3496 2202 3568 gladium

677 3583 897 3650 aureum
933 3586 967 3622 a
993 3569 1103 3650 Deo
1125 3570 1362 3650 nussum.
1394 3569 1642 3650 Manibus
1874 3569 2200 3650 pugnabant,

677 3639 924 3694 cordibus
948 3640 1209 3718 orabant.
1232 3639 1402 3710 Caput
1430 3639 1690 3694 Nicanori
1715 3639 2061 3706 abscinditur,
2091 3648 2198 3693 etc.

681 3767 1022 3825 Erat‘autem
1066 3773 1373 3842 hujusmodi
1413 3773 1552 3828 visus
1585 3789 1605 3828 :
1649 3771 1864 3838 Onions,
1900 3773 1991 3843 qui
2027 3772 2202 3841 fuerat

608 3877 846 3916 summus
865 3864 1132 3931 sacerdos,
1157 3865 1326 3918 virum
1351 3865 1540 3919 bonum
1563 3874 1612 3919 et
1633 3865 1930 3934 benignum,
1959 3879 2202 3918 uerecun-

607 3953 736 4007 dum
765 3954 899 4020 visu,
926 3955 1214 4010 modestum
1242 3955 1472 4010 moribus
1498 3964 1546 4009 et
1571 3955 1774 4026 eloquio
1798 3954 2063 4018 decorum,
2093 3959 2198 4008 etc.

608 4039 669 4096 Si
716 4042 840 4111 quis
883 4052 1064 4099 autem
1095 4044 1372 4114 quaesierit
1417 4052 1599 4099 utrum
1638 4044 1754 4099 haec
1795 4043 1932 4099 visio
1977 4043 2045 4098 ad
2097 4042 2202 4098 mi-

607 4133 895 4191 nisterium
939 4136 1157 4208 aliquod
1200 4136 1393 4192 referri
1442 4136 1633 4208 possit,
1685 4137 1788 4192 hoc
1834 4137 1888 4191 ni
1934 4135 2094 4191 fallor
2136 4150 2204 4190 ex

605 4239 674 4281 eo
706 4227 898 4282 sentiri
931 4236 1108 4298 potest
1135 4229 1279 4299 quod
1322 4226 1488 4283 Onias
1519 4228 1771 4284 sacerdos
1813 4227 2205 4284 sacerdotalem

525 4359 538 4390 ε
607 4317 876 4388 signiﬁcat
913 4319 1192 4385 ordinem;
1245 4327 1302 4374 et
1343 4317 1608 4376 Jeremias
1649 4319 1933 4390 pr0pheta,
1979 4318 2070 4388 qui
2119 4318 2203 4372 in-

523 4407 540 4445 ῐ
604 4413 936 4477 terpretatur
1001 4407 1234 4462 excelsus
1274 4409 1511 4475 Domini,
1580 4408 1756 4480 ipsum
1813 4409 2102 4463 Dominum
2152 4415 2208 4461 et

603 4506 768 4568 caput
800 4498 1056 4568 exprimit
1082 4501 1506 4570 pr0phetarum;
1535 4501 1602 4556 de
1648 4516 1756 4572 quo
1785 4500 1995 4571 Moyses
2026 4500 2159 4556 dicit
2189 4518 2202 4554 :

604 4585 923 4658 Prophetam
964 4590 1242 4667 suscitabit
1282 4591 1538 4646 Dominus
1583 4592 1647 4645 de
1693 4592 1946 4662 fratribus
2001 4592 2204 4659 vestris,

536 4723 539 4725 ,
602 4675 776 4745 ipsum
812 4687 1064 4751 tanquam
1101 4697 1183 4735 me
1211 4681 1435 4736 audietis
1467 4682 1646 4754 (Deut.
1679 4683 1865 4755 xvm);
1898 4693 1952 4740 et
1995 4683 2202 4740 Isaias:

2298 546 2393 601 bus
2436 545 2572 615 ejus,
2606 544 2730 615 quia
2775 540 3006 596 excelsus
3034 547 3294 609 reputatus
3336 546 3413 590 est
3452 533 3576 605 (Isa.
3599 533 3670 604 ιι).

2367 637 2486 708 Ipse
2533 632 2886 691 sacerdotalis
2918 645 3049 702 ergo
3087 629 3220 684 ordo
3249 643 3344 698 per
3396 626 3624 682 homines
3671 630 3737 697 qui
3766 632 3796 684 in

2301 727 2498 798 templo
2552 726 2649 780 Dei
2697 723 2798 780 sub
2845 721 3028 778 Veteri
3075 719 3422 774 Testamento
3475 716 3637 772 divino
3685 718 3799 773 uilicio

2299 821 2402 876 rite
2423 819 2805 889 fungebantur,
2840 829 2949 871 non
2985 814 3158 869 solum
3196 827 3292 884 pro
3321 809 3505 882 populi
3537 809 3712 865 delictis
3725 828 3800 865 em

2301 915 2542 980 rabatur,
2597 911 2690 967 sed
2728 918 2785 966 et
2813 907 3240 964 incarnationem
3270 902 3578 959 mediatoris
3601 903 3735 956 nostri
3753 902 3802 954 iu-

2303 1016 2479 1062 turam
2534 1005 2887 1070 demonstrat,
2953 998 3107 1068 cujus
3149 1013 3251 1068 ope
3313 995 3546 1051 mundus
3596 994 3804 1050 salvandns

2300 1108 2437 1154 erat.
2470 1099 2548 1153 De
2575 1113 2682 1168 quo
2710 1094 2948 1151 Joannes
2979 1091 3254 1163 apostolus
3282 1090 3338 1144 in
3379 1088 3607 1159 Epistola
3637 1104 3713 1142 sua
3731 1089 3802 1141 ait:

2300 1191 2619 1247 Advocatum
2658 1191 2906 1244 habemus
2959 1186 3098 1256 apud
3129 1183 3349 1238 Patrem
3398 1182 3572 1236 Iesum
3619 1180 3802 1235 Christum

2293 1283 2540 1353 justum:
2571 1291 2619 1338 et
2648 1283 2756 1352 ipse
2787 1288 2862 1334 est
2892 1278 3194 1350 propitiatio
3222 1291 3316 1345 pro
3346 1274 3565 1344 peccatis
3597 1274 3756 1337 nostris,
3779 1287 3806 1326 rt

2303 1392 2406 1429 non
2447 1384 2650 1428 tantum
2694 1389 2788 1444 pro
2833 1371 3056 1443 peccatis
3109 1369 3323 1434 nostris,
3373 1365 3465 1421 sed
3507 1375 3553 1421 et
3590 1382 3670 1436 pro
3707 1367 3807 1419 totius

2302 1467 2485 1521 mundi
2522 1465 2572 1539 (I
2599 1465 2762 1520 Joan.
2791 1463 2874 1534 ιι).

2374 1559 2472 1614 Hic
2497 1574 2626 1630 ergo
2655 1557 2802 1614 dedit
2825 1556 3062 1626 gladium
3089 1568 3315 1610 aureum
3340 1552 3494 1608 Judze
3518 1567 3632 1608 cum
3651 1550 3809 1606 divinam

2305 1650 2640 1720 Scripturam
2679 1664 2838 1703 sensu
2883 1646 3112 1718 spiritali
3149 1645 3443 1718 fulgentem
3487 1646 3553 1699 ad
3595 1645 3811 1698 munimen-

2309 1750 2420 1795 tum
2443 1742 2606 1796 totius
2635 1738 2891 1794 Ecclesize
2920 1736 3402 1806 defensionemque
3439 1733 3612 1805 popu.i
3643 1733 3709 1788 sui
3734 1748 3809 1787 con-

2223 1827 2273 1889 B
2299 1834 2464 1890 cessit
2512 1832 2840 1896 doctoribus,
2897 1837 3160 1900 quatenus
3208 1837 3406 1884 contra
3452 1827 3627 1881 hostes
3665 1825 3810 1879 univer-

2305 1939 2396 1980 sos
2440 1931 2711 1978 armatura
2762 1929 3062 1988 uterentur,
3113 1926 3168 1974 et
3211 1918 3456 1975 hostium
3503 1925 3816 1987 prosternerent

2305 2017 2720 2081 multitudinem,
2751 2022 2857 2070 etc.

2375 2116 2655 2170 Exhortati
2721 2115 2897 2187 itaque
2945 2115 3104 2170 Iuda:
3155 2114 3486 2169 sermonibus
3534 2113 3663 2166 bonis
3707 2111 3816 2168 salte.

2304 2205 2369 2260 de
2405 2205 2592 2277 quibus
2631 2204 2810 2260 extolli
2860 2214 3031 2276 posset
3077 2206 3322 2276 impetus,
3376 2213 3482 2260 etc.
3522 2202 3695 2257 Narrat
3733 2203 3816 2255 liber

2306 2298 2504 2354 Esther
2548 2298 2713 2368 quod,
2748 2297 2922 2352 Aman
2962 2298 3247 2363 suadente,
3291 2313 3392 2353 rex
3436 2297 3684 2352 Assuerus
3714 2294 3818 2365 jussit

2305 2405 2494 2446 omnes
2517 2389 2732 2445 Iudaeos
2763 2389 2816 2444 in
2848 2405 3014 2460 regno
3044 2404 3144 2444 suo
3174 2387 3435 2454 interﬁci,
3469 2398 3524 2443 et
3550 2388 3611 2442 ad
3637 2386 3746 2440 hanc
3765 2401 3819 2437 nc-

2306 2498 2425 2538 cem
2447 2481 2840 2537 conﬁcieudam
2876 2481 3096 2536 decreta
3117 2479 3344 2535 fuerunt
3377 2480 3494 2534 dies
3519 2479 3712 2550 triginta
3727 2490 3819 2531 meu-

2307 2575 2384 2631 sis
2434 2574 2760 2641 duodecimi,
2807 2573 2901 2644 qui
2944 2582 3168 2628 vocatur
3213 2573 3387 2638 Adar,
3433 2573 3664 2641 bonaque
3698 2585 3817 2623 eorum

2306 2667 2706 2737 diriperentur:
2739 2666 2834 2721 sed
2860 2666 3072 2721 Domini
3107 2675 3239 2720 nutu
3265 2667 3462 2721 eadem
3492 2663 3723 2720 sententia
3743 2677 3820 2714 con-

2305 2774 2462 2814 versa
2497 2767 2582 2814 est
2611 2759 2664 2813 in
2705 2775 3056 2830 percussores
3099 2774 3313 2826 eorum,
3362 2758 3438 2813 ita
3491 2767 3547 2812 ut
3578 2764 3821 2811 memoratu!

2306 2865 2422 2914 rex,
2475 2851 2747 2906 mediante
2772 2851 3110 2906 Mardochaeo
3156 2849 3368 2918 Judaeo,
3398 2860 3520 2921 post
3538 2857 3718 2904 veteres
3741 2846 3819 2900 scri-

2306 2943 2517 3013 ptiones
2561 2944 2715 2998 novis
2761 2943 3003 3014 epistolis
3042 2943 3244 3008 missis,
3302 2943 3583 2997 mandaret
3624 2949 3674 2996 ut
3710 2936 3819 2992 luds-ﬁ

2309 3032 2426 3102 ipso
2471 3033 2558 3089 die
2600 3050 2706 3104 quo
2745 3033 2847 3088 sibi
2893 3033 2962 3087 ab
3007 3034 3255 3088 hostibus
3294 3034 3412 3090 suis
3458 3031 3644 3088 occisio
3682 3044 3820 3098 prava-

2309 3126 2552 3192 rabatur,
2603 3127 2785 3181 hostes
2823 3143 2886 3181 ac
2931 3135 3309 3196 persecutores
3351 3142 3480 3183 suos
3522 3121 3818 3180 interﬁcerent

2224 3217 2270 3282 C
2302 3215 2456 3284 Quod
2503 3224 2558 3271 et
2587 3214 2832 3272 fecerunt
2858 3216 2913 3271 in
2942 3217 3150 3272 decima
3181 3217 3342 3272 tertia
3385 3225 3443 3272 et
3471 3213 3658 3271 decima
3692 3217 3821 3280 quam

2305 3308 2394 3364 die
2437 3307 2664 3372 mensis;
2712 3308 2780 3362 de
2813 3323 2922 3378 quo
2952 3307 3007 3362 in
3050 3307 3239 3362 eadem
3270 3294 3497 3362 historia
3534 3303 3749 3373 scriptum
3772 3304 3821 3352 est

2306 3399 2426 3454 ita:
2476 3399 2601 3453 Dies
2651 3399 2882 3454 decimus
2936 3399 3118 3452 tertius
3164 3400 3359 3452 mensis
3407 3397 3550 3451 Adar
3586 3410 3698 3448 unus
3732 3386 3819 3458 apud

2307 3509 2484 3546 omnes
2528 3491 2904 3562 interfectionis
2951 3491 3072 3561 fuit,
3121 3500 3170 3544 et
3209 3501 3401 3562 quarto
3449 3489 3632 3544 decimo
3664 3485 3730 3539 die
3756 3496 3819 3535 cc-

2306 3585 2427 3638 dere
2472 3584 2772 3651 desierunt,
2816 3600 2970 3655 quem
3031 3585 3417 3638 constituerunt
3451 3600 3555 3638 esse
3601 3579 3816 3634 soleam,

2306 3681 2362 3725 ut
2395 3673 2449 3726 in
2475 3690 2534 3726 eo
2565 3673 2805 3742 deinceps
2847 3672 2989 3726 omni
3016 3680 3244 3743 tempore
3282 3680 3530 3727 vacarent
3565 3667 3719 3740 epulis,
3737 3678 3817 3734 9w

2305 3763 2394 3818 dio
2432 3773 2584 3834 atque
2622 3764 2888 3819 conviviis.
2925 3799 2936 3812 .

2380 3856 2532 3912 Unde
2579 3858 2739 3912 modo
2786 3857 3046 3928 scriptum
3098 3865 3180 3913 est
3227 3857 3375 3929 quod
3421 3855 3676 3913 interfecto
3705 3849 3810 3905 Nica-

2307 3964 2461 4015 nore,
2501 3957 2557 4003 et
2593 3947 2882 4005 manifeste
2928 3949 3130 4006 auxilio
3171 3951 3267 4006 Dei
3314 3959 3552 4015 ostenso,
3592 3959 3742 4002 omnes
3759 3939 3814 3993 Ju-

2308 4041 2408 4096 daei
2467 4041 2739 4096 communi
2806 4043 3032 4098 consilio
3086 4043 3443 4098 decreverunt
3491 4039 3716 4098 decimam
3745 4042 3813 4085 ter-

2309 4135 2440 4190 tiam
2466 4134 2608 4190 diem
2631 4136 2833 4190 mensis
2854 4135 3022 4200 Adar,
3048 4137 3142 4206 qui
3170 4149 3301 4192 voce
3325 4135 3548 4207 Syriaca
3567 4131 3710 4203 pridie
3726 4125 3815 4179 Mar-

2309 4225 2514 4281 dochaei
2551 4225 2664 4281 dies
2699 4225 2917 4291 dicitur,
2948 4228 3096 4281 omni
3127 4235 3369 4297 tempore
3408 4226 3675 4282 solemnem
3703 4218 3814 4273 habe

2309 4331 2388 4384 re,
2419 4325 2474 4372 et
2502 4317 2576 4372 ita
2619 4317 2702 4371 hae
2729 4317 2847 4372 duae
2877 4318 3249 4374 solemnitates
3289 4319 3518 4373 invicem
3562 4314 3650 4370 sibi
3684 4321 3798 4364 conte

2309 4408 2566 4463 niebant:
2603 4409 2705 4463 hoc
2729 4418 2814 4464 est
2855 4408 2959 4464 ista
2984 4425 3105 4478 qua:
3150 4409 3203 4464 in
3249 4408 3671 4466 Machabmorum,
3697 4396 3812 4454 etilla

2311 4515 2430 4570 quae
2473 4499 2527 4554 in
2578 4499 2774 4554 Esther
2802 4499 3026 4554 historia
3073 4499 3289 4570 legitur,
3322 4509 3384 4552 ut
3416 4500 3469 4553 in
3510 4496 3688 4551 decima
3708 4484 3810 4542 tertii

2229 4606 2284 4666 Β
2311 4591 2398 4647 die
2419 4603 2473 4646 et
2497 4591 2552 4645 in
2576 4591 2785 4646 decima
2813 4599 3006 4660 quarta
3033 4591 3236 4647 mensis
3272 4589 3422 4646 Adar
3466 4588 3643 4644 habita:
3675 4581 3814 4652 pariter

2307 4684 2682 4756 jungerentur.

1656 4970 2152 5120 onpo

1187 5200 1472 5310 QUAE
1529 5199 1648 5288 IN
1705 5197 1956 5284 HOC
2003 5192 2200 5284 ΤΟ]

2291 5195 2357 5279 D
2429 5197 3326 5286 CONTINENTUR.

608 5489 1674 5554 RABANUSJIAURUS,FULDENSIS
1705 5497 1927 5548 ABBAS
1961 5494 2050 5549 ET
2083 5499 2210 5550 HO-

889 5551 1261 5607 GUNTI'NUS'
1297 5557 1924 5613 ARCHIEPISCOPUS.

671 5591 1150 5688 uoluntariian
1170 5591 1250 5690 is"
1269 5591 1506 5695 (alia;
1519 5591 1924 5696 ii‘ﬁi’éﬁi.“
2002 5643 2108 5698 σοι.
2173 5646 2206 5697 9

561 5723 572 5734 ·
622 5723 628 5728 ’
671 5719 916 5776 emrtua.
2173 5731 2207 5782 9

665 5802 732 5860 ιι(
764 5802 1012 5861 UERUM
1042 5805 1338 5862 ΡΜΙυΙ..
1663 5856 1668 5862 .
1765 5859 1792 5868 .-
1834 5857 1842 5866 .
2149 5814 2205 5868 ιι

2381 5489 3172 5578 ρξιξτλειὶιξῑὶξιῶῖηρςῇξξωηί
3187 5495 3241 5542 et
3278 5487 3459 5540 duabus
3492 5480 3692 5535 uxoribus
3720 5473 3802 5578 eilia.

2314 5559 2410 5610 hoc
2434 5565 2512 5608 est
2535 5556 2673 5606 Anna
2701 5563 2751 5606 et
2776 5554 3063 5604 Phenenna.
3709 5607 3716 5617 .
3745 5605 3751 5611 ι

2377 5631 2488 5706 εις.
2523 5627 2940 5706 Vlla-“(Canticum
2964 5627 3138 5689 Annae,
3161 5624 3291 5688 quod
3314 5621 3514 5674 cantavit
3533 5623 3625 5681 post
3642 5611 3802 5706 Μασιιῆ

2314 5700 2416 5745 tem
2441 5691 2703 5742 Samuelis.

2376 5722 2703 5806 Eiif'ii'ii'li'
2719 5751 2795 5802 De
2833 5751 3105 5800 ministerio
3142 5747 3380 5800 Samuelis
3417 5747 3465 5796 in
3504 5722 3802 5806 ιθωνίεξιέξιέιῗ

2377 5781 2494 5806 ιμ’.
2523 5781 2611 5804 su.
2639 5781 2698 5790 —
2720 5781 2795 5802 uc
2835 5781 3105 5800 muumcuu
3143 5781 3380 5800 σαιιηιυιισ
3418 5781 3465 5796 ..ι
3506 5781 3646 5799 ..η-γρ
3667 5781 3678 5790 ,
3779 5781 3798 5802 ,ς

2315 5829 2529 5872 excusa
2571 5817 2776 5868 ﬁliorum
2812 5813 2928 5866 Heli
2970 5812 3250 5866 sacerdotis.
3302 5807 3436 5872 Quod
3470 5802 3703 5858 increme
3723 5784 3799 5838 Ηεη
