  <div class='ocr_page' id='page_1' title='image "/cluster/home/n/w/nwhite01/storage/ocr_20150623/109/njp.32101077772927/012.png"; bbox 0 0 2011 3156; ppageno 0'>
   <div class='ocr_carea' id='block_1_1' title="bbox 823 319 1130 378">
    <p class='ocr_par' dir='ltr' id='par_1_1' title="bbox 823 319 1130 378">
     <span class='ocr_line' id='line_1_1' title="bbox 823 319 1130 378; baseline 0 -2"><span class='ocrx_word' id='word_1_1' title='bbox 823 319 1130 378; x_wconf 89' lang='lat' dir='ltr'><strong>NOTITIA</strong></span> 
     </span>
    </p>
   </div>
   <div class='ocr_carea' id='block_1_2' title="bbox 423 526 1217 562">
    <p class='ocr_par' dir='ltr' id='par_1_2' title="bbox 423 526 1217 562">
     <span class='ocr_line' id='line_1_2' title="bbox 423 526 1217 562; baseline -0.005 0"><span class='ocrx_word' id='word_1_2' title='bbox 423 530 618 562; x_wconf 64' lang='lat' dir='ltr'><strong>HISTORIA!</strong></span> <span class='ocrx_word' id='word_1_3' title='bbox 633 528 857 562; x_wconf 71' lang='grc' dir='ltr'><strong>ΒΥΖΛΝΤΙΝΑΞ</strong></span> <span class='ocrx_word' id='word_1_4' title='bbox 877 526 1113 560; x_wconf 80' lang='lat' dir='ltr'><strong>SCRIPTORES</strong></span> <span class='ocrx_word' id='word_1_5' title='bbox 1130 527 1217 559; x_wconf 84' lang='lat' dir='ltr'><strong>POS&#39;I</strong></span> 
     </span>
    </p>
   </div>
   <div class='ocr_carea' id='block_1_3' title="bbox 720 526 1514 562">
    <p class='ocr_par' dir='ltr' id='par_1_3' title="bbox 720 526 1514 561">
     <span class='ocr_line' id='line_1_3' title="bbox 720 526 1514 561; baseline -0.003 -1"><span class='ocrx_word' id='word_1_6' title='bbox 720 528 857 561; x_wconf 57' lang='lat' dir='ltr'><strong>.NTINIE</strong></span> <span class='ocrx_word' id='word_1_7' title='bbox 877 526 1113 560; x_wconf 80' lang='lat' dir='ltr'><strong>SCRIPTORES</strong></span> <span class='ocrx_word' id='word_1_8' title='bbox 1130 527 1225 559; x_wconf 83' lang='lat' dir='ltr'><strong>POST</strong></span> <span class='ocrx_word' id='word_1_9' title='bbox 1242 527 1514 559; x_wconf 82' lang='lat' dir='ltr'><strong>THEOPEANEM.</strong></span> 
     </span>
    </p>
   </div>
   <div class='ocr_carea' id='block_1_4' title="bbox 760 603 1187 638">
    <p class='ocr_par' dir='ltr' id='par_1_4' title="bbox 760 603 1187 638">
     <span class='ocr_line' id='line_1_4' title="bbox 760 603 1187 638; baseline -0.007 -6"><span class='ocrx_word' id='word_1_10' title='bbox 760 607 871 638; x_wconf 68' lang='lat' dir='ltr'><strong>(Fiume.</strong></span> <span class='ocrx_word' id='word_1_11' title='bbox 885 603 994 632; x_wconf 81' lang='lat' dir='ltr'><strong>Bibliolh.</strong></span> <span class='ocrx_word' id='word_1_12' title='bbox 1008 605 1052 632; x_wconf 87' lang='lat' dir='ltr'><strong>Gr.</strong></span> <span class='ocrx_word' id='word_1_13' title='bbox 1066 605 1109 636; x_wconf 91' lang='lat' dir='ltr'><strong>VI,</strong></span> <span class='ocrx_word' id='word_1_14' title='bbox 1120 605 1187 636; x_wconf 69' lang='grc' dir='ltr'>διδ.)</span> 
     </span>
    </p>
   </div>
   <div class='ocr_carea' id='block_1_5' title="bbox 954 690 989 698">
    <p class='ocr_par' dir='ltr' id='par_1_5' title="bbox 954 690 989 698">
     <span class='ocr_line' id='line_1_5' title="bbox 954 690 989 698; baseline 0 0"><span class='ocrx_word' id='word_1_15' title='bbox 954 690 989 698; x_wconf 52' lang='lat' dir='ltr'><strong>ut.</strong></span> 
     </span>
    </p>
   </div>
   <div class='ocr_carea' id='block_1_6' title="bbox 189 756 1792 795">
    <p class='ocr_par' dir='ltr' id='par_1_6' title="bbox 189 756 1792 795">
     <span class='ocr_line' id='line_1_6' title="bbox 189 756 1792 795; baseline -0.002 -7"><span class='ocrx_word' id='word_1_16' title='bbox 189 760 275 788; x_wconf 86' lang='lat' dir='ltr'><strong>Venit</strong></span> <span class='ocrx_word' id='word_1_17' title='bbox 300 759 359 795; x_wconf 86' lang='lat' dir='ltr'><strong>jam</strong></span> <span class='ocrx_word' id='word_1_18' title='bbox 386 758 584 787; x_wconf 86' lang='lat' dir='ltr'><strong>recensendum</strong></span> <span class='ocrx_word' id='word_1_19' title='bbox 607 758 735 786; x_wconf 76' lang='lat' dir='ltr'><strong>volumen</strong></span> <span class='ocrx_word' id='word_1_20' title='bbox 766 757 932 793; x_wconf 76' lang='lat' dir='ltr'><strong>Scriptorum</strong></span> <span class='ocrx_word' id='word_1_21' title='bbox 956 763 1015 793; x_wconf 82' lang='lat' dir='ltr'><strong>post</strong></span> <span class='ocrx_word' id='word_1_22' title='bbox 1034 757 1229 791; x_wconf 71' lang='lat' dir='ltr'><strong>Theophanem,</strong></span> <span class='ocrx_word' id='word_1_23' title='bbox 1255 756 1313 785; x_wconf 85' lang='lat' dir='ltr'><strong>sive</strong></span> <span class='ocrx_word' id='word_1_24' title='bbox 1335 757 1382 792; x_wconf 87' lang='lat' dir='ltr'><strong>qui</strong></span> <span class='ocrx_word' id='word_1_25' title='bbox 1397 756 1542 785; x_wconf 71' lang='lat' dir='ltr'><strong>historiam</strong></span> <span class='ocrx_word' id='word_1_26' title='bbox 1559 757 1739 793; x_wconf 84' lang='lat' dir='ltr'><strong>Byzantinam</strong></span> <span class='ocrx_word' id='word_1_27' title='bbox 1757 758 1792 785; x_wconf 82' lang='lat' dir='ltr'><strong>ah</strong></span> 
     </span>
    </p>
   </div>
   <div class='ocr_carea' id='block_1_7' title="bbox 158 799 1796 837">
    <p class='ocr_par' dir='ltr' id='par_1_7' title="bbox 158 799 1796 837">
     <span class='ocr_line' id='line_1_7' title="bbox 158 799 1796 837; baseline -0.002 -6"><span class='ocrx_word' id='word_1_28' title='bbox 158 803 245 831; x_wconf 85' lang='lat' dir='ltr'><strong>Leone</strong></span> <span class='ocrx_word' id='word_1_29' title='bbox 259 802 405 835; x_wconf 80' lang='lat' dir='ltr'><strong>Armenio,</strong></span> <span class='ocrx_word' id='word_1_30' title='bbox 417 801 496 829; x_wconf 77' lang='lat' dir='ltr'><strong>Mich.</strong></span> <span class='ocrx_word' id='word_1_31' title='bbox 513 801 687 836; x_wconf 80' lang='lat' dir='ltr'><strong>Curopalatae</strong></span> <span class='ocrx_word' id='word_1_32' title='bbox 715 801 904 837; x_wconf 87' lang='lat' dir='ltr'><strong>imperatoris,</strong></span> <span class='ocrx_word' id='word_1_33' title='bbox 919 801 946 828; x_wconf 91' lang='lat' dir='ltr'><strong>in</strong></span> <span class='ocrx_word' id='word_1_34' title='bbox 967 809 1022 836; x_wconf 92' lang='lat' dir='ltr'><strong>quo</strong></span> <span class='ocrx_word' id='word_1_35' title='bbox 1039 801 1141 829; x_wconf 79' lang='lat' dir='ltr'><strong>desinit</strong></span> <span class='ocrx_word' id='word_1_36' title='bbox 1161 800 1338 836; x_wconf 85' lang='lat' dir='ltr'><strong>Theophanis</strong></span> <span class='ocrx_word' id='word_1_37' title='bbox 1353 799 1523 835; x_wconf 88' lang='lat' dir='ltr'><strong>Chronicon,</strong></span> <span class='ocrx_word' id='word_1_38' title='bbox 1545 808 1719 835; x_wconf 81' lang='lat' dir='ltr'><strong>successore,</strong></span> <span class='ocrx_word' id='word_1_39' title='bbox 1731 809 1796 836; x_wconf 83' lang='lat' dir='ltr'><strong>pro</strong></span> 
     </span>
    </p>
   </div>
   <div class='ocr_carea' id='block_1_8' title="bbox 155 845 1794 882">
    <p class='ocr_par' dir='ltr' id='par_1_8' title="bbox 155 845 1794 882">
     <span class='ocr_line' id='line_1_8' title="bbox 155 845 1794 882; baseline -0.001 -7"><span class='ocrx_word' id='word_1_40' title='bbox 155 849 295 876; x_wconf 77' lang='lat' dir='ltr'><strong>duxerunt</strong></span> <span class='ocrx_word' id='word_1_41' title='bbox 318 854 408 882; x_wconf 86' lang='lat' dir='ltr'><strong>usque</strong></span> <span class='ocrx_word' id='word_1_42' title='bbox 429 846 464 874; x_wconf 90' lang='lat' dir='ltr'><strong>ad</strong></span> <span class='ocrx_word' id='word_1_43' title='bbox 480 845 667 882; x_wconf 82' lang='lat' dir='ltr'><strong>Nicephorum</strong></span> <span class='ocrx_word' id='word_1_44' title='bbox 681 845 803 874; x_wconf 82' lang='lat' dir='ltr'><strong>Phocam</strong></span> <span class='ocrx_word' id='word_1_45' title='bbox 829 846 895 882; x_wconf 89' lang='lat' dir='ltr'><strong>imp.</strong></span> <span class='ocrx_word' id='word_1_46' title='bbox 911 850 939 874; x_wconf 90' lang='lat' dir='ltr'><strong>et</strong></span> <span class='ocrx_word' id='word_1_47' title='bbox 957 853 989 874; x_wconf 81' lang='lat' dir='ltr'><strong>ex</strong></span> <span class='ocrx_word' id='word_1_48' title='bbox 1013 853 1082 874; x_wconf 89' lang='lat' dir='ltr'><strong>mss.</strong></span> <span class='ocrx_word' id='word_1_49' title='bbox 1095 845 1178 874; x_wconf 87' lang='lat' dir='ltr'><strong>codd.</strong></span> <span class='ocrx_word' id='word_1_50' title='bbox 1194 845 1323 874; x_wconf 85' lang='lat' dir='ltr'><strong>recensiti</strong></span> <span class='ocrx_word' id='word_1_51' title='bbox 1344 851 1428 881; x_wconf 84' lang='lat' dir='ltr'><strong>atque</strong></span> <span class='ocrx_word' id='word_1_52' title='bbox 1441 846 1569 874; x_wconf 81' lang='lat' dir='ltr'><strong>versione</strong></span> <span class='ocrx_word' id='word_1_53' title='bbox 1584 846 1679 874; x_wconf 84' lang='lat' dir='ltr'><strong>donati</strong></span> <span class='ocrx_word' id='word_1_54' title='bbox 1700 851 1765 874; x_wconf 89' lang='lat' dir='ltr'><strong>sunt</strong></span> <span class='ocrx_word' id='word_1_55' title='bbox 1779 853 1794 873; x_wconf 83' lang='lat' dir='ltr'><strong>a</strong></span> 
     </span>
    </p>
   </div>
   <div class='ocr_carea' id='block_1_9' title="bbox 157 889 1796 926">
    <p class='ocr_par' dir='ltr' id='par_1_9' title="bbox 157 889 1796 926">
     <span class='ocr_line' id='line_1_9' title="bbox 157 889 1796 926; baseline -0.002 -7"><span class='ocrx_word' id='word_1_56' title='bbox 157 891 308 919; x_wconf 83' lang='lat' dir='ltr'><strong>Francisco</strong></span> <span class='ocrx_word' id='word_1_57' title='bbox 328 890 478 923; x_wconf 87' lang='lat' dir='ltr'><strong>Combelis,</strong></span> <span class='ocrx_word' id='word_1_58' title='bbox 500 890 562 918; x_wconf 93' lang='lat' dir='ltr'><strong>ord.</strong></span> <span class='ocrx_word' id='word_1_59' title='bbox 590 890 804 926; x_wconf 70' lang='lat' dir='ltr'><strong>praedicatorum</strong></span> <span class='ocrx_word' id='word_1_60' title='bbox 839 891 1060 926; x_wconf 70' lang='lat' dir='ltr'><strong>congregationis</strong></span> <span class='ocrx_word' id='word_1_61' title='bbox 1080 889 1109 918; x_wconf 89' lang='lat' dir='ltr'><strong>S.</strong></span> <span class='ocrx_word' id='word_1_62' title='bbox 1138 889 1282 922; x_wconf 88' lang='lat' dir='ltr'><strong>Ludovici,</strong></span> <span class='ocrx_word' id='word_1_63' title='bbox 1298 890 1347 918; x_wconf 91' lang='lat' dir='ltr'><strong>sed</strong></span> <span class='ocrx_word' id='word_1_64' title='bbox 1362 890 1451 917; x_wconf 90' lang='lat' dir='ltr'><strong>lucem</strong></span> <span class='ocrx_word' id='word_1_65' title='bbox 1468 889 1578 918; x_wconf 85' lang='lat' dir='ltr'><strong>demum</strong></span> <span class='ocrx_word' id='word_1_66' title='bbox 1593 890 1721 918; x_wconf 86' lang='lat' dir='ltr'><strong>viderunt</strong></span> <span class='ocrx_word' id='word_1_67' title='bbox 1734 890 1796 924; x_wconf 81' lang='lat' dir='ltr'><strong>post</strong></span> 
     </span>
    </p>
   </div>
   <div class='ocr_carea' id='block_1_10' title="bbox 155 933 1797 970">
    <p class='ocr_par' dir='ltr' id='par_1_10' title="bbox 155 933 1797 970">
     <span class='ocr_line' id='line_1_10' title="bbox 155 933 1797 970; baseline -0.002 -8"><span class='ocrx_word' id='word_1_68' title='bbox 155 937 217 968; x_wconf 79' lang='lat' dir='ltr'><strong>ejus</strong></span> <span class='ocrx_word' id='word_1_69' title='bbox 253 935 309 962; x_wconf 79' lang='lat' dir='ltr'><strong>l&#39;ata</strong></span> <span class='ocrx_word' id='word_1_70' title='bbox 327 934 378 970; x_wconf 74' lang='grc' dir='ltr'><strong>(ιι),</strong></span> <span class='ocrx_word' id='word_1_71' title='bbox 409 934 501 962; x_wconf 86' lang='lat' dir='ltr'><strong>Paris.</strong></span> <span class='ocrx_word' id='word_1_72' title='bbox 534 934 615 967; x_wconf 82' lang='lat' dir='ltr'><strong>l685,</strong></span> <span class='ocrx_word' id='word_1_73' title='bbox 641 934 709 968; x_wconf 79' lang='lat' dir='ltr'><strong>lol.;</strong></span> <span class='ocrx_word' id='word_1_74' title='bbox 740 935 813 963; x_wconf 87' lang='lat' dir='ltr'><strong>unde</strong></span> <span class='ocrx_word' id='word_1_75' title='bbox 840 935 924 963; x_wconf 82' lang='lat' dir='ltr'><strong>etiam</strong></span> <span class='ocrx_word' id='word_1_76' title='bbox 951 935 1146 963; x_wconf 88' lang='lat' dir='ltr'><strong>aduotationcs</strong></span> <span class='ocrx_word' id='word_1_77' title='bbox 1165 941 1235 970; x_wconf 86' lang='lat' dir='ltr'><strong>quas</strong></span> <span class='ocrx_word' id='word_1_78' title='bbox 1260 933 1288 962; x_wconf 91' lang='lat' dir='ltr'><strong>in</strong></span> <span class='ocrx_word' id='word_1_79' title='bbox 1306 934 1356 962; x_wconf 86' lang='lat' dir='ltr'><strong>hos</strong></span> <span class='ocrx_word' id='word_1_80' title='bbox 1372 934 1522 969; x_wconf 86' lang='lat' dir='ltr'><strong>scriptorcs</strong></span> <span class='ocrx_word' id='word_1_81' title='bbox 1543 934 1586 962; x_wconf 79' lang='lat' dir='ltr'><strong>vir</strong></span> <span class='ocrx_word' id='word_1_82' title='bbox 1600 934 1699 962; x_wconf 84' lang='lat' dir='ltr'><strong>doctus</strong></span> <span class='ocrx_word' id='word_1_83' title='bbox 1717 941 1797 969; x_wconf 83' lang='lat' dir='ltr'><strong>para-</strong></span> 
     </span>
    </p>
   </div>
   <div class='ocr_carea' id='block_1_11' title="bbox 157 977 1016 1015">
    <p class='ocr_par' dir='ltr' id='par_1_11' title="bbox 157 977 1016 1015">
     <span class='ocr_line' id='line_1_11' title="bbox 157 977 1016 1015; baseline 0 -8"><span class='ocrx_word' id='word_1_84' title='bbox 157 979 217 1012; x_wconf 85' lang='lat' dir='ltr'><strong>bat,</strong></span> <span class='ocrx_word' id='word_1_85' title='bbox 232 979 434 1008; x_wconf 80' lang='lat' dir='ltr'><strong>desiderantur.</strong></span> <span class='ocrx_word' id='word_1_86' title='bbox 450 977 605 1014; x_wconf 89' lang='lat' dir='ltr'><strong>Scriptores</strong></span> <span class='ocrx_word' id='word_1_87' title='bbox 620 978 673 1014; x_wconf 86' lang='lat' dir='ltr'><strong>ipsi</strong></span> <span class='ocrx_word' id='word_1_88' title='bbox 690 978 742 1006; x_wconf 87' lang='lat' dir='ltr'><strong>hoc</strong></span> <span class='ocrx_word' id='word_1_89' title='bbox 755 979 853 1007; x_wconf 83' lang='lat' dir='ltr'><strong>ordine</strong></span> <span class='ocrx_word' id='word_1_90' title='bbox 866 979 995 1015; x_wconf 81' lang='lat' dir='ltr'><strong>leguntur</strong></span> <span class='ocrx_word' id='word_1_91' title='bbox 1009 988 1016 1007; x_wconf 90' lang='lat'><strong>:</strong></span> 
     </span>
    </p>
   </div>
   <div class='ocr_carea' id='block_1_12' title="bbox 199 1021 1796 1060">
    <p class='ocr_par' dir='ltr' id='par_1_12' title="bbox 199 1021 1796 1060">
     <span class='ocr_line' id='line_1_12' title="bbox 199 1021 1796 1060; baseline -0.002 -9"><span class='ocrx_word' id='word_1_92' title='bbox 199 1024 225 1051; x_wconf 82' lang='grc'><strong>1.</strong></span> <span class='ocrx_word' id='word_1_93' title='bbox 246 1024 364 1051; x_wconf 71' lang='lat' dir='ltr'><strong>Asomt</strong></span> <span class='ocrx_word' id='word_1_94' title='bbox 387 1024 482 1058; x_wconf 86' lang='lat' dir='ltr'><strong>(quem</strong></span> <span class='ocrx_word' id='word_1_95' title='bbox 508 1022 614 1050; x_wconf 88' lang='lat' dir='ltr'><strong>incerta</strong></span> <span class='ocrx_word' id='word_1_96' title='bbox 634 1022 795 1058; x_wconf 72' lang='lat' dir='ltr'><strong>conjectura</strong></span> <span class='ocrx_word' id='word_1_97' title='bbox 824 1023 969 1052; x_wconf 82' lang='lat' dir='ltr'><strong>Leontium</strong></span> <span class='ocrx_word' id='word_1_98' title='bbox 990 1024 1171 1060; x_wconf 82' lang='lat' dir='ltr'><strong>Byzantinum</strong></span> <span class='ocrx_word' id='word_1_99' title='bbox 1190 1023 1285 1051; x_wconf 84' lang='lat' dir='ltr'><strong>vocari</strong></span> <span class='ocrx_word' id='word_1_100' title='bbox 1297 1022 1378 1051; x_wconf 88' lang='lat' dir='ltr'><strong>video</strong></span> <span class='ocrx_word' id='word_1_101' title='bbox 1401 1029 1416 1049; x_wconf 87' lang='lat' dir='ltr'><strong>a</strong></span> <span class='ocrx_word' id='word_1_102' title='bbox 1442 1022 1553 1050; x_wconf 87' lang='lat' dir='ltr'><strong>Labbeo</strong></span> <span class='ocrx_word' id='word_1_103' title='bbox 1571 1022 1598 1049; x_wconf 92' lang='lat' dir='ltr'><strong>in</strong></span> <span class='ocrx_word' id='word_1_104' title='bbox 1618 1021 1796 1056; x_wconf 76' lang='lat' dir='ltr'><strong>Protrsptico,</strong></span> 
     </span>
    </p>
   </div>
   <div class='ocr_carea' id='block_1_13' title="bbox 162 1065 1796 1102">
    <p class='ocr_par' dir='ltr' id='par_1_13' title="bbox 162 1065 1796 1102">
     <span class='ocr_line' id='line_1_13' title="bbox 162 1065 1796 1102; baseline -0.001 -8"><span class='ocrx_word' id='word_1_105' title='bbox 162 1074 192 1102; x_wconf 89' lang='lat' dir='ltr'><strong>p.</strong></span> <span class='ocrx_word' id='word_1_106' title='bbox 223 1067 257 1093; x_wconf 68' lang='lat' dir='ltr'><strong>ll</strong></span> <span class='ocrx_word' id='word_1_107' title='bbox 288 1065 365 1100; x_wconf 64' lang='lat' dir='ltr'><strong>etiis)</strong></span> <span class='ocrx_word' id='word_1_108' title='bbox 396 1065 561 1099; x_wconf 81' lang='lat' dir='ltr'><strong>Chronicon,</strong></span> <span class='ocrx_word' id='word_1_109' title='bbox 592 1065 754 1102; x_wconf 85' lang='lat' dir='ltr'><strong>Theophani</strong></span> <span class='ocrx_word' id='word_1_110' title='bbox 781 1067 970 1096; x_wconf 81' lang='lat' dir='ltr'><strong>continuando</strong></span> <span class='ocrx_word' id='word_1_111' title='bbox 1000 1067 1178 1096; x_wconf 80' lang='lat' dir='ltr'><strong>Constantini</strong></span> <span class='ocrx_word' id='word_1_112' title='bbox 1209 1066 1465 1102; x_wconf 82' lang='lat' dir='ltr'><strong>Porpliyrogenneti</strong></span> <span class='ocrx_word' id='word_1_113' title='bbox 1500 1066 1581 1102; x_wconf 84' lang='lat' dir='ltr'><strong>jussu</strong></span> <span class='ocrx_word' id='word_1_114' title='bbox 1604 1066 1796 1100; x_wconf 85' lang='lat' dir='ltr'><strong>conscriptum</strong></span> 
     </span>
    </p>
   </div>
   <div class='ocr_carea' id='block_1_14' title="bbox 159 1109 1797 1147">
    <p class='ocr_par' dir='ltr' id='par_1_14' title="bbox 159 1109 1797 1147">
     <span class='ocr_line' id='line_1_14' title="bbox 159 1109 1797 1147; baseline -0.001 -10"><span class='ocrx_word' id='word_1_115' title='bbox 159 1110 242 1138; x_wconf 78' lang='lat' dir='ltr'><strong>libris</strong></span> <span class='ocrx_word' id='word_1_116' title='bbox 258 1117 286 1138; x_wconf 86' lang='lat' dir='ltr'><strong>tv</strong></span> <span class='ocrx_word' id='word_1_117' title='bbox 299 1110 348 1146; x_wconf 73' lang='grc' dir='ltr'><strong>(ὑ),</strong></span> <span class='ocrx_word' id='word_1_118' title='bbox 359 1110 392 1138; x_wconf 82' lang='lat' dir='ltr'><strong>de</strong></span> <span class='ocrx_word' id='word_1_119' title='bbox 405 1110 521 1138; x_wconf 84' lang='lat' dir='ltr'><strong>totidem</strong></span> <span class='ocrx_word' id='word_1_120' title='bbox 532 1111 746 1146; x_wconf 82' lang='lat' dir='ltr'><strong>imperatoribus</strong></span> <span class='ocrx_word' id='word_1_121' title='bbox 760 1118 767 1137; x_wconf 86' lang='lat'><strong>:</strong></span> <span class='ocrx_word' id='word_1_122' title='bbox 782 1111 830 1138; x_wconf 87' lang='lat' dir='ltr'><strong>lib.</strong></span> <span class='ocrx_word' id='word_1_123' title='bbox 842 1119 862 1143; x_wconf 80' lang='grc' dir='ltr'><strong>ι,</strong></span> <span class='ocrx_word' id='word_1_124' title='bbox 875 1111 914 1139; x_wconf 83' lang='lat' dir='ltr'><strong>De</strong></span> <span class='ocrx_word' id='word_1_125' title='bbox 932 1111 1018 1140; x_wconf 81' lang='lat' dir='ltr'><strong>Leone</strong></span> <span class='ocrx_word' id='word_1_126' title='bbox 1029 1111 1167 1144; x_wconf 76' lang='lat' dir='ltr'><strong>Armenio,</strong></span> <span class='ocrx_word' id='word_1_127' title='bbox 1182 1111 1229 1147; x_wconf 89' lang='lat' dir='ltr'><strong>qui</strong></span> <span class='ocrx_word' id='word_1_128' title='bbox 1242 1110 1274 1138; x_wconf 80' lang='grc' dir='ltr'><strong>Α.</strong></span> <span class='ocrx_word' id='word_1_129' title='bbox 1293 1110 1324 1138; x_wconf 87' lang='lat' dir='ltr'><strong>C.</strong></span> <span class='ocrx_word' id='word_1_130' title='bbox 1339 1111 1391 1139; x_wconf 80' lang='grc'><strong>815</strong></span> <span class='ocrx_word' id='word_1_131' title='bbox 1406 1110 1493 1145; x_wconf 73' lang='lat' dir='ltr'><strong>erepit</strong></span> <span class='ocrx_word' id='word_1_132' title='bbox 1509 1110 1687 1145; x_wconf 84' lang='lat' dir='ltr'><strong>imperitare;</strong></span> <span class='ocrx_word' id='word_1_133' title='bbox 1703 1109 1753 1137; x_wconf 89' lang='lat' dir='ltr'><strong>lib.</strong></span> <span class='ocrx_word' id='word_1_134' title='bbox 1765 1115 1797 1141; x_wconf 87' lang='lat' dir='ltr'><strong>tt,</strong></span> 
     </span>
    </p>
   </div>
   <div class='ocr_carea' id='block_1_15' title="bbox 159 1153 1850 1190">
    <p class='ocr_par' dir='ltr' id='par_1_15' title="bbox 159 1153 1850 1190">
     <span class='ocr_line' id='line_1_15' title="bbox 159 1153 1850 1190; baseline -0.001 -8"><span class='ocrx_word' id='word_1_135' title='bbox 159 1154 199 1182; x_wconf 79' lang='lat' dir='ltr'><strong>De</strong></span> <span class='ocrx_word' id='word_1_136' title='bbox 213 1154 344 1182; x_wconf 70' lang='lat' dir='ltr'><strong>Michaele</strong></span> <span class='ocrx_word' id='word_1_137' title='bbox 358 1154 460 1188; x_wconf 85' lang='lat' dir='ltr'><strong>Balbo;</strong></span> <span class='ocrx_word' id='word_1_138' title='bbox 477 1154 526 1182; x_wconf 89' lang='lat' dir='ltr'><strong>lib.</strong></span> <span class='ocrx_word' id='word_1_139' title='bbox 557 1162 600 1186; x_wconf 87' lang='grc' dir='ltr'><strong>ιιι,</strong></span> <span class='ocrx_word' id='word_1_140' title='bbox 623 1153 662 1182; x_wconf 79' lang='lat' dir='ltr'><strong>De</strong></span> <span class='ocrx_word' id='word_1_141' title='bbox 687 1154 831 1189; x_wconf 80' lang='lat' dir='ltr'><strong>Theophila</strong></span> <span class='ocrx_word' id='word_1_142' title='bbox 846 1154 999 1189; x_wconf 82' lang='lat' dir='ltr'><strong>Michaelis,</strong></span> <span class='ocrx_word' id='word_1_143' title='bbox 1020 1161 1047 1184; x_wconf 91' lang='lat' dir='ltr'><strong>et</strong></span> <span class='ocrx_word' id='word_1_144' title='bbox 1074 1156 1123 1184; x_wconf 90' lang='lat' dir='ltr'><strong>lib.</strong></span> <span class='ocrx_word' id='word_1_145' title='bbox 1140 1163 1179 1189; x_wconf 87' lang='lat' dir='ltr'><strong>tv,</strong></span> <span class='ocrx_word' id='word_1_146' title='bbox 1197 1155 1230 1184; x_wconf 82' lang='lat' dir='ltr'><strong>de</strong></span> <span class='ocrx_word' id='word_1_147' title='bbox 1246 1154 1381 1182; x_wconf 77' lang='lat' dir='ltr'><strong>Michaela</strong></span> <span class='ocrx_word' id='word_1_148' title='bbox 1398 1154 1543 1190; x_wconf 78' lang='lat' dir='ltr'><strong>Theophili</strong></span> <span class='ocrx_word' id='word_1_149' title='bbox 1554 1153 1621 1186; x_wconf 75' lang='lat' dir='ltr'><strong>(Ilio,</strong></span> <span class='ocrx_word' id='word_1_150' title='bbox 1633 1160 1714 1189; x_wconf 83' lang='lat' dir='ltr'><strong>quem</strong></span> <span class='ocrx_word' id='word_1_151' title='bbox 1731 1160 1799 1180; x_wconf 85' lang='lat' dir='ltr'><strong>nece</strong></span> <span class='ocrx_word' id='word_1_152' title='bbox 1847 1186 1850 1189; x_wconf 38' lang='grc'>,</span> 
     </span>
    </p>
   </div>
   <div class='ocr_carea' id='block_1_16' title="bbox 161 1197 1799 1234">
    <p class='ocr_par' dir='ltr' id='par_1_16' title="bbox 161 1197 1799 1234">
     <span class='ocr_line' id='line_1_16' title="bbox 161 1197 1799 1234; baseline -0.001 -8"><span class='ocrx_word' id='word_1_153' title='bbox 161 1199 298 1227; x_wconf 75' lang='lat' dir='ltr'><strong>sublatum</strong></span> <span class='ocrx_word' id='word_1_154' title='bbox 324 1199 423 1227; x_wconf 83' lang='lat' dir='ltr'><strong>scribit</strong></span> <span class='ocrx_word' id='word_1_155' title='bbox 447 1198 482 1226; x_wconf 73' lang='grc'><strong>24</strong></span> <span class='ocrx_word' id='word_1_156' title='bbox 498 1198 574 1234; x_wconf 86' lang='lat' dir='ltr'><strong>Sept.</strong></span> <span class='ocrx_word' id='word_1_157' title='bbox 596 1199 661 1226; x_wconf 88' lang='lat' dir='ltr'><strong>anni</strong></span> <span class='ocrx_word' id='word_1_158' title='bbox 690 1198 848 1228; x_wconf 69' lang='lat' dir='ltr'><strong>Graecorum</strong></span> <span class='ocrx_word' id='word_1_159' title='bbox 869 1199 951 1233; x_wconf 77' lang='lat'><strong>6576,</strong></span> <span class='ocrx_word' id='word_1_160' title='bbox 968 1201 1021 1229; x_wconf 90' lang='lat' dir='ltr'><strong>hoc</strong></span> <span class='ocrx_word' id='word_1_161' title='bbox 1048 1206 1091 1229; x_wconf 87' lang='lat' dir='ltr'><strong>est</strong></span> <span class='ocrx_word' id='word_1_162' title='bbox 1105 1201 1208 1230; x_wconf 86' lang='lat' dir='ltr'><strong>Christi</strong></span> <span class='ocrx_word' id='word_1_163' title='bbox 1228 1201 1292 1229; x_wconf 85' lang='lat'><strong>868.</strong></span> <span class='ocrx_word' id='word_1_164' title='bbox 1309 1201 1404 1230; x_wconf 66' lang='lat' dir='ltr'><strong>Graeca</strong></span> <span class='ocrx_word' id='word_1_165' title='bbox 1427 1199 1614 1228; x_wconf 83' lang='lat' dir='ltr'><strong>Combelisius</strong></span> <span class='ocrx_word' id='word_1_166' title='bbox 1626 1197 1750 1234; x_wconf 79' lang='lat' dir='ltr'><strong>vulgavit</strong></span> <span class='ocrx_word' id='word_1_167' title='bbox 1764 1205 1799 1225; x_wconf 77' lang='lat' dir='ltr'><strong>ex</strong></span> 
     </span>
    </p>
   </div>
   <div class='ocr_carea' id='block_1_17' title="bbox 163 1242 1800 1281">
    <p class='ocr_par' dir='ltr' id='par_1_17' title="bbox 163 1242 1800 1281">
     <span class='ocr_line' id='line_1_17' title="bbox 163 1242 1800 1281; baseline -0.001 -11"><span class='ocrx_word' id='word_1_168' title='bbox 163 1244 318 1280; x_wconf 82' lang='lat' dir='ltr'><strong>apographo</strong></span> <span class='ocrx_word' id='word_1_169' title='bbox 349 1243 548 1272; x_wconf 83' lang='lat' dir='ltr'><strong>Barberiniano</strong></span> <span class='ocrx_word' id='word_1_170' title='bbox 574 1243 679 1272; x_wconf 86' lang='lat' dir='ltr'><strong>codicis</strong></span> <span class='ocrx_word' id='word_1_171' title='bbox 697 1251 751 1271; x_wconf 85' lang='lat' dir='ltr'><strong>ms.</strong></span> <span class='ocrx_word' id='word_1_172' title='bbox 768 1243 897 1272; x_wconf 82' lang='lat' dir='ltr'><strong>Vaticani</strong></span> <span class='ocrx_word' id='word_1_173' title='bbox 915 1245 964 1281; x_wconf 59' lang='grc'><strong>(⁸),</strong></span> <span class='ocrx_word' id='word_1_174' title='bbox 977 1245 1050 1280; x_wconf 91' lang='lat' dir='ltr'><strong>quod</strong></span> <span class='ocrx_word' id='word_1_175' title='bbox 1068 1245 1229 1273; x_wconf 83' lang='lat' dir='ltr'><strong>Holstenius</strong></span> <span class='ocrx_word' id='word_1_176' title='bbox 1248 1246 1333 1273; x_wconf 81' lang='lat' dir='ltr'><strong>Roma</strong></span> <span class='ocrx_word' id='word_1_177' title='bbox 1355 1246 1559 1273; x_wconf 80' lang='lat' dir='ltr'><strong>transmiserat.</strong></span> <span class='ocrx_word' id='word_1_178' title='bbox 1572 1244 1596 1271; x_wconf 76' lang='grc' dir='ltr'>Α</span> <span class='ocrx_word' id='word_1_179' title='bbox 1613 1242 1800 1271; x_wconf 85' lang='lat' dir='ltr'><strong>Constantino</strong></span> 
     </span>
    </p>
   </div>
   <div class='ocr_carea' id='block_1_18' title="bbox 161 1287 1800 1324">
    <p class='ocr_par' dir='ltr' id='par_1_18' title="bbox 161 1287 1800 1324">
     <span class='ocr_line' id='line_1_18' title="bbox 161 1287 1800 1324; baseline -0.002 -8"><span class='ocrx_word' id='word_1_180' title='bbox 161 1288 437 1324; x_wconf 72' lang='lat' dir='ltr'><strong>Porphyrogenneto,</strong></span> <span class='ocrx_word' id='word_1_181' title='bbox 455 1288 498 1316; x_wconf 94' lang='lat' dir='ltr'><strong>vel</strong></span> <span class='ocrx_word' id='word_1_182' title='bbox 509 1287 571 1323; x_wconf 88' lang='lat' dir='ltr'><strong>ejus</strong></span> <span class='ocrx_word' id='word_1_183' title='bbox 590 1289 703 1317; x_wconf 90' lang='lat' dir='ltr'><strong>nomine</strong></span> <span class='ocrx_word' id='word_1_184' title='bbox 716 1288 799 1317; x_wconf 85' lang='lat' dir='ltr'><strong>verba</strong></span> <span class='ocrx_word' id='word_1_185' title='bbox 814 1289 940 1324; x_wconf 60' lang='lat' dir='ltr'><strong>quaedam</strong></span> <span class='ocrx_word' id='word_1_186' title='bbox 956 1290 1059 1318; x_wconf 88' lang='lat' dir='ltr'><strong>inserta</strong></span> <span class='ocrx_word' id='word_1_187' title='bbox 1074 1290 1202 1318; x_wconf 83' lang='lat' dir='ltr'><strong>vitientur</strong></span> <span class='ocrx_word' id='word_1_188' title='bbox 1219 1290 1268 1317; x_wconf 90' lang='lat' dir='ltr'><strong>lib.</strong></span> <span class='ocrx_word' id='word_1_189' title='bbox 1288 1297 1318 1323; x_wconf 78' lang='grc' dir='ltr'><strong>ιι,</strong></span> <span class='ocrx_word' id='word_1_190' title='bbox 1331 1289 1377 1317; x_wconf 91' lang='lat' dir='ltr'><strong>ubi</strong></span> <span class='ocrx_word' id='word_1_191' title='bbox 1394 1290 1430 1317; x_wconf 87' lang='lat' dir='ltr'><strong>de</strong></span> <span class='ocrx_word' id='word_1_192' title='bbox 1441 1289 1523 1317; x_wconf 88' lang='lat' dir='ltr'><strong>Creta</strong></span> <span class='ocrx_word' id='word_1_193' title='bbox 1542 1296 1558 1316; x_wconf 73' lang='grc' dir='ltr'><strong>ει</strong></span> <span class='ocrx_word' id='word_1_194' title='bbox 1570 1287 1717 1316; x_wconf 82' lang='lat' dir='ltr'><strong>Saracenis</strong></span> <span class='ocrx_word' id='word_1_195' title='bbox 1732 1287 1800 1314; x_wconf 84' lang='lat' dir='ltr'><strong>Iibe-</strong></span> 
     </span>
    </p>
   </div>
   <div class='ocr_carea' id='block_1_19' title="bbox 159 1333 474 1369">
    <p class='ocr_par' dir='ltr' id='par_1_19' title="bbox 159 1333 474 1369">
     <span class='ocr_line' id='line_1_19' title="bbox 159 1333 474 1369; baseline 0 -9"><span class='ocrx_word' id='word_1_196' title='bbox 159 1334 245 1361; x_wconf 83' lang='lat' dir='ltr'><strong>randa</strong></span> <span class='ocrx_word' id='word_1_197' title='bbox 263 1341 368 1365; x_wconf 81' lang='lat' dir='ltr'><strong>sermo,</strong></span> <span class='ocrx_word' id='word_1_198' title='bbox 386 1341 414 1369; x_wconf 94' lang='lat' dir='ltr'><strong>p.</strong></span> <span class='ocrx_word' id='word_1_199' title='bbox 428 1333 474 1361; x_wconf 79' lang='lat' dir='ltr'><strong>5L</strong></span> 
     </span>
    </p>
   </div>
   <div class='ocr_carea' id='block_1_20' title="bbox 193 1375 1798 1413">
    <p class='ocr_par' dir='ltr' id='par_1_20' title="bbox 193 1375 1798 1413">
     <span class='ocr_line' id='line_1_20' title="bbox 193 1375 1798 1413; baseline 0.001 -9"><span class='ocrx_word' id='word_1_200' title='bbox 193 1377 220 1404; x_wconf 76' lang='grc'><strong>2.</strong></span> <span class='ocrx_word' id='word_1_201' title='bbox 238 1377 449 1405; x_wconf 75' lang='lat' dir='ltr'><strong>Cossum-mus</strong></span> <span class='ocrx_word' id='word_1_202' title='bbox 460 1376 743 1405; x_wconf 69' lang='lat' dir='ltr'><strong>Poarnvaocssusrus</strong></span> <span class='ocrx_word' id='word_1_203' title='bbox 756 1377 916 1413; x_wconf 81' lang='lat' dir='ltr'><strong>imperator,</strong></span> <span class='ocrx_word' id='word_1_204' title='bbox 932 1380 965 1407; x_wconf 83' lang='lat' dir='ltr'><strong>A.</strong></span> <span class='ocrx_word' id='word_1_205' title='bbox 977 1377 1009 1407; x_wconf 88' lang='lat' dir='ltr'><strong>C.</strong></span> <span class='ocrx_word' id='word_1_206' title='bbox 1024 1379 1077 1408; x_wconf 80' lang='lat'><strong>959</strong></span> <span class='ocrx_word' id='word_1_207' title='bbox 1095 1379 1257 1413; x_wconf 81' lang='lat' dir='ltr'><strong>exstinctus,</strong></span> <span class='ocrx_word' id='word_1_208' title='bbox 1275 1379 1309 1408; x_wconf 89' lang='lat' dir='ltr'><strong>de</strong></span> <span class='ocrx_word' id='word_1_209' title='bbox 1321 1379 1378 1407; x_wconf 89' lang='lat' dir='ltr'><strong>vita</strong></span> <span class='ocrx_word' id='word_1_210' title='bbox 1397 1378 1440 1406; x_wconf 89' lang='lat' dir='ltr'><strong>avi</strong></span> <span class='ocrx_word' id='word_1_211' title='bbox 1460 1377 1503 1406; x_wconf 90' lang='lat' dir='ltr'><strong>sui</strong></span> <span class='ocrx_word' id='word_1_212' title='bbox 1515 1377 1610 1405; x_wconf 87' lang='lat' dir='ltr'><strong>Basilii</strong></span> <span class='ocrx_word' id='word_1_213' title='bbox 1629 1375 1798 1405; x_wconf 74' lang='lat' dir='ltr'><strong>Macedonis.</strong></span> 
     </span>
    </p>
   </div>
   <div class='ocr_carea' id='block_1_21' title="bbox 162 1420 1798 1459">
    <p class='ocr_par' dir='ltr' id='par_1_21' title="bbox 162 1420 1798 1459">
     <span class='ocr_line' id='line_1_21' title="bbox 162 1420 1798 1459; baseline -0.001 -11"><span class='ocrx_word' id='word_1_214' title='bbox 162 1421 206 1456; x_wconf 88' lang='lat' dir='ltr'><strong>qui</strong></span> <span class='ocrx_word' id='word_1_215' title='bbox 221 1420 353 1448; x_wconf 72' lang='lat' dir='ltr'><strong>Michaeli</strong></span> <span class='ocrx_word' id='word_1_216' title='bbox 366 1420 510 1456; x_wconf 86' lang='lat' dir='ltr'><strong>Theophili</strong></span> <span class='ocrx_word' id='word_1_217' title='bbox 529 1421 586 1448; x_wconf 86' lang='lat' dir='ltr'><strong>lilio</strong></span> <span class='ocrx_word' id='word_1_218' title='bbox 602 1421 633 1448; x_wconf 88' lang='lat' dir='ltr'><strong>A.</strong></span> <span class='ocrx_word' id='word_1_219' title='bbox 648 1421 678 1448; x_wconf 93' lang='lat' dir='ltr'><strong>C.</strong></span> <span class='ocrx_word' id='word_1_220' title='bbox 694 1420 747 1449; x_wconf 77' lang='lat'><strong>868</strong></span> <span class='ocrx_word' id='word_1_221' title='bbox 762 1422 910 1455; x_wconf 82' lang='lat' dir='ltr'><strong>successit,</strong></span> <span class='ocrx_word' id='word_1_222' title='bbox 933 1430 1071 1459; x_wconf 83' lang='lat' dir='ltr'><strong>quemque</strong></span> <span class='ocrx_word' id='word_1_223' title='bbox 1088 1428 1166 1452; x_wconf 88' lang='lat' dir='ltr'><strong>notat</strong></span> <span class='ocrx_word' id='word_1_224' title='bbox 1178 1432 1241 1451; x_wconf 92' lang='lat' dir='ltr'><strong>cum</strong></span> <span class='ocrx_word' id='word_1_225' title='bbox 1262 1424 1310 1452; x_wconf 93' lang='lat' dir='ltr'><strong>iIIo</strong></span> <span class='ocrx_word' id='word_1_226' title='bbox 1320 1424 1470 1452; x_wconf 85' lang='lat' dir='ltr'><strong>decessore</strong></span> <span class='ocrx_word' id='word_1_227' title='bbox 1484 1429 1535 1450; x_wconf 87' lang='lat' dir='ltr'><strong>suo</strong></span> <span class='ocrx_word' id='word_1_228' title='bbox 1551 1420 1683 1449; x_wconf 77' lang='lat' dir='ltr'><strong>Michaele</strong></span> <span class='ocrx_word' id='word_1_229' title='bbox 1695 1427 1798 1447; x_wconf 87' lang='lat' dir='ltr'><strong>annum</strong></span> 
     </span>
    </p>
   </div>
   <div class='ocr_carea' id='block_1_22' title="bbox 160 1464 1801 1505">
    <p class='ocr_par' dir='ltr' id='par_1_22' title="bbox 160 1464 1801 1505">
     <span class='ocr_line' id='line_1_22' title="bbox 160 1464 1801 1505; baseline -0.001 -12"><span class='ocrx_word' id='word_1_230' title='bbox 160 1474 245 1494; x_wconf 86' lang='lat' dir='ltr'><strong>unum</strong></span> <span class='ocrx_word' id='word_1_231' title='bbox 271 1466 393 1494; x_wconf 85' lang='lat' dir='ltr'><strong>habenas</strong></span> <span class='ocrx_word' id='word_1_232' title='bbox 410 1466 517 1502; x_wconf 87' lang='lat' dir='ltr'><strong>imperii</strong></span> <span class='ocrx_word' id='word_1_233' title='bbox 547 1465 679 1503; x_wconf 85' lang='lat' dir='ltr'><strong>gessisse,</strong></span> <span class='ocrx_word' id='word_1_234' title='bbox 696 1465 796 1494; x_wconf 88' lang='lat' dir='ltr'><strong>deinde</strong></span> <span class='ocrx_word' id='word_1_235' title='bbox 808 1473 875 1494; x_wconf 88' lang='lat' dir='ltr'><strong>vero</strong></span> <span class='ocrx_word' id='word_1_236' title='bbox 898 1467 968 1495; x_wconf 86' lang='lat' dir='ltr'><strong>alios</strong></span> <span class='ocrx_word' id='word_1_237' title='bbox 984 1475 1073 1496; x_wconf 84' lang='lat' dir='ltr'><strong>annos</strong></span> <span class='ocrx_word' id='word_1_238' title='bbox 1099 1468 1271 1505; x_wconf 76' lang='lat' dir='ltr'><strong>undeviginti</strong></span> <span class='ocrx_word' id='word_1_239' title='bbox 1289 1468 1379 1496; x_wconf 88' lang='lat' dir='ltr'><strong>solum</strong></span> <span class='ocrx_word' id='word_1_240' title='bbox 1409 1474 1502 1495; x_wconf 89' lang='lat' dir='ltr'><strong>rerum</strong></span> <span class='ocrx_word' id='word_1_241' title='bbox 1518 1472 1655 1494; x_wconf 88' lang='lat' dir='ltr'><strong>summam</strong></span> <span class='ocrx_word' id='word_1_242' title='bbox 1668 1464 1801 1500; x_wconf 72' lang='lat' dir='ltr'><strong>praeclare</strong></span> 
     </span>
    </p>
   </div>
   <div class='ocr_carea' id='block_1_23' title="bbox 159 1508 1800 1548">
    <p class='ocr_par' dir='ltr' id='par_1_23' title="bbox 159 1508 1800 1548">
     <span class='ocr_line' id='line_1_23' title="bbox 159 1508 1800 1548; baseline -0.001 -10"><span class='ocrx_word' id='word_1_243' title='bbox 159 1511 384 1542; x_wconf 86' lang='lat' dir='ltr'><strong>administrasse,</strong></span> <span class='ocrx_word' id='word_1_244' title='bbox 403 1517 490 1546; x_wconf 87' lang='lat' dir='ltr'><strong>usque</strong></span> <span class='ocrx_word' id='word_1_245' title='bbox 504 1509 539 1537; x_wconf 91' lang='lat' dir='ltr'><strong>ad</strong></span> <span class='ocrx_word' id='word_1_246' title='bbox 554 1517 658 1537; x_wconf 90' lang='lat' dir='ltr'><strong>annum</strong></span> <span class='ocrx_word' id='word_1_247' title='bbox 673 1509 803 1537; x_wconf 91' lang='lat' dir='ltr'><strong>nimirum</strong></span> <span class='ocrx_word' id='word_1_248' title='bbox 827 1509 890 1538; x_wconf 83' lang='lat'><strong>888.</strong></span> <span class='ocrx_word' id='word_1_249' title='bbox 903 1510 964 1539; x_wconf 88' lang='lat' dir='ltr'><strong>Vita</strong></span> <span class='ocrx_word' id='word_1_250' title='bbox 980 1512 1032 1540; x_wconf 87' lang='lat' dir='ltr'><strong>ista</strong></span> <span class='ocrx_word' id='word_1_251' title='bbox 1049 1513 1106 1548; x_wconf 87' lang='lat' dir='ltr'><strong>jam</strong></span> <span class='ocrx_word' id='word_1_252' title='bbox 1123 1513 1210 1540; x_wconf 86' lang='lat' dir='ltr'><strong>lucem</strong></span> <span class='ocrx_word' id='word_1_253' title='bbox 1225 1512 1342 1544; x_wconf 86' lang='lat' dir='ltr'><strong>viderat,</strong></span> <span class='ocrx_word' id='word_1_254' title='bbox 1361 1519 1423 1540; x_wconf 89' lang='lat' dir='ltr'><strong>cum</strong></span> <span class='ocrx_word' id='word_1_255' title='bbox 1440 1510 1541 1539; x_wconf 85' lang='lat' dir='ltr'><strong>Leonis</strong></span> <span class='ocrx_word' id='word_1_256' title='bbox 1554 1509 1648 1538; x_wconf 73' lang='lat' dir='ltr'><strong>Allatii</strong></span> <span class='ocrx_word' id='word_1_257' title='bbox 1664 1508 1800 1540; x_wconf 81' lang='lat' dir='ltr'><strong>versione.</strong></span> 
     </span>
    </p>
   </div>
   <div class='ocr_carea' id='block_1_24' title="bbox 159 1553 1802 1592">
    <p class='ocr_par' dir='ltr' id='par_1_24' title="bbox 159 1553 1802 1592">
     <span class='ocr_line' id='line_1_24' title="bbox 159 1553 1802 1592; baseline -0.002 -9"><span class='ocrx_word' id='word_1_258' title='bbox 159 1555 189 1583; x_wconf 92' lang='lat' dir='ltr'><strong>in</strong></span> <span class='ocrx_word' id='word_1_259' title='bbox 209 1555 272 1590; x_wconf 87' lang='lat' dir='ltr'><strong>ejus</strong></span> <span class='ocrx_word' id='word_1_260' title='bbox 287 1553 471 1589; x_wconf 80' lang='grc' dir='ltr'><strong>Συμμίκτοις</strong></span> <span class='ocrx_word' id='word_1_261' title='bbox 485 1556 518 1582; x_wconf 87' lang='lat' dir='ltr'><strong>A.</strong></span> <span class='ocrx_word' id='word_1_262' title='bbox 537 1553 617 1588; x_wconf 76' lang='grc'><strong>1655,</strong></span> <span class='ocrx_word' id='word_1_263' title='bbox 629 1554 670 1588; x_wconf 87' lang='lat'><strong>8°,</strong></span> <span class='ocrx_word' id='word_1_264' title='bbox 686 1554 774 1583; x_wconf 87' lang='lat' dir='ltr'><strong>divisa</strong></span> <span class='ocrx_word' id='word_1_265' title='bbox 799 1554 827 1582; x_wconf 93' lang='lat' dir='ltr'><strong>in</strong></span> <span class='ocrx_word' id='word_1_266' title='bbox 842 1555 982 1584; x_wconf 89' lang='lat' dir='ltr'><strong>sectiones</strong></span> <span class='ocrx_word' id='word_1_267' title='bbox 997 1556 1055 1584; x_wconf 89' lang='lat' dir='ltr'><strong>sive</strong></span> <span class='ocrx_word' id='word_1_268' title='bbox 1071 1557 1161 1592; x_wconf 82' lang='lat' dir='ltr'><strong>capita</strong></span> <span class='ocrx_word' id='word_1_269' title='bbox 1182 1557 1225 1585; x_wconf 85' lang='lat'><strong>70:</strong></span> <span class='ocrx_word' id='word_1_270' title='bbox 1243 1556 1297 1584; x_wconf 91' lang='lat' dir='ltr'><strong>Sed</strong></span> <span class='ocrx_word' id='word_1_271' title='bbox 1317 1555 1501 1584; x_wconf 85' lang='lat' dir='ltr'><strong>Combeiisius</strong></span> <span class='ocrx_word' id='word_1_272' title='bbox 1512 1554 1607 1582; x_wconf 54' lang='lat' dir='ltr'><strong>Graeca</strong></span> <span class='ocrx_word' id='word_1_273' title='bbox 1628 1553 1662 1581; x_wconf 84' lang='lat' dir='ltr'><strong>ad</strong></span> <span class='ocrx_word' id='word_1_274' title='bbox 1673 1553 1727 1587; x_wconf 89' lang='lat' dir='ltr'><strong>jam</strong></span> <span class='ocrx_word' id='word_1_275' title='bbox 1743 1560 1802 1580; x_wconf 90' lang='lat' dir='ltr'><strong>me-</strong></span> 
     </span>
    </p>
   </div>
   <div class='ocr_carea' id='block_1_25' title="bbox 160 1596 1802 1636">
    <p class='ocr_par' dir='ltr' id='par_1_25' title="bbox 160 1596 1802 1636">
     <span class='ocr_line' id='line_1_25' title="bbox 160 1596 1802 1636; baseline -0.002 -10"><span class='ocrx_word' id='word_1_276' title='bbox 160 1605 304 1627; x_wconf 85' lang='lat' dir='ltr'><strong>moratum</strong></span> <span class='ocrx_word' id='word_1_277' title='bbox 333 1599 522 1634; x_wconf 82' lang='lat' dir='ltr'><strong>apographum</strong></span> <span class='ocrx_word' id='word_1_278' title='bbox 549 1598 777 1626; x_wconf 80' lang='lat' dir='ltr'><strong>Barberiuianum</strong></span> <span class='ocrx_word' id='word_1_279' title='bbox 799 1600 950 1631; x_wconf 86' lang='lat' dir='ltr'><strong>recensuit,</strong></span> <span class='ocrx_word' id='word_1_280' title='bbox 975 1607 1075 1628; x_wconf 87' lang='lat' dir='ltr'><strong>novam</strong></span> <span class='ocrx_word' id='word_1_281' title='bbox 1098 1600 1223 1636; x_wconf 84' lang='lat' dir='ltr'><strong>adjunxit</strong></span> <span class='ocrx_word' id='word_1_282' title='bbox 1234 1600 1402 1633; x_wconf 78' lang='lat' dir='ltr'><strong>versionem,</strong></span> <span class='ocrx_word' id='word_1_283' title='bbox 1417 1604 1444 1626; x_wconf 92' lang='lat' dir='ltr'><strong>et</strong></span> <span class='ocrx_word' id='word_1_284' title='bbox 1467 1597 1639 1626; x_wconf 83' lang='lat' dir='ltr'><strong>sectionibus</strong></span> <span class='ocrx_word' id='word_1_285' title='bbox 1659 1596 1706 1624; x_wconf 86' lang='lat' dir='ltr'><strong>l0l</strong></span> <span class='ocrx_word' id='word_1_286' title='bbox 1722 1596 1802 1623; x_wconf 85' lang='lat' dir='ltr'><strong>aliter</strong></span> 
     </span>
    </p>
   </div>
   <div class='ocr_carea' id='block_1_26' title="bbox 160 1641 1800 1679">
    <p class='ocr_par' dir='ltr' id='par_1_26' title="bbox 160 1641 1800 1679">
     <span class='ocr_line' id='line_1_26' title="bbox 160 1641 1800 1679; baseline -0.001 -10"><span class='ocrx_word' id='word_1_287' title='bbox 160 1647 246 1678; x_wconf 84' lang='lat' dir='ltr'><strong>atque</strong></span> <span class='ocrx_word' id='word_1_288' title='bbox 262 1643 379 1670; x_wconf 82' lang='lat' dir='ltr'><strong>Allatius</strong></span> <span class='ocrx_word' id='word_1_289' title='bbox 395 1642 558 1678; x_wconf 87' lang='lat' dir='ltr'><strong>dispescuit,</strong></span> <span class='ocrx_word' id='word_1_290' title='bbox 572 1650 634 1678; x_wconf 66' lang='lat' dir='ltr'><strong>quae</strong></span> <span class='ocrx_word' id='word_1_291' title='bbox 660 1642 770 1670; x_wconf 87' lang='lat' dir='ltr'><strong>diversa</strong></span> <span class='ocrx_word' id='word_1_292' title='bbox 791 1643 911 1679; x_wconf 85' lang='lat' dir='ltr'><strong>capitum</strong></span> <span class='ocrx_word' id='word_1_293' title='bbox 929 1643 1070 1672; x_wconf 78' lang='lat' dir='ltr'><strong>distinctio</strong></span> <span class='ocrx_word' id='word_1_294' title='bbox 1091 1652 1204 1672; x_wconf 86' lang='lat' dir='ltr'><strong>crucem</strong></span> <span class='ocrx_word' id='word_1_295' title='bbox 1219 1645 1290 1673; x_wconf 84' lang='lat' dir='ltr'><strong>solet</strong></span> <span class='ocrx_word' id='word_1_296' title='bbox 1304 1644 1386 1679; x_wconf 82' lang='lat' dir='ltr'><strong>ﬁgere</strong></span> <span class='ocrx_word' id='word_1_297' title='bbox 1402 1644 1550 1672; x_wconf 86' lang='lat' dir='ltr'><strong>citantibus</strong></span> <span class='ocrx_word' id='word_1_298' title='bbox 1563 1641 1740 1677; x_wconf 84' lang='lat' dir='ltr'><strong>scriptorem,</strong></span> <span class='ocrx_word' id='word_1_299' title='bbox 1757 1641 1800 1667; x_wconf 86' lang='lat' dir='ltr'><strong>vel</strong></span> 
     </span>
    </p>
   </div>
   <div class='ocr_carea' id='block_1_27' title="bbox 160 1685 954 1725">
    <p class='ocr_par' dir='ltr' id='par_1_27' title="bbox 160 1685 953 1721">
     <span class='ocr_line' id='line_1_27' title="bbox 160 1685 953 1721; baseline 0.004 -9"><span class='ocrx_word' id='word_1_300' title='bbox 160 1687 246 1713; x_wconf 82' lang='lat' dir='ltr'><strong>citata</strong></span> <span class='ocrx_word' id='word_1_301' title='bbox 263 1686 321 1714; x_wconf 86' lang='lat' dir='ltr'><strong>loca</strong></span> <span class='ocrx_word' id='word_1_302' title='bbox 342 1686 484 1721; x_wconf 82' lang='lat' dir='ltr'><strong>inquirere</strong></span> <span class='ocrx_word' id='word_1_303' title='bbox 498 1687 686 1721; x_wconf 81' lang='lat' dir='ltr'><strong>cupientibus.</strong></span> <span class='ocrx_word' id='word_1_304' title='bbox 702 1685 781 1719; x_wconf 84' lang='lat' dir='ltr'><strong>Quod</strong></span> <span class='ocrx_word' id='word_1_305' title='bbox 797 1687 825 1714; x_wconf 91' lang='lat' dir='ltr'><strong>In</strong></span> <span class='ocrx_word' id='word_1_306' title='bbox 848 1687 928 1715; x_wconf 89' lang='lat' dir='ltr'><strong>titulo</strong></span> <span class='ocrx_word' id='word_1_307' title='bbox 944 1688 953 1715; x_wconf 95' lang='lat' dir='ltr'><strong>l</strong></span> 
     </span>
    </p>
   </div>
   <div class='ocr_carea' id='block_1_28' title="bbox 1005 1685 1799 1725">
    <p class='ocr_par' dir='ltr' id='par_1_28' title="bbox 1005 1685 1799 1725">
     <span class='ocr_line' id='line_1_28' title="bbox 1005 1685 1799 1725; baseline -0.005 -10"><span class='ocrx_word' id='word_1_308' title='bbox 1005 1692 1046 1715; x_wconf 76' lang='lat' dir='ltr'><strong>tur</strong></span> <span class='ocrx_word' id='word_1_309' title='bbox 1062 1697 1068 1715; x_wconf 93' lang='lat'>:</span> <span class='ocrx_word' id='word_1_310' title='bbox 1088 1687 1224 1725; x_wconf 80' lang='grc' dir='ltr'><strong>Ἰστορικὴ</strong></span> <span class='ocrx_word' id='word_1_311' title='bbox 1249 1688 1378 1724; x_wconf 80' lang='grc' dir='ltr'><strong>διήγησις</strong></span> <span class='ocrx_word' id='word_1_312' title='bbox 1397 1687 1445 1714; x_wconf 81' lang='grc' dir='ltr'><strong>τοῦ</strong></span> <span class='ocrx_word' id='word_1_313' title='bbox 1463 1687 1521 1724; x_wconf 77' lang='grc' dir='ltr'>βίου</span> <span class='ocrx_word' id='word_1_314' title='bbox 1535 1687 1583 1714; x_wconf 62' lang='grc' dir='ltr'><strong>καὶ</strong></span> <span class='ocrx_word' id='word_1_315' title='bbox 1599 1685 1653 1713; x_wconf 81' lang='grc' dir='ltr'><strong>τῶν</strong></span> <span class='ocrx_word' id='word_1_316' title='bbox 1670 1685 1799 1721; x_wconf 79' lang='grc' dir='ltr'><strong>πράξεων</strong></span> 
     </span>
    </p>
   </div>
   <div class='ocr_carea' id='block_1_29' title="bbox 162 1729 1803 1769">
    <p class='ocr_par' dir='ltr' id='par_1_29' title="bbox 162 1729 1803 1769">
     <span class='ocr_line' id='line_1_29' title="bbox 162 1729 1803 1769; baseline -0.001 -12"><span class='ocrx_word' id='word_1_317' title='bbox 162 1730 308 1758; x_wconf 60' lang='lat' dir='ltr'><strong>Baetici“</strong></span> <span class='ocrx_word' id='word_1_318' title='bbox 324 1730 372 1757; x_wconf 80' lang='grc' dir='ltr'><strong>τοῦ</strong></span> <span class='ocrx_word' id='word_1_319' title='bbox 389 1730 515 1766; x_wconf 76' lang='grc' dir='ltr'><strong>ἀοιδίμου</strong></span> <span class='ocrx_word' id='word_1_320' title='bbox 529 1730 673 1766; x_wconf 82' lang='grc' dir='ltr'><strong>βασιλέως,</strong></span> <span class='ocrx_word' id='word_1_321' title='bbox 689 1731 724 1767; x_wconf 74' lang='grc' dir='ltr'>ἣν</span> <span class='ocrx_word' id='word_1_322' title='bbox 742 1731 949 1764; x_wconf 76' lang='grc' dir='ltr'><strong>Κωνσταντῑνος</strong></span> <span class='ocrx_word' id='word_1_323' title='bbox 959 1732 1088 1767; x_wconf 74' lang='grc' dir='ltr'><strong>βασιλεὺς</strong></span> <span class='ocrx_word' id='word_1_324' title='bbox 1103 1734 1132 1760; x_wconf 74' lang='grc' dir='ltr'>ὲν</span> <span class='ocrx_word' id='word_1_325' title='bbox 1145 1733 1205 1769; x_wconf 84' lang='grc' dir='ltr'><strong>Θεῷ</strong></span> <span class='ocrx_word' id='word_1_326' title='bbox 1226 1732 1372 1769; x_wconf 81' lang='grc' dir='ltr'><strong>Ῥωμαίων</strong></span> <span class='ocrx_word' id='word_1_327' title='bbox 1389 1732 1403 1759; x_wconf 80' lang='grc' dir='ltr'>ὁ</span> <span class='ocrx_word' id='word_1_328' title='bbox 1418 1731 1514 1759; x_wconf 76' lang='grc' dir='ltr'><strong>τούτου</strong></span> <span class='ocrx_word' id='word_1_329' title='bbox 1527 1729 1636 1763; x_wconf 76' lang='grc' dir='ltr'><strong>υἱωνὸς,</strong></span> <span class='ocrx_word' id='word_1_330' title='bbox 1649 1729 1803 1764; x_wconf 76' lang='grc' dir='ltr'>φιλοπόνως</span> 
     </span>
    </p>
   </div>
   <div class='ocr_carea' id='block_1_30' title="bbox 162 1775 956 1814">
    <p class='ocr_par' dir='ltr' id='par_1_30' title="bbox 162 1775 956 1813">
     <span class='ocr_line' id='line_1_30' title="bbox 162 1775 956 1813; baseline 0.001 -11"><span class='ocrx_word' id='word_1_331' title='bbox 162 1776 218 1802; x_wconf 61' lang='grc' dir='ltr'><strong>ἀπὸ</strong></span> <span class='ocrx_word' id='word_1_332' title='bbox 229 1775 366 1810; x_wconf 79' lang='grc' dir='ltr'><strong>διαφόρων</strong></span> <span class='ocrx_word' id='word_1_333' title='bbox 378 1776 509 1810; x_wconf 80' lang='grc' dir='ltr'><strong>ἀθροίσας</strong></span> <span class='ocrx_word' id='word_1_334' title='bbox 522 1776 701 1811; x_wconf 81' lang='grc' dir='ltr'><strong>διηγημάτων</strong></span> <span class='ocrx_word' id='word_1_335' title='bbox 718 1775 757 1812; x_wconf 85' lang='grc' dir='ltr'><strong>τῷ</strong></span> <span class='ocrx_word' id='word_1_336' title='bbox 776 1776 910 1812; x_wconf 77' lang='grc' dir='ltr'><strong>γράφοντι</strong></span> <span class='ocrx_word' id='word_1_337' title='bbox 926 1786 956 1813; x_wconf 69' lang='grc' dir='ltr'><strong>πε</strong></span> 
     </span>
    </p>
   </div>
   <div class='ocr_carea' id='block_1_31' title="bbox 1007 1775 1801 1814">
    <p class='ocr_par' dir='ltr' id='par_1_31' title="bbox 1007 1776 1801 1814">
     <span class='ocr_line' id='line_1_31' title="bbox 1007 1776 1801 1814; baseline -0.004 -10"><span class='ocrx_word' id='word_1_338' title='bbox 1007 1777 1120 1811; x_wconf 79' lang='grc' dir='ltr'><strong>ινέθετο,</strong></span> <span class='ocrx_word' id='word_1_339' title='bbox 1142 1785 1190 1814; x_wconf 90' lang='lat' dir='ltr'><strong>per</strong></span> <span class='ocrx_word' id='word_1_340' title='bbox 1208 1778 1255 1805; x_wconf 67' lang='grc' dir='ltr'><strong>τὸν</strong></span> <span class='ocrx_word' id='word_1_341' title='bbox 1270 1777 1412 1813; x_wconf 75' lang='grc' dir='ltr'>γράφοντα</span> <span class='ocrx_word' id='word_1_342' title='bbox 1431 1776 1554 1811; x_wconf 80' lang='lat' dir='ltr'><strong>intellige</strong></span> <span class='ocrx_word' id='word_1_343' title='bbox 1569 1780 1711 1803; x_wconf 84' lang='lat' dir='ltr'><strong>auctorem</strong></span> <span class='ocrx_word' id='word_1_344' title='bbox 1731 1783 1801 1810; x_wconf 84' lang='lat' dir='ltr'><strong>qua-</strong></span> 
     </span>
    </p>
   </div>
   <div class='ocr_carea' id='block_1_32' title="bbox 162 1820 1803 1858">
    <p class='ocr_par' dir='ltr' id='par_1_32' title="bbox 162 1820 1803 1858">
     <span class='ocr_line' id='line_1_32' title="bbox 162 1820 1803 1858; baseline -0.001 -11"><span class='ocrx_word' id='word_1_345' title='bbox 162 1825 228 1848; x_wconf 81' lang='lat' dir='ltr'><strong>tuor</strong></span> <span class='ocrx_word' id='word_1_346' title='bbox 237 1820 449 1856; x_wconf 64' lang='lat' dir='ltr'><strong>phecedentium</strong></span> <span class='ocrx_word' id='word_1_347' title='bbox 460 1821 604 1853; x_wconf 81' lang='lat' dir='ltr'><strong>librorum,</strong></span> <span class='ocrx_word' id='word_1_348' title='bbox 621 1821 722 1856; x_wconf 88' lang='lat' dir='ltr'><strong>quibus</strong></span> <span class='ocrx_word' id='word_1_349' title='bbox 743 1821 815 1849; x_wconf 93' lang='lat' dir='ltr'><strong>hanc</strong></span> <span class='ocrx_word' id='word_1_350' title='bbox 844 1820 934 1849; x_wconf 82' lang='lat' dir='ltr'><strong>Vitam</strong></span> <span class='ocrx_word' id='word_1_351' title='bbox 959 1821 1031 1850; x_wconf 89' lang='lat' dir='ltr'><strong>bona</strong></span> <span class='ocrx_word' id='word_1_352' title='bbox 1047 1822 1126 1849; x_wconf 88' lang='lat' dir='ltr'><strong>venia</strong></span> <span class='ocrx_word' id='word_1_353' title='bbox 1143 1822 1319 1858; x_wconf 82' lang='lat' dir='ltr'><strong>imperatoris</strong></span> <span class='ocrx_word' id='word_1_354' title='bbox 1345 1820 1506 1854; x_wconf 79' lang='lat' dir='ltr'><strong>subnexuit,</strong></span> <span class='ocrx_word' id='word_1_355' title='bbox 1522 1825 1548 1847; x_wconf 88' lang='lat' dir='ltr'><strong>et</strong></span> <span class='ocrx_word' id='word_1_356' title='bbox 1570 1827 1624 1856; x_wconf 87' lang='lat' dir='ltr'><strong>qua</strong></span> <span class='ocrx_word' id='word_1_357' title='bbox 1643 1823 1760 1847; x_wconf 82' lang='lat' dir='ltr'><strong>testatur</strong></span> <span class='ocrx_word' id='word_1_358' title='bbox 1771 1826 1803 1846; x_wconf 84' lang='lat' dir='ltr'><strong>se</strong></span> 
     </span>
    </p>
   </div>
   <div class='ocr_carea' id='block_1_33' title="bbox 163 1863 1802 1902">
    <p class='ocr_par' dir='ltr' id='par_1_33' title="bbox 163 1863 1802 1902">
     <span class='ocr_line' id='line_1_33' title="bbox 163 1863 1802 1902; baseline -0.002 -9"><span class='ocrx_word' id='word_1_359' title='bbox 163 1865 327 1893; x_wconf 82' lang='lat' dir='ltr'><strong>deterritum</strong></span> <span class='ocrx_word' id='word_1_360' title='bbox 343 1873 415 1897; x_wconf 85' lang='lat' dir='ltr'><strong>esse,</strong></span> <span class='ocrx_word' id='word_1_361' title='bbox 431 1873 467 1892; x_wconf 88' lang='lat' dir='ltr'><strong>ne</strong></span> <span class='ocrx_word' id='word_1_362' title='bbox 485 1869 512 1893; x_wconf 90' lang='lat' dir='ltr'><strong>et</strong></span> <span class='ocrx_word' id='word_1_363' title='bbox 524 1866 582 1900; x_wconf 86' lang='lat' dir='ltr'><strong>ipse</strong></span> <span class='ocrx_word' id='word_1_364' title='bbox 595 1864 686 1893; x_wconf 84' lang='lat' dir='ltr'><strong>Vitam</strong></span> <span class='ocrx_word' id='word_1_365' title='bbox 699 1865 799 1893; x_wconf 83' lang='lat' dir='ltr'><strong>Basilii</strong></span> <span class='ocrx_word' id='word_1_366' title='bbox 811 1865 955 1898; x_wconf 83' lang='lat' dir='ltr'><strong>scriberet,</strong></span> <span class='ocrx_word' id='word_1_367' title='bbox 969 1866 1007 1894; x_wconf 93' lang='lat' dir='ltr'><strong>ita</strong></span> <span class='ocrx_word' id='word_1_368' title='bbox 1020 1867 1093 1894; x_wconf 89' lang='lat' dir='ltr'><strong>enim</strong></span> <span class='ocrx_word' id='word_1_369' title='bbox 1112 1866 1273 1902; x_wconf 80' lang='lat' dir='ltr'><strong>Anonymus</strong></span> <span class='ocrx_word' id='word_1_370' title='bbox 1290 1866 1335 1894; x_wconf 89' lang='lat' dir='ltr'><strong>ille</strong></span> <span class='ocrx_word' id='word_1_371' title='bbox 1357 1865 1490 1894; x_wconf 83' lang='lat' dir='ltr'><strong>Cltronici</strong></span> <span class='ocrx_word' id='word_1_372' title='bbox 1512 1864 1632 1899; x_wconf 86' lang='lat' dir='ltr'><strong>scriptor</strong></span> <span class='ocrx_word' id='word_1_373' title='bbox 1651 1863 1679 1892; x_wconf 92' lang='lat' dir='ltr'><strong>in</strong></span> <span class='ocrx_word' id='word_1_374' title='bbox 1692 1863 1802 1899; x_wconf 58' lang='lat' dir='ltr'><strong>praefat.</strong></span> 
     </span>
    </p>
   </div>
   <div class='ocr_carea' id='block_1_34' title="bbox 163 1907 1805 1945">
    <p class='ocr_par' dir='ltr' id='par_1_34' title="bbox 163 1907 1805 1945">
     <span class='ocr_line' id='line_1_34' title="bbox 163 1907 1805 1945; baseline -0.001 -9"><span class='ocrx_word' id='word_1_375' title='bbox 163 1911 198 1937; x_wconf 77' lang='lat' dir='ltr'><strong>ad</strong></span> <span class='ocrx_word' id='word_1_376' title='bbox 216 1910 342 1937; x_wconf 87' lang='lat' dir='ltr'><strong>eumdem</strong></span> <span class='ocrx_word' id='word_1_377' title='bbox 359 1909 585 1942; x_wconf 86' lang='lat' dir='ltr'><strong>Constantinum,</strong></span> <span class='ocrx_word' id='word_1_378' title='bbox 603 1909 683 1944; x_wconf 90' lang='lat' dir='ltr'><strong>cujus</strong></span> <span class='ocrx_word' id='word_1_379' title='bbox 700 1909 779 1944; x_wconf 88' lang='lat' dir='ltr'><strong>jussu</strong></span> <span class='ocrx_word' id='word_1_380' title='bbox 797 1909 831 1937; x_wconf 91' lang='lat' dir='ltr'><strong>ad</strong></span> <span class='ocrx_word' id='word_1_381' title='bbox 845 1909 1039 1945; x_wconf 84' lang='lat' dir='ltr'><strong>Theophanem</strong></span> <span class='ocrx_word' id='word_1_382' title='bbox 1063 1910 1285 1938; x_wconf 87' lang='lat' dir='ltr'><strong>continuandum</strong></span> <span class='ocrx_word' id='word_1_383' title='bbox 1310 1909 1465 1938; x_wconf 83' lang='lat' dir='ltr'><strong>accessisse</strong></span> <span class='ocrx_word' id='word_1_384' title='bbox 1482 1916 1512 1937; x_wconf 87' lang='lat' dir='ltr'><strong>se</strong></span> <span class='ocrx_word' id='word_1_385' title='bbox 1533 1907 1677 1944; x_wconf 82' lang='lat' dir='ltr'><strong>proﬁtetur</strong></span> <span class='ocrx_word' id='word_1_386' title='bbox 1689 1916 1696 1934; x_wconf 89' lang='lat'>:</span> <span class='ocrx_word' id='word_1_387' title='bbox 1709 1909 1739 1935; x_wconf 87' lang='lat' dir='ltr'><strong>El</strong></span> <span class='ocrx_word' id='word_1_388' title='bbox 1756 1908 1805 1936; x_wconf 76' lang='grc' dir='ltr'><strong>καὶ</strong></span> 
     </span>
    </p>
   </div>
   <div class='ocr_carea' id='block_1_35' title="bbox 166 1952 1806 1989">
    <p class='ocr_par' dir='ltr' id='par_1_35' title="bbox 166 1952 1806 1989">
     <span class='ocr_line' id='line_1_35' title="bbox 166 1952 1806 1989; baseline -0.001 -8"><span class='ocrx_word' id='word_1_389' title='bbox 166 1953 215 1981; x_wconf 65' lang='grc' dir='ltr'><strong>τοῦ</strong></span> <span class='ocrx_word' id='word_1_390' title='bbox 229 1954 352 1989; x_wconf 78' lang='grc' dir='ltr'><strong>ἀοιδίμου</strong></span> <span class='ocrx_word' id='word_1_391' title='bbox 370 1962 417 1980; x_wconf 82' lang='grc' dir='ltr'><strong>σου</strong></span> <span class='ocrx_word' id='word_1_392' title='bbox 432 1953 558 1988; x_wconf 81' lang='grc' dir='ltr'>πάππου,</span> <span class='ocrx_word' id='word_1_393' title='bbox 570 1953 618 1980; x_wconf 81' lang='grc' dir='ltr'><strong>τοῦ</strong></span> <span class='ocrx_word' id='word_1_394' title='bbox 631 1954 662 1981; x_wconf 82' lang='grc' dir='ltr'>ὲν</span> <span class='ocrx_word' id='word_1_395' title='bbox 677 1953 820 1988; x_wconf 81' lang='grc' dir='ltr'><strong>βασιλεῦσι</strong></span> <span class='ocrx_word' id='word_1_396' title='bbox 832 1953 961 1985; x_wconf 78' lang='grc' dir='ltr'><strong>εὐκλεοῦς</strong></span> <span class='ocrx_word' id='word_1_397' title='bbox 975 1954 1120 1981; x_wconf 78' lang='grc' dir='ltr'><strong>Βασιλείου</strong></span> <span class='ocrx_word' id='word_1_398' title='bbox 1134 1954 1168 1980; x_wconf 74' lang='grc' dir='ltr'><strong>τὰ</strong></span> <span class='ocrx_word' id='word_1_399' title='bbox 1187 1954 1264 1989; x_wconf 64' lang='grc' dir='ltr'>παρὰ</span> <span class='ocrx_word' id='word_1_400' title='bbox 1280 1953 1326 1980; x_wconf 77' lang='grc' dir='ltr'><strong>σοῦ</strong></span> <span class='ocrx_word' id='word_1_401' title='bbox 1347 1953 1538 1988; x_wconf 74' lang='grc' dir='ltr'><strong>ἱστορούμενα,</strong></span> <span class='ocrx_word' id='word_1_402' title='bbox 1557 1952 1604 1980; x_wconf 76' lang='grc' dir='ltr'><strong>καὶ</strong></span> <span class='ocrx_word' id='word_1_403' title='bbox 1623 1953 1693 1988; x_wconf 83' lang='grc' dir='ltr'><strong>μετὰ</strong></span> <span class='ocrx_word' id='word_1_404' title='bbox 1713 1953 1806 1988; x_wconf 81' lang='grc' dir='ltr'><strong>πάσης</strong></span> 
     </span>
    </p>
   </div>
   <div class='ocr_carea' id='block_1_36' title="bbox 172 1992 1806 2033">
    <p class='ocr_par' dir='ltr' id='par_1_36' title="bbox 172 1992 1806 2033">
     <span class='ocr_line' id='line_1_36' title="bbox 172 1992 1806 2033; baseline -0.001 -9"><span class='ocrx_word' id='word_1_405' title='bbox 172 1998 314 2033; x_wconf 70' lang='grc' dir='ltr'><strong>σαφηνείας</strong></span> <span class='ocrx_word' id='word_1_406' title='bbox 330 1997 379 2024; x_wconf 74' lang='grc' dir='ltr'><strong>καὶ</strong></span> <span class='ocrx_word' id='word_1_407' title='bbox 394 1997 473 2032; x_wconf 82' lang='grc' dir='ltr'>λόγου</span> <span class='ocrx_word' id='word_1_408' title='bbox 489 1997 640 2033; x_wconf 76' lang='grc' dir='ltr'><strong>εὐκοσμίας</strong></span> <span class='ocrx_word' id='word_1_409' title='bbox 666 1997 737 2024; x_wconf 77' lang='grc' dir='ltr'><strong>κατὰ</strong></span> <span class='ocrx_word' id='word_1_410' title='bbox 761 1996 793 2024; x_wconf 79' lang='grc' dir='ltr'><strong>τὸ</strong></span> <span class='ocrx_word' id='word_1_411' title='bbox 816 1997 872 2024; x_wconf 83' lang='grc' dir='ltr'><strong>τῶν</strong></span> <span class='ocrx_word' id='word_1_412' title='bbox 891 1997 1048 2033; x_wconf 81' lang='grc' dir='ltr'><strong>γενομένων</strong></span> <span class='ocrx_word' id='word_1_413' title='bbox 1073 1992 1173 2032; x_wconf 56' lang='lat' dir='ltr'><strong>atque;</strong></span> <span class='ocrx_word' id='word_1_414' title='bbox 1191 1998 1239 2024; x_wconf 77' lang='grc' dir='ltr'><strong>καὶ</strong></span> <span class='ocrx_word' id='word_1_415' title='bbox 1260 1997 1407 2032; x_wconf 76' lang='grc' dir='ltr'><strong>εἰλικρινὲς</strong></span> <span class='ocrx_word' id='word_1_416' title='bbox 1422 1997 1462 2028; x_wconf 79' lang='lat' dir='ltr'><strong>si;</strong></span> <span class='ocrx_word' id='word_1_417' title='bbox 1481 1997 1512 2022; x_wconf 79' lang='grc' dir='ltr'>τὸ</span> <span class='ocrx_word' id='word_1_418' title='bbox 1528 1996 1648 2032; x_wconf 75' lang='grc' dir='ltr'>φανερὸν</span> <span class='ocrx_word' id='word_1_419' title='bbox 1664 1996 1741 2031; x_wconf 83' lang='grc' dir='ltr'><strong>παρὰ</strong></span> <span class='ocrx_word' id='word_1_420' title='bbox 1754 1996 1806 2030; x_wconf 79' lang='grc' dir='ltr'><strong>τῆς</strong></span> 
     </span>
    </p>
   </div>
   <div class='ocr_carea' id='block_1_37' title="bbox 167 2039 1806 2078">
    <p class='ocr_par' dir='ltr' id='par_1_37' title="bbox 167 2039 1806 2078">
     <span class='ocr_line' id='line_1_37' title="bbox 167 2039 1806 2078; baseline -0.002 -10"><span class='ocrx_word' id='word_1_421' title='bbox 167 2042 218 2076; x_wconf 84' lang='grc' dir='ltr'><strong>σῆς</strong></span> <span class='ocrx_word' id='word_1_422' title='bbox 234 2042 478 2077; x_wconf 76' lang='grc' dir='ltr'><strong>πολυμαθεστάτης</strong></span> <span class='ocrx_word' id='word_1_423' title='bbox 492 2042 623 2078; x_wconf 67' lang='grc' dir='ltr'><strong>εἰδήσεως</strong></span> <span class='ocrx_word' id='word_1_424' title='bbox 637 2040 863 2077; x_wconf 74' lang='grc' dir='ltr'><strong>ὲξαγορευθὲντα.</strong></span> <span class='ocrx_word' id='word_1_425' title='bbox 881 2041 1010 2077; x_wconf 74' lang='grc' dir='ltr'><strong>περιττὸν</strong></span> <span class='ocrx_word' id='word_1_426' title='bbox 1025 2041 1059 2069; x_wconf 78' lang='grc' dir='ltr'>ἂν</span> <span class='ocrx_word' id='word_1_427' title='bbox 1073 2041 1117 2077; x_wconf 77' lang='grc' dir='ltr'><strong>εἴη</strong></span> <span class='ocrx_word' id='word_1_428' title='bbox 1132 2041 1270 2068; x_wconf 82' lang='grc' dir='ltr'><strong>οὺδοτιοῦν</strong></span> <span class='ocrx_word' id='word_1_429' title='bbox 1286 2040 1483 2076; x_wconf 82' lang='grc' dir='ltr'><strong>διηγήσασθαι.</strong></span> <span class='ocrx_word' id='word_1_430' title='bbox 1499 2039 1654 2073; x_wconf 86' lang='lat' dir='ltr'><strong>Labbcum,</strong></span> <span class='ocrx_word' id='word_1_431' title='bbox 1669 2040 1717 2075; x_wconf 88' lang='lat' dir='ltr'><strong>qui</strong></span> <span class='ocrx_word' id='word_1_432' title='bbox 1735 2040 1806 2066; x_wconf 82' lang='lat' dir='ltr'><strong>hanc</strong></span> 
     </span>
    </p>
   </div>
   <div class='ocr_carea' id='block_1_38' title="bbox 164 2081 1806 2122">
    <p class='ocr_par' dir='ltr' id='par_1_38' title="bbox 164 2081 1806 2122">
     <span class='ocr_line' id='line_1_38' title="bbox 164 2081 1806 2122; baseline -0.004 -8"><span class='ocrx_word' id='word_1_433' title='bbox 164 2085 257 2114; x_wconf 83' lang='lat' dir='ltr'><strong>Vitam</strong></span> <span class='ocrx_word' id='word_1_434' title='bbox 272 2094 324 2114; x_wconf 93' lang='lat' dir='ltr'><strong>non</strong></span> <span class='ocrx_word' id='word_1_435' title='bbox 337 2095 352 2114; x_wconf 90' lang='lat' dir='ltr'><strong>a</strong></span> <span class='ocrx_word' id='word_1_436' title='bbox 368 2087 553 2115; x_wconf 84' lang='lat' dir='ltr'><strong>Constantino</strong></span> <span class='ocrx_word' id='word_1_437' title='bbox 570 2087 642 2122; x_wconf 84' lang='lat' dir='ltr'><strong>ipso,</strong></span> <span class='ocrx_word' id='word_1_438' title='bbox 657 2087 704 2114; x_wconf 87' lang='lat' dir='ltr'><strong>sed</strong></span> <span class='ocrx_word' id='word_1_439' title='bbox 720 2087 754 2113; x_wconf 92' lang='lat' dir='ltr'><strong>ab</strong></span> <span class='ocrx_word' id='word_1_440' title='bbox 766 2086 820 2114; x_wconf 89' lang='lat' dir='ltr'><strong>alio</strong></span> <span class='ocrx_word' id='word_1_441' title='bbox 835 2085 897 2120; x_wconf 87' lang='lat' dir='ltr'><strong>ejus</strong></span> <span class='ocrx_word' id='word_1_442' title='bbox 909 2086 991 2121; x_wconf 82' lang='lat' dir='ltr'><strong>jussu</strong></span> <span class='ocrx_word' id='word_1_443' title='bbox 1013 2085 1146 2119; x_wconf 81' lang='lat' dir='ltr'><strong>scriptam</strong></span> <span class='ocrx_word' id='word_1_444' title='bbox 1161 2088 1204 2111; x_wconf 88' lang='lat' dir='ltr'><strong>est</strong></span> <span class='ocrx_word' id='word_1_445' title='bbox 1216 2083 1387 2118; x_wconf 85' lang='lat' dir='ltr'><strong>suspicatus,</strong></span> <span class='ocrx_word' id='word_1_446' title='bbox 1400 2082 1502 2110; x_wconf 77' lang='lat' dir='ltr'><strong>refellit</strong></span> <span class='ocrx_word' id='word_1_447' title='bbox 1514 2081 1646 2110; x_wconf 82' lang='lat' dir='ltr'><strong>Martinus</strong></span> <span class='ocrx_word' id='word_1_448' title='bbox 1663 2081 1806 2109; x_wconf 76' lang='lat' dir='ltr'><strong>Hanckius</strong></span> 
     </span>
    </p>
   </div>
   <div class='ocr_carea' id='block_1_39' title="bbox 163 2126 1805 2166">
    <p class='ocr_par' dir='ltr' id='par_1_39' title="bbox 163 2126 1805 2166">
     <span class='ocr_line' id='line_1_39' title="bbox 163 2126 1805 2166; baseline -0.004 -8"><span class='ocrx_word' id='word_1_449' title='bbox 163 2131 205 2159; x_wconf 85' lang='lat' dir='ltr'><strong>De</strong></span> <span class='ocrx_word' id='word_1_450' title='bbox 219 2131 294 2159; x_wconf 69' lang='lat' dir='ltr'><strong>Hist.</strong></span> <span class='ocrx_word' id='word_1_451' title='bbox 310 2131 377 2166; x_wconf 81' lang='lat' dir='ltr'><strong>Byz.</strong></span> <span class='ocrx_word' id='word_1_452' title='bbox 394 2132 568 2166; x_wconf 74' lang='lat' dir='ltr'><strong>scriptoribus</strong></span> <span class='ocrx_word' id='word_1_453' title='bbox 588 2139 614 2166; x_wconf 92' lang='lat' dir='ltr'><strong>p.</strong></span> <span class='ocrx_word' id='word_1_454' title='bbox 632 2131 696 2161; x_wconf 75' lang='grc'><strong>475,</strong></span> <span class='ocrx_word' id='word_1_455' title='bbox 724 2135 807 2166; x_wconf 87' lang='lat' dir='ltr'><strong>atque</strong></span> <span class='ocrx_word' id='word_1_456' title='bbox 830 2131 907 2158; x_wconf 82' lang='lat' dir='ltr'><strong>solus</strong></span> <span class='ocrx_word' id='word_1_457' title='bbox 922 2129 968 2158; x_wconf 90' lang='lat' dir='ltr'><strong>ille</strong></span> <span class='ocrx_word' id='word_1_458' title='bbox 984 2127 1119 2164; x_wconf 79' lang='lat' dir='ltr'><strong>(Hancltio</strong></span> <span class='ocrx_word' id='word_1_459' title='bbox 1142 2135 1193 2156; x_wconf 89' lang='lat' dir='ltr'><strong>nec</strong></span> <span class='ocrx_word' id='word_1_460' title='bbox 1210 2127 1288 2156; x_wconf 86' lang='lat' dir='ltr'><strong>visus</strong></span> <span class='ocrx_word' id='word_1_461' title='bbox 1313 2126 1459 2162; x_wconf 83' lang='lat' dir='ltr'><strong>scriptoris</strong></span> <span class='ocrx_word' id='word_1_462' title='bbox 1478 2126 1610 2161; x_wconf 84' lang='lat' dir='ltr'><strong>anonymi</strong></span> <span class='ocrx_word' id='word_1_463' title='bbox 1623 2126 1711 2158; x_wconf 83' lang='lat' dir='ltr'><strong>locus,</strong></span> <span class='ocrx_word' id='word_1_464' title='bbox 1735 2134 1805 2154; x_wconf 90' lang='lat' dir='ltr'><strong>non-</strong></span> 
     </span>
    </p>
   </div>
   <div class='ocr_carea' id='block_1_40' title="bbox 162 2170 1806 2211">
    <p class='ocr_par' dir='ltr' id='par_1_40' title="bbox 162 2170 1806 2211">
     <span class='ocr_line' id='line_1_40' title="bbox 162 2170 1806 2211; baseline -0.002 -9"><span class='ocrx_word' id='word_1_465' title='bbox 162 2175 229 2202; x_wconf 86' lang='lat' dir='ltr'><strong>dum</strong></span> <span class='ocrx_word' id='word_1_466' title='bbox 240 2176 315 2204; x_wconf 85' lang='lat' dir='ltr'><strong>enim</strong></span> <span class='ocrx_word' id='word_1_467' title='bbox 329 2175 478 2211; x_wconf 88' lang='lat' dir='ltr'><strong>prodierat)</strong></span> <span class='ocrx_word' id='word_1_468' title='bbox 494 2175 594 2204; x_wconf 84' lang='lat' dir='ltr'><strong>sutlicit</strong></span> <span class='ocrx_word' id='word_1_469' title='bbox 609 2175 644 2203; x_wconf 90' lang='lat' dir='ltr'><strong>ab</strong></span> <span class='ocrx_word' id='word_1_470' title='bbox 655 2174 756 2202; x_wconf 72' lang='lat' dir='ltr'><strong>Labloei</strong></span> <span class='ocrx_word' id='word_1_471' title='bbox 768 2180 795 2202; x_wconf 87' lang='lat' dir='ltr'><strong>et</strong></span> <span class='ocrx_word' id='word_1_472' title='bbox 810 2174 858 2210; x_wconf 89' lang='lat' dir='ltr'><strong>qui</strong></span> <span class='ocrx_word' id='word_1_473' title='bbox 875 2181 938 2202; x_wconf 89' lang='lat' dir='ltr'><strong>eum</strong></span> <span class='ocrx_word' id='word_1_474' title='bbox 953 2173 1080 2209; x_wconf 85' lang='lat' dir='ltr'><strong>sequitur</strong></span> <span class='ocrx_word' id='word_1_475' title='bbox 1090 2172 1172 2201; x_wconf 85' lang='lat' dir='ltr'><strong>Cavei</strong></span> <span class='ocrx_word' id='word_1_476' title='bbox 1187 2173 1245 2208; x_wconf 93' lang='lat' dir='ltr'><strong>(ubi</strong></span> <span class='ocrx_word' id='word_1_477' title='bbox 1259 2172 1294 2201; x_wconf 88' lang='lat' dir='ltr'><strong>de</strong></span> <span class='ocrx_word' id='word_1_478' title='bbox 1310 2172 1424 2200; x_wconf 87' lang='lat' dir='ltr'><strong>Leontio</strong></span> <span class='ocrx_word' id='word_1_479' title='bbox 1437 2170 1502 2207; x_wconf 83' lang='lat' dir='ltr'><strong>Byz.</strong></span> <span class='ocrx_word' id='word_1_480' title='bbox 1520 2171 1732 2207; x_wconf 80' lang='lat' dir='ltr'><strong>chronographo</strong></span> <span class='ocrx_word' id='word_1_481' title='bbox 1748 2172 1806 2206; x_wconf 76' lang='lat' dir='ltr'><strong>agit</strong></span> 
     </span>
    </p>
   </div>
   <div class='ocr_carea' id='block_1_41' title="bbox 163 2219 757 2255">
    <p class='ocr_par' dir='ltr' id='par_1_41' title="bbox 163 2219 757 2255">
     <span class='ocr_line' id='line_1_41' title="bbox 163 2219 757 2255; baseline -0.003 -7"><span class='ocrx_word' id='word_1_482' title='bbox 163 2221 198 2248; x_wconf 84' lang='lat' dir='ltr'><strong>ad</strong></span> <span class='ocrx_word' id='word_1_483' title='bbox 215 2222 250 2248; x_wconf 79' lang='grc' dir='ltr'><strong>Δ.</strong></span> <span class='ocrx_word' id='word_1_484' title='bbox 266 2221 298 2248; x_wconf 86' lang='lat' dir='ltr'><strong>C.</strong></span> <span class='ocrx_word' id='word_1_485' title='bbox 309 2220 373 2255; x_wconf 73' lang='lat'><strong>920)</strong></span> <span class='ocrx_word' id='word_1_486' title='bbox 389 2221 576 2255; x_wconf 86' lang='lat' dir='ltr'><strong>conjecturam</strong></span> <span class='ocrx_word' id='word_1_487' title='bbox 592 2219 757 2247; x_wconf 87' lang='lat' dir='ltr'><strong>elidendam.</strong></span> 
     </span>
    </p>
   </div>
   <div class='ocr_carea' id='block_1_42' title="bbox 202 2259 1805 2300">
    <p class='ocr_par' dir='ltr' id='par_1_42' title="bbox 202 2259 1805 2300">
     <span class='ocr_line' id='line_1_42' title="bbox 202 2259 1805 2300; baseline -0.003 -8"><span class='ocrx_word' id='word_1_488' title='bbox 202 2265 230 2292; x_wconf 76' lang='lat'><strong>5.</strong></span> <span class='ocrx_word' id='word_1_489' title='bbox 246 2266 394 2293; x_wconf 72' lang='lat' dir='ltr'><strong>Anouruus</strong></span> <span class='ocrx_word' id='word_1_490' title='bbox 405 2264 489 2300; x_wconf 89' lang='lat' dir='ltr'><strong>(alius</strong></span> <span class='ocrx_word' id='word_1_491' title='bbox 505 2269 535 2291; x_wconf 85' lang='lat' dir='ltr'><strong>ut</strong></span> <span class='ocrx_word' id='word_1_492' title='bbox 546 2263 654 2291; x_wconf 89' lang='lat' dir='ltr'><strong>videtur</strong></span> <span class='ocrx_word' id='word_1_493' title='bbox 667 2267 694 2290; x_wconf 90' lang='lat' dir='ltr'><strong>et</strong></span> <span class='ocrx_word' id='word_1_494' title='bbox 711 2262 881 2291; x_wconf 81' lang='lat' dir='ltr'><strong>succinctior</strong></span> <span class='ocrx_word' id='word_1_495' title='bbox 892 2269 975 2298; x_wconf 84' lang='lat' dir='ltr'><strong>quam</strong></span> <span class='ocrx_word' id='word_1_496' title='bbox 987 2262 1034 2298; x_wconf 92' lang='lat' dir='ltr'><strong>qui</strong></span> <span class='ocrx_word' id='word_1_497' title='bbox 1052 2261 1176 2298; x_wconf 85' lang='lat' dir='ltr'><strong>priorum</strong></span> <span class='ocrx_word' id='word_1_498' title='bbox 1191 2266 1312 2298; x_wconf 87' lang='lat' dir='ltr'><strong>quatuor</strong></span> <span class='ocrx_word' id='word_1_499' title='bbox 1329 2261 1464 2289; x_wconf 89' lang='lat' dir='ltr'><strong>librorum</strong></span> <span class='ocrx_word' id='word_1_500' title='bbox 1482 2265 1526 2289; x_wconf 83' lang='lat' dir='ltr'><strong>est</strong></span> <span class='ocrx_word' id='word_1_501' title='bbox 1543 2261 1653 2295; x_wconf 82' lang='lat' dir='ltr'><strong>auctor)</strong></span> <span class='ocrx_word' id='word_1_502' title='bbox 1671 2259 1708 2288; x_wconf 85' lang='lat' dir='ltr'><strong>Ds</strong></span> <span class='ocrx_word' id='word_1_503' title='bbox 1726 2261 1805 2288; x_wconf 81' lang='lat' dir='ltr'><strong>rebus</strong></span> 
     </span>
    </p>
   </div>
   <div class='ocr_carea' id='block_1_43' title="bbox 163 2307 1804 2347">
    <p class='ocr_par' dir='ltr' id='par_1_43' title="bbox 163 2307 1804 2347">
     <span class='ocr_line' id='line_1_43' title="bbox 163 2307 1804 2347; baseline -0.004 -7"><span class='ocrx_word' id='word_1_504' title='bbox 163 2312 262 2340; x_wconf 75' lang='lat' dir='ltr'><strong>Leonis</strong></span> <span class='ocrx_word' id='word_1_505' title='bbox 278 2311 443 2346; x_wconf 76' lang='lat' dir='ltr'><strong>Philosophi,</strong></span> <span class='ocrx_word' id='word_1_506' title='bbox 458 2311 504 2347; x_wconf 86' lang='lat' dir='ltr'><strong>qui</strong></span> <span class='ocrx_word' id='word_1_507' title='bbox 523 2310 616 2339; x_wconf 84' lang='lat' dir='ltr'><strong>Basilii</strong></span> <span class='ocrx_word' id='word_1_508' title='bbox 639 2310 712 2338; x_wconf 80' lang='lat' dir='ltr'><strong>ﬁlius</strong></span> <span class='ocrx_word' id='word_1_509' title='bbox 728 2314 756 2338; x_wconf 86' lang='lat' dir='ltr'><strong>et</strong></span> <span class='ocrx_word' id='word_1_510' title='bbox 771 2317 918 2338; x_wconf 86' lang='lat' dir='ltr'><strong>successor</strong></span> <span class='ocrx_word' id='word_1_511' title='bbox 938 2309 999 2341; x_wconf 81' lang='lat' dir='ltr'><strong>luit,</strong></span> <span class='ocrx_word' id='word_1_512' title='bbox 1023 2317 1084 2345; x_wconf 87' lang='lat' dir='ltr'><strong>pag.</strong></span> <span class='ocrx_word' id='word_1_513' title='bbox 1101 2309 1236 2336; x_wconf 71' lang='grc' dir='ltr'><strong>’ΞΠ-232.</strong></span> <span class='ocrx_word' id='word_1_514' title='bbox 1253 2308 1289 2337; x_wconf 85' lang='lat' dir='ltr'><strong>De</strong></span> <span class='ocrx_word' id='word_1_515' title='bbox 1305 2308 1462 2336; x_wconf 70' lang='lat' dir='ltr'><strong>Alexandro</strong></span> <span class='ocrx_word' id='word_1_516' title='bbox 1477 2307 1574 2336; x_wconf 80' lang='lat' dir='ltr'><strong>Leonis</strong></span> <span class='ocrx_word' id='word_1_517' title='bbox 1588 2308 1674 2343; x_wconf 81' lang='lat' dir='ltr'><strong>fratre</strong></span> <span class='ocrx_word' id='word_1_518' title='bbox 1690 2315 1717 2343; x_wconf 88' lang='lat' dir='ltr'><strong>p.</strong></span> <span class='ocrx_word' id='word_1_519' title='bbox 1737 2307 1804 2340; x_wconf 73' lang='grc'><strong>255,</strong></span> 
     </span>
    </p>
   </div>
   <div class='ocr_carea' id='block_1_44' title="bbox 161 2352 1803 2390">
    <p class='ocr_par' dir='ltr' id='par_1_44' title="bbox 161 2352 1803 2390">
     <span class='ocr_line' id='line_1_44' title="bbox 161 2352 1803 2390; baseline -0.002 -7"><span class='ocrx_word' id='word_1_520' title='bbox 161 2355 229 2383; x_wconf 72' lang='grc'><strong>254.</strong></span> <span class='ocrx_word' id='word_1_521' title='bbox 255 2354 293 2382; x_wconf 81' lang='lat' dir='ltr'><strong>De</strong></span> <span class='ocrx_word' id='word_1_522' title='bbox 313 2355 489 2383; x_wconf 82' lang='lat' dir='ltr'><strong>Constantino</strong></span> <span class='ocrx_word' id='word_1_523' title='bbox 511 2355 763 2390; x_wconf 76' lang='lat' dir='ltr'><strong>Porphyrogenneto</strong></span> <span class='ocrx_word' id='word_1_524' title='bbox 776 2353 871 2381; x_wconf 67' lang='lat' dir='ltr'><strong>Lentus</strong></span> <span class='ocrx_word' id='word_1_525' title='bbox 887 2352 933 2386; x_wconf 82' lang='lat' dir='ltr'><strong>F.,</strong></span> <span class='ocrx_word' id='word_1_526' title='bbox 947 2353 996 2390; x_wconf 87' lang='lat' dir='ltr'><strong>qui</strong></span> <span class='ocrx_word' id='word_1_527' title='bbox 1024 2361 1093 2389; x_wconf 84' lang='lat' dir='ltr'><strong>puer</strong></span> <span class='ocrx_word' id='word_1_528' title='bbox 1120 2353 1262 2388; x_wconf 72' lang='lat' dir='ltr'><strong>septennia</strong></span> <span class='ocrx_word' id='word_1_529' title='bbox 1281 2353 1409 2389; x_wconf 85' lang='lat' dir='ltr'><strong>pervenit</strong></span> <span class='ocrx_word' id='word_1_530' title='bbox 1429 2353 1462 2380; x_wconf 91' lang='lat' dir='ltr'><strong>ad</strong></span> <span class='ocrx_word' id='word_1_531' title='bbox 1484 2352 1678 2388; x_wconf 85' lang='lat' dir='ltr'><strong>impcrium,et</strong></span> <span class='ocrx_word' id='word_1_532' title='bbox 1695 2353 1803 2387; x_wconf 86' lang='lat' dir='ltr'><strong>primus</strong></span> 
     </span>
    </p>
   </div>
   <div class='ocr_carea' id='block_1_45' title="bbox 162 2395 1803 2436">
    <p class='ocr_par' dir='ltr' id='par_1_45' title="bbox 162 2395 1803 2436">
     <span class='ocr_line' id='line_1_45' title="bbox 162 2395 1803 2436; baseline -0.004 -8"><span class='ocrx_word' id='word_1_533' title='bbox 162 2404 273 2435; x_wconf 79' lang='lat' dir='ltr'><strong>septem</strong></span> <span class='ocrx_word' id='word_1_534' title='bbox 290 2407 380 2428; x_wconf 86' lang='lat' dir='ltr'><strong>annos</strong></span> <span class='ocrx_word' id='word_1_535' title='bbox 396 2400 448 2427; x_wconf 87' lang='lat' dir='ltr'><strong>sub</strong></span> <span class='ocrx_word' id='word_1_536' title='bbox 457 2398 570 2427; x_wconf 87' lang='lat' dir='ltr'><strong>Nicolao</strong></span> <span class='ocrx_word' id='word_1_537' title='bbox 595 2398 753 2434; x_wconf 84' lang='lat' dir='ltr'><strong>patriarcha</strong></span> <span class='ocrx_word' id='word_1_538' title='bbox 773 2402 800 2426; x_wconf 91' lang='lat' dir='ltr'><strong>et</strong></span> <span class='ocrx_word' id='word_1_539' title='bbox 823 2398 886 2426; x_wconf 87' lang='lat' dir='ltr'><strong>aliis</strong></span> <span class='ocrx_word' id='word_1_540' title='bbox 902 2398 1051 2430; x_wconf 86' lang='lat' dir='ltr'><strong>tutoribus,</strong></span> <span class='ocrx_word' id='word_1_541' title='bbox 1074 2401 1162 2425; x_wconf 87' lang='lat' dir='ltr'><strong>matre</strong></span> <span class='ocrx_word' id='word_1_542' title='bbox 1185 2396 1251 2430; x_wconf 80' lang='lat' dir='ltr'><strong>Zoe,</strong></span> <span class='ocrx_word' id='word_1_543' title='bbox 1269 2404 1358 2425; x_wconf 88' lang='lat' dir='ltr'><strong>annos</strong></span> <span class='ocrx_word' id='word_1_544' title='bbox 1381 2404 1430 2425; x_wconf 80' lang='lat' dir='ltr'><strong>sex</strong></span> <span class='ocrx_word' id='word_1_545' title='bbox 1444 2401 1472 2424; x_wconf 88' lang='lat' dir='ltr'><strong>et</strong></span> <span class='ocrx_word' id='word_1_546' title='bbox 1483 2396 1580 2432; x_wconf 83' lang='lat' dir='ltr'><strong>viginti</strong></span> <span class='ocrx_word' id='word_1_547' title='bbox 1598 2403 1661 2424; x_wconf 91' lang='lat' dir='ltr'><strong>cum</strong></span> <span class='ocrx_word' id='word_1_548' title='bbox 1677 2395 1803 2436; x_wconf 57' lang='lat' dir='ltr'><strong>Iiomauo</strong></span> 
     </span>
    </p>
   </div>
   <div class='ocr_carea' id='block_1_46' title="bbox 162 2441 1805 2480">
    <p class='ocr_par' dir='ltr' id='par_1_46' title="bbox 162 2441 1805 2480">
     <span class='ocr_line' id='line_1_46' title="bbox 162 2441 1805 2480; baseline -0.002 -9"><span class='ocrx_word' id='word_1_549' title='bbox 162 2442 324 2480; x_wconf 84' lang='lat' dir='ltr'><strong>Lacapeno,</strong></span> <span class='ocrx_word' id='word_1_550' title='bbox 336 2451 446 2477; x_wconf 82' lang='lat' dir='ltr'><strong>soeero,</strong></span> <span class='ocrx_word' id='word_1_551' title='bbox 464 2451 496 2471; x_wconf 92' lang='lat' dir='ltr'><strong>ac</strong></span> <span class='ocrx_word' id='word_1_552' title='bbox 510 2444 631 2478; x_wconf 88' lang='lat' dir='ltr'><strong>denique</strong></span> <span class='ocrx_word' id='word_1_553' title='bbox 642 2443 719 2471; x_wconf 88' lang='lat' dir='ltr'><strong>solus</strong></span> <span class='ocrx_word' id='word_1_554' title='bbox 732 2449 821 2470; x_wconf 85' lang='lat' dir='ltr'><strong>annos</strong></span> <span class='ocrx_word' id='word_1_555' title='bbox 832 2442 990 2478; x_wconf 86' lang='lat' dir='ltr'><strong>quindecim</strong></span> <span class='ocrx_word' id='word_1_556' title='bbox 1004 2441 1123 2479; x_wconf 58' lang='lat' dir='ltr'><strong>praefuit,</strong></span> <span class='ocrx_word' id='word_1_557' title='bbox 1136 2446 1219 2478; x_wconf 82' lang='lat' dir='ltr'><strong>atque</strong></span> <span class='ocrx_word' id='word_1_558' title='bbox 1231 2442 1267 2469; x_wconf 88' lang='lat' dir='ltr'><strong>ita</strong></span> <span class='ocrx_word' id='word_1_559' title='bbox 1283 2449 1333 2477; x_wconf 88' lang='lat' dir='ltr'><strong>per</strong></span> <span class='ocrx_word' id='word_1_560' title='bbox 1346 2449 1434 2469; x_wconf 91' lang='lat' dir='ltr'><strong>annos</strong></span> <span class='ocrx_word' id='word_1_561' title='bbox 1450 2449 1483 2469; x_wconf 78' lang='grc' dir='ltr'><strong>ιν</strong></span> <span class='ocrx_word' id='word_1_562' title='bbox 1502 2441 1572 2468; x_wconf 81' lang='lat' dir='ltr'><strong>vixit</strong></span> <span class='ocrx_word' id='word_1_563' title='bbox 1586 2441 1805 2476; x_wconf 79' lang='lat' dir='ltr'><strong>dignitatemque</strong></span> 
     </span>
    </p>
   </div>
   <div class='ocr_carea' id='block_1_47' title="bbox 162 2484 1802 2525">
    <p class='ocr_par' dir='ltr' id='par_1_47' title="bbox 162 2484 1802 2525">
     <span class='ocr_line' id='line_1_47' title="bbox 162 2484 1802 2525; baseline -0.002 -9"><span class='ocrx_word' id='word_1_564' title='bbox 162 2488 342 2525; x_wconf 81' lang='lat' dir='ltr'><strong>imperatoris</strong></span> <span class='ocrx_word' id='word_1_565' title='bbox 358 2488 439 2524; x_wconf 86' lang='lat' dir='ltr'><strong>gessit</strong></span> <span class='ocrx_word' id='word_1_566' title='bbox 455 2497 461 2515; x_wconf 93' lang='lat'>:</span> <span class='ocrx_word' id='word_1_567' title='bbox 479 2496 542 2524; x_wconf 84' lang='lat' dir='ltr'><strong>pug.</strong></span> <span class='ocrx_word' id='word_1_568' title='bbox 558 2487 688 2516; x_wconf 74' lang='lat'><strong>255-292.</strong></span> <span class='ocrx_word' id='word_1_569' title='bbox 707 2487 741 2514; x_wconf 86' lang='lat' dir='ltr'><strong>Et</strong></span> <span class='ocrx_word' id='word_1_570' title='bbox 753 2486 792 2515; x_wconf 72' lang='lat' dir='ltr'><strong>De</strong></span> <span class='ocrx_word' id='word_1_571' title='bbox 808 2485 927 2514; x_wconf 80' lang='lat' dir='ltr'><strong>Romano</strong></span> <span class='ocrx_word' id='word_1_572' title='bbox 936 2487 1046 2522; x_wconf 81' lang='lat' dir='ltr'><strong>juniore</strong></span> <span class='ocrx_word' id='word_1_573' title='bbox 1059 2486 1230 2515; x_wconf 78' lang='lat' dir='ltr'><strong>Constantini</strong></span> <span class='ocrx_word' id='word_1_574' title='bbox 1246 2486 1491 2522; x_wconf 76' lang='lat' dir='ltr'><strong>Porphgrogenneti</strong></span> <span class='ocrx_word' id='word_1_575' title='bbox 1502 2486 1577 2521; x_wconf 78' lang='lat' dir='ltr'><strong>filio,</strong></span> <span class='ocrx_word' id='word_1_576' title='bbox 1592 2492 1653 2520; x_wconf 81' lang='lat' dir='ltr'><strong>pag.</strong></span> <span class='ocrx_word' id='word_1_577' title='bbox 1668 2484 1802 2513; x_wconf 72' lang='lat'><strong>293-500.</strong></span> 
     </span>
    </p>
   </div>
   <div class='ocr_carea' id='block_1_48' title="bbox 202 2585 1802 2626">
    <p class='ocr_par' dir='ltr' id='par_1_48' title="bbox 202 2585 1802 2626">
     <span class='ocr_line' id='line_1_48' title="bbox 202 2585 1802 2626; baseline -0.003 -9"><span class='ocrx_word' id='word_1_578' title='bbox 202 2590 241 2626; x_wconf 83' lang='grc' dir='ltr'><strong>(ο)</strong></span> <span class='ocrx_word' id='word_1_579' title='bbox 256 2590 346 2626; x_wconf 31' lang='lat' dir='ltr'><strong>Obiit&quot;</strong></span> <span class='ocrx_word' id='word_1_580' title='bbox 356 2590 537 2618; x_wconf 84' lang='lat' dir='ltr'><strong>Combctisius</strong></span> <span class='ocrx_word' id='word_1_581' title='bbox 554 2589 669 2617; x_wconf 86' lang='lat' dir='ltr'><strong>Parisiis</strong></span> <span class='ocrx_word' id='word_1_582' title='bbox 684 2589 717 2626; x_wconf 66' lang='grc' dir='ltr'><strong>Α.</strong></span> <span class='ocrx_word' id='word_1_583' title='bbox 730 2589 813 2626; x_wconf 73' lang='lat' dir='ltr'><strong>i679,</strong></span> <span class='ocrx_word' id='word_1_584' title='bbox 826 2588 865 2626; x_wconf 61' lang='grc' dir='ltr'><strong>ἓξ</strong></span> <span class='ocrx_word' id='word_1_585' title='bbox 879 2588 957 2626; x_wconf 60' lang='lat' dir='ltr'><strong>Jun,</strong></span> <span class='ocrx_word' id='word_1_586' title='bbox 1012 2588 1040 2616; x_wconf 92' lang='lat' dir='ltr'><strong>in</strong></span> <span class='ocrx_word' id='word_1_587' title='bbox 1056 2587 1220 2626; x_wconf 71' lang='lat' dir='ltr'><strong>Bibliotheca</strong></span> <span class='ocrx_word' id='word_1_588' title='bbox 1231 2587 1389 2622; x_wconf 75' lang='lat' dir='ltr'><strong>scriptorum</strong></span> <span class='ocrx_word' id='word_1_589' title='bbox 1398 2585 1651 2619; x_wconf 75' lang='lat' dir='ltr'><strong>ecrlesiaslicorum,</strong></span> <span class='ocrx_word' id='word_1_590' title='bbox 1669 2590 1689 2612; x_wconf 93' lang='lat' dir='ltr'><strong>t.</strong></span> <span class='ocrx_word' id='word_1_591' title='bbox 1708 2585 1802 2618; x_wconf 73' lang='lat' dir='ltr'><strong>XVIII,</strong></span> 
     </span>
    </p>
   </div>
   <div class='ocr_carea' id='block_1_49' title="bbox 169 2623 1139 2660">
    <p class='ocr_par' dir='ltr' id='par_1_49' title="bbox 169 2623 1139 2660">
     <span class='ocr_line' id='line_1_49' title="bbox 169 2623 1139 2660; baseline -0.002 -8"><span class='ocrx_word' id='word_1_592' title='bbox 169 2623 257 2654; x_wconf 63' lang='lat' dir='ltr'><strong>atatis</strong></span> <span class='ocrx_word' id='word_1_593' title='bbox 271 2626 316 2653; x_wconf 75' lang='grc'><strong>47.</strong></span> <span class='ocrx_word' id='word_1_594' title='bbox 334 2625 372 2653; x_wconf 87' lang='lat' dir='ltr'><strong>De</strong></span> <span class='ocrx_word' id='word_1_595' title='bbox 393 2627 455 2658; x_wconf 77' lang='lat' dir='ltr'><strong>ejus</strong></span> <span class='ocrx_word' id='word_1_596' title='bbox 468 2627 523 2652; x_wconf 90' lang='lat' dir='ltr'><strong>vita</strong></span> <span class='ocrx_word' id='word_1_597' title='bbox 541 2625 702 2657; x_wconf 73' lang='lat' dir='ltr'><strong>consulendi</strong></span> <span class='ocrx_word' id='word_1_598' title='bbox 719 2625 834 2652; x_wconf 86' lang='lat' dir='ltr'><strong>Carolus</strong></span> <span class='ocrx_word' id='word_1_599' title='bbox 849 2623 960 2660; x_wconf 73' lang='lat' dir='ltr'><strong>Peraul-</strong></span> <span class='ocrx_word' id='word_1_600' title='bbox 1013 2631 1075 2660; x_wconf 85' lang='lat' dir='ltr'><strong>pag.</strong></span> <span class='ocrx_word' id='word_1_601' title='bbox 1093 2623 1139 2660; x_wconf 61' lang='lat'><strong>9}).</strong></span> 
     </span>
    </p>
   </div>
   <div class='ocr_carea' id='block_1_50' title="bbox 171 2657 1806 2694">
    <p class='ocr_par' dir='ltr' id='par_1_50' title="bbox 171 2657 1806 2694">
     <span class='ocr_line' id='line_1_50' title="bbox 171 2657 1806 2694; baseline -0.001 -8"><span class='ocrx_word' id='word_1_602' title='bbox 171 2665 218 2687; x_wconf 84' lang='lat' dir='ltr'><strong>tus</strong></span> <span class='ocrx_word' id='word_1_603' title='bbox 237 2662 263 2688; x_wconf 92' lang='lat' dir='ltr'><strong>iu</strong></span> <span class='ocrx_word' id='word_1_604' title='bbox 290 2660 359 2688; x_wconf 80' lang='lat' dir='ltr'><strong>Viris</strong></span> <span class='ocrx_word' id='word_1_605' title='bbox 387 2661 477 2688; x_wconf 72' lang='lat' dir='ltr'><strong>swculi</strong></span> <span class='ocrx_word' id='word_1_606' title='bbox 493 2660 579 2688; x_wconf 88' lang='lat' dir='ltr'><strong><em>XVII</em></strong></span> <span class='ocrx_word' id='word_1_607' title='bbox 592 2660 742 2687; x_wconf 85' lang='lat' dir='ltr'><strong>illustribus</strong></span> <span class='ocrx_word' id='word_1_608' title='bbox 761 2660 849 2694; x_wconf 83' lang='lat' dir='ltr'><strong>quiin</strong></span> <span class='ocrx_word' id='word_1_609' title='bbox 867 2659 959 2687; x_wconf 80' lang='lat' dir='ltr'><strong>Gallia</strong></span> <span class='ocrx_word' id='word_1_610' title='bbox 1013 2657 1022 2660; x_wconf 65' lang='grc'>⁷</span> <span class='ocrx_word' id='word_1_611' title='bbox 1048 2657 1086 2694; x_wconf 72' lang='grc' dir='ltr'><strong>(ιι)</strong></span> <span class='ocrx_word' id='word_1_612' title='bbox 1106 2658 1249 2686; x_wconf 89' lang='lat' dir='ltr'><strong>Librorum</strong></span> <span class='ocrx_word' id='word_1_613' title='bbox 1262 2657 1467 2687; x_wconf 82' lang='lat' dir='ltr'><strong>distinctionem</strong></span> <span class='ocrx_word' id='word_1_614' title='bbox 1480 2657 1514 2685; x_wconf 80' lang='lat' dir='ltr'><strong>ab</strong></span> <span class='ocrx_word' id='word_1_615' title='bbox 1534 2657 1596 2692; x_wconf 88' lang='lat' dir='ltr'><strong>ipso</strong></span> <span class='ocrx_word' id='word_1_616' title='bbox 1615 2660 1728 2683; x_wconf 84' lang='lat' dir='ltr'><strong>auctore</strong></span> <span class='ocrx_word' id='word_1_617' title='bbox 1744 2664 1806 2684; x_wconf 81' lang='lat' dir='ltr'><strong>esse</strong></span> 
     </span>
    </p>
   </div>
   <div class='ocr_carea' id='block_1_51' title="bbox 165 2694 1282 2732">
    <p class='ocr_par' dir='ltr' id='par_1_51' title="bbox 165 2694 1282 2732">
     <span class='ocr_line' id='line_1_51' title="bbox 165 2694 1282 2732; baseline -0.001 -10"><span class='ocrx_word' id='word_1_618' title='bbox 165 2695 333 2729; x_wconf 77' lang='lat' dir='ltr'><strong>claruerunt,</strong></span> <span class='ocrx_word' id='word_1_619' title='bbox 349 2703 423 2724; x_wconf 82' lang='lat' dir='ltr'><strong>toruo</strong></span> <span class='ocrx_word' id='word_1_620' title='bbox 436 2697 468 2728; x_wconf 83' lang='lat' dir='ltr'><strong>II.</strong></span> <span class='ocrx_word' id='word_1_621' title='bbox 490 2704 553 2732; x_wconf 79' lang='lat' dir='ltr'><strong>pag.</strong></span> <span class='ocrx_word' id='word_1_622' title='bbox 566 2696 612 2729; x_wconf 76' lang='lat'><strong>48,</strong></span> <span class='ocrx_word' id='word_1_623' title='bbox 632 2701 659 2724; x_wconf 90' lang='lat' dir='ltr'><strong>et</strong></span> <span class='ocrx_word' id='word_1_624' title='bbox 674 2695 744 2724; x_wconf 90' lang='lat' dir='ltr'><strong>Lud.</strong></span> <span class='ocrx_word' id='word_1_625' title='bbox 761 2694 837 2723; x_wconf 86' lang='lat' dir='ltr'><strong>Elias</strong></span> <span class='ocrx_word' id='word_1_626' title='bbox 854 2696 890 2722; x_wconf 87' lang='lat' dir='ltr'><strong>du</strong></span> <span class='ocrx_word' id='word_1_627' title='bbox 905 2695 954 2722; x_wconf 83' lang='lat' dir='ltr'><strong>Pin</strong></span> <span class='ocrx_word' id='word_1_628' title='bbox 1009 2699 1084 2730; x_wconf 82' lang='lat' dir='ltr'><strong>patet</strong></span> <span class='ocrx_word' id='word_1_629' title='bbox 1095 2702 1204 2730; x_wconf 58' lang='lat' dir='ltr'><strong>enpag.</strong></span> <span class='ocrx_word' id='word_1_630' title='bbox 1220 2694 1282 2722; x_wconf 85' lang='grc'><strong>108.</strong></span> 
     </span>
    </p>
   </div>
   <div class='ocr_carea' id='block_1_52' title="bbox 215 2796 1806 2833">
    <p class='ocr_par' dir='ltr' id='par_1_52' title="bbox 215 2796 1806 2833">
     <span class='ocr_line' id='line_1_52' title="bbox 215 2796 1806 2833; baseline -0.004 -7"><span class='ocrx_word' id='word_1_631' title='bbox 215 2801 245 2832; x_wconf 75' lang='grc'><strong>(⁸)</strong></span> <span class='ocrx_word' id='word_1_632' title='bbox 262 2801 358 2827; x_wconf 69' lang='lat' dir='ltr'><strong>«Codex</strong></span> <span class='ocrx_word' id='word_1_633' title='bbox 370 2801 448 2833; x_wconf 66' lang='lat' dir='ltr'><strong>ipse,»</strong></span> <span class='ocrx_word' id='word_1_634' title='bbox 464 2800 542 2831; x_wconf 86' lang='lat' dir='ltr'><strong>inquit</strong></span> <span class='ocrx_word' id='word_1_635' title='bbox 559 2800 694 2833; x_wconf 76' lang='lat' dir='ltr'><strong>Immanuel</strong></span> <span class='ocrx_word' id='word_1_636' title='bbox 706 2800 872 2833; x_wconf 68' lang='lat' dir='ltr'><strong>Beltlterusln</strong></span> <span class='ocrx_word' id='word_1_637' title='bbox 890 2798 1037 2833; x_wconf 48' lang='lat' dir='ltr'><strong>[fragilique</strong></span> <span class='ocrx_word' id='word_1_638' title='bbox 1050 2798 1080 2833; x_wconf 81' lang='lat' dir='ltr'><strong>ad</strong></span> <span class='ocrx_word' id='word_1_639' title='bbox 1092 2796 1468 2833; x_wconf 58' lang='lat' dir='ltr'><strong>editionemﬁonuensemanni</strong></span> <span class='ocrx_word' id='word_1_640' title='bbox 1481 2796 1634 2833; x_wconf 47' lang='lat' dir='ltr'><strong>l838.nmirn</strong></span> <span class='ocrx_word' id='word_1_641' title='bbox 1648 2798 1704 2833; x_wconf 71' lang='lat' dir='ltr'><strong>post</strong></span> <span class='ocrx_word' id='word_1_642' title='bbox 1719 2800 1806 2833; x_wconf 62' lang='lat' dir='ltr'><strong>pacem</strong></span> 
     </span>
    </p>
   </div>
   <div class='ocr_carea' id='block_1_53' title="bbox 165 2826 1806 2861">
    <p class='ocr_par' dir='ltr' id='par_1_53' title="bbox 165 2826 1806 2861">
     <span class='ocr_line' id='line_1_53' title="bbox 165 2826 1806 2861; baseline -0.006 -3"><span class='ocrx_word' id='word_1_643' title='bbox 165 2826 325 2858; x_wconf 76' lang='lat' dir='ltr'><strong>Talentinam</strong></span> <span class='ocrx_word' id='word_1_644' title='bbox 341 2826 450 2857; x_wconf 66' lang='lat' dir='ltr'><strong>Parisios</strong></span> <span class='ocrx_word' id='word_1_645' title='bbox 459 2826 613 2861; x_wconf 72' lang='lat' dir='ltr'><strong>devertisset,</strong></span> <span class='ocrx_word' id='word_1_646' title='bbox 623 2839 636 2856; x_wconf 92' lang='lat' dir='ltr'><strong>a</strong></span> <span class='ocrx_word' id='word_1_647' title='bbox 651 2831 738 2857; x_wconf 84' lang='lat' dir='ltr'><strong>Carolo</strong></span> <span class='ocrx_word' id='word_1_648' title='bbox 753 2831 888 2856; x_wconf 78' lang='lat' dir='ltr'><strong>Benedicto</strong></span> <span class='ocrx_word' id='word_1_649' title='bbox 900 2830 973 2855; x_wconf 82' lang='lat' dir='ltr'><strong>Hasio</strong></span> <span class='ocrx_word' id='word_1_650' title='bbox 984 2829 1124 2860; x_wconf 74' lang='lat' dir='ltr'><strong>descriptus</strong></span> <span class='ocrx_word' id='word_1_651' title='bbox 1138 2833 1176 2861; x_wconf 63' lang='lat' dir='ltr'><strong>est</strong></span> <span class='ocrx_word' id='word_1_652' title='bbox 1187 2831 1210 2853; x_wconf 87' lang='lat' dir='ltr'><strong>In</strong></span> <span class='ocrx_word' id='word_1_653' title='bbox 1222 2828 1265 2853; x_wconf 89' lang='lat' dir='ltr'><strong>illo</strong></span> <span class='ocrx_word' id='word_1_654' title='bbox 1275 2828 1385 2853; x_wconf 82' lang='lat' dir='ltr'><strong>codicum</strong></span> <span class='ocrx_word' id='word_1_655' title='bbox 1398 2829 1539 2861; x_wconf 71' lang='lat' dir='ltr'><strong>Italicorum</strong></span> <span class='ocrx_word' id='word_1_656' title='bbox 1551 2826 1660 2861; x_wconf 66' lang='lat' dir='ltr'><strong>Parisios</strong></span> <span class='ocrx_word' id='word_1_657' title='bbox 1673 2827 1806 2861; x_wconf 75' lang='lat' dir='ltr'><strong>translato-</strong></span> 
     </span>
    </p>
   </div>
   <div class='ocr_carea' id='block_1_54' title="bbox 164 2857 1806 2895">
    <p class='ocr_par' dir='ltr' id='par_1_54' title="bbox 164 2857 1806 2895">
     <span class='ocr_line' id='line_1_54' title="bbox 164 2857 1806 2895; baseline -0.005 -7"><span class='ocrx_word' id='word_1_658' title='bbox 164 2857 220 2888; x_wconf 52' lang='lat' dir='ltr'><strong>cum</strong></span> <span class='ocrx_word' id='word_1_659' title='bbox 235 2863 360 2895; x_wconf 79' lang='lat' dir='ltr'><strong>catalogo,</strong></span> <span class='ocrx_word' id='word_1_660' title='bbox 374 2869 450 2894; x_wconf 85' lang='lat' dir='ltr'><strong>quem</strong></span> <span class='ocrx_word' id='word_1_661' title='bbox 461 2863 529 2894; x_wconf 80' lang='lat' dir='ltr'><strong>gravi</strong></span> <span class='ocrx_word' id='word_1_662' title='bbox 541 2857 681 2888; x_wconf 68' lang='lat' dir='ltr'><strong>litterarum</strong></span> <span class='ocrx_word' id='word_1_663' title='bbox 691 2863 780 2888; x_wconf 89' lang='lat' dir='ltr'><strong>damno</strong></span> <span class='ocrx_word' id='word_1_664' title='bbox 791 2862 833 2887; x_wconf 86' lang='lat' dir='ltr'><strong>diu</strong></span> <span class='ocrx_word' id='word_1_665' title='bbox 843 2862 1012 2895; x_wconf 74' lang='lat' dir='ltr'><strong>desideratum</strong></span> <span class='ocrx_word' id='word_1_666' title='bbox 1023 2857 1123 2885; x_wconf 74' lang='lat' dir='ltr'><strong>tandem</strong></span> <span class='ocrx_word' id='word_1_667' title='bbox 1137 2860 1267 2895; x_wconf 66' lang='lat' dir='ltr'><strong>aliquandp</strong></span> <span class='ocrx_word' id='word_1_668' title='bbox 1279 2866 1408 2891; x_wconf 73' lang='lat' dir='ltr'><strong>speramus</strong></span> <span class='ocrx_word' id='word_1_669' title='bbox 1418 2857 1579 2895; x_wconf 74' lang='lat' dir='ltr'><strong>proditurum.</strong></span> <span class='ocrx_word' id='word_1_670' title='bbox 1588 2857 1806 2895; x_wconf 72' lang='lat' dir='ltr'><strong>Intleeompertum</strong></span> 
     </span>
    </p>
   </div>
   <div class='ocr_carea' id='block_1_55' title="bbox 164 2889 1804 2926">
    <p class='ocr_par' dir='ltr' id='par_1_55' title="bbox 164 2889 1804 2926">
     <span class='ocr_line' id='line_1_55' title="bbox 164 2889 1804 2926; baseline -0.004 -7"><span class='ocrx_word' id='word_1_671' title='bbox 164 2894 257 2919; x_wconf 82' lang='lat' dir='ltr'><strong>librum</strong></span> <span class='ocrx_word' id='word_1_672' title='bbox 271 2889 344 2926; x_wconf 59' lang='lat' dir='ltr'><strong>hujus</strong></span> <span class='ocrx_word' id='word_1_673' title='bbox 354 2889 509 2926; x_wconf 53' lang='lat' dir='ltr'><strong>&#39;afgumeiiti,</strong></span> <span class='ocrx_word' id='word_1_674' title='bbox 525 2895 589 2925; x_wconf 84' lang='lat' dir='ltr'><strong>quod</strong></span> <span class='ocrx_word' id='word_1_675' title='bbox 602 2894 717 2926; x_wconf 80' lang='lat' dir='ltr'><strong>sciamus,</strong></span> <span class='ocrx_word' id='word_1_676' title='bbox 732 2895 831 2918; x_wconf 87' lang='lat' dir='ltr'><strong>unicum</strong></span> <span class='ocrx_word' id='word_1_677' title='bbox 848 2895 916 2918; x_wconf 85' lang='lat' dir='ltr'><strong>inter</strong></span> <span class='ocrx_word' id='word_1_678' title='bbox 931 2893 1068 2926; x_wconf 69' lang='lat' dir='ltr'><strong>_\’aticanos</strong></span> <span class='ocrx_word' id='word_1_679' title='bbox 1082 2889 1206 2926; x_wconf 65' lang='lat' dir='ltr'><strong>numerari</strong></span> <span class='ocrx_word' id='word_1_680' title='bbox 1217 2891 1262 2926; x_wconf 69' lang='grc' dir='ltr'><strong>Δ167</strong></span> <span class='ocrx_word' id='word_1_681' title='bbox 1281 2889 1388 2926; x_wconf 61' lang='lat' dir='ltr'><strong>esseque</strong></span> <span class='ocrx_word' id='word_1_682' title='bbox 1407 2889 1630 2926; x_wconf 59' lang='lat' dir='ltr'><strong>membrauaceiim,</strong></span> <span class='ocrx_word' id='word_1_683' title='bbox 1649 2889 1804 2926; x_wconf 66' lang='lat' dir='ltr'><strong>quadratum,</strong></span> 
     </span>
    </p>
   </div>
   <div class='ocr_carea' id='block_1_56' title="bbox 163 2919 1726 2956">
    <p class='ocr_par' dir='ltr' id='par_1_56' title="bbox 163 2919 1726 2956">
     <span class='ocr_line' id='line_1_56' title="bbox 163 2919 1726 2956; baseline -0.004 -6"><span class='ocrx_word' id='word_1_684' title='bbox 163 2927 258 2951; x_wconf 60' lang='lat' dir='ltr'><strong>saeculo</strong></span> <span class='ocrx_word' id='word_1_685' title='bbox 271 2919 540 2955; x_wconf 48' lang='lat' dir='ltr'><strong>xu&#39;nixidé&#39;scriptuin,‘</strong></span> <span class='ocrx_word' id='word_1_686' title='bbox 553 2927 600 2949; x_wconf 85' lang='lat' dir='ltr'><strong>line</strong></span> <span class='ocrx_word' id='word_1_687' title='bbox 613 2919 738 2956; x_wconf 82' lang='lat' dir='ltr'><strong>mutilum,</strong></span> <span class='ocrx_word' id='word_1_688' title='bbox 749 2929 850 2953; x_wconf 61' lang='lat' dir='ltr'><strong>caetera,</strong></span> <span class='ocrx_word' id='word_1_689' title='bbox 862 2926 882 2949; x_wconf 71' lang='lat' dir='ltr'><strong>si</strong></span> <span class='ocrx_word' id='word_1_690' title='bbox 901 2923 1003 2956; x_wconf 82' lang='lat' dir='ltr'><strong>primam</strong></span> <span class='ocrx_word' id='word_1_691' title='bbox 1019 2924 1151 2954; x_wconf 78' lang='lat' dir='ltr'><strong>exceperis</strong></span> <span class='ocrx_word' id='word_1_692' title='bbox 1168 2923 1290 2954; x_wconf 75' lang='lat' dir='ltr'><strong>paginam,</strong></span> <span class='ocrx_word' id='word_1_693' title='bbox 1303 2919 1369 2948; x_wconf 67' lang='lat' dir='ltr'><strong>bene</strong></span> <span class='ocrx_word' id='word_1_694' title='bbox 1381 2924 1566 2951; x_wconf 66' lang='lat' dir='ltr'><strong>conservatum,</strong></span> <span class='ocrx_word' id='word_1_695' title='bbox 1577 2919 1643 2945; x_wconf 85' lang='lat' dir='ltr'><strong>foliis</strong></span> <span class='ocrx_word' id='word_1_696' title='bbox 1657 2919 1706 2943; x_wconf 72' lang='lat' dir='ltr'><strong>I08.</strong></span> <span class='ocrx_word' id='word_1_697' title='bbox 1717 2927 1726 2944; x_wconf 73' lang='grc' dir='ltr'><strong>ι</strong></span> 
     </span>
    </p>
   </div>
   <div class='ocr_carea' id='block_1_57' title="bbox 270 2963 1064 3001">
    <p class='ocr_par' dir='ltr' id='par_1_57' title="bbox 270 2968 594 3001">
     <span class='ocr_line' id='line_1_57' title="bbox 270 2968 594 3001; baseline 0 -1"><span class='ocrx_word' id='word_1_698' title='bbox 270 2970 409 3000; x_wconf 73' lang='grc' dir='ltr'><strong>Ριτιιοι..</strong></span> <span class='ocrx_word' id='word_1_699' title='bbox 433 2968 493 3001; x_wconf 78' lang='lat' dir='ltr'><strong>Gn.</strong></span> <span class='ocrx_word' id='word_1_700' title='bbox 519 2968 594 3000; x_wconf 82' lang='lat' dir='ltr'><strong>CIX.</strong></span> 
     </span>
    </p>
   </div>
   <div class='ocr_carea' id='block_1_58' title="bbox 804 2963 1598 3001">
    <p class='ocr_par' dir='ltr' id='par_1_58' title="bbox 1587 2963 1598 2994">
     <span class='ocr_line' id='line_1_58' title="bbox 1587 2963 1598 2994; baseline 0 0"><span class='ocrx_word' id='word_1_701' title='bbox 1587 2963 1598 2994; x_wconf 90' lang='lat'><strong>1</strong></span> 
     </span>
    </p>
   </div>
   <div class='ocr_carea' id='block_1_59' title="bbox 976 3009 1227 3092">
    <p class='ocr_par' dir='ltr' id='par_1_59' title="bbox 976 3009 1227 3092">
     <span class='ocr_line' id='line_1_59' title="bbox 976 3009 1227 3092; baseline 0 -23"><span class='ocrx_word' id='word_1_702' title='bbox 976 3009 1227 3092; x_wconf 57' lang='lat'><strong>48651</strong></span> 
     </span>
    </p>
   </div>
  </div>
