2011 3156
204 174 234 206 ll
931 175 1101 206 NOTITIA.
1814 180 1846 212 12

203 235 282 261 Plura
299 232 435 269 promittit
467 232 513 260 ille
538 231 658 266 scriptor
674 231 707 259 de
731 230 876 268 Theophili
891 233 968 260 urbis
985 232 1106 268 pra’fecli
1135 236 1174 268 (p.
1194 232 1257 268 275)
1273 237 1300 260 et
1320 233 1353 261 de
1368 233 1485 261 aliorum
1508 242 1623 263 summa»
1639 235 1666 263 in
1684 235 1745 264 aula
1762 235 1848 264 CPot-

201 278 377 306 auctoritatis
389 279 512 304 virorum
527 276 660 308 moribus,
677 284 739 311 qua:
753 284 810 304 non
824 281 945 310 exstant,
963 281 1040 304 certe
1055 277 1145 304 lucem
1163 285 1217 304 non
1229 277 1368 306 viderunt.

237 333 263 359 4.
283 332 404 358 Anourut
425 330 583 357 Dissertatio
610 330 772 358 steliteutica
797 337 891 358 contra
918 331 1112 361 Iconomachos
1128 332 1164 367 (c)
1180 337 1204 358 et
1231 332 1361 367 synodum
1387 331 1643 368 Coprouymianam,
1661 337 1761 370 scripta
1773 336 1847 364 circa

201 377 234 403 Λ.
248 375 279 404 C.
298 374 360 407 745,
373 379 455 409 atque
469 373 538 401 adeo
554 377 618 402 ante
641 374 787 407 septimam
804 375 941 410 synodum
961 376 1019 404 sive
1035 376 1172 404 Nicaenam
1187 377 1350 410 secundam,
1364 385 1391 412 p.
1411 378 1542 405 505-3”.

238 434 265 462 5.
280 434 395 462 Jo.\nnts
419 433 542 460 monachi
557 433 806 468 Ilierosulymitani,
825 433 948 459 narratio
963 432 996 459 de
1011 431 1112 466 origine
1122 436 1241 458 motuum
1256 430 1500 465 Ironoclastarum,
1520 441 1548 467 p.
1563 433 1626 466 Elii,
1637 434 1699 462 515.
1716 434 1789 462 Idem
1803 436 1846 464 hic

203 477 323 506 Joannes
334 479 460 514 (forsitan
473 477 668 513 Hierosolyma;
677 477 752 505 urbis
761 477 938 512 postmodum
948 475 1106 512 episcopus)
1119 475 1200 510 cujus
1211 476 1309 511 Λόγον
1318 477 1530 504 ἀποδεικτικὸν
1542 478 1573 505 de
1587 479 1671 506 sacris
1684 480 1846 515 imaginibus

204 523 238 549 ad
256 522 467 550 Constantinum
480 521 646 549 Cabalinutn
662 521 720 548 sive
738 520 944 557 Copronymum
954 521 1040 549 edidit
1054 520 1237 548 Combeﬁsius
1253 524 1273 548 t.
1287 520 1309 547 ll
1325 521 1449 549 Auctarii
1462 524 1532 554 novi,
1543 523 1600 551 sive
1615 523 1642 550 in
1654 523 1777 551 Historia
1789 524 1849 551 dlo-

204 567 406 598 nothelitarum.
423 575 485 602 pag.
499 566 562 599 665,
589 570 616 594 et
642 573 724 601 quam
744 565 856 594 codices
876 566 920 593 alii
933 566 1058 594 tribuunt
1076 564 1175 592 Joanni
1198 565 1376 593 Damasceno.
1394 567 1431 594 De
1455 567 1549 594 codice
1562 567 1658 603 Regio,
1676 576 1708 595 ex
1721 575 1776 602 quo
1791 567 1848 595 duo

206 612 262 638 hch
276 611 409 645 opuscula
425 610 605 638 Combclisius
616 609 774 644 descripsit,
790 614 817 637 et
832 610 859 637 in
877 618 933 645 quo
944 612 1027 638 etiam
1053 610 1184 645 leguntur
1207 611 1364 638 testimonia
1391 611 1501 639 Patrum
1522 620 1583 646 qua:
1608 620 1657 647 pro
1681 612 1849 648 imaginibus

205 658 232 684 in
247 653 352 687 synodo
365 652 475 679 Niczena
492 651 613 680 secunda
645 652 809 684 all'eruntur,
833 652 950 679 videnda
981 652 1127 681 clarissimi
1153 653 1338 683 Montl‘auconi
1367 655 1569 691 Palmographia
1586 655 1691 689 Graeca,
1703 664 1729 691 p.
1743 656 1789 688 65,
1801 656 1847 684 66-

211 697 300 730 Vitleri
309 702 398 724 autem
410 702 508 731 potest,
527 697 618 732 inquit
628 696 821 728 Combellsius,
844 696 991 731 prtzelarus
1008 697 1055 724 ille
1078 698 1161 726 codex
1179 699 1257 733 quasi
1281 699 1423 735 ὁπλοθήκη
1436 701 1607 733 uniuersalis,
1620 701 1732 728 collecta
1747 700 1848 727 habens

205 742 338 776 prtecipua
354 750 463 778 quceque
488 741 687 770 Catholicorum
711 742 839 768 adversus
852 741 990 769 hiereticos
1014 741 1129 777 (Christi
1149 744 1265 770 maxime
1285 745 1441 779 mysterium
1455 745 1653 781 impugnantes)
1670 747 1846 773 munimenta.

207 785 249 813 Es:
264 786 311 813 illo
322 786 436 813 illustris
446 785 541 814 Petrus
559 785 590 813 de
606 784 703 812 Marca
718 784 811 820 Vigilii
827 785 1063 814 conﬁrmationem
1086 787 1190 822 quintae
1216 787 1319 824 Synodi
1334 789 1438 822 pridem
1460 789 1587 822 produxit
1603 790 1654 825 (Α),
1674 791 1781 816 tametsi
1794 798 1847 816 non

205 831 327 859 omnibus
344 831 401 866 ejus
414 831 495 866 ﬁdem
506 831 578 866 fecit.
595 830 654 864 Ipse
675 836 745 858 certe
763 831 808 866 qui
832 829 930 858 librant
953 831 1110 865 composuit,
1125 837 1250 867 tantaque
1268 833 1297 860 in
1308 841 1337 860 eo
1353 833 1466 860 Patrum
1486 842 1518 861 ac
1530 835 1706 861 conciliorum
1720 833 1843 868 digessit,

204 877 236 903 de
251 876 301 903 hac
312 877 515 911 conﬁrmatione
528 877 606 912 quasi
623 884 674 903 non
689 876 768 909 plane
788 875 829 903 illi
845 876 991 911 explorata
1006 877 1126 904 veritatis
1142 885 1174 904 ac
1190 879 1310 905 nutantis
1323 878 1396 913 ﬁdei,
1413 879 1518 912 scripsit
1536 883 1672 914 repertam
1695 885 1758 906 esse
1773 879 1844 905 inter

205 925 266 948 acta
283 921 386 954 quintae
400 921 545 956 synodi....
568 920 654 947 Habet
669 920 712 946 hic
731 920 812 947 coclea:
833 919 978 948 [.eotuinm
996 920 1034 948 De
1048 921 1142 954 sectis,
1160 921 1234 957 longe
1260 922 1340 950 editis
1353 923 1573 956 emendatiorem,
1589 929 1613 951 et
1634 921 1844 950 auctoritatibus

204 973 262 999 qua;
279 965 336 992 illic
351 965 545 997 desiderantur,
566 966 722 992 auctiorem.
748 965 875 1000 Ὀδηγοῦ
883 966 961 1000 plura
988 967 1078 1001 capita
1101 965 1189 1002 (quem
1213 975 1316 994 onmem
1336 967 1465 1002 pluraque
1491 968 1548 1002 ejus
1570 967 1764 1002 complectitur)
1780 973 1848 993 noua

204 1017 237 1036 ac
249 1010 296 1037 illo
308 1010 396 1045 facere
414 1011 503 1043 liceat,
536 1010 575 1038 sic
584 1010 664 1037 editis
684 1010 847 1043 laborantia,
868 1015 898 1037 ut
917 1018 964 1038 nec
982 1011 1038 1045 ipse
1059 1011 1220 1040 Anastasius
1234 1020 1285 1039 sua
1303 1017 1467 1048 agnosceret,
1482 1013 1532 1040 etsi
1550 1013 1640 1040 omnia
1657 1012 1778 1047 decoquit
1790 1010 1849 1038 aul-

204 1059 283 1089 gator
298 1059 323 1082 et
339 1054 481 1089 interpres.

240 1109 267 1137 6.
285 1108 327 1135 Ea:
347 1110 502 1137 narratione
517 1109 548 1137 de
562 1111 700 1138 miraculis
710 1109 739 1138 S.
753 1110 879 1138 Demetrii
894 1111 1023 1147 martyris

1053 1110 1092 1146 e),
1106 1111 1138 1138 ὲκ
1153 1111 1208 1139 τῶν
1224 1112 1271 1139 τοῦ
1287 1112 1441 1148 ἀθλοφόροι)
1457 1112 1616 1148 Δημητρίου
1637 1113 1666 1140 ὲν
1691 1112 1792 1148 μερικῇ
1804 1111 1847 1138 δι-

204 1154 304 1189 ηγήσει
319 1154 560 1190 θαυματουργιῶν,
576 1155 758 1191 fragmentum
769 1155 803 1183 de
819 1155 938 1183 revelata
954 1156 987 1182 ab

1051 1164 1063 1183 ο
1077 1156 1219 1184 excisioue
1231 1164 1263 1184 ac
1277 1156 1432 1191 direptione
1443 1156 1662 1189 Thessalonicae,
1672 1164 1699 1191 p.
1716 1155 1845 1187 314—516.

243 1198 271 1224 7.
289 1197 403 1226 Jetnnts
415 1200 593 1233 CAMENIATE,
609 1199 878 1232 ThessaIOnicensis,
892 1200 1015 1227 narratio
1031 1200 1134 1228 diserta
1156 1204 1183 1228 et
1204 1200 1318 1235 elegans
1338 1202 1371 1227 A.
1389 1201 1419 1228 C.
1434 1200 1497 1231 904,
1512 1201 1616 1236 scripta
1637 1200 1672 1228 ad
1685 1199 1847 1235 Gregorium

206 1242 409 1279 Cappadocem,
435 1243 473 1271 De
489 1243 684 1272 Thessalonica:
700 1244 802 1272 excidio
833 1245 877 1272 cui
895 1244 1015 1280 scriptor
1036 1244 1093 1279 ipse
1115 1243 1253 1276 interfuit,
1267 1249 1294 1272 et
1311 1252 1392 1279 quam
1417 1245 1464 1272 illo
1480 1245 1540 1280 ipso
1567 1251 1641 1272 anno
1654 1243 1766 1280 (Leonis
1781 1243 1847 1270 Phi-

207 1287 313 1322 losophi
332 1287 390 1322 χιχ)
408 1288 480 1323 cepit
496 1287 550 1315 Leo
572 1287 734 1324 Tripoliles,
754 1289 945 1324 Agarenorum
974 1290 1001 1316 dt

1063 1288 1125 1316 limo
1144 1289 1302 1324 priuavcum
1324 1289 1415 1316 Allatii
1437 1290 1565 1316 versione
1585 1288 1726 1324 prodierat
1742 1288 1769 1315 in
1787 1287 1847 1321 eius

207 1332 399 1366 Συμμίκτοις,
411 1332 531 1368 vulgatis
547 1340 563 1360 a
583 1332 733 1360 Bartholdo
750 1332 868 1362 Nihusio
900 1333 980 1365 1655.
1006 1333 1032 1361 8.
1048 1333 1102 1362 Sed
1125 1333 1308 1362 Combetisius
1324 1334 1424 1361 iterum
1440 1334 1590 1366 recensuit,
1603 1337 1630 1361 et
1646 1340 1745 1360 novam
1757 1333 1845 1360 inter-

207 1377 387 1412 pretationem
405 1384 482 1404 suam
495 1377 632 1412 adiunxit,
648 1378 802 1412 divisitque
826 1379 853 1405 in
878 1379 969 1414 capita
987 1379 1032 1410 79,
1054 1385 1116 1406 cum
1136 1378 1164 1406 in
1192 1379 1330 1406 Allatiana
1352 1378 1474 1406 editione
1499 1378 1676 1413 dispescatur
1694 1377 1733 1404 inl
1747 1376 1850 1404 sectio-

207 1428 258 1449 ues
275 1421 320 1449 b5.
332 1421 382 1448 Hic
393 1420 564 1453 Gameniata,
577 1425 655 1455 patre
669 1422 791 1449 exarcho
803 1422 925 1450 Helladis
942 1427 1034 1454 natus,
1045 1423 1098 1450 luit
1109 1423 1135 1450 in
1147 1423 1311 1451 clericorum
1327 1422 1424 1450 ordine
1436 1423 1534 1454 lector,
1550 1425 1577 1449 et
1592 1420 1722 1448 Ecclesia
1731 1419 1850 1447 Thesea.

216 1465 358 1493 onicensis
374 1465 562 1497 cubnclesius,
588 1465 641 1492 hoc
652 1466 749 1501 estqui
765 1467 978 1501 metropolitano
991 1468 1018 1494 in
1035 1468 1176 1502 publicum
1188 1468 1346 1502 procedenti
1368 1466 1467 1502 pedum
1482 1465 1718 1501 archiepiscopale
1735 1464 1850 1500 praefer-

207 1513 260 1537 ret.
288 1510 394 1537 Dicitur
412 1509 495 1537 etiam
521 1509 578 1535 τῶν
590 1509 619 1535 ὲν
642 1511 700 1542 τοῖς
719 1510 805 1542 οῐκοις
827 1511 883 1537 τῶν
912 1511 1001 1546 βασιλε

1054 1520 1057 1534 ι
1079 1511 1256 1546 τεταγμένων
1278 1508 1328 1543 εἷς.
1340 1509 1408 1538 Vide
1425 1518 1487 1546 cap.
1503 1509 1537 1538 55
1549 1510 1617 1538 edit.
1637 1508 1848 1537 Cumbeﬁsiana:

209 1554 302 1589 (Allat.
316 1554 363 1589 '50)
376 1558 403 1581 et
422 1553 575 1582 Hancltium
587 1555 635 1582 lib.
653 1563 663 1582 I
678 1555 716 1582 De
733 1555 906 1590 scriptoribus
916 1555 988 1585 Ilist.
1005 1556 1085 1591 Byz.,
1105 1563 1166 1590 cap.
1178 1555 1224 1583 22.

245 1615 272 1642 8.
293 1613 429 1641 Dcuerun
459 1612 585 1645 Creonti,
603 1611 876 1647 Thessalonicensis,
895 1613 1039 1641 Monodia:

1054 1615 1096 1642 ive
1119 1613 1300 1648 comploratio
1318 1613 1364 1640 ἐπὶ
1382 1614 1441 1645 τοῖς
1466 1614 1495 1640 ὲν
1512 1612 1700 1648 Θεσσαλονίκῃ
1723 1612 1848 1646 πεσοῦσι,

211 1659 243 1687 de
258 1659 358 1686 ciuibus
374 1659 419 1694 qui
439 1658 465 1685 in
480 1658 617 1690 dissidiis,
635 1658 771 1686 seditione
785 1666 816 1686 ac
833 1659 951 1686 ttnnnltu
969 1659 1100 1686 intestino
1122 1654 1377 1686 Tliessalonicw'A.
1395 1657 1427 1685 C.
1445 1658 1514 1685 1545
1530 1657 1581 1685 sub
1597 1657 1714 1692 imperio
1736 1656 1851 1685 Joannis

211 1703 397 1732 Cantncuzcni
416 1703 561 1734 perierunt.
574 1701 606 1730 P.
624 1702 757 1730 585-592.
775 1702 812 1729 De
823 1703 871 1730 illo
888 1703 1006 1730 tumultu
1022 1701 1161 1738 Gregoras
1174 1710 1235 1734 ιιιιι,
1253 1701 1296 1733 10,
1312 1705 1339 1729 et
1353 1701 1561 1729 Cantacuzenus
1575 1709 1616 1732 ιιι,
1632 1701 1676 1729 94.

247 1747 274 1775 9.
292 1746 361 1773 Pars
376 1753 409 1773 ea:
428 1745 488 1772 Vita
504 1744 729 1781 Basiliijunioris
746 1747 916 1774 anachoretw
928 1745 1025 1780 CPol.,
1039 1747 1071 1776 A.
1085 1747 1115 1775 C.
1130 1747 1181 1775 9N
1202 1747 1245 1775 vcl
1258 1745 1313 1774 952
1330 1746 1473 1779 exstincti,
1490 1746 1595 1781 scripta
1610 1753 1625 1772 ιι
1644 1744 1777 1779 Gregorio
1789 1745 1850 1780 ejus

211 1792 356 1828 discipulo.
375 1791 408 1819 de
424 1791 599 1819 Constantini
628 1791 710 1820 Dncae
735 1792 811 1820 clade
834 1795 861 1819 et
884 1791 1009 1825 interitu,
1025 1800 1107 1828 quem
1135 1792 1319 1820 Constantino
1335 1790 1599 1826 Porphyrogenneto
1611 1790 1701 1817 adhuc
1714 1798 1802 1824 puero
1815 1790 1848 1816 ad

211 1837 358 1873 imperium
374 1844 477 1864 vocare
493 1836 626 1865 Nicolaus
641 1837 677 1873 (f)
695 1837 853 1873 patriarcha
871 1842 897 1865 et
915 1837 961 1865 alii
978 1836 1089 1872 quidam
1107 1836 1297 1868 instituerunt,
1313 1843 1376 1871 pag.
1389 1834 1521 1862 ὅθι-599.
1549 1834 1637 1861 Vitam
1661 1833 1733 1860 illam
1753 1833 1850 1861 Basilii

212 1883 539 1920 anachoretarintegram
553 1884 674 1918 vulgavit
689 1883 879 1911 llenschenius
897 1887 971 1910 tonio
987 1881 1019 1909 lll
1033 1882 1095 1909 Act.
1117 1881 1259 1913 Sanctam,
1276 1880 1309 1907 ad
1327 1880 1362 1907 9.6
1381 1879 1482 1912 Martii,
1497 1887 1524 1913 p.
1541 1878 1604 1909 668,
1622 1878 1718 1904 Latine
1736 1885 1770 1904 ex
1791 1885 1852 1905 ver-

212 1928 292 1955 sione
317 1926 490 1961 Combelisii,
524 1933 551 1955 et
576 1927 671 1956 Graece
698 1927 732 1955 ad
758 1927 860 1955 calcem
882 1927 1033 1954 voluminis
1056 1933 1121 1961 pag.
1151 1925 1197 1958 24,
1224 1932 1257 1953 cx
1287 1932 1340 1952 ms.
1365 1924 1461 1952 codice
1489 1922 1689 1956 Mazariniano,
1709 1921 1850 1957 Autvrerp.

212 1971 294 2005 1684,
314 1971 364 2000 fol.

249 2029 293 2056 10.
309 2028 446 2055 διιιῑοιιιε
460 2027 585 2063 magistri
602 2030 630 2055 et
646 2026 794 2063 logotheta
816 2025 936 2053 Annales
951 2033 968 2052 a
983 2024 1070 2053 Leone
1090 2023 1206 2050 Aruleno
1222 2029 1304 2057 usque
1317 2021 1352 2048 ad
1368 2021 1548 2054 Nicephorum
1561 2021 1679 2048 Phocum
1697 2021 1769 2055 (pag.
1786 2020 1853 2048 401-

211 2073 277 2109 698)
296 2080 329 2100 ex
344 2072 442 2100 codice
457 2080 510 2099 ms.
528 2070 678 2106 Raphaelis
696 2070 818 2097 Tricheti
837 2070 872 2096 du
887 2068 1000 2100 Fresne,
1026 2075 1060 2094 ex
1080 2067 1161 2101 cujus
1182 2066 1271 2099 libris,
1288 2065 1348 2100 ipso
1361 2064 1503 2109 defuncto,
1525 2064 1553 2091 in
1571 2071 1666 2098 gazam
1686 2065 1758 2099 regis
1769 2064 1851 2091 Chri-

213 2117 377 2145 stianissimi
389 2120 432 2144 est
445 2116 580 2151 perlatus.
594 2115 712 2150 Scripsit
725 2114 845 2149 Symeon
867 2114 919 2141 iste
937 2111 1064 2140 similiter
1087 2110 1204 2138 Anticles
1220 2110 1253 2136 ab
1267 2110 1329 2137 orbe
1345 2108 1463 2140 condito.
1477 2109 1524 2144 qui
1540 2109 1675 2136 haeteuus
1690 2109 1779 2137 lucem
1797 2117 1852 2136 non

214 2162 354 2193 viderunt,
366 2164 531 2196 exstantque
546 2160 573 2187 in
585 2160 672 2187 altero
691 2166 724 2186 ac
741 2158 840 2193 majori
863 2157 940 2193 regio
962 2156 1059 2185 codice
1086 2155 1134 2190 qui
1163 2155 1191 2181 in
1214 2154 1305 2181 Leone
1326 2153 1446 2181 Armeno
1461 2152 1573 2186 desinit,
1587 2153 1751 2188 videturque
1764 2153 1791 2181 in
1807 2153 1853 2180 illa

215 2207 307 2242 priore
321 2211 409 2241 parte,
422 2205 524 2233 leviore
543 2212 628 2240 opera
640 2207 738 2230 auctor
753 2201 926 2238 perfunctus.
945 2205 972 2228 et
989 2201 1015 2228 in
1028 2199 1122 2227 multis
1140 2198 1302 2233 Theophani
1325 2203 1473 2230 consonat,
1489 2205 1570 2233 quem
1586 2202 1614 2225 et
1632 2199 1723 2232 ipsum
1744 2202 1854 2225 constat

215 2249 342 2278 desinere
360 2249 387 2276 in
403 2249 494 2277 Leone
505 2249 636 2276 Armeno.
665 2247 818 2281 Ascriptum
844 2245 944 2281 majori
957 2245 997 2273 illi
1011 2243 1095 2272 codici
1109 2242 1199 2278 Regio,
1216 2243 1306 2278 inquit
1326 2242 1521 2275 Combelisius,
1545 2242 1602 2269 alia
1613 2251 1704 2274 manu,
1723 2242 1854 2277 pauloque

215 2293 356 2322 recentiori
370 2301 378 2321 ς
394 2293 439 2320 hic
469 2298 512 2321 est
539 2291 762 2326 Metaphrastes;
794 2289 871 2324 cujus
898 2290 969 2316 tanti
989 2288 1039 2316 visi
1051 2292 1114 2315 sunt
1131 2287 1250 2315 Annales
1272 2292 1297 2314 et
1311 2286 1446 2315 Chronica
1460 2287 1606 2323 Hippolyto
1622 2286 1757 2318 Thebano,
1775 2293 1804 2314 ut
1822 2295 1853 2314 ea

216 2338 339 2365 omnibus
378 2341 533 2372 anteponat.
565 2335 633 2362 Vide
664 2334 803 2369 Hippolyti
842 2334 924 2361 verba
953 2333 1025 2369 apud
1052 2332 1183 2360 Allatiunt
1203 2332 1241 2359 De
1278 2332 1431 2360 Simeonum
1456 2333 1574 2367 scriptis.
1612 2340 1639 2367 p.
1661 2332 1706 2364 54,
1731 2333 1780 2367 qui
1811 2331 1854 2360 Si-

216 2389 342 2410 meonem
381 2381 585 2416 Metaphrasten
615 2379 740 2414 magistri
781 2382 809 2406 et
852 2378 999 2411 logothetua
1027 2384 1128 2405 cursus
1155 2377 1294 2412 primum,‘
1321 2382 1377 2404 tum
1413 2378 1495 2404 etiam
1536 2377 1673 2413 generalis
1711 2377 1853 2412 logothetae

216 2425 379 2460 dignitatern
406 2425 527 2460 gessisse
551 2422 678 2458 pluribus
708 2421 840 2456 disputat.
874 2420 991 2453 Exstant
1021 2421 1105 2449 etiam
1129 2421 1157 2449 hi
1186 2420 1324 2449 Simeonis
1350 2421 1471 2449 Annales
1504 2421 1532 2449 in
1557 2421 1628 2449 Bibl.
1662 2422 1798 2454 Caesarea,
1825 2422 1852 2449 in

216 2457 301 2504 qu'am
331 2469 392 2501 illos
408 2457 510 2495 intulit
533 2457 718 2501 Biusbequius,
747 2471 776 2493 ut
796 2469 922 2493 notatum
941 2464 1092 2494 Lambecio
1111 2465 1161 2493 lib.
1194 2473 1226 2499 Il,
1252 2473 1315 2501 pag.
1335 2466 1398 2494 588.
1410 2466 1546 2499 Quoniam
1579 2471 1671 2497 tamen
1702 2467 1730 2493 in
1759 2466 1853 2493 codice
1900 2457 1907 2461 I

218 2512 307 2547 iiaph.
331 2511 454 2539 Tricheti
488 2511 525 2538 du
555 2509 670 2541 Fresne,
698 2509 837 2537 Chronico
863 2509 928 2536 huic
957 2515 1130 2544 postremum
1170 2510 1275 2538 inserta
1297 2509 1380 2538 Micb.
1409 2510 1492 2538 Pselli
1517 2511 1645 2542 historia,
1670 2509 1853 2537 Combelisius

218 2563 239 2584 ι.
264 2557 285 2588 1,
309 2556 380 2584 Bibl.
407 2555 520 2582 Patrum
547 2554 753 2582 concionatorite
794 2553 952 2588 suspicatur
980 2553 1098 2582 alterius
1134 2562 1196 2582 esse
1228 2554 1368 2582 Simeonis
1390 2562 1472 2589 quam
1497 2553 1700 2588 Metaphrashc.
1734 2557 1761 2580 et
1797 2553 1852 2580 for-

207 2601 292 2631 ‘tassc
305 2601 379 2628 illius
400 2601 445 2635 qui
462 2599 601 2627 orationes
626 2606 690 2625 xxtv
705 2597 818 2634 collegit
841 2605 874 2625 ex
891 2597 1021 2632 operibus
1042 2597 1074 2627 S.
1088 2598 1182 2626 Basilii
1199 2607 1206 2627 :
1226 2600 1328 2634 quippe
1344 2598 1543 2632 Metaphrastes
1557 2598 1638 2632 paulo
1651 2603 1715 2626 ante
1733 2597 1852 2624 Psellum

218 2647 246 2674 in
261 2646 330 2674 vivis
344 2653 406 2672 esse
419 2644 510 2671 desiit.
528 2642 565 2670 Ni
580 2644 635 2676 ipse
651 2642 768 2676 Pullus,
788 2641 929 2677 Symeonis
950 2641 990 2668 illi
1016 2641 1205 2678 Chronologia:
1224 2651 1257 2670 ea:
1282 2651 1310 2670 Ix
1334 2642 1484 2674 historicis,
1509 2650 1536 2669 se
1562 2641 1693 2668 decimum
1716 2641 1852 2677 adjunxit,

257 2735 293 2770 (τ)
314 2733 479 2762 lnscribitnr
507 2733 649 2769 Dialogus.
679 2733 733 2761 Sed
751 2732 819 2759 nihil
841 2731 923 2759 habet
938 2732 1011 2768 quod
1067 2733 1186 2770 cap.|»2.

218 2765 479 2806 dialogumrel'erat.
523 2805 527 2806 γ
577 2765 646 2806 γ’ψῄ
733 2803 750 2806 _
789 2802 795 2806 _
841 2803 904 2806 ώ-
947 2765 954 2768 ”
1003 2803 1009 2806 _
1066 2804 1073 2806 ν
1102 2765 1190 2806 (eius
1207 2767 1258 2806 hoc
1275 2767 1412 2795 Demetrio
1426 2766 1487 2795 vide
1505 2765 1654 2792 Baronium
1673 2770 1706 2794 ad
1719 2766 1854 2800 Martyro-

255 2801 336 2842 (d)'ln
349 2805 418 2833 Diss.
436 2806 470 2842 de
487 2803 719 2842 epistolaVigilii,
733 2802 823 2842 Paris.
837 2803 917 2842 4642,
934 2807 961 2830 et
978 2803 1012 2842 ad
1066 2801 1280 2842 log._|8_9t_:|0hr.

219 2836 322 2870 calcem
333 2842 425 2875 operis
443 2841 482 2868 De
499 2836 817 2875 concordia'sacerdotii
852 2844 877 2867 et
907 2839 1012 2875 imperii
1068 2874 1072 2875 ν
1097 2836 1336 2875 (fiVehementer
1353 2845 1386 2864 eo
1404 2837 1515 2864 nomine
1531 2837 1558 2864 in
1573 2837 1715 2875 Nicolaum
1736 2836 1855 2875 scriptor

220 2880 293 2906 inter
307 2872 515 2905 dissertationes
526 2877 617 2904 varias
631 2877 701 2903 Petri
714 2875 747 2901 de
759 2874 860 2905 Marco,
874 2874 1009 2909 μελίη,
1067 2874 1111 2900 hic
1133 2873 1294 2909 (invehitur,
1317 2878 1452 2908 vocatque
1485 2881 1547 2900 enim
1585 2881 1632 2908 per
1657 2872 1834 2907 ignominiam
1846 2890 1855 2904 ,

218 2913 270 2942 T27
288 2920 346 2947 seq.
365 2911 432 2940 Vide
447 2918 475 2941 et
490 2911 630 2940 Baluzium
642 2911 674 2939 ad
692 2911 738 2938 lib.
749 2918 764 2938 ν
780 2907 903 2944 ejusdem
911 2907 1010 2944 Voperis

893 2907 1010 2944 {operis
1066 2918 1093 2944 p.
1110 2908 1173 2940 598,
1188 2907 1364 2943 ἁγρικόλαον,
1382 2915 1407 2937 et
1424 2917 1451 2944 p.
1468 2909 1529 2942 599,
1551 2907 1687 2944 ἡτξίλαῇν.
