2011 3156
155 210 187 241 13
692 199 694 202 ’
881 209 1053 241 NOTITIA.
1743 213 1746 217 '
1761 209 1794 242 it

149 266 203 293 sive
220 264 270 291 alii
284 263 432 291 addidere:
450 271 515 298 opus
533 267 602 291 certe
614 272 630 291 a
645 263 804 298 Theophane
832 264 866 291 ad
890 255 1050 299 explendam
1077 264 1226 292 Historiam
1245 265 1427 301 Byzantium
1449 273 1551 293 summe
1566 265 1793 294 necessarium...

151 309 234 336 l’selli
257 309 383 335 llistoria
397 309 463 336 lucis
479 309 625 343 plurimum
637 309 762 342 accipiat,
787 316 820 336 ex
846 309 903 344 ejus
921 308 1106 344 Epistolarum
1130 309 1198 336 lecta
1213 318 1294 336 manu
1312 309 1346 336 ad
1361 309 1547 343 imperatores,
1568 308 1702 340 Ctesares,
1717 317 1794 336 simu

149 361 258 388 mosque
270 353 362 380 saeculi
377 353 509 387 principes
527 362 559 380 ac
583 353 771 389 magistratus,
788 354 823 380 ad
837 353 1020 388 patriarchas.
1041 353 1238 388 metropolitas,
1260 353 1444 380 Ecclesiarum
1459 353 1593 380 antistites
1610 361 1642 380 ac
1652 352 1792 388 prmities,

149 406 181 426 ne
190 397 275 425 Hich.
293 397 425 425 Cerularii
440 405 488 432 pro
506 397 605 434 synodo
615 398 816 425 accusationem
825 396 926 430 dicam,
941 397 1111 433 ejusdemque
1125 405 1141 425 α
1154 398 1327 426 Constantini
1349 398 1476 426 Lichudis
1491 399 1536 434 qui
1548 398 1590 425 illi
1600 397 1727 432 suffectus
1741 402 1794 430 est.

148 450 250 470 necnon
264 441 398 476 Xiphilini
417 442 590 476 ἐπιταφίους,
608 442 835 469 luculentissima:
850 442 950 470 scilicet
976 443 1002 469 in
1019 451 1063 470 eos
1076 442 1258 474 laudationes,
1279 443 1349 470 viros
1364 443 1491 470 nimirum
1507 442 1672 478 quiutraquc
1689 442 1794 469 militia

149 486 235 514 Cl’oli
247 487 349 522 egregie
362 486 507 520 fulserunt,
521 494 552 512 ac
570 486 617 513 illo
632 487 745 517 dicente.
758 487 804 521 qui
815 487 1044 522 ipsepublicarum
1059 487 1227 514 curarumiis
1238 488 1338 520 socius,
1350 495 1381 514 ac
1389 487 1586 514 πολιτευόντων
1596 487 1650 522 fere
1659 495 1792 520 summus,

149 531 328 559 Constantino
343 531 492 565 prwsertim
508 529 685 559 Monontacho
698 531 870 565 imperatore,
887 531 922 561 ad
942 540 1020 568 quem
1037 538 1061 560 et
1078 532 1182 567 politici
1196 533 1291 566 scripti
1308 541 1361 560 non
1376 533 1518 568 spernendi
1531 537 1674 560 tractatus.
1691 531 1794 560 Practer

149 576 231 604 uicti.
249 575 333 604 Pselli
351 574 502 604 Historiam
523 575 607 603 etiam
627 575 729 605 Leonis
755 575 870 603 Diaconi
898 576 1018 605 similem
1045 578 1266 606 lucubrationem
1284 578 1366 606 edere
1386 578 1569 606 Combelisius
1588 577 1675 606 altero
1697 577 1794 605 statim

146 620 291 648 volumine
305 619 462 652 constituit,
475 620 522 647 sed
546 623 634 647 morte
651 624 791 654 praevento
803 621 862 647 viro
879 621 925 648 illo
948 622 1067 649 maxime
1081 621 1226 655 industrio,
1244 630 1324 650 nemo
1344 621 1394 648 fuit
1410 622 1546 649 hactenus
1567 621 1616 657 qui
1637 622 1795 649 litterarum

146 664 291 692 studiosos
299 664 351 692 hoc
363 663 497 691 beneﬁcio
507 663 640 698 obligaret
651 662 699 698 (λί).
714 662 743 690 ln
753 663 849 691 codice
858 663 940 700 Regis

1003 665 1056 694 lliae
1067 665 1147 698 1857,
1157 670 1256 701 praeter
1265 665 1348 694 Mich.
1364 666 1454 697 Pselli.
1467 665 1621 700 φιλοσόφων
1631 665 1793 701 ὑπερτίμου,

147 708 284 742 epistolas
299 712 325 735 et
343 708 377 735 de
389 715 455 735 casu
471 708 564 742 templi
577 707 727 742 S.Sophiae
743 712 826 743 atque
843 709 870 736 in
881 707 1016 737 Joannem
1029 711 1173 745 patricium
1191 710 1346 744 Monodias,
1361 714 1451 737 exstat
1459 709 1519 743 ejus
1534 709 1613 736 Varia
1622 709 1795 744 Chronogra-

145 755 208 790 phia
218 763 233 781 a
243 754 350 782 Basilio
362 759 386 781 et
403 753 581 783 Constantino
606 753 831 790 Porphyrogeniti
846 755 880 782 ad
909 755 1067 783 Michaelem
1086 756 1198 784 Ducunt.
1215 757 1245 784 In
1258 757 1312 784 alio
1335 756 1431 783 codice
1443 755 1565 791 ejusdem
1579 756 1701 784 thesauri
1716 753 1794 791 Regii

146 800 270 827 occurrit
284 798 381 826 Leonis
394 798 507 826 Diaconi
522 798 645 826 Historia
670 799 702 826 ab
728 807 836 826 excessu
859 799 1032 827 Constantini
1047 799 1266 836 Porphyrogeniti
1290 799 1325 827 ad
1348 799 1482 826 Joannem
1502 799 1660 827 Tzimiscent
1672 800 1722 828 sub
1739 808 1794 835 quo

146 845 270 879 scriptor
285 844 331 871 ille
340 844 418 871 vixit.
435 843 549 875 Λέοντος
563 843 690 870 διακόνου
714 844 819 880 ἱστορία
843 844 940 879 ἀρχομι

1001 845 1055 872 ἀπὸ
1075 845 1127 879 τῆς
1150 845 1280 879 τελευτῆς
1299 844 1348 871 τοῦ
1370 843 1574 883 αὖτοκράτορςς
1592 844 1639 871 τοῦ
1663 844 1790 879 ἐπιλεγο-

149 889 234 924 μένου
252 888 403 923 Τζιμισχῆ.
423 888 546 923 Utroque
557 891 584 915 et
600 887 690 916 Psello
703 891 728 916 et
742 888 833 916 Leone
844 888 968 917 Diacono
986 897 1038 918 ms.
1069 897 1140 917 usus
1167 889 1196 916 in
1219 888 1362 916 Glossario
1377 896 1429 916 suo
1448 889 1544 916 Graeco
1558 889 1754 916 concinnando
1765 893 1793 916 et

150 935 179 960 in
194 933 259 960 aliis
273 933 385 967 scriptis
405 932 463 960 suis
484 931 633 968 praeclarus
642 932 773 968 Cangius.
799 933 839 960 Ex
857 932 998 961 Chronico
1024 941 1076 961 ms.
1102 933 1305 961 contionatoris
1329 932 1519 968 Theophanis.
1539 936 1567 960 et
1588 933 1677 960 altero
1694 932 1791 959 itidem

151 985 207 1005 ius.
221 977 360 1004 Simeonis
376 976 534 1012 Logothetae
547 977 680 1004 nonnulla
690 977 725 1004 de
744 984 799 1004 nu
815 978 985 1015 martyribus
1006 977 1217 1005 Amoriensibus
1233 985 1281 1013 per
1294 975 1450 1008 SaracenOS
1469 976 1543 1004 circa
1557 976 1590 1003 A.
1604 975 1635 1004 C.
1649 976 1699 1004 8H
1716 976 1793 1004 occi-

151 1022 193 1049 sis
209 1021 369 1048 rel'eruutur
381 1020 415 1048 ab
431 1019 607 1048 Henschenio
621 1025 642 1047 t.
656 1020 667 1047 ι
680 1020 740 1048 Act.
752 1020 878 1048 Sanctor.
891 1019 998 1055 Martii,
1012 1028 1074 1057 pag.
1086 1020 1150 1052 466,
1163 1020 1228 1054 467,
1243 1026 1269 1048 ει
1282 1020 1377 1048 Graece
1394 1028 1456 1056 pag.
1471 1020 1524 1047 894
1541 1027 1601 1055 seq.

191 1065 235 1092 ll.
257 1065 375 1100 Denique
390 1064 581 1092 collectionem
595 1064 827 1092 Combellsianam
843 1064 1011 1100 scriptorum
1028 1069 1092 1100 post
1105 1065 1303 1100 Theophanem
1320 1063 1583 1092 claudunth-zoncn
1595 1064 1719 1091 monachi
1737 1063 1795 1092 Blot

150 1111 208 1137 τῶν
224 1111 290 1137 νέων
304 1111 340 1146 (g)
355 1110 501 1145 βᾳσιλέων,
517 1109 584 1137 Vita:
599 1110 794 1144 imperatorum
810 1109 907 1137 Leonis
920 1109 1040 1143 Armeni,
1056 1114 1081 1137 et
1093 1110 1138 1145 qui
1157 1114 1216 1145 post
1232 1118 1292 1137 eum
1307 1110 1384 1136 rebus
1400 1109 1576 1144 prwfuerunt,
1588 1116 1676 1144 usque
1691 1108 1725 1136 ad
1740 1108 1797 1136 Ro-

137 1152 265 1183 'mauum
281 1154 466 1190 Lacapenum,
486 1161 549 1182 cum
563 1154 620 1189 jam
642 1154 843 1182 Constantinus
856 1153 1141 1190 Porpliyrogennetus
1159 1155 1237 1183 solus
1256 1154 1440 1189 imperitaret,
1461 1154 1623 1182 defunctum
1638 1153 1672 1181 Δ.
1684 1153 1716 1181 C.
1731 1153 1795 1181 948.

153 1200 284 1227 Diversus
296 1203 339 1227 est
353 1199 397 1226 hic
411 1198 545 1234 Georgius
559 1206 574 1225 a
587 1197 706 1234 Georgio
725 1197 897 1233 Hamartolo,
915 1199 995 1234 cujus
1016 1198 1174 1227 Chronicon
1196 1199 1230 1226 ab
1243 1198 1356 1226 exordio
1370 1198 1465 1226 mundi
1482 1198 1515 1226 ad
1533 1197 1692 1226 Michaelem
1707 1197 1798 1226 Theo-

156 1243 396 1279 pliilililium.sub
407 1250 462 1278 quo
476 1243 534 1278 ipse
549 1243 635 1270 vitam
648 1243 758 1279 agebat,
778 1243 870 1271 adhuc
895 1250 947 1271 ms.
970 1243 1108 1271 delitescit
1136 1243 1164 1270 iu
1192 1243 1278 1270 variis
1293 1242 1480 1270 bibliothecis.
1508 1242 1658 1277 Utriusque
1672 1245 1700 1269 et
1722 1241 1798 1269 tertii

153 1289 266 1323 insuper
280 1287 392 1322 Georgii
408 1287 535 1315 monachi
547 1286 707 1315 Chronicon
724 1287 784 1314 sive
798 1287 950 1315 Historiam
971 1295 1024 1314 ms.
1043 1286 1182 1315 evolvisse
1208 1294 1238 1314 se
1262 1290 1382 1314 testatus
1404 1290 1448 1314 est
1471 1285 1597 1314 Raderus
1607 1286 1636 1313 in
1660 1285 1797 1314 l'iridario

151 1337 283 1363 sanctam,
299 1331 373 1359 notis
388 1330 423 1361 ad
438 1330 528 1358 Vitam
546 1329 645 1366 Ignatii
661 1331 826 1367 patriarchae
845 1331 928 1360 CPol.
947 1332 1080 1367 scriptam
1091 1339 1105 1358 a
1117 1330 1214 1358 Niceta
1230 1330 1406 1366 Paphlagone
1420 1338 1427 1357 :
1447 1329 1550 1358 Praeter
1564 1338 1596 1357 ea
1613 1337 1672 1365 qua!
1691 1330 1796 1365 possint

151 1376 186 1402 ad
198 1384 275 1402 aram
291 1375 394 1407 notavi,
410 1374 509 1408 placuit
524 1375 647 1410 quoniam
661 1380 768 1402 enatare
781 1383 813 1402 ert:
825 1375 937 1411 Georgio
954 1375 1128 1408 Ilamartolo.
1145 1375 1190 1410 qui
1205 1375 1326 1403 diversus
1341 1380 1381 1402 est
1404 1383 1421 1402 a
1442 1374 1553 1410 Georgio
1569 1373 1687 1409 syncello
1705 1373 1794 1401 Tara-

153 1420 197 1452 sii,
213 1420 334 1454 quamvis
352 1420 380 1446 in
401 1419 486 1452 fronte
499 1428 593 1447 nomen
609 1419 722 1455 syncelli
735 1419 861 1454 praferat
879 1429 888 1447 :
901 1420 1022 1448 diversus
1044 1421 1108 1448 item
1130 1428 1147 1447 α
1172 1418 1285 1455 Georgio
1297 1420 1427 1447 monacho
1442 1420 1487 1455 qui
1508 1418 1660 1446 Chronicon
1674 1418 1795 1453 scripsit,

151 1465 222 1500 quod
238 1474 256 1492 a
274 1464 406 1492 Panvinio
421 1464 560 1498 laudatur,
579 1465 686 1492 tametsi
701 1464 851 1492 Chronicon
861 1465 929 1493 illud
952 1465 1058 1499 Georgii
1073 1472 1168 1492 nomen
1189 1463 1377 1498 prtescriptum
1399 1471 1451 1499 non
1468 1461 1576 1490 habeat.
1591 1461 1655 1489 Tres
1670 1461 1740 1489 enim
1753 1462 1799 1488 di-

151 1517 241 1536 versos
268 1509 411 1536 monachos
436 1509 633 1544 manuscriptos
657 1509 756 1544 partim
777 1517 810 1537 est
824 1509 954 1537 Palatina
969 1508 1109 1542 Boiorum,
1134 1508 1236 1543 partim
1262 1515 1296 1535 eo;
1318 1508 1476 1543 Augustana
1497 1505 1667 1540 bibliotheca,
1684 1505 1798 1545 ineditos

152 1561 244 1581 omnes
261 1561 308 1581 nec
320 1553 469 1581 translatos
484 1554 611 1581 hactenus
625 1561 728 1581 mecunt
741 1553 824 1582 habeo
843 1554 1012 1590 conferoque.

190 1643 228 1679 (α)
244 1643 323 1680 Hinc
334 1648 448 1680 apparet
462 1651 518 1680 non
545 1643 592 1680 diu
608 1647 670 1678 post
680 1642 794 1672 vixisse.
808 1641 944 1672 Cancrum
963 1651 984 1679 p:

1003 1651 1024 1680 ς.
1041 1643 1094 1671 528
1103 1644 1275 1677 adnotatum,
1287 1643 1339 1676 ἕως
1353 1640 1404 1671 ὧδε
1436 1642 1466 1670 τδ
1479 1641 1613 1678 Χρονικὸν
1645 1640 1797 1677 Γεωργίου,

152 1682 203 1707 καὶ
218 1681 276 1706 ἀπὸ
291 1679 345 1707 τῶν
356 1678 407 1707 ὦδε
426 1679 473 1706 τοῦ
489 1679 652 1714 Λογοθέτου.

202 1751 234 1785 (·)
248 1749 302 1785 Hoc
314 1751 508 1785 munusnostris
520 1751 610 1777 diebus
625 1750 744 1782 praestitit
756 1751 794 1777 vir
809 1750 960 1776 clarissimus
973 1751 1075 1776 Carolus
1087 1751 1240 1776 Benedictus
1251 1750 1352 1780 llaslus,
1363 1748 1474 1775 Instituti
1491 1747 1602 1773 Francis:
1618 1749 1644 1772 et
1659 1746 1801 1774 Academias

152 1781 349 1813 Inscriptionum
361 1781 453 1807 socius.
469 1783 534 1808 Eutr.
