2011 3156
134 209 166 245 17

168 265 238 293 Ἀλλ’
255 265 319 293 ὅσον
334 266 386 302 μιν
406 275 448 294 σοι
464 267 629 303 πεπόνηται,
642 267 780 304 πραότατε
794 267 919 304 βασιλεῦ,
934 271 959 300 Δ

132 312 192 348 πςρὶ
213 312 265 348 τὴν
279 312 393 349 λογικὴν
409 314 456 340 καὶ
472 313 524 350 τὴν
538 313 594 341 τῶν
615 314 723 350 ἀνδρῶν
747 315 922 351 ἐπιμέλειαν,

132 357 171 384 tvm
179 354 339 391 τᾶλλα.....,
354 358 525 395 θεωρήσουσι
542 359 592 395 μὲν
609 360 634 389 οί
659 361 748 395 σοφοὶ,
763 360 805 388 ὅτι
820 361 854 397 δὴ
877 362 925 389 καὶ

133 403 172 435 σὺ,
188 404 293 439 μᾶλλον
307 404 337 431 δὲ
360 405 393 440 δὴ
410 405 442 432 σὺ
457 405 565 441 σαφῶς,
581 407 623 434 ὅτι
638 415 669 442 γε
683 407 732 434 καὶ
755 407 854 435 ἐκείνοι
877 417 924 436 σο-

131 451 182 485 φοί.
204 451 337 487 Ἰστορεῖς
361 452 390 479 δὲ
410 452 504 485 αὐτὸς,
513 454 595 489 χεῖρα
617 453 707 489 μόνως
721 454 822 490 ,λαϐὼν
845 456 925 492 ἡμῶν

130 497 342 533 διακονουμένην
368 506 421 533 σοι,
438 499 489 526 ὅσα
504 501 560 532 τοῖς
582 500 636 536 πρὸ
651 500 699 528 σοῦ
713 500 854 537 βεϐίωται,
869 503 924 530 κᾶν

131 543 311 580 ἀποχρώντως
330 544 414 580 ἔχωσι
427 545 458 572 τδ
475 545 577 581 φαῦλον
591 547 640 574 καὶ
658 547 690 574 οὐ
705 547 845 583 λαμπρὸν,
861 548 924 576 ἐπεὶ

131 590 174 617 καὶ
199 590 306 618 τούτων
333 591 423 618 ἔνεστι
455 591 576 628 θηρᾶσαι
605 593 664 626 τοῖς
700 593 856 626 σπουδαίοις
891 594 925 622 τὰ

130 637 262 672 χρήσιμα.
288 637 398 673 ’Δμέλει
427 638 575 674 τοιγαροῦν
598 639 690 675 πάσης
721 639 852 676 ἀσχολίας
871 641 921 668 καὶ

129 682 225 718 ἀργίας
239 682 292 718 τὴν
315 684 381 719 περὶ
396 683 477 719 λόγου
494 686 704 721 προτετιμηκὼς
722 686 852 722 σπουδὴν,
876 687 925 715 ἆτι

128 729 158 764 δὴ
170 729 268 757 τούτου
296 731 418 766 μάλιστα
430 732 487 763 τοῖς
505 732 639 768 ὑπηκόοις
651 733 818 769 φιλομαθέσι
835 742 866 761 τε
877 734 925 762 καὶ

129 776 333 812 φιλιστοροῦσιν
361 775 444 813 ζῆλον
471 779 519 805 καὶ
544 779 646 816 ἀρετὴν
676 780 870 815 ὲγγεννῶντος,
889 780 926 808 τὰ

131 822 178 858 μιν
195 823 230 850 ἐκ
240 823 295 851 τῶν
310 825 525 860 γεγραμμένων,
541 826 576 853 τὰ
590 826 618 854 δὲ
632 827 665 854 ὲκ
679 827 735 854 τῶν
751 827 820 864 ἀκοῇ
835 836 925 864 παρα-

129 867 279 904 δεδομένων
300 870 490 906 συνηθροικὼς
513 870 609 908 ὥσπερ
636 881 663 900 τι
680 873 770 900 κοινὸν
793 869 923 902 διδασκα-

129 914 197 942 λεῖον
223 914 366 951 προθεῖναι
393 916 478 944 πᾶσιν
499 916 654 945 ἐϐουλεύσω
677 918 788 952 καλῶς,
815 919 925 956 ἐκείνην

129 961 232 997 ταύτης
250 963 261 978 ⁹
278 962 367 998 ἀρχὴν
381 960 452 990 εἶναι
465 964 579 1000 νομίσας
595 964 647 1000 τῆς
661 965 783 1001 ἱστορίας
795 954 923 1002 ἀρίστην,
942 954 964 984 Β

129 1009 179 1042 τὴν
188 1009 230 1044 τῷ
243 1009 382 1047 μακαρίτῃ
396 1010 530 1046 Θεοφάνη
551 1011 704 1048 γενομένην
715 1013 873 1048 κατάληξιν,
887 1013 925 1049 (‘l)

130 1053 256 1089 [πάντων
276 1055 329 1082 τῶν
348 1056 484 1091 βασιλέων
494 1057 547 1090 ἕως
560 1058 609 1085 τοῦ
625 1059 686 1086 νυνὶ
701 1059 800 1095 καιροῦ
815 1060 862 1087 καὶ⁸
877 1060 928 1095 τῆς

130 1100 277 1136 βασιλείας
294 1110 339 1129 σου
352 1102 388 1130 τὰ
408 1104 595 1139 πεπραγμένα
607 1104 653 1132 διὰ
668 1104 749 1140 λόγου
762 1104 906 1133 συλλαϐεῖν
918 1114 926 1122 ι

128 1148 153 1174 ιι
165 1148 214 1175 καὶ
228 1147 276 1176 τοῦ
287 1149 413 1185 ἀοιδίμου
425 1159 472 1177 σου
499 1151 615 1179 πάππου
624 1151 672 1179 τοῦ
685 1152 714 1180 ἐν
729 1152 870 1187 βασιλεῦσι
881 1153 928 1180 εὑ-

130 1193 223 1227 κλιοῦς
242 1193 376 1230 βασιλέως
389 1196 531 1224 Βασιλείου
545 1198 578 1225 τὰ
589 1197 666 1233 παρὰ
677 1198 724 1225 σοῦ
738 1198 927 1235 ἱστορούμενα,

135 1239 180 1266 καὶ
193 1240 261 1275 μετὰ
274 1241 367 1277 πάσης
381 1243 530 1279 σαφηνείας
541 1244 588 1271 καὶ
600 1244 680 1279 λόγου
694 1244 846 1281 εὐκοσμίας
856 1245 928 1273 κατὰ

132 1285 162 1312 τὸ
185 1286 241 1314 τῶν
272 1288 430 1324 γενομένων
457 1288 558 1325 ἀληθὲς
584 1290 633 1317 καὶ
660 1291 810 1327 εἰλικρινὲς
835 1292 876 1323 είς
897 1292 929 1319 τὸ

130 1332 246 1367 φανερὸν
270 1334 348 1370 παρᾶ
371 1335 422 1370 τῆς
447 1336 498 1371 σῆς
528 1335 777 1373 πολυμαθεστάτης
798 1337 929 1373 είδήσεως

131 1378 358 1415 ὶξαγορευθέντα,
385 1381 514 1418 περιττὸν
533 1382 567 1410 ἂν
595 1383 638 1419 εἴη
668 1383 807 1412 οὐδοτιοῦν
833 1384 930 1421 διηγή-

133 1425 241 1463 σασθαι]
265 1426 296 1454 ὃν
323 1428 396 1456 κατὰ
429 1429 591 1464 συγγένειαν
617 1431 665 1458 καὶ
697 1431 869 1467 ἀγχιστείαν,
898 1431 929 1459 et

129 1470 197 1499 εἶναι
214 1473 316 1506 υἱωνὸς
336 1473 442 1509 λαχὼν,
454 1475 655 1512 ἀποσεμνύνεις
683 1486 714 1504 τε
737 1478 770 1505 ὲκ
791 1477 846 1506 τῶν
873 1478 929 1506 σῶν

130 1518 232 1551 ἱκανῶς
257 1519 306 1546 καὶ
331 1521 548 1557 ἀντιλαμϐάνεις
566 1520 647 1556 αὖθις
671 1524 736 1560 παρ’
765 1524 850 1552 αὑτοῦ
867 1532 945 1553 τινα

128 1564 269 1594 ιΰκλειαν.

942 1629 964 1659 α

168 1697 211 1735 [Ρ.
228 1698 271 1734 3].
293 1698 414 1732 Ἐκεῖνος
430 1700 482 1736 μὲν
496 1700 543 1728 οὖν
557 1701 599 1733 εἰς
610 1701 661 1738 τὴν
685 1701 734 1729 τοῦ
748 1702 927 1738 κουροπαλά-

128 1752 178 1771 του
194 1745 307 1781 Μιχαὴλ
324 1746 465 1782 βασιλείαν
475 1749 523 1775 καὶ
535 1746 622 1786 ἧτταν
646 1749 697 1785 τὴν
711 1749 745 1776 ἐκ
763 1749 819 1777 τῶν
842 1749 928 1776 Βουλ-

127 1793 226 1827 τάρων
241 1792 387 1828 συμϐᾶσαν
402 1793 477 1831 αὐτῷ
491 1796 746 1832 καταπρώοθέντος
766 1797 788 1813 ¹⁰
805 1797 858 1824 ὑπὸ
872 1797 929 1824 τῶν

128 1838 232 1866 ἑαυτοῦ
258 1839 406 1874 κατέληγσ,
421 1841 472 1877 τῆς
500 1841 548 1868 τοῦ
565 1842 680 1874 Λέοντος
702 1843 783 1879 μόνον
798 1843 929 1879 μνησθεὶς

128 1887 322 1923 ἀναρρήσεως,
340 1888 425 1924 μηδὲν
437 1889 503 1925 μήθ’
514 1889 576 1917 ὅθεν
585 1887 620 1925 ἦν
645 1891 709 1926 μήθ’
721 1891 797 1923 ὅπως
820 1892 928 1928 ἐτράφη

127 1933 212 1969 δῆλον
240 1935 297 1966 τοῖς
319 1934 540 1970 ἀναγινώσκουσι
559 1937 732 1972 πεποιηκώς.
761 1937 860 1973 Ἡμεῖς
881 1938 928 1972 δὲ,

131 1978 230 2015 ὥσπερ
242 1981 276 2016 τῇ
295 1981 402 2018 κεφαλῇ
419 1981 454 2009 τὰ
465 1983 534 2010 ἄλλα
546 1984 618 2019 μέρη
633 1983 827 2017 συνάπτοντες,
843 1984 930 2020 αὐτήν

131 2036 165 2055 τε
190 2029 240 2064 τὴν
260 2029 384 2065 ἱστορίαν
407 2030 557 2067 ὸλόσωμον,
570 2031 689 2067 ἀλλὀὐχ
718 2032 835 2068 ἡμιτελῆ
861 2032 931 2060 ἀπο-

129 2075 294 2112 δείκνυμεν,
316 2076 366 2104 καὶ
398 2077 468 2113 πρὸς
493 2077 539 2104 τὺν
571 2078 637 2114 ἑξῆς
663 2077 712 2105 καὶ
732 2078 810 2106 κάτω
832 2079 930 2114 χρόνον

128 2123 189 2155 τοῖς
201 2122 241 2158 μὴ
249 2123 437 2159 ῥᾳθυμότερον
452 2124 520 2156 ζῶσι
531 2117 737 2161 διαϐιϐάζομεν,
753 2125 860 2161 κέρδος,
871 2126 930 2154 ἀλλ’

127 2169 160 2196 οὐ
180 2169 290 2205 ζημίαν
315 2170 407 2202 αὐτοῖς
431 2170 617 2206 ποριζόμενοι,
632 2172 692 2206 είγε
714 2171 747 2206 δὴ
771 2171 854 2198 καλὸν
883 2171 932 2199 καὶ

127 2215 201 2251 πρὸς
216 2215 372 2250 ἀσφάλειαν
392 2215 485 2244 εὖοδον
503 2216 558 2244 τῶν
571 2217 684 2252 ἀγαθῶν
705 2225 736 2244 τε
759 2217 808 2245 καὶ
822 2217 861 2253 μὴ
884 2217 931 2245 τὸν

127 2261 191 2296 βίον
207 2260 414 2296 διαγινώσκειν.

835 213 1066 245 ΡΗΟίΕΜΙΠΜ.
1092 207 1094 212 ’

1007 268 1146 302 Quantam
1165 275 1230 296 vero
1258 272 1300 301 tu,
1317 268 1465 298 mitissime
1488 270 1627 307 princeps,
1651 279 1764 308 operam

976 314 1102 350 posueris
1117 318 1175 342 tum
1193 315 1220 343 in
1236 315 1363 344 rationali
1374 316 1491 345 scientia
1506 321 1565 345 tum
1580 318 1606 345 in
1628 319 1770 348 hominum

975 368 1053 394 cura,
1078 366 1109 389 ut
1129 361 1183 390 alia
1199 362 1417 398 praetermittam,
1435 364 1694 393 commemorabunt
1709 373 1774 400 qut-

975 408 1036 436 dem
1055 408 1182 436 homines
1197 409 1347 443 sapientes,
1367 409 1477 444 quando
1491 415 1518 437 et
1530 414 1558 438 tu
1574 411 1643 446 ipse,
1664 410 1707 438 vel
1723 418 1772 446 po-

975 453 1031 482 tius
1046 456 1076 481 tu
1093 453 1152 488 ipse
1168 453 1269 488 palam.
1294 454 1367 489 quod
1383 457 1412 482 et
1426 454 1465 482 illi
1483 456 1634 490 sapientes.
1662 454 1770 483 Scribis

975 503 1067 526 autem
1084 498 1154 534 ipse,
1180 506 1293 527 manum
1310 499 1446 528 duntaxat
1465 505 1588 529 nostram
1619 501 1668 530 tibi
1686 502 1770 529 mini-
1786 526 1788 529 .

974 548 1111 572 strantem
1136 551 1295 578 assumens,
1315 552 1488 581 quaecunque
1508 546 1660 582 superioris
1682 546 1777 574 aetatis

975 587 1136 618 hominibus
1163 594 1240 626 gesta
1266 595 1429 624 noscuntur,
1455 592 1566 620 tametsi
1596 592 1642 620 illa
1662 592 1775 621 abundo

975 636 1077 664 vitiosa
1088 636 1143 664 sint
1156 644 1207 665 nec
1217 636 1329 665 virtutis
1341 637 1421 665 laude
1431 637 1583 666 admodum
1596 639 1772 674 splendesnt,

975 683 1049 718 quod
1073 683 1140 711 hinc
1163 691 1274 719 quoque
1295 683 1350 712 viri
1373 684 1491 713 studiosi
1503 685 1680 713 commodum
1700 685 1771 714 rcfe-

976 733 1050 758 rant.
1081 729 1154 758 Sane
1170 730 1253 766 igitur
1272 730 1350 758 omni
1376 731 1431 759 alia
1451 733 1635 767 occupatione
1659 733 1773 768 otioque

976 775 1140 803 eruditionis
1164 775 1379 812 litterarumque
1408 785 1482 805 cura:
1495 778 1671 813 posthabitis,
1699 779 1774 814 quod

977 821 1109 849 nimirum
1134 829 1167 849 ea
1190 830 1236 850 res
1253 822 1387 851 doctrinae
1412 823 1590 860 historiaeque
1615 825 1774 853 amantibus

977 868 1154 896 subditorum
1179 868 1280 897 animis
1306 869 1511 898 aemulationem
1527 870 1714 907 virtutemque
1729 871 1774 900 in-

977 913 1059 946 ferat,
1083 921 1118 941 ex
1139 914 1173 942 iis
1190 913 1216 950 5
1234 921 1296 949 qua:
1310 919 1358 942 aut
1374 915 1408 943 ab
1421 915 1484 944 aliis
1498 916 1600 951 scripta
1622 921 1670 945 aut
1691 918 1774 946 audio

979 960 1055 988 tione
1072 965 1184 996 accepta
1200 965 1266 989 sunt
1287 969 1373 989 unum
1390 969 1492 997 corpus
1510 967 1674 998 contexens,
1695 971 1774 992 com-

979 1016 1091 1036 munem
1107 1009 1187 1044 quasi
1198 1009 1325 1037 scholam
1343 1009 1482 1038 universis
1503 1017 1657 1045 proponere
1679 1012 1774 1047 sagaci

979 1055 1097 1083 consilio
1116 1055 1275 1089 decrevisti,
1298 1055 1382 1091 hujus
1407 1056 1528 1084 historias
1548 1056 1615 1084 illud
1638 1056 1774 1092 optimum

980 1105 1058 1129 ratus
1084 1101 1208 1135 initium,
1233 1102 1282 1130 ubi
1306 1102 1395 1131 felicis
1423 1102 1565 1131 memoriae
1591 1102 1775 1139 Theophanes

980 1148 1118 1177 scribendi
1143 1148 1226 1177 ﬁnem
1247 1148 1367 1182 fecisset,
1385 1148 1436 1185 [ita
1450 1149 1580 1177 nimirum
1606 1154 1638 1177 ut
1650 1150 1775 1178 omnium

980 1194 1179 1230 imperatorum
1195 1194 1229 1223 ad
1246 1195 1318 1223 hanc
1332 1203 1421 1231 usque
1436 1191 1552 1224 'etatem
1572 1201 1707 1232 tuumque
1723 1197 1776 1224 im—

979 1240 1088 1276 perium
1110 1248 1155 1269 res
1179 1245 1270 1276 gestas
1287 1248 1415 1269 sermone
1441 1241 1652 1276 complectatur.
1682 1242 1776 1276 Quan-

980 1294 1062 1322 quam
1078 1286 1173 1322 inclyti
1188 1287 1230 1314 avi
1250 1287 1301 1319 tui,
1323 1287 1395 1315 inter
1410 1287 1551 1323 Augustos
1565 1288 1639 1315 fama
1653 1288 1777 1317 celeber-

979 1333 1057 1366 rimi,
1076 1332 1170 1362 Basilii
1192 1334 1368 1369 imperatoris
1393 1338 1470 1370 gesta
1489 1334 1540 1362 abs
1561 1338 1588 1362 te
1606 1334 1775 1370 conscripta,

979 1379 1112 1415 omnique
1136 1380 1335 1415 perspicuitate
1359 1387 1392 1408 ac
1422 1380 1561 1408 sermonis
1585 1385 1683 1408 ornatu
1712 1388 1777 1409 vere

979 1425 1142 1461 sincereque
1171 1426 1206 1454 ab
1229 1426 1416 1454 eruditissima
1443 1427 1590 1462 prudentia
1615 1431 1674 1460 tua,
1699 1427 1777 1455 omni

979 1472 1097 1508 denique
1123 1473 1177 1501 lide
1206 1477 1330 1506 narrata,
1360 1472 1530 1508 superﬂuum
1552 1473 1633 1501 nobis
1663 1473 1700 1502 sit
1718 1473 1778 1502 ullo

979 1516 1062 1545 modo
1071 1515 1234 1553 retractare]
1251 1524 1332 1551 quem
1347 1517 1492 1552 sanguinis
1507 1517 1710 1545 necessitudine
1732 1516 1778 1554 (il-

979 1562 1034 1591 lius
1051 1562 1109 1598 ipse
1126 1563 1224 1599 nepos)
1237 1563 1352 1599 propius
1369 1563 1534 1599 contingens
1546 1571 1609 1591 cum
1627 1563 1683 1592 tuis
1694 1571 1778 1592 orna-

981 1609 1080 1638 mentis
1093 1609 1203 1637 abunde
1216 1610 1356 1643 honestas,
1383 1614 1441 1637 tum
1468 1616 1566 1638 rursus
1578 1609 1724 1645 quamdam
1741 1610 1777 1638 ab

980 1664 1014 1684 eo
1026 1656 1178 1684 claritatem
1195 1656 1307 1691 recipis.

1015 1701 1042 1731 ιε
1058 1709 1142 1738 porro
1167 1703 1196 1730 in
1223 1702 1364 1730 Michaelis
1384 1702 1560 1739 Curopalatae
1581 1703 1700 1739 imperio
1726 1710 1776 1731 sc-

980 1754 1114 1785 ceptaque
1125 1757 1141 1777 a
1155 1749 1281 1785 Bulgaris
1294 1749 1372 1777 clade
1384 1756 1434 1784 per
1448 1757 1564 1778 suorum
1577 1749 1775 1785 proditionem.

981 1795 1080 1823 Leonis
1097 1795 1234 1824 duntaxat
1260 1796 1426 1832 proclamati
1443 1796 1561 1832 Augusti
1597 1796 1676 1824 evius
1702 1796 1776 1824 facta

980 1841 1132 1875 mentione,
1147 1842 1290 1870 scribendi
1305 1842 1388 1870 tinem
1405 1841 1480 1877 fecit,
1494 1842 1612 1878 ejusque
1634 1850 1686 1871 nec
1698 1846 1779 1870 nata-

979 1888 1021 1917 les
1042 1893 1090 1918 aut
1113 1889 1242 1924 patriam,
1260 1896 1313 1917 nec
1334 1889 1527 1918 educationem
1543 1889 1694 1917 lectoribus
1710 1896 1778 1924 ape-

981 1935 1047 1963 ruit.
1075 1935 1132 1963 Nos
1151 1941 1243 1963 autem
1256 1936 1331 1964 velut
1347 1935 1472 1964 membra
1486 1936 1594 1970 reliqua
1608 1935 1693 1971 capiti
1711 1935 1778 1970 jun-

981 1984 1078 2016 gentes
1098 1985 1155 2008 tum
1173 1980 1265 2015 ipsum
1286 1981 1410 2008 historias
1430 1988 1533 2016 corpus
1551 1981 1700 2016 integrum,
1723 1988 1777 2008 non

981 2025 1061 2062 quasi
1080 2025 1194 2054 dimidia
1205 2029 1285 2062 parte
1299 2026 1441 2060 mutilum,
1453 2031 1696 2062 repraesentamus,
1719 2031 1778 2053 tum

981 2072 1016 2099 ad
1034 2079 1067 2100 ea
1082 2079 1145 2107 quae
1163 2071 1294 2108 deinceps
1317 2073 1477 2108 secutisque
1502 2071 1677 2108 temporibus
1700 2075 1793 2107 gesta-

982 2123 1048 2147 sunt
1061 2119 1244 2152 traducimus,
1263 2127 1322 2147 rem
1335 2119 1443 2147 scilicet
1454 2123 1619 2155 prastantes
1634 2118 1670 2146 iis
1686 2117 1734 2153 qui
1749 2117 1777 2145 in

982 2165 1039 2193 otio
1050 2169 1078 2194 et
1096 2165 1307 2197 desidia‘viyere
1321 2166 1461 2194 noluerint
1475 2166 1582 2198 utilem,
1601 2164 1724 2200 nihilque
1736 2164 1786 2192 eis.

982 2212 1076 2242 damni
1094 2211 1263 2240 merentem.
1290 2212 1399 2248 Quippe
1411 2212 1515 2240 bonttm
1529 2216 1573 2239 est
1584 2210 1656 2239 et~ad
1670 2209 1777 2238 securis

983 2262 1067 2291 tatem
1086 2265 1150 2286 cum
1166 2258 1264 2294 primis
1281 2258 1347 2286 utile
1370 2262 1400 2286 ut
1419 2258 1557 2286 bonorum
1577 2257 1680 2293 pariter
1694 2261 1777 2293 atque

984 2305 1123 2333 malorum
1140 2305 1225 2333 vitam
1242 2311 1454 2340 cognoscamus.

785 2373 901 2402 νΑιιιιΕ
919 2373 1126 2404 LECTIONES.

169 2421 181 2438 ’
199 2419 308 2456 ταύτην
325 2420 415 2457 vulgo.
453 2419 477 2438 “
490 2420 747 2457 καταπροδοθέντιτ

887 2467 1004 2497 NOTAE.

887 2469 1004 2498 NOTAE.

159 2519 203 2555 (ί)
222 2518 336 2548 Inclusa
354 2518 447 2548 addita
459 2527 492 2547 ex
510 2517 668 2555 conjectura
686 2517 718 2546 Β.
735 2516 766 2545 Ρ.
784 2516 877 2552 Goari,
892 2524 979 2553 eaque
993 2525 1048 2546 non
1063 2517 1127 2552 levi,
1143 2517 1191 2547 sed
1206 2526 1239 2547 ex
1255 2518 1397 2555 scriptoris
1414 2517 1500 2554 ipsius
1517 2517 1609 2547 verbis
1624 2518 1725 2553 potita.
