2011 3156
247 189 282 224 is
800 201 1054 237 THEOPHANES
1071 203 1353 238 CONTINUATUS.
1853 207 1886 238 20

359 278 1122 296 .__________________

917 362 1102 408 ΛΟΓΟΣ
1139 362 1199 407 Λ¹.

772 451 852 479 ΠΕΡΙ
875 454 943 481 ΤΗΣ
965 454 1147 483 ΒΑΣΙΛΕΙΑΣ
1178 457 1350 484 ΛΕΟΝΤΟΣ.

927 621 1108 666 LIBER
1151 623 1190 666 l.

809 714 934 744 LEONiS
944 715 1088 744 ARMENII
1105 715 1287 746 IMPERIUM.

1036 814 1072 822 .—

1666 821 1675 836 ί

276 881 306 917 6
324 880 351 908 'l.
371 879 438 916 Ejus
451 879 547 916 itaque
570 887 651 915 quem
676 879 801 908 dicebam
818 879 921 908 Leonis
944 879 1030 915 patria

1119 880 1161 917 [P.
1179 881 1207 917 4]
1230 881 1262 909 αἰ
1281 882 1384 918 Πατρὶς
1397 882 1447 918 μὲν
1461 881 1508 910 οὖν
1521 883 1568 910 τοῦ
1582 867 1750 920 δηλωθέντος
1762 885 1880 918 Λέοντος

240 925 370 953 Armenia
385 924 446 953 fuit.
458 924 551 953 Genus
565 925 665 961 partim
683 932 715 952 ex
733 925 867 960 Assyriis,
881 924 983 960 partim
1000 932 1032 951 ex

240 971 309 1007 ipsis
331 971 469 999 Armeniis
490 975 672 1007 propagatum
691 971 753 999 fuit.
778 971 811 998 ili
828 978 891 999 eum
909 970 1034 999 scelestae

240 1017 340 1045 mentis
362 1017 504 1053 proposito
521 1018 592 1045 truci
609 1024 676 1045 nece
692 1021 821 1052 parentes
842 1017 1033 1049 sustulissent,

239 1063 337 1091 exsilio
354 1063 476 1091 damnati
493 1067 568 1096 sunt;
588 1063 616 1089 in
629 1070 686 1097 quo
700 1063 775 1090 velut
789 1061 909 1098 profugi,
929 1070 1034 1098 paupe-

239 1116 298 1136 rem
319 1109 469 1137 tolerantes
483 1109 580 1142 vitam,
601 1116 683 1143 quem
707 1108 923 1141 nominavimus,
947 1108 1033 1135 feram

239 1155 356 1183 bestiam
373 1159 566 1190 susceperunt.
595 1154 656 1182 Jam
681 1155 773 1190 itaque
798 1154 854 1182 Leo
879 1154 1033 1189 pubertatis

238 1209 327 1230 annos
343 1201 484 1237 ingressus
503 1201 532 1228 in
553 1201 683 1237 oppidum
704 1201 785 1229 Pidra
810 1201 932 1235 nomine,
960 1201 1033 1236 quod

237 1248 418 1276 Orientalium
437 1248 567 1275 thematis
581 1252 633 1281 est,
651 1247 800 1284 migravit:
820 1247 867 1276 ubi
885 1256 948 1276 cum
965 1248 1033 1276 viri-

237 1295 278 1322 les
294 1301 382 1322 annos
397 1294 545 1330 attigisset,
559 1293 782 1322 bellicosissimis
800 1294 866 1322 viris
888 1295 1033 1322 truculen-

236 1340 408 1375 tissimisque
417 1344 646 1372 connumeratus,
657 1340 762 1367 strenui
772 1340 905 1376 fortisque
913 1340 1034 1375 pectoris

235 1386 289 1414 viri
307 1387 387 1414 laude
403 1386 514 1414 claruit.
537 1385 711 1421 Nicephorus
731 1394 794 1414 cum
811 1393 860 1422 per
879 1387 906 1414 id
923 1391 1033 1422 tempus

236 1433 346 1468 iinperii
361 1432 486 1460 habenas
506 1432 708 1465 moderaretur,
736 1433 764 1459 in
782 1433 908 1468 Bulgaria
931 1433 1033 1468 insigni

237 1479 369 1506 Romana:
384 1478 424 1505 rei
444 1477 565 1505 ludibrio
580 1478 720 1506 occubuit.
749 1478 916 1514 Supremnm
937 1479 962 1507 is
981 1479 1032 1507 du-

236 1529 295 1551 cem
307 1521 486 1555 Bardanium,
497 1526 681 1557 cognomento
689 1521 729 1549 Tu
735 1530 821 1555 rcum,
835 1523 1029 1557 destinaverat,

236 1567 359 1602 quinque
375 1570 441 1594 tunc
461 1555 638 1594 orientalium
655 1567 808 1594 thematum
825 1572 948 1602 agentem
962 1555 1031 1603 prae;
1047 1555 1067 1583 Β

236 1611 336 1644 sidem,
359 1617 392 1638 ac
408 1617 463 1646 qua
479 1611 599 1645 pollebat
620 1610 719 1638 bellica
738 1611 898 1640 fortitudine
913 1620 945 1639 ac
965 1613 1030 1640 reii-

236 1663 353 1690 quarum
363 1655 495 1682 virtutum
511 1655 602 1689 laude,
615 1655 727 1690 provida
743 1663 809 1683 cura
820 1658 1029 1691 gubernantem.

235 1701 321 1729 Porro
343 1700 509 1734 Dardanius,
529 1706 560 1729 ut
585 1701 630 1729 cui
658 1702 779 1730 hostium
807 1703 890 1737 potiri
907 1704 934 1731 in
959 1706 1030 1732 votis

235 1751 318 1780 esset,
333 1755 368 1775 ac
381 1755 444 1776 cum
458 1748 515 1775 sibi
529 1748 589 1783 ipse
605 1749 729 1784 quotidie
742 1749 892 1785 imperium
909 1752 1031 1779 somnia-

235 1797 288 1826 ret,
296 1793 375 1821 hunc
389 1793 487 1828 dequo
502 1793 642 1829 loquimur
653 1794 785 1828 Leonem,
800 1796 938 1824 hominem
953 1798 1028 1832 gravi

234 1840 363 1875 trucique
379 1845 494 1875 aspectu
509 1840 534 1875 7
550 1845 633 1876 atque
647 1842 741 1870 animo
755 1850 901 1878 generoso,
926 1843 1029 1879 quique

233 1890 368 1921 praeterea
385 1886 528 1921 colloquio
550 1887 668 1915 blandus
683 1887 825 1915 videretur
847 1889 1029 1925 moribusque

233 1932 367 1965 urbanus,
387 1933 447 1960 suis
461 1938 519 1960 tum
537 1933 702 1962 satellitibus
718 1941 750 1962 ac
762 1935 899 1963 ministris
913 1936 1025 1971 adlegit.

217 1983 314 2014 ~atque
327 1979 380 2007 hoc
388 1979 519 2014 priorem,
538 1984 586 2008 aut
597 1984 671 2009 certe
685 1981 761 2009 brevi
775 1986 847 2017 post,
863 1982 1025 2012 Michaclem

232 2024 357 2058 Balbum,
386 2033 495 2053 necnon
522 2025 656 2054 Thomam
684 2027 792 2056 Gazura
809 2029 908 2064 palude
930 2030 1028 2058 oriun-

230 2071 296 2098 dum
314 2091 323 2104 ,
351 2071 468 2107 abiectae
500 2080 598 2100 omnes
624 2074 707 2102 sortis
740 2074 866 2103 homines
896 2076 1026 2111 nullaque

232 2116 364 2148 hactenus
381 2118 504 2146 nominis
523 2119 649 2148 claritate
661 2120 838 2154 conspicuos,
854 2129 887 2148 ac
902 2122 948 2157 qui
966 2127 1024 2150 tum

231 2163 352 2197 primum
376 2164 537 2191 militarium
561 2165 689 2193 ordinum
716 2167 833 2196 ducibus
849 2169 1024 2205 tribunisque

231 2207 425 2236 innotuissent.

265 2275 292 2302 9..
312 2274 344 2302 ili
364 2282 430 2311 ergo
457 2276 506 2303 toti
530 2283 547 2304 ο
573 2276 709 2306 Bardanio
738 2279 907 2314 pendebant,
942 2281 1025 2317 inque

230 2331 290 2350 eum
302 2330 399 2350 omnes
414 2330 476 2358 spes
490 2331 555 2351 suas
571 2324 711 2353 saecularis
727 2326 859 2354 claritatis
872 2327 1023 2362 jactabant.

231 2369 383 2397 Bardanius
397 2378 481 2405 porro
496 2371 603 2405 imperii
618 2372 796 2400 nanciscendi
811 2374 961 2408 cupiditate
978 2375 1025 2404 ila-

229 2425 312 2452 grans
327 2416 389 2444 viro
404 2417 513 2444 cuidam
525 2418 553 2445 in
566 2418 731 2446 Philomelio
744 2421 924 2449 monasticam
940 2423 1023 2450 vitam

229 2463 322 2499 agenti
340 2463 451 2499 illicque
468 2465 651 2492 commoranti
668 2465 726 2500 ejus
739 2467 904 2502 quandoque
920 2469 1024 2503 adipis-

229 2509 309 2537 cendi
325 2510 450 2537 animum
470 2510 568 2544 aperit.
584 2518 616 2537 ac
632 2510 740 2538 confert
755 2512 913 2545 consilium,
929 2518 1023 2548 rogat-

228 2564 281 2590 que
300 2560 329 2582 ut
348 2556 488 2590 supplices
502 2556 536 2583 ad
558 2556 646 2584 Deum
667 2565 716 2592 pro
745 2565 778 2585 eo
799 2566 894 2591 preces
914 2559 1021 2595 fundat,

228 2609 284 2636 quo
299 2601 358 2635 ejus
371 2609 484 2637 gressus
499 2602 653 2638 dirigantur
667 2611 756 2638 exque
774 2605 830 2632 voti
848 2606 954 2634 ratione
972 2608 1022 2634 ἰηι-

228 2648 297 2683 perii
316 2655 432 2682 compos
458 2648 515 2675 ﬁat.
542 2649 583 2676 Ad
600 2658 682 2684 quem
701 2651 827 2686 protinus
847 2654 1020 2683 monachus:

187 2716 189 2718 .
227 2695 305 2728 Noli,
322 2695 456 2728 Dardani,
471 2695 603 2730 ejusmodi
625 2697 727 2733 aliquid
748 2704 843 2726 (cinere
861 2703 969 2737 aggredi
990 2713 1021 2731 ac

226 2750 398 2776 pra'sumcre,
426 2742 495 2769 unde
515 2742 636 2776 futurum
660 2749 689 2771 ut
712 2746 889 2774 substantiam
912 2751 1020 2778 mnittas

225 2793 250 2814 et
272 2788 343 2815 oculi
364 2788 528 2823 e/fodiantur
551 2789 659 2825 aliaque
681 2791 731 2818 tibi
746 2793 865 2827 infausta
888 2783 1020 2824 eveniunt.

225 2831 277 2860 Sed
296 2833 319 2860 si
334 2835 396 2861 auiti
414 2835 492 2869 probe
508 2836 587 2870 inque
605 2844 659 2863 rem
672 2842 745 2864 tuam
766 2841 916 2867 consulenti
938 2843 1020 2869 obau-

225 2881 278 2913 dis,
304 2889 383 2917 quant
402 2883 454 2909 cito
476 2883 508 2909 ab
533 2892 564 2910 ea
591 2885 709 2912 animum
736 2888 852 2922 transfer
873 2890 1019 2925 molitione,

225 2925 327 2953 nullam
344 2927 459 2961 parandi
481 2928 646 2963 principatus
660 2931 848 2965 cogitationem
871 2942 1018 2970 assumens,

1092 927 1234 963 Ἀρμενία,
1249 929 1327 963 γένος
1341 929 1369 956 δὲ
1385 929 1416 956 ab
1432 929 1484 965 μὲν
1506 930 1535 964 ἐξ
1559 931 1723 966 ’Λσσυρίων,
1739 932 1770 958 τὺ
1786 932 1815 959 δὲ
1833 933 1881 959 καὶ

1087 974 1175 1001 αὐτῶν
1204 975 1367 1010 Ἀρμενίων,
1393 976 1417 1002 οἳ
1449 976 1497 1003 καὶ
1523 977 1586 1009 τοὺς
1610 977 1694 1009 ἰδίους
1718 977 1748 1010 ἐξ
1771 978 1880 1006 ἀνοσίου

1085 1020 1201 1057 γνώμης
1231 1022 1321 1056 σφαγῇ
1333 1022 1486 1057 ·’μιαιιρόνῳ
1517 1023 1686 1057 παραδόντες
1715 1024 1881 1059 γεννήτορας

1087 1067 1237 1103 ὑπερορίας
1260 1067 1510 1102 κατεδικάσθησαν,
1525 1070 1638 1096 κάκεῖσε
1659 1070 1692 1106 δὴ
1717 1070 1763 1097 τὸν
1775 1071 1880 1106 πένητα

1086 1113 1154 1148 βίον,
1172 1113 1218 1140 ἆτε
1231 1114 1263 1149 δὴ
1279 1115 1327 1142 καὶ
1343 1115 1473 1149 φυγάδες,
1487 1115 1660 1147 διαθλοῦντες
1671 1116 1717 1143 τὸν
1733 1117 1881 1152 εἰρημένον

1086 1159 1157 1195 θῆρα
1179 1160 1323 1188 ἀπέτεκον.
1350 1161 1431 1197 Ἀρτι
1455 1161 1521 1196 γοῦν
1553 1164 1594 1195 είς
1620 1163 1739 1198 ἐφήϐους
1763 1165 1777 1190 ὁ
1803 1163 1881 1191 Λέων

1085 1207 1220 1239 ἐτάττετο,
1231 1208 1278 1233 καὶ
1296 1207 1396 1243 κώμην
1417 1208 1521 1245 Πίδραν
1537 1210 1809 1245 κατονομαζομένην,
1826 1210 1880 1237 ὑπὸ

1084 1253 1115 1280 τὺ
1132 1253 1204 1288 θέμα
1225 1253 1358 1280 τελοῦσαν
1381 1255 1437 1282 τῶν
1467 1255 1659 1288 Ἀνατολικῶν,
1677 1256 1728 1291 τῆς
1750 1257 1879 1292 πατρίδος

1085 1299 1250 1327 ἀλλάσσεται
1263 1308 1270 1316 ’
1291 1301 1355 1327 ἔνθα
1373 1301 1405 1336 δὴ
1420 1302 1468 1328 καὶ
1483 1302 1579 1338 ἀνδρὺς
1589 1302 1698 1338 ἡλικίαν
1717 1302 1876 1337 δεξάμενος,

1084 1347 1141 1378 τοῖς
1169 1347 1376 1382 μαχιμωτάτοις
1405 1348 1451 1374 καὶ
1480 1348 1675 1382 φονικωτάτοις
1693 1348 1878 1383 καταριθμού-

1086 1402 1166 1429 μενος
1185 1393 1265 1429 δόξης
1280 1393 1445 1430 εὐμοίρησεν
1458 1396 1504 1421 ἐπὶ
1516 1397 1698 1431 γενναιότητι;
1721 1395 1878 1430 Νικηφόρος

1083 1439 1144 1466 τότε
1164 1438 1212 1471 τὰς
1242 1440 1290 1474 τῆς
1309 1440 1448 1476 βασιλείας
1474 1440 1565 1469 ἴθυνεν
1597 1442 1686 1478 ἡνίας,
1704 1442 1719 1468 ό
1749 1441 1879 1478 τρόπαιον

1083 1485 1113 1511 ὲν
1135 1483 1292 1522 Βουλγαρία
1319 1487 1475 1522 γενόμενος,
1503 1487 1551 1514 καὶ¹
1582 1486 1804 1523 μονοστράτηγον
1832 1487 1879 1513 τὸν

1073 1524 1242 1566 Ἑαρδάνιον,
1257 1529 1278 1566 ᾧ
1293 1533 1415 1568 Τοῦρκος
1440 1533 1570 1567 ἐπίκλην,
1586 1532 1640 1560 τῶν
1656 1534 1736 1560 πέντε
1753 1533 1879 1568 θεμάτων

1082 1578 1136 1606 τῶν
1153 1580 1224 1606 κατὰ
1238 1578 1288 1614 τὴν
1312 1579 1459 1614 Ἀνατολὴν
1471 1579 1521 1615 τὴν
1540 1579 1670 1614 ἐφορείαν
1688 1580 1735 1606 καὶ
1749 1580 1878 1614 πρόνοιαν

1081 1625 1268 1661 διοικούμενον
1284 1625 1329 1652 διά
1341 1634 1371 1652 τε
1383 1626 1431 1660 τὴν
1449 1626 1477 1652 ἒν
1498 1626 1627 1661 πολέμοις
1644 1626 1748 1661 τόλμαν
1760 1627 1807 1652 καὶ
1828 1625 1878 1658 τὰς

1081 1671 1164 1702 ἄλλοις
1177 1671 1348 1703 ὲπςινθούσας
1359 1671 1434 1706 αὐτῷ
1446 1671 1489 1708 [Ρ.
1542 1672 1642 1708 ἀρετὰς
1654 1672 1856 1704 ὲξαπέσταλκεν
1869 1680 1877 1687 ·

1080 1716 1110 1749 ὃς
1121 1717 1168 1744 ἆτε
1183 1716 1215 1753 δὴ
1231 1716 1285 1743 τῶν
1301 1717 1407 1753 ἐχθρῶν
1420 1717 1535 1752 ἀγαπῶν
1549 1717 1688 1753 κυριεύειν
1703 1718 1750 1744 καὶ
1765 1718 1814 1753 τὴν
1829 1716 1876 1752 βα·-

1082 1763 1185 1790 σιλείαν
1214 1763 1346 1790 ἑκάστοτε
1375 1763 1569 1799 ὀνειροπολῶν,
1586 1763 1679 1790 τοῦτόν
1703 1773 1744 1796 τε,
1761 1765 1825 1799 περὶ
1844 1761 1876 1791 οὗ

1080 1811 1094 1836 ὁ
1119 1809 1210 1844 λόγος,
1228 1810 1272 1836 τὸν
1290 1809 1393 1836 Λέοντα
1420 1810 1644 1845 καταπληκτικὸν
1670 1809 1803 1844 βλέποντα
1828 1811 1877 1837 ml.

1080 1857 1205 1890 γενναῖον
1231 1856 1378 1892 ἀνάστημα
1404 1856 1500 1891 ἔχοντα
1530 1856 1578 1883 καὶ
1603 1856 1692 1888 ἄλλως
1715 1857 1821 1883 ἀστεῖον
1846 1858 1876 1883 ἐν

1079 1903 1140 1935 ταῖς
1155 1902 1273 1938 ὁμιλίαις
1288 1902 1419 1930 δοκοῦντα
1428 1904 1485 1934 τοῖς
1507 1902 1603 1929 ἑαυτοῦ
1619 1902 1776 1939 δορυφόροις
1791 1904 1876 1936 ὲγκα-

1079 1948 1188 1984 ταλέγει
1201 1949 1247 1976 καὶ
1257 1948 1401 1982 διακόνοις,
1416 1949 1463 1976 καὶ
1473 1949 1526 1985 πρό
1542 1957 1572 1984 γε
1584 1948 1705 1984 τούτουῆ
1720 1948 1788 1983 μετὰ
1795 1948 1874 1974 τοῦτο

1080 1996 1179 2031 μικρὸν
1191 1994 1305 2031 Μιχαὴλ
1320 2004 1351 2022 τε
1368 1995 1414 2022 τδν
1429 1995 1553 2031 Τραυλὸν
1578 1995 1626 2022 καὶ
1640 1995 1742 2030 Θωμᾶν
1756 1994 1801 2021 τὸν
1820 1994 1875 2020 ἀπὸ

1077 2040 1175 2075 λίμνης
1208 2040 1357 2076 Γαζουροῦ,
1386 2041 1532 2072 ταπεινοὺς
1556 2041 1661 2071 πάντας
1688 2041 1735 2067 καὶ
1757 2040 1875 2075 ἀζήλους

1075 2085 1155 2116 ὄντας
1172 2085 1220 2111 καὶ
1245 2085 1349 2120 ἀρτίως
1370 2085 1411 2117 είς
1435 2085 1536 2119 γνῶσιν
1562 2086 1714 2121 ἀγομένους
1741 2087 1799 2118 τοῖς
1825 2086 1875 2118 τὰς

1077 2131 1231 2165 πολεμικὰς
1247 2131 1500 2166 ἐγκεχειρισμένους
1514 2131 1613 2167 ἀρχάς.

1115 2289 1149 2324 β’.
1163 2289 1333 2325 Ἐκρέμαντο
1339 2287 1385 2316 οὖν
1394 2286 1467 2317 οὗτοι
1474 2290 1521 2317 τοῦ
1536 2290 1574 2318 Ba
1580 2291 1698 2326 ρδανίου,
1708 2291 1756 2318 καὶ
1764 2292 1873 2327 ἐναύτῷ

1078 2336 1127 2367 τὰς
1139 2337 1275 2371 κοσμικὰς
1287 2336 1399 2367 ἐλπίδας
1419 2337 1548 2363 ἐσάλευον
1562 2345 1568 2352 ·
1582 2337 1630 2364 καὶ
1641 2334 1718 2369 οὗτος
1732 2338 1781 2372 τῆς
1796 2337 1873 2372 βασι-

1077 2381 1152 2414 λείας
1168 2382 1204 2409 ὣν
1217 2383 1335 2418 ἐραστὴς
1352 2383 1429 2418 ἀνδρί
1443 2392 1496 2410 τινι
1514 2384 1662 2419 μονάζοντι
1676 2383 1747 2410 κατὰ
1761 2383 1807 2410 τὸν
1824 2383 1872 2410 τοῦ

1077 2428 1240 2464 Φιλομηλίου
1254 2429 1343 2464 χῶρον
1355 2429 1402 2456 καὶ
1415 2430 1618 2465 ὲνδιαιτωμένῳ
1625 2430 1674 2466 τὴν
1687 2429 1789 2465 ταύτης
1804 2429 1872 2457 ἀνα-

1077 2473 1216 2500 κοινοῦται
1226 2473 1340 2509 γνώμην
1349 2474 1425 2510 αὑτῷ
1437 2476 1486 2502 καὶ
1493 2475 1652 2510 ἐπιθυμίαν,
1667 2475 1714 2501 καὶ
1728 2475 1795 2510 προς
1805 2474 1871 2501 Θεὸν

1077 2519 1160 2553 εὐχὰς
1176 2518 1332 2554 ίκετηρίους
1347 2520 1498 2555 παρεκάλει
1516 2519 1612 2546 τοῦτον
1634 2519 1818 2554 ἀναπέμπειν,
1836 2520 1872 2546 τὰ

1077 2564 1160 2592 αὑτοῦ
1179 2565 1340 2601 διαϐήματα
1356 2566 1578 2597 κατευθυνοὺσοις
1603 2567 1652 2592 καὶ
1664 2566 1712 2601 τὴν
1729 2566 1871 2601 βασιλείαν

1076 2610 1314 2646 ὲπιϐραϐευούσας
1347 2612 1431 2647 αὐτῷ.
1454 2611 1524 2638 Ἀλλ’
1541 2613 1657 2648 ἤκουσεν
1676 2613 1812 2648 αὺθωρὺν,
1830 2614 1871 2646 ὡς

1078 2657 1120 2684 Οὺ
1133 2657 1195 2684 δέοι
1209 2658 1352 2685 τοιούτων
1375 2658 1569 2693 κατατολμᾷν
1588 2659 1779 2694 πραγμάτων,
1794 2662 1871 2695 Βαρ-

1076 2703 1170 2736 δάνιε,
1191 2703 1228 2730 δι’
1245 2701 1289 2730 ὧν
1302 2703 1436 2741 ἀπώλειᾲ
1455 2712 1487 2730 τε
1507 2706 1685 2738 περιουσίας
1710 2707 1759 2733 καί
1777 2707 1872 2742 omni:

1076 2759 1136 2777 των
1150 2751 1299 2784 asp/uani;
1312 2751 1361 2777 καὶ
1374 2751 1527 2785 δυστυχΙα
1538 2751 1638 2785 ἄλλως
1649 2754 1685 2780 οὐ
1707 2754 1806 2786 καλῶς
1820 2763 1871 2781 σοι

1076 2797 1237 2830 γενήσεται
1253 2805 1259 2812 ·
1272 2796 1342 2824 ἀλλ’
1354 2797 1381 2823 εἲ
1401 2805 1428 2823 τι
1442 2796 1523 2831 ἔχεις
1536 2798 1702 2834 πεισθῆναι
1724 2808 1774 2826 σοι
1796 2809 1871 2831 συμ-

1076 2844 1262 2876 ϐουλεύοντι,
1290 2843 1495 2878 ἀποπήδησον
1514 2846 1629 2872 τούτων
1646 2846 1695 2873 διὰ
1711 2847 1867 2881 βραχέων,

1034 2904 1060 2937 D
1075 2889 1173 2923 ἀρχήν
1187 2898 1255 2916 τινα
1263 2889 1334 2924 μηδ’
1350 2890 1428 2923 ὅλως
1439 2891 1499 2918 τῶν
1507 2893 1649 2920 τοιούτων
1664 2900 1721 2920 σου
1733 2895 1866 2929 πρτιγμά·

1075 2945 1133 2963 των
1152 2936 1279 2969 ,ϐάλλων
1296 2938 1337 2971 εἰς
1349 2938 1436 2966 γοῦν.
1461 2939 1627 2975 Ἐπληρώθη
1640 2941 1790 2977 κατηιρεῖας
1820 2942 1867 2968 καὶ
