2011 3156
137 198 164 232 Si
703 201 778 232 LIB.
799 202 870 232 I.—
889 203 961 234 LEO
982 200 1196 233 ARMENIUS.

1731 201 1768 231 2?.

136 256 226 292 ἀχλύος
239 256 253 282 ό
269 255 413 291 ἄνθρωπος
428 255 530 282 τούτων
541 254 595 282 τῶν
612 255 700 289 λόγων
711 256 848 292 ἀκηκοώς.
867 257 922 284 Καὶ
936 283 939 290 ,

991 257 1048 291 ujur
1067 264 1106 283 m
1121 263 1148 283 se
1164 255 1203 282 ita
1215 254 1341 282 habeant.
1368 253 1429 287 Quo
1447 253 1542 281 audito
1554 253 1682 281 mmstitia
1695 261 1770 289 qute-

135 303 203 334 τέλος
220 302 293 337 ἐξῄει
307 302 355 329 τοῦ
371 302 510 339 δωματίου
537 304 647 340 πλήρης
662 304 783 340 ἀθυμίας
798 305 846 331 καὶ
861 304 922 331 θλί-

139 349 214 384 ψεως.
236 349 280 381 Ὠς
292 349 321 376 δὲ
333 350 397 382 τοὺς
412 351 574 386 εἰρημένους
589 351 701 386 ἄνδρας,
715 351 819 379 Λέοντα
830 360 859 378 τε
877 353 924 379 καὶ

138 395 243 431 Μιχαὴλ
268 395 316 422 καὶ
345 396 457 432 Θωμᾶν,
474 397 520 424 τὸν
538 397 622 425 ἵππον
644 397 762 432 ἄγοντας
790 398 924 433 ἀναϐῆναι

136 443 216 479 τούτῳ
232 444 246 470 ὁ
263 444 381 479 μοναχδς
404 445 547 477 ἐθεάσατο,
560 445 605 472 τὸν
619 446 775 482 στρατηγὸν
793 446 926 482 ύποστρὰ

137 498 191 523 φῖιν
228 490 431 525 παρεκελεύετο
448 499 455 506 ·
484 491 532 518 καὶ⁵
561 491 599 524 ὡς
626 492 729 518 καινῶν
765 501 848 520 τινων
877 493 924 520 καὶ

138 534 214 567 ξένων
238 534 404 562 ἀκούσεσθαι
427 535 597 571 προσδοκῶν.
614 536 711 564 θᾶττον
733 536 749 573 ἣ
769 537 848 572 λόγος
869 538 926 564 ὐπ-

138 579 274 613 έστρεφεν.
292 579 362 606 Ἀλλ’
372 580 477 606 ἐκεῖνον
488 579 538 614 μὲν
546 579 625 610 αὖθις
637 580 793 617 ὲξελιπάρει
806 581 844 618 μὴ
857 581 925 617 πρὸς

137 626 168 651 τὰ
182 624 350 660 ἐλπιζόμενα
369 625 557 661 αὐτομολῆσαι
570 626 644 654 δεινὰ
658 627 706 654 καὶ
727 627 778 663 τὴν
801 628 926 655 ἀποῦσαν

137 671 329 706 κακοπραγίαν
355 672 406 707 τῆς
438 673 581 709 παρούσης
606 674 780 710 εὐδαιμονίας
808 674 925 707 ἀλλάξα-

138 718 197 745 σθαι
212 727 219 733 ·
234 719 336 750 αὐτοὺς
350 718 379 745 δὲ
397 718 511 751 τούτους
526 721 674 756 προφήτιδι
688 720 798 757 γλώττῃ
811 721 928 757 διεμαρ-

137 764 241 799 τύρετο,
258 764 377 800 βεϐαιῶν
394 765 432 797 ὼς
453 765 483 792 '0
497 766 606 801 πρῶτος
622 767 727 794 τούτων
739 769 785 794 καὶ
801 767 929 803 δεύτερος

136 811 180 846 τῆς
193 811 235 838 σοὶ
241 811 437 848 πεττουημένης
447 811 588 846 βασιλείας
599 813 759 848 γενήσονται
772 813 928 848 ἐγκρατεῖς,

137 857 192 885 ἀλλ’
207 858 238 885 οὺ
257 860 300 891 σὺ,
315 859 330 885 ὁ
342 859 433 894 τρίτος
445 859 473 886 δὲ
489 859 627 896 εὐφημίας
645 861 731 896 μόνης
750 861 798 888 καὶ
808 861 929 897 ἀναρρή-

137 913 203 936 σεως
229 904 375 940 μετασχὼν
390 905 446 932 οὐδ’
469 905 538 938 ὅλως
560 906 771 942 εὐοδωθήσεται,
791 908 860 935 ἀλλὰ
881 909 929 934 καὶ

137 951 228 982 κακῶς
252 951 301 987 τὴν
317 950 407 987 ψυχὴν
430 953 584 989 ἀποῤῥήξει
607 953 657 989 τὴν
686 953 797 982 ἑαυτοῦ.
817 953 930 986 Τούτοις
944 945 968 975 Β

138 997 300 1032 βιλλόμενος
313 999 364 1033 τὴν
385 998 476 1034 ψυχὴν
494 999 627 1033 ποικίλως
640 991 718 1035 ἠφίει
742 1000 816 1028 κατὰ
843 1001 932 1035 πρόσ-

137 1053 211 1071 ωπον
224 1046 273 1077 τὰς
288 1045 381 1082 χροιὰς
392 1047 439 1073 καὶ
448 1046 526 1078 αὖθις
537 1047 676 1084 ἀπῄειτὴν
690 1047 792 1080 οτκαδε,
802 1048 870 1083 ὁμοῦ
884 1049 933 1082 μὲν

139 1090 289 1125 βλάσφημά
301 1099 361 1118 τινα
375 1092 446 1118 κατὰ
465 1091 512 1118 τοῦ
525 1093 624 1128 ἀνδρὸς
638 1093 685 1120 καὶ
701 1093 795 1128 ὖερεις
818 1095 934 1130 ἀπορρί-

137 1145 224 1168 πτων,
237 1136 278 1173 [Ρ.
295 1136 322 1174 6]
347 1137 417 1173 όμοῦ
431 1139 460 1165 δὲ
477 1138 584 1171 τούτοις
597 1140 646 1171 τὰς
663 1140 770 1167 ἐκείνου
784 1141 819 1167 δι’
833 1141 934 1173 αὐτοὺς

138 1183 309 1218 ἐξαγγέλλων
318 1181 498 1221 προρρήσεις,
513 1186 558 1213 καὶ
573 1185 681 1220 γέλωτα
696 1187 780 1214 πολὺν
791 1187 934 1222 ωταχὲων

141 1229 192 1256 τῶν
205 1230 374 1265 εἰρημένων.

173 1318 206 1352 γ’.
223 1320 341 1356 Χαίρειν
367 1319 414 1350 οὖν
439 1322 528 1350 εἰπὼν
560 1324 619 1356 τοῖς
641 1324 746 1352 ἐκείνου
776 1325 879 1360 λόγοις,
901 1326 934 1362 τῇ

138 1366 366 1404 ἐννεακαιδεκάτῃ
391 1368 439 1395 τοῦ
470 1369 581 1397 Ἰουλίου
613 1370 698 1405 μηνὸς
730 1370 780 1406 τῆς
810 1373 846 1397 ια’
871 1371 937 1398 ὶνδι-

140 1413 252 1446 κτιῶνος
268 1415 340 1441 κατὰ
352 1414 400 1441 τοῦ
411 1414 602 1451 βασιλεύοντος
610 1417 771 1452 Νικηφόρον
785 1419 864 1454 χεῖρα
875 1427 937 1446 συν-

140 1460 272 1496 αθροίσας
291 1462 403 1497 πολλὴν,
419 1462 467 1489 καὶ
479 1463 513 1490 τὰ
535 1463 580 1498 ὑφ’
590 1464 686 1491 ἑαυτὸν
695 1464 817 1501 τέσσαρα
831 1465 938 1501 θέματα

139 1507 195 1538 τοῖς
226 1506 328 1534 ἑαυτοῦ
357 1507 448 1542 λόγοις
476 1508 637 1543 ὑπαγαγὼν,
662 1508 716 1536 τῶν
749 1510 938 1546 Ἀρμενιακῶν

139 1552 226 1587 χωρὶς
243 1552 314 1587 (οὐδὲ
332 1552 388 1589 γὰρ
400 1553 516 1586 ὺπείξαν
540 1554 637 1590 αὐτῷ),
655 1554 707 1589 τῆς
722 1556 938 1590 ἐπαναστάσεως

139 1597 267 1631 ἄρχεται.
289 1597 396 1633 Ἐμίσει
423 1599 473 1634 μὲν
495 1596 542 1626 οὖν
570 1599 631 1626 τότε
656 1600 702 1626 τὸν
726 1601 882 1638 Νικηφόρον
907 1603 938 1629 τὸ

141 1644 265 1680 ὑπήκοον
277 1644 316 1680 τῷ
331 1645 410 1681 βάρει
423 1645 585 1682 πιεζόμενον
596 1646 650 1674 τῶν
667 1647 807 1684 δημοσίων
817 1649 914 1683 τελῶν,
926 1650 940 1677 ὃ

141 1690 241 1723 γέγονέ
262 1699 322 1722 πως
338 1692 387 1718 καὶ
406 1692 518 1728 ἀφορμὴ
546 1693 595 1720 καὶ
611 1693 763 1730 σύνδρομον
778 1695 876 1731 ἐκείνῳ
890 1696 941 1731 τῆς

142 1736 357 1769 ἑπιναστάσεως
371 1745 380 1753 θ
397 1738 491 1772 γένονε
506 1738 534 1765 δέ
551 1748 577 1766 τι
604 1740 651 1766 καὶ
667 1740 761 1776 ἕτερον
779 1741 876 1768 αἴτιον.
897 1741 942 1774 Ὠς

141 1784 198 1818 γὰρ
217 1783 291 1811 κατὰ
311 1784 366 1811 τῶν
390 1785 550 1820 Ἀγαρηνῶν
563 1786 578 1812 ὁ
605 1787 754 1822 Βαρδάνιος
769 1788 944 1824 ἠνδραγάθη-

143 1838 191 1855 σεν
206 1830 256 1856 καὶ.
268 1830 319 1865 τῆς
333 1832 485 1865 γενομένης
501 1831 603 1868 πολλῆς
617 1833 834 1869 λαφυραγωγίας
851 1834 944 1871 δικαίᾳ

143 1875 263 1911 προνοίᾳ
286 1877 422 1910 πεποίηκε
451 1877 500 1913 τὴν
526 1878 675 1915 διανομὴν,
705 1879 863 1916 κατάλληλα
887 1882 944 1913 τοῖς

144 1921 362 1957 ἀγωνιζομένοις
377 1924 407 1951 ὲν
423 1924 535 1961 πολέμῳ
547 1925 605 1952 ἀλλ’
617 1925 647 1952 οὐ
666 1925 738 1953 κατὰ
753 1926 899 1962 πρόσωπον
911 1927 945 1954 τὰ

146 1965 221 1996 ἆθλα
246 1970 371 2004 προθεὶς,
390 1971 463 2005 {Suis
488 1973 536 1999 καὶ
558 1972 699 2007 βασιλείας
731 1973 838 2006 τούτοις
869 1973 945 2006 ἄξιος

149 2014 328 2051 μεταλαχεῖν.
346 2015 428 2043 Ὂοεν
444 2017 612 2054 ἀναρρηθεὶς
631 2018 751 2054 δημοσίᾳ
765 2020 841 2054 φωνῇ
867 2019 945 2054 βασι-

146 2059 224 2094 λεὺς,
242 2061 291 2088 καὶ
311 2062 415 2090 πολλῶν
438 2062 527 2090 ἄλλων
543 2063 724 2091 ἀπολαύσεών
736 2073 766 2091 τε
783 2065 831 2092 καὶ
855 2065 946 2100 γερῶν

147 2108 181 2134 ἐκ
202 2107 250 2134 τοῦ
263 2108 352 2143 δήμου
369 2109 561 2143 καταξιωοεὶς,
577 2109 615 2143 ὡς
630 2110 677 2136 καὶ
692 2110 755 2137 ναδν
769 2110 813 2137 ἐπ’
832 2111 947 2146 ὀνόματι

147 2153 236 2180 αὑτοῦ
245 2154 390 2190 ἀνεγεῖραι
405 2164 436 2181 τε
451 2156 499 2183 καὶ
519 2156 741 2188 κατασκευάσαι,
755 2156 806 2192 τὴν
823 2157 877 2190 ,ἐπὶ
894 2157 946 2183 Νι-

147 2199 301 2235 κομήδειαν
327 2200 465 2236 φέρουσαν
495 2200 539 2237 ᾔει
568 2201 638 2229 ὁδόν.
676 2201 747 2228 Ἀλλ’
781 2202 948 2238 ἀποχρῶσαν

147 2247 199 2273 καὶ
213 2247 366 2283 ἐφάμιλλον
378 2249 392 2274 ὁ
407 2247 560 2283 βασιλεύων
582 2248 743 2284 Νικηφόρος
757 2248 874 2284 δύναμιν
902 2250 947 2276 ὲκ-

975 303 1037 330 dam
1067 310 1099 329 ac
1122 301 1210 336 caligo
1231 301 1371 328 hominem
1394 300 1517 331 incessit,
1544 301 1672 335 tristique
1688 305 1715 327 et
1729 300 1770 327 af-

975 350 1048 377 ﬂicto
1063 348 1158 376 animo
1180 355 1195 374 e
1213 348 1325 383 tugurio
1347 347 1442 382 pedem
1459 346 1554 374 refert.
1584 345 1655 373 Tum
1672 349 1770 373 mena-

975 396 1055 427 ehus,
1070 403 1141 430 quos
1155 394 1280 422 dicebam
1302 394 1386 425 viros,
1408 393 1527 421 Leonem
1549 393 1656 421 scilicet
1673 397 1701 420 et
1718 393 1771 419 Mi-

976 443 1097 470 chaelem
1120 446 1148 470 et
1173 440 1324 472 Thomam,
1348 448 1450 475 equum
1477 439 1662 472 adducentes,
1686 445 1769 474 quem

976 489 1183 521 conscenderet,
1206 487 1314 520 videns,
1337 487 1436 515 ducem
1450 486 1642 521 redirejubet.
1663 485 1687 512 Is
1705 493 1770 512 vero

977 543 1047 563 nova
1065 535 1191 570 quaedam
1208 539 1236 563 et
1252 534 1375 561 inaudita
1387 542 1417 562 se
1432 533 1593 561 auditurum
1609 539 1725 567 sperans
1742 531 1771 566 8

977 583 1052 611 dicto
1076 582 1159 611 citius
1185 589 1313 610 reversus
1327 585 1381 610 est.
1408 580 1478 608 Tum
1495 581 1652 609 illeiterum
1668 579 1772 607 Barda-

978 629 1055 657 nium
1076 637 1174 665 rogare
1187 636 1221 656 ac
1235 629 1379 661 obtestari,
1393 636 1427 656 ne
1444 629 1502 663 ipse
1517 632 1614 662 sponte
1629 628 1663 654 ad
1677 631 1771 662 parata

979 674 1050 702 Itiala
1063 679 1217 710 procurrat,
1228 682 1296 702 neve
1307 674 1408 702 absens
1422 673 1605 700 infortunium
1622 680 1685 699 eum
1702 679 1772 707 pra:-

979 722 1050 750 senti
1069 729 1161 749 rerum
1189 721 1372 749 secundarum
1387 725 1458 748 statu
1473 723 1645 748 commutare
1656 723 1770 754 quierat.

980 767 1027 796 His
1043 772 1135 796 autem
1152 768 1219 803 ipsis
1228 767 1383 796 futurorum
1396 767 1510 802 praescia
1526 767 1618 802 lingua
1634 770 1774 793 contesta-

981 817 1026 840 tus
1035 818 1077 841 est
1094 818 1225 848 certoque
1245 812 1391 840 aﬂirmavit
1406 812 1466 840 fore
1480 817 1510 839 ut
1531 812 1636 847 primus
1651 811 1775 846 alterque

981 859 1100 895 imperii,
1125 859 1198 894 quod
1223 860 1263 887 sic
1283 859 1329 886 ille
1343 859 1491 894 deperiret,
1510 862 1651 894 compotes
1665 858 1773 885 tierent.

983 909 1039 944 ipse
1057 909 1103 936 illo
1125 916 1266 944 nunquam
1284 908 1430 943 potiretur.
1460 907 1565 940 Tertio,
1592 915 1655 935 eum
1684 907 1777 934 fausti

982 955 1076 983 omnia
1095 955 1293 991 publicamque
1308 952 1534 982 acclamationem
1552 957 1719 982 consecutus
1731 961 1777 981 csa

984 1006 1037 1034 set,
1053 1001 1121 1028 nihil
1143 1009 1177 1029 ex
1201 1005 1266 1028 voto
1290 1008 1323 1028 ac
1339 1007 1469 1036 prospere
1484 1007 1639 1032 cessurum,
1656 999 1703 1028 sed
1719 998 1778 1028 foro

984 1050 1065 1073 utet
1087 1046 1207 1073 animam
1225 1046 1296 1073 male
1313 1045 1498 1080 abrumperet.
1530 1045 1579 1073 llis
1603 1050 1695 1073 mente
1718 1053 1779 1080 per-

986 1092 1080 1120 culsus
1105 1091 1275 1125 Bardanius,
1300 1099 1334 1120 ac
1359 1093 1452 1120 vultus
1477 1092 1598 1120 colorem
1628 1092 1777 1120 identidem

986 1144 1109 1170 mutans.
1128 1146 1224 1167 rursus
1241 1139 1353 1166 domum
1367 1139 1435 1171 abit,
1447 1139 1528 1167 simul
1547 1140 1692 1167 maledicta
1707 1147 1779 1172 quae-

985 1185 1048 1212 dam
1063 1185 1199 1220 verbaque
1212 1185 1314 1213 atrocia
1332 1185 1361 1212 in
1376 1186 1547 1214 monachum
1559 1186 1779 1221 jactans,illlus-

985 1238 1040 1266 que
1059 1231 1099 1259 sic
1115 1231 1143 1259 in
1164 1239 1213 1259 eos
1229 1231 1319 1259 fausta
1340 1232 1468 1260 vaticinia
1492 1240 1621 1266 narrans,
1638 1233 1780 1269 multoque

986 1278 1044 1304 risu
1058 1277 1182 1304 hominis
1195 1277 1268 1305 dicta
1285 1277 1439 1312 excipiens.

1022 1324 1049 1352 5.
1071 1324 1136 1358 Ejus
1153 1325 1248 1359 itaque
1263 1323 1438 1352 sermonibus
1450 1324 1647 1359 valerejussis.
1659 1325 1693 1352 ad
1706 1325 1782 1352 deci-

989 1376 1061 1397 mam
1087 1377 1188 1397 nonam
1213 1367 1277 1396 Julii
1304 1369 1417 1402 mensis,
1445 1369 1596 1397 indictione
1626 1369 1781 1402 undecima,

988 1416 1093 1452 ingenti
1112 1417 1246 1444 adversus
1264 1415 1452 1451 Nicephorum
1467 1417 1664 1451 imperatorem
1687 1422 1783 1444 coacto

988 1463 1124 1496 exercitu,
1142 1470 1214 1497 eque
1232 1462 1366 1497 subjectis
1386 1462 1556 1490 tbemalibus
1572 1462 1718 1490 verborum
1744 1462 1784 1489 le-

990 1509 1101 1537 nocinio
1125 1513 1244 1543 quatuor
1271 1509 1298 1536 in
1319 1509 1484 1537 sententiam
1507 1508 1665 1544 perlraetis,
1687 1508 1784 1536 Arme-

990 1556 1045 1584 niis
1067 1555 1201 1584 duntaxat
1224 1555 1250 1583 in
1279 1555 1332 1583 tide
1359 1554 1546 1590 perstantibus
1571 1555 1634 1589 (nec
1657 1554 1742 1588 ριιίιηῖ
1756 1560 1786 1582 ιιι

993 1600 1128 1630 Bard-auio
1144 1607 1248 1629 morem
1273 1605 1400 1635 gererent
1426 1600 1518 1628 induci
1546 1600 1716 1634 potuerant),
1743 1606 1787 1626 rea

993 1647 1140 1675 bellionem
1153 1646 1270 1674 orditur.
1290 1645 1356 1674 Erat
1371 1654 1435 1674 vero
1456 1645 1630 1680 Nieepborus
1648 1649 1706 1673 tum
1720 1645 1787 1673 sub-

992 1693 1056 1721 ditis
1077 1701 1191 1725 exosus,
1217 1693 1291 1728 quod
1317 1693 1493 1728 publicorum
1520 1692 1694 1727 vectigalium
1709 1692 1785 1727 gravi

993 1747 1077 1767 onere
1100 1747 1150 1767 eos
1176 1740 1356 1775 opprimeret.
1382 1739 1452 1768 Hine
1477 1740 1669 1767 novandarum
1695 1746 1786 1767 rerum

993 1793 1061 1812 ansa
1076 1786 1201 1820 quaedam
1214 1792 1242 1813 et
1260 1785 1372 1813 occasio
1387 1785 1449 1818 fuit;
1476 1785 1524 1812 sed
1541 1790 1568 1812 et
1589 1785 1641 1812 alia
1661 1785 1787 1819 quadam
1819 1797 1823 1801 ~

995 1832 1060 1859 huic
1076 1839 1159 1860 causa
1173 1832 1300 1860 accessit.
1315 1831 1385 1859 Nam
1406 1839 1470 1859 eum
1488 1830 1642 1859 Bsrdanius
1654 1832 1787 1859 adversus

994 1880 1138 1914 Agarenos
1148 1887 1206 1907 rem
1228 1879 1344 1907 feliciter
1364 1880 1505 1915 gessisset.
1527 1879 1713 1914 prirdamque,
1734 1886 1788 1912 qua

996 1927 1099 1960 potitus
1114 1931 1183 1959 erat,
1205 1927 1353 1954 maximam
1372 1927 1530 1961 aequissime
1543 1926 1614 1953 inter
1631 1926 1732 1953 milites
1746 1925 1790 1953 di-

995 1971 1116 2004 visisset,
1131 1972 1205 2000 trulla
1226 1979 1409 2007 personarum
1423 1972 1542 2004 ratione,
1561 1972 1609 1999 sed
1628 1979 1677 2006 pro
1693 1971 1791 1998 merito

996 2025 1092 2046 eorum
1105 2018 1153 2053 qui
1169 2024 1361 2054 pugnaverant
1375 2019 1490 2054 largitus
1501 2018 1530 2053 9
1543 2018 1667 2052 praemia,
1686 2022 1790 2045 tantam

997 2066 1134 2094 exercitus
1150 2066 1241 2094 omnis
1267 2065 1328 2093 iniit
1343 2065 1470 2100 gratiam,
1497 2069 1527 2092 ut
1549 2069 1575 2092 et
1601 2064 1714 2099 dignum
1740 2071 1792 2099 pu-

998 2113 1117 2141 taverint
1141 2113 1189 2148 qui
1216 2112 1330 2148 imperio
1350 2113 1495 2146 potiretur.
1523 2111 1647 2147 llineque
1664 2112 1732 2138 adeo
1748 2117 1795 2145 pu-

999 2160 1071 2188 blice
1096 2158 1470 2194 imperator,proelamatus,
1499 2157 1646 2192 pluresque
1659 2157 1729 2185 alios
1745 2157 1795 2184 ho-

1000 2212 1083 2233 nores
1112 2212 1145 2232 at:
1175 2204 1290 2239 praemia
1322 2203 1416 2238 populi
1451 2202 1478 2229 in
1509 2210 1572 2230 eum
1599 2202 1701 2230 studiis
1727 2209 1799 2228 cono-

1001 2253 1126 2282 secutes,
1157 2253 1188 2276 ut
1211 2253 1239 2276 et
1265 2248 1395 2282 templum
1424 2246 1484 2281 ejus
1512 2246 1624 2274 nomine
1644 2246 1794 2277 eraserim.

149 2293 337 2328 στρατεύσας,
353 2296 400 2321 καὶ
415 2294 536 2330 περὶτοῦ
564 2294 708 2330 μέλλοντος
721 2295 852 2322 δύσελπιν
868 2297 939 2331 ποιή-

1002 2293 1191 2322 Nicomediam
1207 2300 1304 2322 versus
1319 2292 1370 2320 iter
1379 2291 1531 2319 contendit.
1549 2291 1648 2318 Verum
1666 2298 1729 2318 cum
1747 2289 1797 2317 Ni-

151 2348 204 2371 σας
211 2340 294 2367 αὑτὸν
307 2340 344 2375 τῷ
358 2341 456 2377 πλήθει
467 2341 522 2369 τῶν
532 2342 856 2378 ἁντιπαραταττομένων,
873 2342 951 2370 ἔπει-

150 2397 201 2416 σεν
232 2389 317 2417 αὐτὸν
351 2390 521 2427 συγγνώμην
561 2390 707 2426 φθάσαντα
739 2391 950 2428 ἐξαιτήσασθαι.

151 2436 238 2471 Ἀρτι
254 2437 307 2472 μὲν
322 2437 376 2473 γὰρ
390 2439 478 2470 Λέων,
493 2438 557 2474 ἄρτι
571 2438 600 2465 δὲ
614 2438 660 2465 καὶ
675 2439 786 2474 Μιχαὴλ
797 2439 953 2476 ἀπορρυέν-

150 2491 199 2515 τες
219 2484 289 2519 πρὸς
305 2484 429 2519 βασιλέα,
445 2483 527 2512 ἆθλον
551 2486 565 2512 ὸ
581 2485 632 2521 μὲν
649 2485 700 2521 τὴν
714 2486 883 2521 φοιδεράτων
903 2486 951 2513 καὶ

152 2529 300 2564 βασιλικὸν
321 2528 397 2558 οἷκον
418 2532 465 2558 τοῦ
480 2531 607 2567 Ζήνωνος
627 2532 675 2558 καὶ
695 2531 741 2559 τὸν
762 2532 916 2566 Δαγισθέα,
938 2532 953 2559 ὁ

150 2576 181 2604 δὲ
195 2577 248 2612 τὴν
264 2578 315 2612 τῆς
330 2577 431 2614 κόρτης
454 2579 575 2614 κόμητος
592 2578 680 2614 ἀρχὴν
705 2578 753 2605 καὶ
767 2578 813 2604 τὸν
832 2577 880 2605 τοῦ
895 2579 954 2606 Κα-

151 2623 255 2659 ριανοῦ
275 2622 351 2651 οἷκον
377 2625 619 2660 ἀπενεγκάμενοι,
648 2625 699 2651 οὐκ
726 2624 818 2659 ἀγαθὰ
845 2626 954 2660 φρονεῖν

150 2670 242 2698 αὐτὸν
273 2671 338 2705 περὶ
367 2671 465 2699 ἑαυτοῦ
491 2672 686 2707 πεποιήκασιν.
712 2671 795 2698 Ὅθεν
826 2671 902 2706 αὑτῷ
925 2680 955 2698 τε

150 2717 207 2745 καὶ
223 2717 264 2753 τῷ
282 2717 342 2754 λαῷ
373 2719 542 2754 συγγνώμην
565 2720 729 2754 αἰτούμενος
758 2718 792 2745 ἐκ
821 2718 956 2754 βασιλέως

152 2766 244 2801 μέχρι
255 2764 312 2791 τῶν
332 2765 498 2800 Μαλαγινων
511 2765 683 2801 ὕπέστρθφεν
697 2773 704 2781 ·
725 2765 808 2792 κάκεῖ
820 2766 886 2797 τοὺς
906 2765 956 2799 τῆς

150 2811 299 2842 ἀπαθείας
311 2811 407 2844 λόγους
428 2811 574 2846 δεξάμενος
588 2812 636 2838 καὶ
655 2811 687 2837 τὸ
709 2810 828 2846 χρυσοῦν
845 2809 956 2845 σταυρίι

1005 2338 1143 2373 cephorus
1162 2337 1314 2372 imperator
1339 2335 1467 2364 idoneum
1486 2342 1536 2363 nec
1554 2334 1691 2362 ullatenus
1708 2334 1796 2369 impa-

1006 2393 1063 2413 rem
1079 2384 1230 2412 exercitum
1247 2383 1273 2411 in
1286 2390 1349 2412 eum
1362 2382 1514 2414 eduxisset,
1531 2386 1559 2409 et
1569 2381 1686 2409 militum
1703 2381 1798 2408 multi-

1005 2432 1102 2460 tudine
1116 2430 1274 2466 pereulsum
1290 2430 1325 2457 de
1340 2424 1439 2458 eventu
1451 2428 1513 2456 belli
1526 2428 1672 2463 desperare
1689 2426 1797 2462 coegis-

1005 2482 1058 2510 set.
1080 2476 1219 2512 persuasit
1243 2475 1282 2503 illi
1309 2479 1341 2502 ut
1364 2474 1439 2510 prior
1463 2472 1571 2501 veniam
1594 2478 1708 2507 peteret.
1737 2470 1797 2499 Jam

1004 2524 1078 2552 enim
1095 2523 1150 2551 Leo
1166 2526 1252 2558 atque
1275 2521 1359 2550 etiam
1373 2520 1492 2549 Michael
1517 2527 1581 2547 cum
1597 2519 1631 2547 ad
1650 2520 1800 2554 imperato-

1006 2579 1064 2599 rem
1076 2569 1251 2602 defecissent,
1267 2569 1302 2596 ab
1311 2566 1500 2604 eoquedonali
1511 2570 1614 2597 essent,
1628 2566 1696 2594 alter
1711 2565 1801 2594 fmdeo

1006 2622 1130 2646 ratorum
1154 2615 1320 2652 praefectura
1351 2614 1484 2649 regiaque
1509 2611 1631 2640 Zenonis
1659 2613 1742 2639 domo
1774 2617 1802 2640 et

1006 2665 1144 2700 Dagistca,
1169 2663 1238 2691 alter
1260 2662 1330 2690 aulai
1351 2660 1611 2695 eomitis'dignitate
1632 2667 1666 2687 ac
1689 2658 1802 2686 Cariani

1010 2711 1126 2744 aedibus,
1144 2709 1266 2738 fecerant
1282 2713 1311 2736 ut
1326 2708 1385 2737 suis
1403 2708 1449 2735 ille
1465 2707 1550 2735 rebus
1564 2706 1707 2734 diuideret.
1726 2705 1805 2738 Qua-

1011 2762 1122 2795 propter
1137 2761 1195 2785 tum
1210 2756 1262 2784 sibi
1278 2755 1338 2791 ipse
1355 2760 1413 2783 tum
1428 2754 1517 2789 copiis
1530 2753 1638 2781 veniam
1656 2752 1691 2781 ab
1714 2752 1802 2786 impe-

1011 2810 1102 2833 ratore
1125 2807 1253 2840 precatus
1274 2803 1307 2830 ad
1325 2801 1474 2836 Malaginas
1500 2807 1586 2835 usque
1614 2799 1664 2826 iter
1684 2797 1802 2830 reflexit,

150 2857 255 2889 6-.ov,6
284 2858 303 2873 “
332 2858 408 2894 παρὰ
430 2859 477 2886 τοῦ
506 2858 664 2894 Νικηφόρον
691 2857 861 2893 φορούμενον
884 2857 939 2883 αὐτη

1009 2860 1064 2887 quo
1086 2852 1148 2879 loco
1166 2849 1323 2879 securitatis
1347 2849 1425 2878 fidem
1451 2846 1566 2882 accepit,
1587 2854 1669 2882 parva
1692 2853 1805 2881 quoque

811 2905 851 2932 VA
857 2904 924 2931 “LE
944 2899 1149 2931 LECTIUNES.

197 2953 222 2969 "
241 2953 272 2980 τὸ
288 2952 377 2987 vulgo.
