2011 3156
227 197 262 229 23
785 204 1041 238 THEOPHANES
1056 208 1336 244 CONTINUATUS.

1838 219 1874 253 26

226 263 310 284 cruce
325 263 422 290 aurea,
442 256 596 294 Nicephoro
617 260 719 294 gestari
740 261 833 295 solita,
857 267 933 291 certo
949 263 1011 292 data

1074 266 1228 295 ἀπέσταλτο
1254 268 1323 305 πρὸς
1346 269 1499 305 ἀσφάλειᾶν
1523 280 1552 298 τε
1571 272 1619 300 καὶ
1641 274 1785 311 πίστωσιν,
1801 277 1873 314 πρὸς

225 303 289 331 tltlei
305 303 420 339 pignore
443 304 476 332 ad
493 312 556 332 eum
572 306 668 334 missa.
694 306 764 335 Tum
778 308 811 336 ad
828 308 946 339 Heraciii
962 319 1022 340 mo-

225 350 379 378 nasterium
394 355 477 379 noctu
492 351 609 388 aufugit,
620 360 676 381 uno
685 352 790 382 Thoma
805 355 923 390 periculi
933 358 1019 392 socio;

226 402 347 430 cumque
372 397 469 431 capitis
488 404 617 426 ornatum
644 399 724 428 vellet
752 401 872 436 auferre,
900 411 956 431 non
974 412 1020 432 ac-

226 442 329 477 quievit
359 444 520 472 monasterii
552 453 664 480 praeses.
693 446 763 475 Tum
794 448 838 477 ille
862 456 940 484 ense,
964 459 1020 486 quo

223 490 389 523 praecinctus
403 495 474 525 erat,
491 499 600 521 comam
611 499 770 530 amputans,
786 497 888 532 vilique
904 498 1020 528 indutus

224 541 298 572 toga,
320 545 417 566 versus
433 537 533 567 Proteu
548 539 666 569 insulam
685 541 738 570 iter
752 543 862 579 arripit,
885 552 940 580 quo
955 545 1018 574 loco

223 584 357 618 pra-dium
375 585 488 620 pulchre
501 587 641 615 excultum
658 588 723 615 olim
737 589 906 624 possidebat:
924 591 951 618 in
964 599 1019 627 quo

222 634 250 657 et
261 633 402 659 extorrem
412 639 494 667 agere
508 632 659 668 imperator
675 636 863 665 mandaverat.
881 637 934 673 lo
951 638 1018 666 Illuc

222 675 317 711 itaque
342 677 492 711 trajiciens,
523 679 667 716 solitiSque
691 680 820 714 precibus
841 681 968 710 initiatus
984 690 1017 710 ac

222 723 424 752 monachorum
434 724 558 753 divinum
574 725 700 754 habitum
716 732 895 761 consecutus,
909 733 1017 757 mutato

221 771 335 798 nomine
358 770 466 799 Sabbas
490 772 656 807 appellatur,
680 780 731 809 pro
756 774 904 803 sanctioris
930 775 966 803 ab
982 782 1017 804 eo

220 816 324 851 arrepti
341 817 458 845 instituti
476 818 583 846 ratione
598 817 675 854 plura
693 827 726 848 ac
746 827 847 856 magna
862 821 1015 850 certamina

222 864 369 892 desudans.
395 864 473 892 llaud
488 865 601 902 longum
617 871 728 903 tempus
742 867 870 901 ﬂuxerat,
885 875 948 896 cum
966 869 1016 905 Lyc

220 917 338 940 catmum
363 911 475 946 quidam
506 911 610 947 impetu
640 913 668 940 in
697 921 761 941 eum
786 914 858 942 facto
877 919 960 949 atque
981 922 1014 942 eo

220 956 308 985 oculis
333 957 442 991 orbato,
469 959 577 987 sciente
593 966 629 987 ac
641 960 762 993 volente,
777 961 824 996 qui
843 967 901 989 tum
921 969 1013 990 rerum

219 1003 388 1044 potiebatur,
403 1003 571 1040 Nicephoro,
588 1006 616 1033 in
629 1005 753 1033 divinum
768 1013 954 1042 magnumque
966 1007 1013 1035 Dei

219 1047 351 1083 templum
369 1048 543 1084 confugiunt.
558 1048 644 1083 lnque
657 1056 720 1077 eum
733 1050 846 1078 modum
860 1050 1014 1079 Philomelii

217 1102 331 1130 quoque
346 1095 476 1123 monachi
498 1095 658 1123 vaticinatio
680 1096 785 1124 exitum
799 1097 905 1126 habuit.
926 1098 1014 1126 Caete-

218 1149 280 1168 rum
298 1141 351 1172 ille.
376 1141 451 1169 velut
478 1148 493 1168 a
518 1141 620 1177 quibus
645 1142 780 1171 beneﬁt-io
796 1143 913 1172 affectus
929 1149 1012 1178 esset,

217 1186 318 1214 faustis
342 1187 415 1215 votis
438 1187 565 1216 homines
581 1193 748 1223 prosecutus
768 1191 931 1218 austerioris
952 1191 1013 1219 vitae

216 1232 391 1268 disciplinam
407 1233 530 1267 colebat,
557 1234 632 1268 vino,
649 1236 785 1270 piscibus,
813 1236 874 1264 oleo
902 1237 1012 1273 penitus

217 1279 370 1312 abstinens,
386 1280 460 1308 nudo
476 1288 585 1316 semper
595 1282 685 1317 capite
699 1290 732 1310 ac
744 1283 872 1318 pedibus,
887 1284 929 1311 vel
947 1291 1011 1312 cum

217 1325 307 1355 acrior
320 1326 411 1355 hiems
425 1327 580 1356 desaeviret.
597 1328 641 1357 Ad
658 1329 716 1357 haec
730 1337 785 1357 una
800 1330 894 1358 tunica
908 1338 1011 1365 corpus

215 1365 493 1408 corrtegebat.testate
503 1374 614 1409 quidem
629 1375 771 1410 pelliceam
786 1376 914 1410 induens,
922 1377 1012 1405 hieme

217 1426 283 1446 vero
304 1419 455 1448 eilicinam.
481 1418 541 1448 Non
569 1421 678 1448 triticeo
699 1429 770 1457 pane
789 1423 874 1450 vitam
899 1428 1011 1452 susten-

216 1464 303 1496 tabat,
316 1464 364 1492 sed
378 1464 430 1492 sibi
447 1465 507 1499 ipse
524 1465 696 1494 hordeaeeos
710 1467 910 1497 subcinericios
926 1477 1012 1504 panes

216 1509 345 1538 faciebat.
360 1509 437 1538 Hanc
458 1511 552 1546 itaque
567 1512 715 1540 severioris
732 1513 794 1541 vitae
809 1514 931 1550 regulam
944 1523 1012 1543 con-

216 1559 340 1584 sectatus
363 1555 474 1584 duravit
497 1556 586 1585 donec
609 1557 665 1586 Leo
687 1559 804 1594 imperio
827 1561 933 1596 potitus
955 1565 1009 1590 est.

1072 311 1123 348 τὴν
1135 312 1184 340 τοῦ
1202 313 1366 349 Ἡρακλείου
1377 316 1462 351 μονὴν
1477 316 1597 354 νύκτωρ,
1611 318 1658 346 τδν
1671 320 1773 356 Θωμᾶν
1789 311 1871 358 μόνον

1074 359 1319 393 συγκινδυνεύοντα
1339 361 1420 397 ἔχων,
1438 363 1592 398 ἀπέφυγεν,
1609 365 1655 393 τὸν
1675 366 1725 403 τῆς
1748 369 1870 405 κεφαλῆς

1072 406 1177 442 κόσμον
1194 408 1348 444 ἀφαιρῆσαι
1365 409 1534 443 σπουδάζων.
1552 412 1633 439 Καὶό
1651 412 1701 448 μὲν
1717 414 1767 449 τῆς
1783 415 1870 452 μονῆς

1072 453 1216 489 προεστὼς
1227 454 1306 481 τοῦτο
1321 455 1421 490 δρᾶσαι
1437 456 1533 484 τοῦτον
1550 458 1581 485 οὐ
1598 460 1750 496 συνεχώρει
1760 469 1768 476 ·
1786 463 1869 496 αὐτὸς

1071 498 1100 526 δὲ
1125 501 1158 536 τῇ
1210 500 1412 536 περιεζώννυτο
1441 502 1532 540 σπάθῃ
1554 504 1600 532 τὸν
1624 505 1766 542 πλόκαμον
1782 507 1867 535 αὐτοῦ

1071 545 1190 580 ἀφελὼν,
1207 546 1255 573 καὶ
1267 547 1402 583 πενιχρὰν
1413 547 1517 584 ἐσθῆτα
1535 550 1758 588 ἀμφιασάμενος,
1777 554 1868 590 είχετο

1070 592 1120 628 τῆς
1134 592 1201 628 πρὸς
1217 593 1267 630 τὴν
1284 594 1402 630 Πρώτην
1413 595 1497 630 νῆσον
1512 597 1638 633 πορείας,
1654 598 1719 626 ἔνθα
1729 599 1761 636 δὴ
1777 601 1867 636 τούτῳ

1069 638 1167 674 κτῆμα
1180 639 1269 671 καλῶς
1282 641 1476 676 πεπονημένον
1492 642 1567 677 ἐνῆν,
1580 643 1628 670 καὶ
1642 643 1793 679 ὁβασιλεὺς
1807 647 1868 673 ἐκεῖ

1071 684 1165 720 μένειν
1194 687 1415 723 περιωρισμένον
1440 688 1603 724 ἐπέτρεψεν.
1632 689 1672 727 [Ρ.
1700 690 1729 727 7]
1761 692 1866 719 Ἐκεῖσε

1068 730 1136 764 γοῦν
1164 731 1345 766 περαιωθεὶς,
1358 733 1405 760 καὶ
1435 733 1483 766 τὰς
1511 735 1638 768 συνήθεις
1661 736 1745 772 εὐχὰς
1764 737 1812 765 καὶ
1833 738 1864 765 τὸ

1067 777 1124 804 τῶν
1138 777 1265 813 μοναχῶν
1282 778 1355 805 θεῖον
1373 779 1466 815 σχῆμα
1484 779 1644 815 δεξάμενος,
1665 784 1864 821 μετωνομάσθη

1068 822 1186 855 Σάϐϐας,
1204 824 1314 858 ἀγῶνας
1321 824 1491 860 ἀσκητικοὺς
1506 826 1624 859 πολλοὺς
1642 828 1862 865 ἐνδεικνύμενος.

1068 869 1105 895 Οὐ
1122 869 1190 897 πολὺ
1204 870 1235 897 τὸ
1252 871 1281 897 ἐν
1300 870 1386 907 μέσῳ,
1399 872 1447 899 καί
1464 881 1538 905 τινες
1556 874 1611 901 τῶν
1628 875 1661 902 ἐκ
1686 875 1737 911 τῆς
1754 875 1864 903 Λυκαο-

1068 916 1128 948 νίας
1151 916 1226 952 αὐτῷ
1242 917 1403 953 ἐπιθέμενοι
1424 919 1472 946 καὶ
1489 919 1655 956 ποιήσαντες
1675 921 1779 958 ἔρημον
1807 922 1863 949 τῶν

1066 962 1228 998 ὀφθαλμῶν,
1245 963 1346 998 γνώσει
1361 965 1410 992 καὶ
1421 965 1524 1001 εἰδήσει
1541 967 1590 994 τοῦ
1609 967 1811 1002 βασιλεύοντος,
1823 969 1864 1006 τῷ

1065 1009 1113 1036 τοῦ
1134 1009 1201 1036 Θεοῦ
1221 1010 1427 1045 προσφεύγουσι
1439 1012 1505 1048 θείῳ
1516 1013 1563 1040 καὶ
1589 1015 1700 1051 μεγάλῳ
1719 1015 1789 1051 ναῷ·
1815 1019 1863 1045 καὶ

1064 1055 1142 1088 τέλος
1163 1054 1236 1092 εἶχεν
1253 1057 1301 1084 καὶ
1321 1058 1337 1093 ή
1355 1058 1512 1095 πρόρρησις
1535 1060 1582 1087 τοῦ
1598 1061 1630 1088 τὺ
1658 1062 1680 1077 ’⁸
1698 1062 1863 1100 Φιλομήλιον

1064 1101 1276 1138 ἐνδιαιτωμένου
1304 1104 1480 1139 μονάζοντος.
1508 1106 1579 1133 Ἀλλ’
1614 1107 1718 1140 ἐκεῖνος
1746 1109 1796 1144 μὲν
1822 1109 1862 1142 ὡς

1064 1148 1225 1184 εὐεργέταις
1246 1150 1340 1183 αὐτοῖς
1377 1151 1564 1188 ἐπευξάμενος
1587 1154 1638 1189 τῆς
1669 1154 1862 1192 σκληροτέρας

1064 1194 1152 1229 εἴχετο
1160 1195 1283 1231 ἀγωγῆς,
1292 1197 1365 1223 οἴνου
1380 1205 1409 1224 τε
1421 1197 1469 1224 καὶ
1483 1198 1583 1234 ἰχθύων
1592 1199 1638 1226 καὶ
1651 1199 1742 1227 ἐλαίου
1751 1201 1861 1236 ὁλοσχε-

1064 1239 1120 1276 ρῶς
1140 1241 1323 1276 ἀπεχόμενος,
1344 1243 1454 1279 γυμνήν
1466 1252 1497 1270 τε
1512 1244 1556 1271 ἀεὶ
1571 1244 1662 1280 φέρων
1675 1245 1724 1281 τὴν
1739 1247 1861 1282 κεφαλὴν

1063 1287 1186 1319 καὶτοὺς
1197 1287 1296 1315 ἑαυτοῦ
1315 1289 1410 1323 πόδας,
1427 1289 1479 1316 κᾶν
1494 1290 1521 1317 ετ
1540 1299 1582 1323 τις
1598 1291 1776 1328 σφοδρότερος
1797 1293 1859 1327 ἐγε-

1062 1333 1137 1368 γόνει
1154 1334 1270 1370 χειμών.
1285 1335 1346 1362 Ἔτι
1370 1335 1399 1363 δὲ
1421 1337 1570 1373 μονοχίτων
1588 1337 1713 1371 διετέλει,
1728 1339 1767 1374 τῷ
1783 1339 1858 1376 θέρει

1064 1381 1114 1416 μὲν
1128 1381 1292 1417 δερμάτινον
1315 1381 1418 1417 χιτῶνα
1435 1383 1669 1419 ἀμφιεννύμενος,
1686 1385 1725 1420 τῷ
1742 1386 1860 1421 χειμῶνι

1061 1427 1090 1454 δὲ
1101 1427 1222 1464 τρίχινον
1235 1428 1482 1465 περιϐαλλόμενος.
1498 1429 1568 1466 Ἐζη
1579 1431 1608 1458 δὲ
1625 1433 1655 1458 οὐ
1674 1431 1778 1467 σιτίνῳ,
1797 1432 1860 1468 κρί-

1062 1474 1113 1510 θης
1125 1475 1153 1502 δὲ
1166 1475 1276 1512 ἀλεύρῳ
1288 1476 1442 1511 ἐγκρυφίαν
1454 1477 1549 1504 ποιῶν.
1564 1477 1619 1505 Καὶ
1629 1477 1701 1505 οὕτω
1715 1479 1861 1514 παρέπεμ-

1061 1530 1113 1549 πεν
1135 1521 1182 1549 τὸν
1205 1522 1305 1549 ἑαυτοῦ
1327 1522 1394 1558 βίον,
1420 1522 1570 1558 διαρκέσας
1595 1523 1649 1556 ἓως
1674 1524 1688 1551 ὁ
1709 1524 1787 1552 Λέων
1808 1525 1859 1561 τῆς

1063 1568 1204 1605 βασιλείας
1226 1569 1336 1602 ἐγένετο
1367 1570 1518 1605 ἐγκρατής.
1540 1570 1728 1606 Ἀποκαρῆναι
1756 1572 1784 1599 δὲ
1811 1573 1860 1599 καὶ

216 1603 289 1635 Quin
303 1608 331 1631 et
347 1603 505 1632 Domnicam
525 1604 671 1640 coniugem
695 1614 759 1634 cum
781 1607 835 1634 ﬁlia
857 1607 1010 1644 liberisque

1064 1603 1111 1650 τὴν
1125 1615 1224 1642 ἐαυτοῦ
1240 1614 1357 1650 σύμϐιον
1371 1603 1509 1650 Δομνίκαθ
1525 1615 1584 1651 ἅμα
1607 1603 1726 1653 θυγατρὶ
1742 1618 1789 1644 καὶ
1802 1619 1860 1650 τοῖς

216 1646 290 1678 domi
313 1648 503 1678 detondendos
518 1651 638 1684 curavit,
659 1651 840 1681 Athanasiam
856 1654 1008 1689 appellans,

215 1699 384 1731 cunctasque
395 1703 461 1732 opes
472 1696 498 1724 in
508 1705 660 1733 pauperum
675 1699 866 1736 eleemosyuas
876 1708 1007 1737 erogans.

214 1743 305 1777 Atque
323 1742 364 1771 ha:
378 1743 489 1779 quidem
505 1751 538 1773 ac
554 1744 690 1780 ejusmodi
712 1745 840 1775 Bardanii
853 1755 908 1776 res.

250 1833 278 1860 4.
293 1833 381 1863 Ροιτο
394 1833 450 1862 Leo
465 1834 558 1863 clarus
579 1834 732 1864 habebatur
746 1844 779 1865 ac
793 1838 922 1873 superbia
936 1838 1009 1867 fere-

214 1879 307 1912 batur,
324 1888 358 1908 ex
370 1879 469 1908 humili
492 1886 576 1917 atque
596 1881 716 1911 obscuro
731 1884 902 1919 conspicuus
926 1890 1009 1920 atque

213 1925 344 1958 illustris,
361 1934 411 1961 pro
428 1926 625 1956 l‘oaleratorum
639 1928 818 1964 praefectura,
834 1937 916 1965 quam
931 1939 1009 1967 gere-

212 1971 271 2001 bat.
289 1971 342 2000 Sed
357 1979 409 2001 nec
424 1973 549 2009 ingratos
560 1981 652 2002 mores
667 1980 792 2008 exuerat,
810 1976 894 2004 talem
911 1985 942 2005 se
957 1985 1008 2005 ex-

213 2018 312 2046 hibens
332 2019 464 2047 adversus
480 2020 529 2056 ιι
547 2028 609 2048 eum
636 2021 683 2056 qui
708 2021 842 2051 beneﬁcio
867 2023 1006 2052 affecerat.

211 2065 350 2094 Ca-terum
361 2067 493 2100 clarebat,
509 2067 619 2103 aliaque
630 2068 692 2097 aliis
703 2074 817 2098 nectens
831 2071 924 2106 praelia
936 2077 1008 2099 stre-

212 2121 268 2141 uue
281 2113 414 2142 adversus
422 2113 575 2143 lsmaelilas
583 2122 616 2143 ac
627 2116 751 2144 secundo
763 2116 848 2145 Marte
855 2118 1004 2153 pugnabat,

212 2160 315 2195 quippe
329 2159 376 2195 qui
390 2165 418 2188 et
429 2167 480 2188 sua
499 2161 560 2195 ipse
586 2161 680 2190 indole
706 2167 734 2190 et
759 2164 958 2193 exercitatione
978 2165 1005 2193 in

211 2213 275 2233 eam
287 2213 346 2234 rem
370 2206 457 2234 multa
476 2206 579 2234 virtute
600 2207 729 2243 pollebat.
750 2208 921 2245 Quandoque
939 2218 1006 2238 vero

212 2253 295 2280 abeo
316 2253 363 2287 qui
389 2257 446 2281 tum
473 2260 566 2280 rerum
593 2254 750 2289 potiebatur
776 2254 966 2291 (Nicephorus
982 2257 1006 2285 is

211 2305 271 2328 erat
279 2303 300 2335 ),
315 2308 397 2335 quam
413 2301 440 2328 in
457 2301 551 2335 copias
570 2301 705 2330 militares
721 2307 857 2338 erogaret,
872 2305 1004 2338 pecunia-
1019 2302 1044 2332 D

211 2355 272 2375 rum
287 2347 312 2374 vi
328 2347 445 2380 credita.
465 2347 540 2374 nihili
556 2348 681 2383 pendens
702 2348 856 2384 imperialia
871 2348 950 2384 iussa
970 2358 1004 2378 ne

210 2402 269 2422 rem
296 2394 408 2429 quidem
435 2395 650 2430 exsequebatur,
677 2395 725 2423 sed
752 2395 780 2423 iu
806 2396 1003 2424 Euchaitarnm

209 2441 324 2477 ignobili
343 2440 445 2476 oppido
461 2446 570 2475 tempus
584 2441 724 2476 voluptate
735 2449 767 2469 ac
779 2441 888 2477 ignavia
903 2447 1004 2476 terens,

210 2489 363 2516 constituta
379 2487 516 2515 exercitui
537 2488 675 2523 stipendia
698 2488 821 2522 praebere
841 2487 1002 2524 diderebat;

211 2543 261 2563 nec
276 2535 359 2563 ullam
373 2535 487 2563 omnino
510 2541 604 2562 curam
633 2541 665 2562 ac
686 2533 854 2570 diligentiam
872 2536 1006 2564 adhibens

166 2567 172 2575 ’
209 2588 268 2610 tum
283 2581 407 2618 pecuniae
417 2581 545 2618 publicae,
562 2587 619 2609 tum
633 2588 684 2609 suo
699 2567 786 2616 ipsius
805 2582 921 2610 tutando
944 2591 1006 2610 cor-

209 2629 281 2664 pori,
295 2637 326 2657 ac
339 2637 391 2657 nec
402 2628 620 2664 provincialibus
634 2627 843 2661 conservandis,
859 2636 921 2656 cttm
935 2630 1007 2665 Aga-

210 2675 270 2704 reni
295 2676 474 2704 excursiones
493 2675 615 2703 facerent
641 2673 850 2710 Romanamque
873 2674 1005 2703 ditionem

211 2722 373 2757 diriperent,
400 2722 477 2750 solus
498 2722 556 2756 ipse
582 2727 616 2748 ac
646 2727 729 2748 nemo
752 2720 826 2748 allus
853 2721 1006 2749 confertam

214 2770 336 2804 praedam
365 2770 435 2797 citra
461 2776 573 2797 omnem
603 2768 724 2795 laborem
738 2768 779 2796 eis
795 2768 931 2800 tradebat,
952 2777 1007 2797 non

212 2816 323 2851 quidem
341 2816 400 2844 suis
415 2816 473 2851 ipse
495 2815 612 2843 fortunis
632 2822 665 2842 ac
680 2815 804 2850 periculo
817 2815 937 2850 (quippe
959 2815 1007 2851 qui

211 2863 294 2891 celeri
315 2863 377 2898 fuga
392 2863 476 2890 saluti
494 2870 551 2890 sua:
567 2861 757 2897 consulebat),
776 2862 822 2889 sed
840 2861 1006 2889 militaribus

1064 1662 1163 1689 ἑαυτοῦ
1180 1661 1276 1689 παισὶν
1291 1663 1320 1688 ἐν
1331 1661 1370 1696 τῷ
1384 1661 1442 1697 ίδίῳ
1458 1662 1525 1698 οῐκῳ
1548 1663 1691 1699 ἐποίησεν,
1706 1665 1860 1699 μετονομά-

1064 1717 1115 1740 σας
1124 1708 1210 1744 αὐτὴν
1228 1707 1408 1742 Ἀθανιισίαν,⁵
1423 1707 1532 1735 ἅπαντα
1547 1707 1649 1744 δηλαδὴ
1679 1709 1725 1736 τὸν
1742 1709 1858 1736 πλοῦτον

1063 1753 1210 1789 διανείμας
1221 1754 1354 1789 πτωχοῖς.
1371 1753 1427 1780 Kal.
1441 1752 1477 1780 τὰ
1489 1752 1540 1789 μὲν
1562 1753 1635 1781 κατά
1651 1754 1697 1781 τὸν
1709 1754 1859 1790 Βαρδάνιον

1062 1800 1134 1828 οὕτω
1147 1807 1177 1827 τε
1189 1800 1237 1827 καὶ
1250 1799 1374 1828 τοιαῦτα.

1098 1846 1130 1874 δ’.
1155 1847 1186 1874 '0
1201 1847 1231 1874 δὲ
1245 1846 1322 1873 Λέων
1343 1847 1432 1882 εἴχετο
1451 1847 1501 1882 τῆς
1518 1846 1598 1881 δόξης
1621 1847 1668 1874 καὶ
1685 1847 1804 1882 ὲγαυρία
1824 1849 1858 1876 ἐκ

1062 1893 1193 1921 ταπεινοῦ
1213 1893 1260 1920 καὶ
1280 1892 1375 1925 ἀδόξου
1395 1893 1578 1929 περίϐλεπτος
1592 1893 1704 1930 ὁραθείς
1719 1894 1790 1921 κατά
1805 1895 1856 1931 τῂν

1061 1940 1117 1968 τῶν
1140 1939 1307 1976 φοιδεράτων
1324 1940 1423 1977 ἀρχήν.
1449 1940 1520 1967 Ἀλλ’
1539 1941 1599 1967 οὐδὲ
1618 1941 1668 1976 τῆς
1691 1941 1855 1977 ἀχαριστίας

1062 1988 1201 2023 ἀπείχετο,
1219 1986 1341 2019 τοιοῦτος
1356 1987 1421 2023 περὶ
1434 1987 1480 2014 τὸν
1496 1988 1644 2023 εὐεργέτην
1660 1988 1765 2023 φανείς.
1781 1988 1856 2024 Πλὴν

1061 2034 1160 2069 εἴχετο,
1180 2034 1228 2060 καὶ
1251 2034 1353 2069 μάχαις
1376 2035 1467 2069 μάχας
1491 2034 1686 2061 ἐπισυνάπτων
1704 2035 1775 2062 κατὰ
1799 2035 1856 2062 τῶν

1067 2079 1249 2115 Ἰσμαηλιτῶν
1277 2080 1503 2115 ήνδραγαθίζετο,
1536 2080 1585 2107 ἆτε
1614 2081 1737 2116 μεγάλην
1761 2081 1790 2109 ἐν
1815 2082 1856 2118 τῷ

1061 2125 1173 2160 τοιούτῳ
1194 2125 1273 2161 μέρει
1290 2125 1337 2152 καὶ
1356 2125 1437 2160 φύσει
1457 2126 1504 2152 καὶ
1521 2126 1602 2162 τριϐῇ
1628 2127 1855 2164 προσφερόμενος

1056 2172 1182 2208 δύναμιν.
1203 2173 1259 2200 Καί
1278 2181 1343 2199 ποτε
1360 2174 1566 2208 στρατιωτικῶν
1588 2175 1741 2210 χρημάτων
1764 2176 1856 2203 διανο-

1059 2218 1112 2254 μὴν
1139 2219 1215 2254 παρὰ
1246 2218 1294 2246 τοῦ
1320 2220 1354 2246 τὰ
1379 2220 1509 2255 σκῆπτρα
1526 2219 1666 2252 διέποντος
1692 2221 1853 2257 Νικηφόρου

1057 2265 1251 2300 ἐγχειρισθεὶς,
1266 2266 1327 2292 ἐπεὶ
1342 2265 1419 2292 οὐδὲν
1429 2265 1527 2301 ἔμελεν
1542 2265 1617 2302 αὑτῷ
1631 2267 1686 2293 τῶν
1704 2266 1854 2302 βασιλικῶν

1058 2311 1184 2346 ἐντολῶν,
1196 2312 1251 2339 οὐδ’
1270 2311 1430 2348 ἐξεπέραινέ
1442 2322 1479 2346 τι,
1495 2312 1554 2340 ἀλλ’
1569 2313 1599 2340 ἐν
1616 2313 1729 2350 πολίχνῃ
1751 2313 1854 2348 Εὑχαῖ-

1058 2366 1113 2385 των
1128 2358 1173 2385 ἰδν
1197 2358 1292 2394 καιρὸν
1312 2359 1439 2395 ῥᾳστώνῃ
1461 2359 1508 2386 καὶ
1536 2359 1653 2395 ἀμελείᾳ
1677 2359 1853 2394 κατατρίϐων

1058 2402 1222 2431 ἀνεϐάλλετο
1242 2402 1276 2429 τὰ
1292 2402 1476 2437 νενομισμένα
1492 2402 1532 2438 τῷ
1557 2403 1668 2439 στρατῷ
1687 2402 1852 2437 παρασχεῖν·

1058 2450 1106 2477 καὶ
1121 2448 1245 2484 φυλακῆς
1258 2447 1388 2483 οὐδεμίαν
1403 2448 1532 2482 πρόνοιαν
1550 2448 1632 2483 ἔχων,
1650 2448 1713 2473 ὁῦτε
1729 2446 1784 2482 μὴν
1795 2446 1853 2473 τῶν

1059 2495 1156 2522 κοινῶν
1170 2494 1331 2530 χρημάτων,
1343 2492 1403 2520 οὐδὲ
1413 2493 1518 2520 καὶτοῦ
1531 2492 1630 2519 ἑαυτοῦ
1645 2491 1784 2526 σώματος,
1796 2491 1852 2518 οὐδ’

1060 2541 1150 2569 αὐτῶν
1163 2540 1218 2568 τῶν
1238 2540 1291 2567 ὑπὸ
1305 2540 1395 2574 χεῖρα,
1409 2538 1463 2565 τῶν
1483 2537 1644 2574 Ἀγαρηνῶν
1658 2537 1854 2572 ἐκδραμόντων

1061 2589 1108 2616 καὶ
1120 2587 1155 2615 τά
1174 2586 1317 2621 Ῥωμαίων
1324 2585 1493 2620 ληῖζομένων
1504 2584 1555 2618 τὴν
1567 2583 1643 2610 λείαν
1654 2583 1747 2615 αὐτοῖς
1761 2580 1852 2618 οὗτος,

1060 2634 1118 2662 ἀλλ’
1132 2635 1181 2660 οὐκ
1193 2633 1272 2664 ἄλλος
1280 2640 1334 2664 τις,
1342 2630 1451 2666 ἀπετιλή
1457 2638 1504 2665 ρου
1516 2629 1728 2664 ἀταλαιπώρως,
1742 2629 1855 2658 masc

1061 2679 1144 2707 αὐτοῦ
1155 2679 1204 2714 μὲν
1213 2676 1243 2704 οὒ
1252 2675 1337 2713 (ὀξείᾳ
1348 2675 1403 2710 γὰρ
1413 2675 1486 2709 φυγῇ
1496 2674 1546 2709 τὴν
1559 2674 1698 2710 σωτηρίαν
1708 2675 1855 2711 ἐπραγμα-

1061 2722 1198 2757 τεύσατο),
1215 2722 1250 2748 τά
1261 2718 1446 2756 στρατιωτικά
1463 2717 1493 2744 δέ
1504 2717 1622 2753 προδοὺς
1636 2718 1684 2744 καὶ
1696 2718 1777 2754 μόνον
1791 2719 1855 2755 οὐχὶ

1062 2770 1142 2805 χερσὶ
1162 2767 1301 2805 πολεμιοις
1326 2763 1454 2801 ἐμϐαλὼν
1478 2764 1619 2799 χρήματα.
1642 2763 1686 2800 [Ρ.
1704 2764 1732 2800 8]
1755 2761 1792 2791 οὗ
1821 2765 1855 2802 δὴ

1063 2817 1145 2843 ἕνεκα
1157 2814 1248 2846 δίκας,
1264 2813 1288 2839 εί
1303 2812 1351 2839 καὶ
1376 2811 1414 2847 μὴ
1430 2810 1481 2843 τὰς
1495 2810 1584 2845 ἀξίας,
1605 2811 1644 2847 τῷ
1670 2812 1855 2839 καταπιστεύ-

1063 2870 1139 2888 σαντι
1157 2860 1219 2892 δοὺς
1243 2858 1404 2894 Νικηφόρῳ.
1424 2858 1543 2894 πληγαῖς
1557 2867 1588 2887 τε
1609 2859 1668 2891 ταῖς
1681 2857 1751 2886 κατὰ
1766 2858 1854 2887 νώτου

839 2905 956 2933 \'.\lll.-E
987 2906 1193 2935 ιεςτιυκκει.

249 2955 270 2970 ¹¹
287 2955 332 2982 τοῦ
354 2954 422 2982 κατὰ
445 2954 492 2980 ut?
