2011 3156
189 176 226 208 25
760 173 834 204 LIB.
846 172 871 203 Ι.
888 183 919 190 -
943 171 988 201 LE

1041 170 1250 202 ARMENIUS.
1800 170 1834 202 26

189 233 302 270 ὑπήχθη
327 232 375 260 καὶ
401 232 521 269 στέρνων
542 231 590 260 καὶ
616 232 688 268 φυγῇ
712 231 790 267 ἀϊδίῳ
810 231 860 266 τὴν
883 230 986 264 ζημίαν

1041 228 1164 262 pecuniis
1181 225 1299 262 proditis
1313 229 1340 254 et
1357 226 1437 262 quasi
1452 226 1479 253 in
1496 233 1595 253 manus
1607 225 1727 254 hostium
1742 235 1836 262 conje—

190 281 334 308 ἀπέτισεν.
358 279 440 307 ’Δλλὰ
456 278 504 306 τοῦ
526 278 687 314 Νικηφόρον
710 278 783 305 κατὰ
808 276 920 304 Σκυθῶν
944 277 991 302 ἐκ-

191 326 414 362 στρατεύσαντος
427 326 475 353 καὶ
485 324 737 361 τραυματίουικατὰ
750 325 800 358 τὴν
811 322 991 358 παρεμϐολὴν

189 371 238 399 τοῦ
255 372 378 408 πολέμου
394 372 524 403 πεσόντος
540 372 609 408 μηνὶ
629 370 733 405 Ἰουλίῳ
751 370 841 396 εἰκάδι
854 369 921 404 ἕκτῃ
939 369 990 403 τῆς

190 419 328 455 τετάρτης
342 418 518 451 ίνδικτιῶνος,
535 419 580 444 καὶ
595 417 643 444 τοῦ
659 416 718 444 υἱοῦ
730 415 903 451 Σταυρακίου
918 414 990 441 κατὰ

181 465 237 504 ,τὸν
250 464 371 500 πόλεμον
385 464 497 500 καιρίαν
518 463 669 500 τρωθέντος
690 463 728 495 ὡς
747 462 795 490 δύο
819 462 870 497 μὲν
893 461 991 497 μόνους

192 512 282 546 μῆνας
294 510 343 538 καὶ
356 510 466 546 ἡμέρας
477 510 608 546 ὲπιζῆσαι
619 508 703 543 ὀκτὼ,
716 517 749 536 συ
755 508 990 544 μδασιλεύσαντος

189 557 220 583 δὲ
242 557 377 592 πρότερον
392 557 432 593 τῷ
449 557 535 590 πατρὶ
557 556 605 591 ἐτη
620 556 694 583 ὀκτὼ
718 557 808 591 μῆνας
830 555 902 582 ἑπτὰ
914 576 923 589 ,
941 554 989 582 καὶ

189 603 303 638 Μιχαὴλ
319 603 366 630 τοῦ
384 602 591 639 κουροπαλὰτου
608 601 678 638 μετὰ
693 602 743 638 τὴν
756 602 804 629 τοῦ
819 601 989 636 Σταυρακίου

189 649 264 677 κατὰ
275 649 325 685 τὴν
336 649 468 684 δευτέραν
478 649 525 676 τοῦ
542 649 708 684 Ὀκτωσρίου
722 648 807 684 μηνὸς
817 648 983 680 ἀποὸίωσιν,

189 694 321 731 γαμϐροῦ
346 695 396 731 μὲν
414 695 575 731 Νικηφόρου
592 695 755 729 τελοῦντος,
784 696 817 722 ὲκ
841 695 939 729 γενεᾶς
960 694 988 721 δὲ

189 742 382 777 καταγομένου
398 741 446 768 τοῦ
468 741 604 776 Ῥαγγαόὲ
620 743 668 769 καὶ
686 742 758 769 κατὰ
774 741 824 776 τὴν
843 740 918 768 θέσιν
933 740 989 767 τῶν

188 789 350 823 Μαγγάνων
367 789 544 825 σκηνοῦντος,
557 789 608 824 τὴν
619 789 668 824 τῆς
686 787 824 823 βασιλείας
839 787 988 823 δεξαμένου

187 835 279 870 ἀρχὴν
296 834 369 862 κατὰ
382 835 429 862 τὸν
455 835 622 870 Ὀκτώόριον
640 836 712 871 μῆνα
728 836 778 870 τῆς
793 834 923 869 πέμπτης
948 834 988 861 ἱν-

187 882 343 913 δικτιῶνος,
369 882 517 909 ἀπολύεται
535 883 549 909 ό
566 882 642 909 Λέων
662 882 711 916 τῆς
737 882 888 917 ὑπερορίας
914 881 987 908 κατὰ

187 928 221 954 τὸ
244 928 435 964 ἐπικρατῆσαν
455 928 517 960 ἔθος
536 929 587 964 τῆς
610 929 797 964 χρηστότητος
821 928 915 955 ἕνεκεν
930 929 987 959 τοῖς

197 975 345 1010 Ῥωμαίων
365 974 508 1011 βασιλεῦσι
521 995 528 1006 ,
556 975 607 1002 καὶ
630 975 680 1010 τῆς
701 975 792 1010 φυγῆς
817 974 986 1009 κατάγεται,

190 1023 242 1048 καὶ
272 1023 328 1054 τοῖς
359 1021 444 1049 αὐτοῦ
479 1021 576 1049 τούτου
608 1021 641 1058 δὴ
657 1021 705 1048 τοῦ
732 1022 844 1057 Μιχαὴλ
869 1021 987 1058 ραὄδού-

187 1076 252 1102 χοις
284 1069 340 1099 τοῖς
371 1067 444 1094 κατὰ
479 1068 514 1095 τὰ
550 1068 903 1104 ἀνάκτοραεσυντάττιται
940 1069 989 1103 ὲφ-

187 1113 345 1147 εδρεύουσι,
358 1116 405 1141 καὶ
420 1115 577 1151 πατρικίων
586 1116 702 1150 τιμᾶται
711 1116 772 1150 μετ’
785 1115 815 1142 οὺ
827 1115 895 1142 πολὺ
907 1116 986 1151 τιμῇ,

188 1159 237 1185 καὶ
267 1160 422 1195 στρατηγὸς
451 1160 635 1187 Ἀνατολικῶν
663 1160 877 1193 ἀναδείκνυται,
906 1161 988 1195 ἡνίκα

191 1207 238 1234 καὶ
264 1207 316 1241 τὴν
338 1207 460 1235 παλαιὰν
489 1208 583 1243 φιλίαν
617 1207 665 1235 τοῦ
692 1208 742 1235 σὺν
770 1205 989 1243 αύτῷκτραφένη

188 1260 234 1284 τος
253 1251 354 1288 ἀνδρὸς
368 1253 480 1289 Μιχαὴλ
500 1253 633 1287 ἀνανεῶν,
650 1253 679 1280 ὃν
694 1253 804 1289 κόμητα
820 1253 871 1288 τῆς
887 1253 988 1290 κὸρτης

187 1299 204 1334 ἡ
220 1300 253 1326 ὲκ
268 1299 317 1327 τοῦ
328 1300 481 1335 Βαρδανίου
493 1300 642 1337 μετάταξις
656 1301 854 1336 προετίμησεν,
872 1302 919 1329 καὶ
931 1301 988 1328 τῶν

187 1344 358 1380 ἀπορρήτων
376 1345 483 1382 μύστην
505 1345 666 1380 λαμϐάνων,
689 1345 745 1373 τῶν
767 1346 842 1373 ἔνδον
859 1355 889 1373 τε
914 1344 988 1383 εἶχεν

188 1391 354 1419 πιστότατον
369 1393 418 1419 καὶ
434 1391 489 1420 τῶν
505 1392 585 1424 ἐκτὸς
599 1391 841 1428 πρακτικώτατον.

223 1484 256 1509 ι’.
276 1481 352 1508 Ἀλλ’
364 1482 478 1518 ἔμελλεν
493 1480 573 1515 αὖθις
585 1482 751 1519 ἀχαριστίας
763 1481 867 1510 ἁλῶναι
880 1482 987 1518 γραφῇ,

186 1527 314 1563 ὠμότητι
342 1529 511 1564 συντραφεὶς
534 1530 584 1557 καὶ
606 1530 751 1566 ἀγριότητι
781 1529 932 1564 ἐκτραφεὶς
953 1529 988 1563 ’³,

1043 274 1106 302 etis.
1129 273 1315 307 Quamobrem
1332 275 1415 302 etiam
1437 274 1525 302 eidem
1553 273 1719 309 Nioephoro,
1743 282 1759 302 a
1781 283 1837 310 quo

1042 321 1173 356 pecunias
1189 321 1367 357 consignatas
1391 326 1547 357 acceperat,
1563 329 1660 356 pceuas
1675 321 1760 355 dedit,
1785 323 1837 349 etsi

1043 367 1161 395 leviores
1174 375 1258 402 quam
1272 367 1364 395 delicti
1383 368 1453 395 ratio
1466 368 1646 403 exposcebat,
1658 375 1756 403 nempe
1770 368 1836 395 dor-

1042 421 1103 442 sum
1115 421 1249 450 renesque
1266 414 1426 442 verberibus
1441 414 1571 447 allectus,
1592 419 1778 450 perpetuoque
1794 423 1838 443 ex-

1042 461 1104 488 silio
1117 461 1259 489 multatus.
1279 461 1415 489 Caeterum
1433 469 1495 490 cum
1511 461 1681 497 Nieephorus
1705 462 1838 503 adversus

1043 505 1159 542 Scythas
1173 515 1286 536 movens
1307 513 1419 543 accepto
1438 509 1464 536 in
1480 509 1539 536 acie
1562 509 1676 537 vulnere
1691 508 1755 537 fatis
1770 517 1838 537 con-

1041 553 1174 581 cessisset
1201 553 1266 581 Julii
1293 554 1397 582 mensis
1422 555 1554 590 vigesima
1572 560 1660 589 sexta.
1685 556 1838 584 indictione

1042 604 1151 635 quarta,
1168 600 1387 637 Stauraciusque
1400 603 1460 637 ejus
1470 602 1543 630 ﬁlius
1553 602 1610 637 ipse
1621 610 1730 638 quoque
1743 603 1836 630 lcthali

1041 650 1068 674 In
1084 647 1180 683 prmlio
1194 647 1309 676 allectus
1326 648 1440 676 vulnere
1451 657 1506 677 non
1523 649 1615 685 plures
1633 651 1741 678 duobus
1756 658 1836 678 men-

1041 699 1085 720 ses
1097 691 1214 726 diesque
1227 697 1290 719 oclo
1306 693 1376 727 patri
1389 698 1531 728 superstes
1543 694 1705 727 exstitisset.
1718 694 1836 722 Michael

1043 738 1095 773 12
1107 745 1171 765 vero
1184 737 1349 772 Curopalata
1360 744 1422 775 post
1433 740 1605 769 Slauracium
1615 742 1737 770 secunda
1752 742 1835 770 Octo-

1041 784 1099 812 bris
1114 785 1171 812 vita
1184 787 1309 813 functum
1327 786 1406 822 (erat
1429 786 1453 814 is
1473 795 1556 823 gener
1579 787 1739 824 Nicephori,
1765 790 1836 818 Ban-

1041 831 1117 866 gaba:
1142 836 1219 859 ortus
1235 832 1374 868 prosapia,
1391 833 1424 860 ad
1449 836 1658 863 armamentarii
1673 836 1746 864 aedes
1773 846 1836 865 mo-

1041 878 1122 913 rans)
1139 878 1246 913 imperii
1264 883 1372 913 sceptra
1387 880 1501 914 adeptus
1514 885 1589 909 esset
1603 890 1698 911 mense
1711 883 1834 917 Octobri.

1040 925 1190 952 indictione
1204 926 1312 961 quinta,
1327 925 1382 953 Leo
1392 926 1490 954 exsilio
1501 928 1627 961 solviturl
1646 928 1835 959 Romanorum

1039 970 1208 1005 principum,
1237 979 1300 998 cum
1331 971 1449 1005 primum
1479 972 1691 1008 inaugurantur,
1719 976 1836 1004 solemni

1041 1017 1209 1052 clementia;
1226 1023 1307 1053 atque
1324 1026 1340 1045 a
1361 1018 1424 1054 luga
1437 1024 1580 1047 revocatus
1596 1021 1680 1056 ipsius
1697 1022 1836 1051 Michaelis

1032 1064 1169 1099 palatinis
1194 1065 1340 1094 lictoribus
1361 1071 1534 1094 accensetur.
1560 1066 1616 1095 Nec
1644 1068 1723 1104 longa
1746 1077 1834 1103 mora,

1039 1111 1147 1147 patricii
1164 1111 1297 1146 dignitate
1308 1116 1424 1147 augetur
1437 1112 1549 1148 duxque
1563 1113 1743 1142 Orientalium
1757 1122 1855 1144 στοας·

1039 1163 1096 1190 tur,
1108 1157 1221 1193 quando
1232 1162 1259 1185 et
1274 1157 1391 1186 Michael
1406 1163 1526 1187 veterem
1545 1160 1607 1193 viri,
1625 1169 1747 1196 quocum
1772 1162 1836 1190 fue-

1040 1207 1084 1230 rat
1103 1204 1249 1236 educatus,
1263 1204 1414 1232 amicitiam
1431 1213 1580 1240 rcnovaus,
1597 1214 1677 1242 quem
1693 1209 1764 1236 aula
1787 1217 1836 1237 co—

1040 1251 1135 1278 mitem
1171 1250 1267 1277 rclieta
1296 1249 1427 1279 Bardanii
1459 1251 1543 1280 factio
1571 1258 1635 1281 ante
1661 1260 1837 1289 provexerat.

1039 1304 1259 1331 arcanorumque
1275 1298 1416 1326 conscium
1441 1306 1598 1332 assumens,
1629 1308 1721 1328 rerum
1741 1302 1837 1330 dome-

1040 1343 1170 1372 sticarum
1196 1344 1361 1372 ﬁdissimum
1384 1349 1479 1373 testem
1505 1353 1656 1382 eorumque
1684 1356 1746 1383 qua:
1769 1348 1838 1376 l‘oris

1040 1391 1146 1425 agenda
1183 1397 1277 1419 essent
1305 1391 1526 1421 ellicacissimum
1561 1393 1719 1423 ministrum
1754 1396 1836 1423 adhi-

1040 1437 1110 1464 buit.

1076 1484 1103 1512 5.
1122 1485 1227 1514 Rursus
1243 1490 1334 1514 tamen
1351 1486 1450 1522 ingrati
1467 1487 1551 1515 animi
1565 1488 1653 1516 labem
1672 1488 1724 1517 sibi
1737 1497 1835 1525 asper-

1040 1537 1122 1558 surus
1138 1535 1199 1558 erat
1214 1531 1297 1559 homo
1313 1532 1417 1560 crudeli
1435 1532 1547 1568 ingenio
1563 1534 1722 1569 agrestique
1739 1535 1834 1563 imlole

186 1575 236 1602 καὶ
253 1576 314 1607 τοῖς
332 1576 473 1612 δευτέροις
483 1577 518 1603 τὰ
537 1575 635 1612 πρῶτα
657 1576 779 1611 καλύψαι
802 1577 816 1603 ό
832 1575 987 1611 ἁλιτήριος.

1042 1576 1185 1610 educatus,
1198 1584 1230 1605 ac
1245 1577 1291 1612 qui
1305 1577 1397 1612 priora
1414 1585 1476 1610 sua,
1500 1579 1658 1606 mortalium
1673 1579 1838 1607 scelestissi-

186 1622 274 1650 ὀθεν
289 1623 353 1659 ἄρτι
368 1623 516 1660 Κρούμνου
537 1624 586 1651 τοῦ
601 1624 657 1652 τῶν
672 1624 838 1660 Βουλγάρων
854 1624 990 1659 ἡγεμόνος

187 1669 347 1704 συμὸἀσεις
370 1671 419 1697 καὶ
446 1670 538 1705 φιλίας
559 1671 782 1706 ὑποκριναμένου
800 1671 849 1699 καὶ
872 1670 991 1702 σπονδὰς

186 1714 337 1751 ζητοῦντος
351 1716 504 1752 εἰρηνικὰς,
517 1717 543 1744 εί
558 1717 639 1752 μόνον
655 1717 691 1744 τὰ
707 1716 767 1744 κατ’
785 1716 845 1748 ἔτος
862 1716 991 1752 διδόμενα

187 1763 230 1794 είς
243 1762 334 1796 τάξιν,
352 1760 442 1798 οἶμαι,
460 1762 576 1790 δοθῶσιν
594 1763 679 1799 φόρου
695 1763 781 1800 αὐτῷ,
794 1764 830 1796 ὼς
844 1765 902 1796 τοῖς
919 1764 988 1800 πρό·

186 1818 270 1846 τερον
286 1810 373 1843 ἔδοξε,
387 1811 436 1837 καὶ
455 1810 651 1846 προστιθέντος
665 1811 703 1842 ὠς
715 1811 764 1838 καὶ
782 1811 846 1843 τοὺς
862 1811 988 1846 πρόσφυ-

185 1865 240 1890 γας
253 1856 430 1892 Βουλγὰρων,
449 1857 519 1891 πρὸς
534 1856 563 1884 δὲ
577 1857 626 1884 καὶ
649 1856 795 1892 Ῥωμαίων
809 1857 849 1889 είς
866 1857 990 1885 τούπίσω

185 1904 343 1931 ἐκδίδοσθαι
363 1903 401 1939 τῷ
422 1904 527 1931 ἑαυτῶν
543 1903 617 1930 ἔθνει
630 1923 638 1936 ,
655 1904 758 1931 ἄτοπον
775 1903 864 1938 ἐφάνη
879 1904 910 1930 τὸ
935 1904 990 1932 τῶν

189 1950 443 1985 προσφύγωντοῖς
460 1951 511 1986 τῆς
535 1950 691 1986 συγκλήτου
719 1949 835 1985 βουλῆς,
861 1951 885 1977 εί
910 1951 958 1977 καὶ
975 1950 990 1976 ό

188 1997 343 2030 βασιλεύων
365 1997 475 2033 Μιχαὴλ
495 1997 566 2028 ὅλως
581 1996 604 2012 ¹⁴
630 1996 740 2030 ἐγένετο
765 1996 816 2030 τῆς
837 1996 918 2031 δόξης
941 1996 990 2023 τοῦ

185 2044 322 2078 ἄρχοντος
334 2042 375 2078 τῷ
396 2051 430 2077 γε
445 2043 477 2078 δὴ
497 2043 549 2079 τῆς
563 2043 679 2079 εἰρήνης
693 2042 840 2078 βούλεσθαι
858 2044 896 2079 μὴ
919 2043 990 2070 ἀπο-

185 2090 293 2124 τυχεῖν.
321 2089 393 2116 Ἀλλ’
414 2089 570 2125 ἐκράτησεν
592 2090 609 2125 ἡ
634 2089 730 2125 βουλὴ.
746 2089 913 2116 Θεόκτιστον
937 2089 990 2125 μᾶ-

185 2144 302 2172 τιστρον
328 2135 515 2172 ὶπικυροῦντα
538 2135 587 2163 καὶ
617 2135 811 2170 συντιθέμενον
831 2135 932 2171 ἔχουσα
955 2137 988 2172 τῇ

184 2182 263 2220 δόξῃ.
279 2183 328 2210 καὶ
342 2182 505 2218 διελύθησαν
528 2181 609 2209 πάλιν
623 2183 665 2214 είς
680 2182 750 2218 ἔργα
770 2182 893 2218 πολέμου
903 2203 911 2216 ,
926 2182 990 2215 τοὺς

185 2229 286 2263 λόγους
310 2229 510 2260 καταλιπόντες
537 2227 671 2264 γυμνούς.
695 2228 751 2255 Καὶ
776 2228 849 2255 τοῦτ’
876 2228 989 2260 εἰκότως

186 2276 280 2310 ἐφάνη
301 2275 395 2302 καλόν·
418 2275 460 2312 [Ρ.
489 2275 517 2311 9]
535 2275 594 2307 πῶς
608 2275 664 2310 γὰρ
683 2275 717 2302 ἄν
733 2283 776 2307 τις
797 2275 990 2311 φιλάνθρωπος
1008 2271 1028 2298 D

185 2323 255 2359 δόξῃ
271 2323 319 2349 καὶ
334 2322 482 2358 συμπαθὴς
497 2322 544 2349 τόν
558 2331 592 2356 γε
607 2322 652 2349 διά
665 2330 726 2349 τινα
742 2322 881 2358 σφαλέντα
897 2323 930 2359 δὴ
944 2331 991 2350 πε-

187 2369 335 2405 ριπέτειαν
355 2370 402 2396 καὶ
414 2369 463 2405 τὴν
477 2368 576 2396 ἑαυτοῦ
594 2369 645 2404 μὲν
661 2369 854 2405 ἀρνησάμενον
873 2370 989 2404 ἐνεγκα-

188 2416 289 2451 μένην,
306 2413 341 2452 ἦς
358 2415 436 2442 οὐδὲν
452 2415 575 2450 γλύκιον,
592 2415 631 2447 ὥς
649 2424 727 2450 φασι,
745 2415 814 2451 πρὸς
830 2416 859 2443 δὲ
874 2416 922 2443 καὶ
939 2425 991 2451 γα-

188 2463 278 2498 μετήν
295 2471 326 2489 τε
346 2463 394 2489 καὶ
413 2462 525 2497 ἔγγονα,
548 2463 586 2494 ὡς
608 2463 648 2494 εις
671 2462 770 2490 ἄσυλον
794 2464 990 2498 καταφυγόντα

187 2509 285 2545 βωμὸν
295 2510 329 2545 τῇ
342 2509 396 2536 τῶν
414 2509 561 2544 Ῥωμαίων
575 2508 711 2544 πολιτείᾳ,
725 2509 821 2536 τοῦτον
833 2510 988 2538 ἐκδίδοσθαι

185 2557 315 2593 ὠμότητι
338 2557 461 2590 Σκυθῶν,
479 2557 583 2593 θηρίων
606 2556 804 2592 διενηνοχότων
827 2558 921 2591 οὺδὲνς
946 2556 989 2591 οἷς

185 2605 245 2640 γὰρ
259 2604 292 2631 τὺ
307 2604 424 2640 φοϐερὸν
439 2605 488 2631 καὶ
502 2603 598 2640 ἄγριον
613 2603 715 2639 ὁρῶσιν
731 2604 822 2631 αὐτῶν
838 2605 903 2638 τοὺς
923 2605 988 2632 πολ-

184 2651 254 2682 λοὺς
276 2650 314 2686 μὴ
339 2650 527 2686 ὑποφέροντας
553 2650 601 2677 καὶ
625 2650 670 2677 διὰ
695 2650 776 2677 τοῦτο
799 2651 988 2687 ἀπορρέοντας

186 2699 262 2734 πρὸς
278 2697 310 2723 τό
325 2697 431 2732 ἥμερον
452 2697 500 2724 καὶ
523 2697 612 2732 πρᾶον
629 2697 709 2732 ἡμῶν
725 2697 848 2733 συχνῶς,
866 2699 915 2726 ac;
936 2698 987 2734 δὴ,

187 2745 229 2780 μὴ
241 2744 315 2771 κατὰ
328 2744 426 2779 μικρὸν
436 2743 554 2771 λάθωσιν
566 2744 682 2775 ἑαυτοὺς
697 2743 767 2780 πρὸς
783 2745 859 2780 ἡμᾶς
869 2745 988 2772 ἐκκενώ-

187 2799 301 2824 σαντες,
329 2791 445 2823 δεδιότες
469 2792 494 2817 οἱ
517 2791 593 2825 σφῶν
614 2791 734 2827 ἀρχηγοὶ
753 2791 800 2818 τὸν
822 2792 906 2819 πολὺν
923 2793 989 2829 περὶ

186 2836 296 2864 τούτων
320 2836 403 2870 λόγον
423 2837 554 2869 πολλάκις
571 2837 619 2864 καὶ
646 2836 746 2873 μέχρις
766 2837 845 2873 ἡμῶν
872 2842 987 2877 κεκινή-

1041 1630 1114 1656 mus,
1135 1623 1314 1658 sequentibus
1328 1628 1402 1652 esset
1425 1624 1637 1653 obscuraturus.
1670 1624 1747 1653 Unde
1773 1633 1836 1653 cum

1039 1669 1096 1704 jam
1108 1668 1290 1705 Bulgarorum
1304 1670 1359 1698 dux
1372 1670 1513 1699 Crumnus
1527 1671 1704 1699 concordiam
1718 1677 1745 1700 et
1761 1672 1838 1707 pacis

1042 1716 1146 1745 foedera
1163 1717 1357 1753 amicitiasque
1383 1718 1489 1746 ambire
1512 1726 1542 1747 se
1566 1718 1711 1746 simularet
1726 1726 1759 1746 ac
1776 1718 1838 1746 ani-

1042 1771 1117 1791 mum
1131 1764 1207 1797 pacis
1221 1764 1351 1799 cupidum
1372 1764 1526 1800 praeferret,
1551 1765 1704 1793 dummodo
1729 1772 1833 1798 annua,

1041 1818 1103 1846 quae
1119 1810 1200 1845 pendi
1220 1811 1301 1838 solita
1316 1816 1394 1838 erant
1411 1820 1461 1847 pro
1476 1820 1509 1840 eo
1522 1820 1554 1839 ac
1569 1811 1721 1846 majoribus
1747 1812 1837 1839 visum

1041 1862 1110 1888 erat.
1129 1856 1244 1885 Romani
1256 1858 1356 1886 tributa
1372 1863 1548 1894 praestarent,
1560 1866 1591 1886 ea
1605 1859 1715 1886 demum
1730 1858 1837 1893 adjecta

1041 1904 1211 1937 conditione,
1226 1910 1294 1933 utet
1309 1905 1490 1940 Bulgarorum
1505 1905 1682 1941 vicissimque
1696 1904 1837 1932 llomano‘

1041 1959 1103 1979 rum
1119 1951 1299 1986 imposterum
1315 1952 1466 1983 transfuga:
1478 1960 1536 1979 suae
1550 1951 1655 1986 quique
1680 1951 1755 1987 genti
1771 1951 1836 1978 red-

1041 1997 1183 2029 derentur,
1209 1996 1415 2032 transfugarum
1435 1997 1485 2031 13
1499 2001 1580 2031 caput
1596 1996 1662 2023 illud
1686 1996 1836 2023 absurdum

1041 2043 1149 2071 senatui
1167 2042 1258 2070 visum
1281 2048 1335 2075 est,
1362 2042 1521 2078 quanquam
1547 2042 1663 2070 Michael
1688 2042 1838 2076 imperator

1043 2094 1118 2117 totus
1145 2089 1173 2117 in
1203 2088 1338 2124 principis
1368 2088 1551 2124 Bulgarorum
1577 2088 1742 2116 sententiam
1769 2087 1837 2121 ibat,

1040 2137 1114 2171 quod
1132 2135 1259 2163 ineunda:
1272 2135 1349 2171 pacis
1369 2135 1545 2163 occasionem
1561 2135 1635 2162 illam
1654 2134 1706 2162 sibi
1724 2134 1838 2163 nolebat

1041 2183 1186 2218 aulugere.
1199 2182 1327 2211 Obtinuit
1339 2187 1431 2210 tamen
1457 2187 1570 2210 senatus
1587 2181 1735 2214 sententia,
1753 2189 1836 2217 quam

1042 2230 1219 2258 Tlteoctistus
1246 2230 1376 2265 magister
1407 2234 1570 2264 sequeretur
1595 2237 1629 2258 ac
1651 2230 1696 2257 cui
1723 2230 1779 2257 vim
1805 2237 1838 2258 ae

1043 2277 1151 2312 pondus
1163 2277 1328 2304 auctoritate
1341 2284 1392 2304 sua
1405 2276 1548 2310 adjiceret.
1572 2276 1675 2304 lterum
1692 2283 1759 2312 ergo
1774 2276 1838 2304 reli-

1042 2324 1095 2351 etis
1109 2322 1256 2358 colloquiis
1270 2322 1304 2350 ad
1321 2322 1383 2350 belli
1395 2322 1483 2350 aleam
1502 2327 1662 2350 revocatum
1675 2323 1813 2358 negotium
1829 2332 1837 2354 ;

1043 2370 1126 2405 idque
1139 2370 1229 2406 magis
1239 2370 1337 2398 decere
1348 2370 1446 2397 merito
1456 2369 1610 2405 iudicatum
1624 2374 1677 2397 est.
1694 2366 1839 2403 Quomodo

1041 2418 1115 2444 enim
1134 2424 1189 2444 non
1206 2424 1316 2444 omnem
1331 2416 1513 2444 humanitatis
1526 2424 1639 2445 sensum
1654 2416 1768 2444 exuisse
1790 2423 1836 2443 ar-
1881 2448 1890 2455 ﬁ

1041 2465 1187 2492 bitrandus
1205 2468 1257 2496 est,
1272 2464 1320 2499 qui
1336 2464 1475 2491 hominem
1494 2471 1561 2492 casu
1577 2463 1671 2498 aliquo
1686 2467 1735 2490 aut
1756 2462 1840 2490 vicis~

1042 2512 1162 2540 situdine
1174 2512 1201 2539 in
1213 2519 1334 2540 errorem
1348 2512 1519 2548 prolapsum,
1530 2511 1687 2546 patriaque,
1701 2517 1756 2545 qua
1769 2509 1838 2537 nihil

1042 2558 1153 2586 dulcius
1167 2566 1229 2586 esse
1249 2558 1337 2591 aiunt,
1364 2561 1535 2592 contempta,
1558 2556 1593 2584 ad
1617 2556 1676 2583 lucc
1705 2562 1793 2583 uxore
1809 2559 1839 2583 et

1042 2605 1148 2638 liberis,
1159 2613 1207 2632 ceu
1223 2605 1257 2633 ad
1268 2612 1331 2632 aras
1343 2604 1526 2637 inviolabiles,
1536 2604 1569 2631 ad
1578 2603 1711 2631 Romanae
1724 2601 1838 2630 ditionis

1042 2653 1104 2681 loca
1133 2652 1350 2688 confugientem,
1378 2651 1515 2688 Scythica:
1545 2652 1634 2687 gentis
1659 2642 1840 2682 immanilati‘,

1044 2700 1128 2735 cujus
1143 2707 1158 2727 a
1174 2699 1241 2727 l'eris
1254 2699 1322 2726 nihil
1336 2699 1444 2727 indoles
1457 2698 1576 2730 diﬂerat.
1594 2697 1736 2725 dedendos
1750 2701 1833 2731 puta-

1044 2746 1137 2774 verit!
1156 2753 1219 2773 cum
1240 2746 1313 2773 enim
1328 2745 1467 2773 terribiles
1485 2749 1634 2778 trucesque
1650 2750 1683 2770 ac
1698 2742 1749 2770 l'eri
1768 2742 1835 2774 sint,

1044 2793 1146 2820 multos
1174 2799 1289 2820 suorum
1321 2791 1347 2818 id
1373 2798 1428 2818 non
1448 2790 1567 2818 ferentes
1591 2789 1625 2817 ad
1643 2789 1782 2817 lenitatem
1809 2791 1837 2815 et

1043 2839 1283 2870 mansuetudinem
1299 2843 1422 2868 nostram
1438 2844 1627 2873 saepenumero
1642 2835 1760 2865 transire
1774 2834 1834 2862 ani-

835 2887 949 2919 VARLE
973 2891 1176 2922 LECTIONI‘AS.

228 2932 251 2950 ”
268 2932 427 2969 ἔκτραφιίς]
443 2941 476 2962 an
497 2933 661 2970 ἐντραφείςῖ
702 2934 721 2950 "'
739 2934 822 2967 ὄλοίῖ
