2011 3156
165 153 201 184 21

167 211 353 239 madvertttnt.
381 211 420 239 Ne
431 212 514 249 igitur
538 213 666 242 universa
692 214 816 250 ipsorum
839 223 907 251 gens
933 216 961 242 in
979 225 999 251 Α

168 262 288 285 nostram
305 258 434 292 paulatim
451 266 512 287 sese
526 259 659 293 cil'undat,
675 261 754 289 veriti
770 269 866 289 eorum
885 262 962 296 prin-

739 158 995 190 THEOPHANES
1009 159 1295 191 CONTINUATUS.

1777 163 1814 192 ER

1007 217 1110 244 ’κασιν.
1132 217 1213 245 Ἀλλὰ
1227 218 1319 253 κενὴν,
1333 218 1363 246 τδ
1378 218 1411 254 δὴ
1425 218 1572 255 λεγόμενον
1588 219 1660 246 κατὰ
1675 218 1725 254 τὴν
1739 227 1814 255 παρ-

1025 263 1132 298 οιμίαν,
1147 263 1259 300 ἐψηλαν,
1275 264 1432 300 ἀνθρώποις
1448 265 1608 300 ἐντυχόντες
1622 267 1758 301 στερροῖς.

167 304 244 340 cipes
261 306 361 342 saepius
377 311 405 334 et
418 307 451 334 ad
472 313 594 335 nostram
611 317 699 344 usque
722 313 832 337 aetatem
860 309 963 337 multos
983 309 1017 336 de
1038 310 1090 338 hae
1115 319 1146 339 re
1168 318 1311 340 sermones
1336 317 1491 340 moverunt.
1510 312 1537 339 In
1572 319 1673 340 vanum
1710 316 1812 343 tamen,

167 352 242 386 quod
268 354 410 380 communi
447 353 536 382 fertur
565 355 674 390 adagio,
703 357 875 390 cecinerunt,
903 356 978 383 viros
1002 357 1074 384 nacti
1091 357 1362 394 tlrmipropositi,et
1378 359 1425 394 qui
1447 367 1463 387 a
1489 359 1626 387 sententia
1643 365 1699 386 non
1732 357 1815 385 facile

168 401 386 428 dimoverentur.

203 448 230 475 6.
252 447 330 475 Brevi
350 450 443 483 itaque
466 455 604 478 cessatum
621 459 710 484 mora,
739 452 882 487 ambaeque
899 458 962 478 mox

169 497 263 529 gentes
277 493 310 521 ad
325 501 401 521 arma
414 502 591 524 concurrere.
611 496 640 524 in
656 497 700 525 his
711 497 828 526 Michael
843 499 962 532 legatum

169 548 249 568 suum
264 541 364 568 reverti
374 541 462 576 jubet,
479 550 568 578 exque
583 543 695 572 Oriente
708 552 769 572 cum
783 545 868 580 copiis
880 553 963 580 quam

169 588 224 614 cito
238 588 425 616 transmittere
442 597 448 615 :
467 589 610 617 enimvero
625 598 680 625 qtto
693 599 722 619 se
740 592 865 628 adjutore
893 601 963 621 usu—

170 641 232 660 rum
257 635 434 669 exspectabat
454 635 572 671 bellique
592 637 677 669 socio,
694 638 892 672 implacabilem
913 640 964 676 14

170 679 276 706 hostem
289 679 411 707 nil‘endit.
427 681 495 707 Cum
512 681 584 708 enim
595 689 627 709 ex
646 683 963 720 verbornm‘illajactan-

170 727 206 753 tia
225 734 256 754 ac
268 726 401 755 Romanis
422 727 566 756 intentatis
587 730 680 762 minis,
698 731 798 766 quibus
810 740 840 760 se
864 733 962 761 Crum-

170 781 223 801 nns
234 775 377 802 hominum
396 780 515 811 stragem
528 776 674 810 facturum,
688 787 769 814 agros
780 786 961 816 vastaturum,

170 821 283 849 arbores
293 823 463 856 excisurum,
477 823 574 850 domos
599 832 809 859 succensurum,
833 827 962 856 omnino-

169 874 222 901 que
235 868 364 896 torrentis
380 877 463 902 more,
476 869 592 897 violento
604 870 630 897 in
646 879 696 899 nos
709 872 822 907 impetu,
835 873 965 909 irruptio-

171 920 232 940 nem
254 921 283 941 se
298 913 435 942 facturum
464 915 619 943 aiiirmabat
636 924 668 944 ac
685 925 780 945 omnes
798 919 849 946 sub
867 919 964 955 jugum

170 958 332 991 missurum,
349 961 488 988 animatus
503 961 654 996 imperator
668 969 794 998 suscepta
810 964 867 998 jam
884 974 964 1001 expe-

169 1004 282 1038 ditione,
302 1007 412 1034 modum
431 1015 540 1035 omnem
561 1009 727 1037 escedentes
743 1009 856 1039 Barbari
873 1013 964 1041 minas

169 1051 391 1085 compressisset,
402 1053 502 1087 vixque
514 1061 567 1080 non
579 1056 637 1082 suis
651 1062 680 1082 se
696 1056 797 1083 ilnibus
810 1057 964 1091 continere,

165 1101 221 1125 'nec
236 1097 300 1125 inde
316 1106 498 1134 prorumpere
522 1108 661 1136 agrosque
686 1101 828 1131 Romanos
855 1110 965 1132 vastare

169 1144 321 1180 coegisset;
332 1147 486 1182 saepiusque
497 1151 663 1183 provocante
677 1147 817 1182 Michaele,
830 1149 965 1178 instructa

171 1190 199 1217 in
222 1198 286 1218 eum
301 1192 370 1224 acie,
389 1200 488 1228 pugnae
503 1193 526 1221 is
552 1193 640 1232 aleam
665 1202 824 1230 compressa
850 1196 964 1225 audacia

170 1235 364 1270 detrectasset,
376 1238 444 1272 quin
462 1239 518 1266 imo
537 1239 609 1267 vires
633 1248 698 1268 suas
723 1247 895 1276 agnosceret,
915 1251 965 1271 nee

170 1282 303 1310 adversus
318 1284 512 1319 imperatorem
528 1293 641 1313 manum
663 1294 811 1315 conserere
827 1289 941 1317 auderet
956 1299 963 1324 ;

170 1327 295 1357 subicere
307 1329 433 1359 Michaeli
444 1332 598 1365 videbatur,
612 1334 685 1368 quod
705 1334 875 1363 barbaricam
889 1336 964 1364 illam

169 1375 303 1403 ferociam
324 1384 357 1404 ac
371 1378 554 1406 temeritatem
572 1380 631 1407 suis
657 1379 732 1408 velut
759 1382 885 1409 terminis
904 1382 965 1410 sine

170 1429 273 1456 pugna,
304 1423 384 1457 cujus
417 1423 540 1451 incertus
566 1425 657 1453 exitus
683 1429 736 1458 est,
769 1427 963 1456 conclusisset.

173 1478 182 1492 ι
198 1467 314 1500 Quando
322 1469 408 1500 enim,
420 1470 522 1502 aiebat,
537 1471 639 1506 quibus
650 1471 711 1499 freti
725 1473 814 1507 copiis
825 1481 922 1501 sumus
930 1475 964 1501 ad

168 1522 288 1550 pugnam
301 1517 525 1544 committendam
539 1518 631 1545 excire
658 1526 712 1546 non
738 1521 890 1555 possimus,
916 1521 963 1549 sed

168 1569 230 1588 eam
247 1562 399 1590 detrectare
413 1563 526 1598 suisque
541 1571 571 1592 se
586 1565 688 1593 ilnibtis
713 1567 856 1594 continere
878 1575 962 1603 coga-
977 1577 998 1606 ρ

170 1616 242 1641 mus,
257 1609 322 1643 quid
336 1610 419 1637 etiam
438 1618 551 1638 necesse
567 1616 597 1639 ut
619 1612 652 1639 ad
668 1613 863 1647 experiendum
891 1614 964 1642 Mar-

169 1660 224 1683 tem
246 1657 399 1690 cogamus?
417 1667 426 1683 ι
441 1657 509 1686 Cum
526 1659 620 1694 itaque
635 1660 737 1687 sensim
756 1661 851 1695 pedem
865 1662 966 1689 referre

169 1703 358 1739 paulatimque
385 1704 541 1732 Romanum
575 1707 664 1734 solum
696 1712 819 1742 repetere
851 1708 966 1736 Michael

170 1750 312 1785 cogitaret,
331 1750 389 1777 visa
407 1758 451 1778 res
468 1751 578 1786 indigna
595 1751 691 1785 Leoni,
704 1760 756 1781 nec
766 1761 799 1780 ex
815 1754 966 1789 imperato-

170 1797 209 1823 ris
225 1796 340 1824 Romani
354 1796 506 1831 majestate,
520 1803 593 1833 terga
611 1799 736 1826 hestibus
761 1805 879 1828 vertere.
908 1801 966 1829 Hoc

170 1842 244 1871 enim
265 1843 320 1870 Leo
332 1844 468 1879 optimum
484 1844 551 1871 illud
567 1845 745 1880 imperatoris
757 1846 902 1874 consilium
920 1848 965 1874 di-

170 1890 261 1922 cebat,
275 1890 348 1925 quod
363 1891 494 1918 nimirum
515 1900 569 1918 non
584 1897 662 1919 recte
675 1900 708 1920 ac
721 1893 828 1921 sincere
840 1894 964 1928 sentiret,

170 1936 219 1964 sed
235 1936 307 1971 putri
325 1937 436 1972 dolique
447 1937 528 1972 pleno
541 1938 668 1970 consilio,
685 1946 770 1966 unum
785 1939 837 1966 hoc
852 1940 965 1968 molire-

168 1988 226 2015 tur,
247 1987 278 2010 ut
295 1983 322 2010 in
347 1991 376 2011 se
401 1991 492 2011 rerum
521 1993 658 2012 summam
684 1985 855 2014 transferret.
883 1987 965 2020 Sane,

166 2031 270 2063 aiebat,
288 2031 442 2065 imporalor,
471 2031 597 2058 niavenda
618 2032 693 2059 nobis
717 2033 744 2059 in
764 2032 815 2067 15
829 2041 873 2060 eos
888 2034 966 2068 signa

167 2080 251 2109 sunt;
267 2076 416 2111 eidebisque
431 2085 470 2103 me
487 2077 578 2111 palam
599 2077 678 2103 hodie
694 2078 775 2104 robur
793 2087 825 2104 ac
848 2079 915 2106 vires
937 2079 965 2106 in

170 2126 257 2150 hostes
272 2130 401 2154 exserere,
415 2127 511 2157 tuaque
524 2123 558 2149 ad
573 2123 700 2158 ﬁduciam
711 2128 778 2150 nutu
793 2125 966 2160 precibusque

172 2170 280 2203 fretum,
295 2169 322 2195 in
332 2169 425 2203 primis
440 2169 575 2195 ordinibus
585 2173 690 2196 strenue
701 2171 884 2204 dimicantem,
895 2179 965 2206 prw-

174 2216 248 2242 dure
274 2216 399 2242 victorem
428 2215 494 2250 fore.
520 2215 568 2243 llis
591 2215 706 2244 Michael
723 2217 817 2246 verbis
840 2225 855 2245 a
873 2219 964 2245 suain

1054 451 1092 484 ς’.
1114 453 1268 488 Τοιγαροῦν
1294 453 1394 489 μικρὸν
1416 452 1587 486 διαλιπόντες
1608 453 1669 480 κατ’
1687 453 1813 489 ἀλλήλων

1015 497 1182 530 ὁπλίζονται.
1207 499 1263 525 Καὶ
1282 499 1393 534 Μιχαὴλ
1415 498 1462 526 τὸν
1479 499 1577 526 ἑαυτοῦ
1600 499 1813 534 ὑποστράτηγον

1015 543 1117 570 Λέοντα
1133 544 1282 580 ἐπανάγειν
1297 545 1345 572 καὶ
1367 545 1597 580 διαπεραιοῦσθαι
1612 547 1645 572 ἐκ
1663 545 1716 580 τῆς
1729 546 1812 572 Ἀνα-

1015 590 1097 626 τολῆς
1121 591 1218 618 θᾶττον
1245 592 1322 627 ἠξίου
1338 592 1408 626 μετὰ
1434 593 1482 619 καὶ
1504 592 1560 619 τῶν
1581 593 1734 628 δυνάμεων·
1763 593 1812 620 καὶ

1019 636 1109 672 βοηθῷ
1137 637 1243 672 μέλλων
1272 639 1393 674 χρῆσθαι
1429 639 1504 675 αὐτῷ
1538 640 1636 675 ἐχθρὸν
1663 639 1813 666 κατέλαϐεν

1017 683 1163 710 ἄσπονδον.
1186 683 1230 716 Ὦς
1242 685 1297 721 γὰρ
1314 687 1346 712 ἐκ
1358 685 1411 712 τῶν
1425 685 1606 721 μεγαλαύχων
1622 687 1755 722 ῥημάτων
1764 686 1812 713 καὶ

1017 730 1138 757 ἀπειλῶν
1151 727 1188 757 ὢν
1207 731 1278 759 κατὰ
1295 731 1441 767 Ῥωμαίων
1453 733 1467 759 ὁ
1491 733 1635 768 Κροῦμνος
1650 733 1811 768 ἀπέπεμπε,

1019 775 1136 811 φθόρους
1159 777 1295 812 σωμάτων
1319 778 1479 806 ἐπαπειλῶν
1500 778 1548 805 καὶ
1567 781 1619 814 γῆς
1642 778 1742 814 δῄωσιν
1764 779 1814 805 καὶ

1017 821 1135 858 δένδρων
1159 823 1280 859 ἐκτομὰς
1299 825 1348 851 καὶ
1370 825 1531 860 οἰκημάτων
1555 825 1739 860 πυρπόλησιν,
1766 825 1814 851 καὶ

1019 866 1087 898 ὅλως
1102 867 1163 894 καθ’
1175 868 1257 903 ἡμῶν
1271 867 1316 896 οἷά
1340 877 1382 901 τις
1404 869 1572 905 χειμάρρους
1587 870 1710 904 ποταμὸς
1728 870 1813 905 φερό-

1019 922 1100 947 μενος
1121 914 1228 946 πάντας
1241 915 1288 949 ὑφ’
1303 915 1400 943 ἑαυτὸν
1423 916 1537 951 ποιῆσαι
1557 915 1722 949 διεσεσαεου,
1747 917 1811 952 ἄρτι

1015 959 1047 996 δὴ
1062 959 1110 986 τοῦ
1128 959 1263 995 βασιλέως
1280 962 1532 998 ἐκστρατεύσαντος
1555 963 1604 989 καὶ
1620 962 1813 995 συοτείλαντος

1015 1004 1065 1036 τὰς
1086 1005 1250 1041 ὑπερορίους
1265 1006 1373 1038 ἐκείνας
1397 1006 1526 1039 ἀπειλὰς,
1543 1007 1591 1034 καὶ
1609 1007 1690 1043 μόνον
1709 1009 1741 1035 οὐ
1755 1009 1814 1041 τοῖς

1015 1050 1129 1082 οἰκείοις
1151 1052 1226 1088 ὅροις
1249 1053 1381 1088 ἐμμένειν
1403 1054 1672 1088 καταναγκάζοντος,
1685 1054 1744 1081 ἀλλ’
1761 1054 1812 1081 οὐκ

1015 1096 1139 1132 ἐκπηδᾷν
1149 1097 1197 1123 καὶ
1210 1097 1261 1133 τὴν
1272 1098 1293 1115 ³⁵
1303 1098 1443 1134 ἡμετέραν
1456 1099 1608 1134 ληῖζεσοαι,
1620 1099 1669 1126 καὶ
1680 1099 1813 1131 πολλάκις

1015 1143 1048 1168 ἐκ
1069 1143 1253 1178 παρατάξεως
1274 1145 1520 1180 προσκαλουμένου
1549 1145 1599 1180 μὲν
1619 1145 1667 1172 τοῦ
1690 1146 1810 1181 Μιχαὴλ,

1015 1188 1122 1216 ἐκείνου
1136 1190 1165 1217 δὲ
1185 1190 1224 1226 μὴ
1250 1191 1540 1227 ἀπαυθαδιαζομένου,
1559 1193 1627 1220 ἀλλὰ
1648 1192 1811 1229 ἠνοικεὶαν

1015 1235 1244 1270 ἐπιγινώσκοντος
1265 1237 1412 1264 ἀσθένειαν
1432 1239 1482 1265 καὶ
1500 1239 1538 1275 μὴ
1564 1240 1634 1275 πρὸς
1658 1239 1771 1275 βασιλέα
1787 1241 1809 1256 ⁸⁸

1015 1283 1094 1317 χεῖρα
1104 1283 1222 1318 ἀντᾶραι
1233 1285 1472 1320 κατα-τολμῶντος,
1483 1286 1568 1313 ἐδόκει
1579 1287 1629 1321 μὲν
1643 1286 1683 1322 τῷ
1699 1287 1810 1322 Μιχαὴλ

1015 1328 1160 1363 ἀρκεῖσθαι
1174 1329 1205 1356 τὸ
1219 1332 1360 1366 προπετὲς
1383 1332 1490 1359 ἐκείνου
1516 1333 1564 1359 καὶ
1578 1332 1695 1365 αὔθαδες
1711 1334 1740 1360 ἐν
1753 1335 1810 1367 τοϊς

1016 1375 1062 1402 ὑπ’
1077 1375 1161 1403 αὑτοῦ
1178 1377 1201 1393 ¹⁷
1217 1378 1440 1406 κατακλείσαντα
1451 1399 1458 1412 ,
1476 1379 1515 1414 μὴ
1532 1379 1580 1406 καὶ
1595 1379 1686 1416 μάχην
1699 1382 1812 1407 ἐπισυν-

1015 1421 1092 1456 άψαι,
1106 1422 1144 1455 ὡς
1166 1423 1265 1459 ἀδήλου
1281 1424 1359 1456 ὕντος
1375 1425 1422 1452 τοῦ
1441 1425 1594 1460 μέλλοντος·
1614 1435 1624 1452 ι
1649 1427 1725 1453 Ἐπεὶ
1745 1427 1811 1463 γὰρ,

1015 1468 1120 1503 ἔλεγεν,
1149 1471 1182 1497 ἐκ
1198 1471 1382 1506 παρατάξεως
1402 1472 1484 1506 ὴμῶν
1498 1472 1549 1498 οὐκ
1563 1473 1603 1505 εἰς
1626 1473 1746 1509 πόλεμον
1760 1471 1812 1500 οἶος

1014 1514 1045 1540 τὲ
1068 1514 1152 1550 ἐσμεν
1167 1516 1389 1549 ἐκκαλέσασθαι,
1403 1517 1472 1545 ἀλλὰ
1496 1521 1670 1554 φυγομαχεῖν
1693 1519 1742 1546 καὶ
1766 1521 1811 1555 ἐφ’

1017 1560 1116 1587 ἑαυτοῦ
1140 1561 1161 1582 ξε
1190 1562 1282 1596 μένειν
1307 1562 1512 1598 ἀναγκάζομεν,
1539 1563 1565 1590 τι
1588 1565 1635 1590 καὶ
1660 1564 1813 1599 δράσαιμεν

1018 1605 1174 1642 βιαζόμενοι
1185 1616 1209 1641 ς»
1222 1608 1272 1635 Διὰ
1286 1608 1367 1635 τοῦτο
1381 1607 1428 1636 οὖν
1442 1609 1638 1646 παλινδρομεῖν
1653 1611 1744 1647 ἡρέμα
1754 1620 1813 1644 πως

1017 1653 1063 1679 καὶ
1077 1654 1148 1680 κατὰ
1164 1654 1265 1691 μικρὸν
1280 1656 1349 1691 πρὸς
1362 1656 1412 1692 τὴν
1426 1657 1532 1684 οἰκείαν
1560 1657 1698 1693 βασιλείαν
1718 1658 1813 1694 βουλο-

1018 1699 1111 1734 μένου,
1126 1701 1251 1736 ἀπρεπὲς
1277 1703 1364 1738 ἐφάνη
1389 1703 1429 1738 τῷ
1443 1704 1538 1731 Λέοντι
1562 1704 1611 1731 καὶ
1627 1704 1658 1731 οὐ
1677 1705 1748 1732 κατὰ
1764 1705 1814 1740 βα-

1018 1745 1093 1772 σιλέα
1114 1746 1258 1781 Ῥωμαίων
1271 1748 1346 1775 νῶτα
1358 1749 1460 1776 διδόναι
1473 1751 1531 1782 τοῖς
1545 1751 1663 1786 ἐχθροῖς,
1680 1751 1752 1778 οὕτω
1767 1759 1814 1778 κα·

1017 1790 1107 1818 λοῦντι
1122 1793 1232 1828 ἐκείνην
1247 1793 1297 1828 τὴν
1317 1794 1468 1830 καλλίστην
1482 1795 1581 1830 βουλὴν
1598 1795 1642 1831 [Ρ.
1663 1795 1707 1832 10]
1719 1796 1759 1831 τῷ
1774 1797 1812 1832 μὴ

1016 1837 1086 1873 ὀρθὰ
1102 1839 1162 1874 μηδ’
1179 1839 1244 1874 ὑγιᾶ
1258 1841 1380 1876 φρονεῖν,
1400 1841 1601 1877 σεσαθρωμένα
1615 1841 1700 1868 δὲκαὶ
1721 1841 1811 1875 δόλια,

1017 1885 1066 1911 καὶ
1079 1885 1145 1921 ὃλην
1162 1886 1206 1921 ὑφ’
1222 1887 1319 1914 ἑαυτὸν
1337 1887 1451 1923 ποιῆσαι
1466 1887 1517 1924 τὴν
1531 1888 1585 1914 τῶν
1603 1888 1747 1923 Ῥωμαίων
1763 1896 1813 1923 με-

1016 1931 1128 1959 λετῶντι
1138 1933 1298 1968 ἡγεμονίαν.
1308 1934 1386 1961 Ἀλλ’
1397 1934 1515 1969 ἰτητέον
1533 1934 1598 1970 ἔφη,
1608 1934 1683 1968 πρὸς
1691 1934 1813 1967 αὐτοὺς,

1015 1975 1188 2011 ὧβασιλεῦ,
1198 1980 1248 2007 καὶ
1258 1980 1328 2015 ὄψει
1334 1989 1373 2015 με
1382 1981 1519 2016 σήμερον
1525 1982 1557 2008 τὸ
1566 1981 1674 2015 κράτος
1680 1980 1814 2014 καθαρῶς

1015 2024 1226 2058 ἀναδούμενον
1243 2027 1320 2053 κατὰ
1331 2027 1512 2061 τῶνέχθρῶν
1520 2026 1570 2053 καὶ
1580 2027 1747 2061 νικηφόρον
1758 2028 1814 2053 δει-

1016 2079 1187 2106 κνυμενον,
1202 2071 1241 2106 τῇ
1262 2071 1305 2107 σῇ
1325 2073 1573 2107 καταθαρῤοῦντα
1594 2073 1644 2100 καὶ
1666 2076 1815 2109 προπολε-

1014 2115 1310 2151 μοῦνταπεποιθήσει
1333 2126 1366 2145 τε
1384 2118 1533 2153 καὶεὺχιῇ.
1549 2119 1662 2152 Τούτοις
1676 2121 1690 2146 6
1703 2120 1814 2156 Μιχαὴλ

1016 2165 1071 2195 τοῖς
1085 2163 1175 2197 λόγοις
1191 2164 1343 2199 ὲιιτραπείς
1351 2173 1381 2192 τε
1394 2165 1443 2192 καὶ
1451 2166 1671 2201 παρασαλευθεὶς
1680 2167 1815 2202 συρῤῆξαι

1018 2211 1239 2245 παρεκελεύσατο
1258 2212 1304 2238 τδν
1326 2212 1456 2247 πόλεμον.
1488 2213 1533 2244 Ὠς
1552 2213 1580 2240 δὲ
1602 2213 1683 2248 μόνον
1702 2214 1814 2248 ἐγένετο

171 2261 311 2289 diversum
334 2264 413 2288 actus
437 2262 574 2288 sententia
594 2269 713 2297 pugnam
739 2263 848 2290 conseri
871 2263 965 2298 jussit.

1020 2257 1141 2293 συμϐολὴ
1152 2277 1159 2289 ,
1175 2258 1249 2285 νῶτα
1262 2259 1325 2290 δοὺς
1339 2260 1353 2285 ὁ
1369 2259 1445 2286 Λέων
1467 2259 1517 2295 τὴν
1535 2259 1687 2294 φυγαδείαν
1718 2260 1814 2295 ἠσττὰ-

171 2308 289 2343 Moxque
301 2308 389 2344 prima
405 2308 464 2342 ipsa
480 2309 676 2344 congressione
689 2308 745 2336 Leo
763 2314 839 2345 terga
854 2313 966 2348 vertens

171 2355 265 2390 fugam
281 2353 411 2388 capessit,
427 2354 530 2388 quippe
543 2354 715 2389 tyrannidem
734 2355 864 2382 continue
877 2355 965 2383 medi-

172 2406 244 2434 tans,
257 2401 308 2428 etsi
323 2401 457 2428 hactenus
469 2400 530 2435 ejus
547 2401 598 2428 hoc
610 2401 758 2428 consilium
775 2405 832 2428 tum
845 2401 966 2430 Michae-

171 2449 238 2481 lI-m,
254 2453 311 2475 tum
325 2447 420 2475 hostes
429 2447 554 2474 latuerat.
572 2447 649 2480 Quod
663 2448 735 2474 enim
750 2448 816 2475 nihil
832 2448 965 2485 hactenus

167 2494 328 2523 istiusmodi
344 2494 509 2528 contigerat,
535 2494 626 2528 qualia
643 2494 726 2528 pra-.lii
745 2495 785 2521 vis
802 2494 901 2522 ail'erre
916 2502 965 2522 so-

168 2542 219 2574 let,
235 2541 397 2576 nullumque
409 2540 470 2568 belli
489 2540 596 2567 facinus
619 2540 724 2567 utravis
742 2540 816 2568 acies
831 2546 964 2575 gesserat,

171 2589 219 2618 sed
235 2589 339 2624 primus
354 2589 412 2624 ipse
425 2588 571 2616 conﬂictus
594 2587 765 2619 vertebatur,
781 2587 881 2621 visque
899 2588 965 2615 dum

173 2635 290 2671 coepisse
306 2633 464 2662 conﬂictum
494 2639 587 2668 partes
603 2633 792 2665 advertebant,
819 2637 878 2660 tum
898 2633 965 2668 ipsis

170 2682 300 2718 iiulgaris
317 2686 374 2708 tum
389 2681 503 2715 reliquis
521 2680 649 2708 omnibus
661 2687 704 2707 res
718 2680 798 2707 dolus
812 2680 966 2713 videbatur,

167 2730 261 2764 qualis
280 2728 400 2756 hostium
417 2735 478 2755 esse
504 2727 592 2755 solet:
609 2734 706 2761 nempe
729 2734 743 2754 a
770 2735 820 2754 sua
836 2727 896 2754 illas
908 2728 966 2756 dis-

172 2776 324 2803 trahentem
343 2775 412 2806 acie,
438 2780 573 2801 conversa
597 2774 705 2800 demum
729 2773 756 2800 in
772 2780 820 2800 eos
843 2781 877 2800 ex
900 2773 966 2809 iuga

168 2822 272 2854 fronte,
293 2821 362 2848 velle
375 2821 492 2854 irruere,
509 2819 554 2847 ubi
569 2823 661 2846 autem
685 2819 774 2847 ambae
801 2819 872 2847 acies
896 2820 963 2847 nihil

1018 2312 1094 2336 σατο,
1106 2304 1156 2340 τὴν
1174 2304 1314 2339 βασιλείαν
1334 2305 1378 2333 ἀεὶ
1401 2314 1460 2338 πως
1480 2305 1630 2341 ἐπιζητῶν.
1656 2306 1713 2333 Καὶ
1735 2307 1814 2334 τοῦτο

1016 2350 1085 2382 τέως
1098 2350 1196 2386 ἄδηλον
1216 2349 1251 2387 ἦν
1270 2352 1346 2387 αὐτῴ
1361 2361 1391 2379 τε
1407 2353 1446 2388 τῷ
1466 2352 1578 2389 Μιχαὴλ
1595 2352 1644 2380 καὶ
1659 2354 1715 2385 τοῖς
1730 2353 1814 2380 ὑπεν-

1017 2397 1129 2430 αντίοις·
1145 2399 1232 2434 μήπω
1248 2400 1302 2435 γάρ
1321 2408 1394 2430 τινος
1411 2400 1566 2434 γεγονότος,
1583 2397 1627 2426 οἷα
1645 2400 1718 2434 φιλεῖ
1741 2399 1814 2426 κατὰ

1017 2444 1148 2480 πόλεμον,
1167 2445 1309 2482 μηδετέρῳ
1328 2446 1593 2482 ἁνδραγαθήματος,
1614 2446 1671 2472 ἀλλ’
1689 2446 1728 2473 ἑτι
1752 2445 1814 2473 κατ’

1018 2489 1105 2524 ἀρχὰς
1119 2489 1203 2525 οὔσης
1215 2491 1265 2525 τῆς
1280 2491 1371 2527 μάχης
1387 2492 1436 2518 καὶ
1452 2490 1552 2526 μικροῦ
1566 2491 1607 2517 ὅτι
1620 2490 1667 2516 καὶ
1680 2490 1814 2525 συνερῥά-

1017 2543 1107 2570 γησαν
1131 2536 1284 2571 ἀγνώστου,
1313 2538 1405 2569 αὐτοῖς
1433 2546 1462 2564 τε
1477 2538 1547 2568 -τοῖς
1571 2536 1740 2571 Βουλγάροις
1766 2536 1813 2563 καὶ

1018 2582 1103 2609 πᾶσιν
1118 2583 1206 2619 ἐφάνη
1220 2584 1320 2620 τρόπος
1336 2581 1408 2610 εἶναι
1421 2584 1452 2610 τὸ
1469 2584 1599 2618 πρᾶγμα.
1612 2582 1649 2614 ὡς
1668 2582 1813 2616 μέλλουσιν

1018 2630 1119 2661 αὐτοὺς
1135 2630 1254 2666 διασπᾷν
1271 2631 1319 2657 καὶ
1334 2630 1412 2662 αὖθις
1430 2630 1459 2663 ἐξ
1473 2629 1648 2664 ὑποστροφῆς
1660 2627 1813 2674 καταπολε-

1021 2674 1091 2707 μείν.
1113 2674 1158 2706 Ὧς
1169 2675 1198 2701 δὲ
1218 2675 1369 2710 ἀμφότεροι
1387 2675 1418 2701 οὐ
1436 2674 1507 2702 κατὰ
1530 2674 1629 2709 τρόπον
1650 2674 1708 2701 ἀλλ’
1725 2673 1813 2710 ἀληθῆ

1020 2720 1052 2755 δὴ
1070 2718 1191 2752 ἔγνωσαν
1206 2717 1277 2746 εῖναι
1294 2720 1343 2754 τὴν
1361 2719 1462 2755 φυγὴν,
1482 2719 1544 2746 τότε
1562 2720 1766 2755 προσπεσόντες
1788 2719 1813 2744 oi

1021 2767 1071 2802 μὲν
1086 2767 1202 2793 ἐναντίοι
1219 2767 1298 2801 φόνον
1319 2767 1402 2792 πολὺν
1418 2765 1609 2801 ἐνειργάζοντο
1627 2766 1683 2793 τῶν
1698 2766 1811 2801 φευγόν-

1017 2826 1071 2845 των
1091 2814 1241 2848 νεανικῶς,
1257 2814 1271 2840 ό
1289 2813 1319 2840 δέ
1331 2812 1440 2849 Μιχαὴλ
1464 2813 1560 2842 ἑαυτὸν
1576 2813 1675 2846 σώζειν
1691 2812 1748 2840 ἀλλ’
1763 2814 1813 2841 οὐκ

817 2865 935 2894 νΛΒΙΛΕ
951 2862 1156 2894 LEC'l'lONES.

210 2918 233 2935 “
246 2918 293 2954 τὴν
309 2926 363 2947 0m.
377 2917 407 2946 Ρ.

461 2917 482 2933 ¹⁶
495 2916 628 2952 βασιλέως
643 2915 662 2943 Ρ
678 2936 683 2942 .
703 2916 735 2944 cf.
760 2925 785 2952 ι).
803 2915 851 2944 109
868 2916 894 2944 d.
937 2916 956 2931 "
976 2914 1051 2951 αὐτῷ
1065 2915 1076 2940 ’ἱ
1116 2913 1136 2929 ¹⁵
1149 2911 1249 2947 ἑαυτὴν
1264 2910 1356 2946 vulgo.
