2011 3156
195 159 232 191 29
784 162 857 192 LIB-
875 161 899 192 Ι.
914 174 948 179 -
956 162 979 192 L

1048 161 1263 193 ARMENIUS.
1799 164 1834 196 30

195 208 370 240 ἀντιπίπτειν
389 213 448 247 μετ’
471 213 568 247 ὀλίγων
591 213 628 240 ὢν
645 213 812 249 διεπείραζε.
838 214 893 241 Καὶ
918 214 980 241 οὖτα

1040 214 1105 242 belli
1126 219 1186 242 arte
1209 214 1280 248 ﬁeri,
1311 214 1358 242 sed
1391 222 1484 242 veram
1514 215 1700 244 Romanarum
1728 217 1832 254 fugam,

195 260 246 295 μὲν
260 258 366 294 ταύτην
377 259 502 294 γενέσθαι
514 260 563 295 τὴν
577 260 668 295 μάχην
677 261 749 292 τινὲς
763 261 829 297 ἡμῖν
842 261 989 296 ἐγγράφως

194 305 434 339 παραδεδώκασιν·
459 305 513 331 εἰσὶ
528 305 550 331 δ’
570 305 594 331 οἳ
610 307 658 331 καὶ
673 306 722 341 τὰς
738 306 869 342 δυνάμεις
887 306 988 342 μᾶλλον

191 350 232 385 τῷ
249 350 346 376 Λέοντι
374 350 477 376 διδόασι
501 350 632 377 διασῶσαι
649 351 697 377 καὶ
719 352 861 386 καρτερῶς
876 352 987 386 “ἀγωνί-

193 396 295 423 σισθαι
307 417 314 429 ,
330 396 384 422 τῶν
398 396 547 431 βασιλικῶν
561 397 715 432 ταγμάτων·
727 397 987 433 ἐθελοκακησάντων

192 442 241 469 καὶ
257 443 308 477 τὴν
330 442 435 470 οἰκείαν
458 443 670 478 προδεδωκότων
694 444 860 479 παράταξιν,
882 445 940 472 ἀλλ’
955 445 986 472 οὺ

191 489 240 516 τοῦ
263 488 336 516 κατὰ
353 489 400 515 τὸν
426 488 532 516 Λέοντα
558 489 669 525 μέρους.
696 490 769 524 Πλὴν
788 490 988 526 καθυπερτερεί

192 539 244 572 μὲν
255 537 290 564 τὰ
303 537 469 572 Βουλγάρων
482 537 678 570 δυσελπίστως,
690 538 723 565 τὰ
734 538 762 565 δὲ
773 538 827 565 τῶν
844 539 987 575 Ῥωμαίων

189 584 261 619 ἥττῃ
286 583 456 619 συνεχόμενα
480 583 579 619 βαρείᾳ
604 585 652 610 καὶ
675 584 778 620 φοΰερᾷ
803 586 848 612 τὸν
875 585 987 622 βασιλέα

189 630 317 665 ἔπεμπον
337 630 500 663 ἀγωνιῶντα
515 631 579 666 περὶ
597 631 698 666 ψυχῆς.
722 631 793 658 Ἀλλ’
809 633 912 665 ἐκεῖνος
937 634 987 668 μὲν

189 675 260 709 πρὸς
273 675 323 707 τὰς
337 674 492 710 βασιλείους
504 676 588 708 αὐλὰς
599 677 809 713 παρεπέμπετο,
823 679 870 705 τὸν
883 679 987 707 Λέοντα

189 719 246 748 οἶόν
257 730 320 749 τινα
334 721 468 758 πρόϐολον
483 722 642 750 καταλιπὼν
655 724 755 756 ἔξωθεν
767 725 925 761 ἐφεδρεύειν
940 725 986 753 τοῦ

190 768 229 802 μή
244 776 306 794 τινα
330 768 459 802 γενέσθαι
474 768 693 804 λαφυραγωγίαν
710 771 822 798 πλείονα
837 772 912 807 παρὰ
924 772 986 806 ςτῶν

188 813 308 848 ἐχθρῶν.
343 813 373 840 ’0
396 814 425 840 δὲ
450 815 548 851 καιροῦ
577 816 727 852 λαϐόμενος
758 817 912 852 ἐπιτηδείου
941 817 986 845 τὸν

190 858 363 894 στρατιώτην
383 860 462 895 ὄχλον
485 861 597 896 ὴρέθιζέ
625 870 655 889 τι
678 863 725 889 καὶ
751 863 900 898 βλάσφημα
926 872 985 890 τινα

189 906 297 940 ῥιπτεῖν
320 907 392 933 κατὰ
414 906 462 933 τοῦ
488 907 621 942 βασιλέως
644 909 794 944 ἠνάγκαζε,
815 909 863 936 καὶ
885 909 927 944 μὴ
948 909 986 935 ἂν

191 952 319 987 ἔλαφον,
337 952 436 980 ἐκεῖνο
451 953 489 987 δὴ
504 953 557 981 τοῦ
571 954 679 988 μύθου,
695 954 833 989 ἡγεῖσθαι
852 956 986 982 λεόντων

189 999 288 1026 καλὸν
316 999 409 1034 ἔλεγεν
438 1001 533 1034 εἶναι,
560 1000 619 1034 τὴν
640 1001 743 1036 φυγὴν
760 1001 986 1036 Ῑάσπασάμενον

188 1045 250 1072 νῦν
264 1046 313 1072 καὶ
332 1046 406 1080 πρὸς
426 1047 498 1079 τοὺς
515 1047 651 1080 κόλπους
663 1048 799 1083 φυγόντα
813 1047 869 1082 τῆς
882 1057 985 1083 γυναι-

185 1091 251 1124 κὸς,
268 1092 321 1119 τὸν
335 1092 446 1120 ἑαυτοῦ
464 1092 543 1128 ἡμᾶς
566 1094 786 1122 καταλιπόντα
808 1095 887 1122 ,λαὸν
911 1103 985 1128 παρ-

187 1137 335 1172 ανάλωμα
363 1138 425 1165 τῶν
448 1139 574 1174 ἐχθρῶν.
599 1138 683 1166 Οὕπω
709 1140 798 1175 πέρας
826 1140 894 1175 πρὸς
919 1140 984 1171 τοὺς

188 1182 229 1218 [Ρ.
245 1183 286 1219 ll]
304 1184 454 1216 κοινωνοὺς
467 1184 522 1210 τῶν
539 1185 627 1220 λόγων
643 1185 658 1211 ὁ
671 1185 750 1222 λόγος
767 1184 915 1220 ἐλάμϐανε,
933 1186 981 1212 καὶ

187 1229 226 1259 εἰς
239 1229 321 1263 ἔργον
338 1227 373 1265 ἦν
388 1230 484 1258 τοῦτον
499 1231 659 1259 ἀπεκὸάντα
681 1231 756 1265 ἰδεῖν,
773 1234 807 1268 τῇ
830 1233 884 1259 τῶν
903 1232 983 1259 κολά-

185 1282 240 1300 κων
265 1276 482 1310 κατασπαρὲντα
509 1277 654 1312 στωμυλίᾳ
680 1278 727 1304 καὶ
750 1278 901 1313 συνδρομῇ.
928 1278 982 1305 Καὶ

182 1320 259 1352 τέλος
283 1321 438 1357 ἀνάρῤησις
461 1322 595 1357 αὐθωρδν,
621 1323 668 1349 καὶ
693 1323 739 1349 τὶν
768 1323 848 1349 αὑτὸν
874 1322 930 1359 εἶχε
954 1323 983 1350 τὸ

184 1366 353 1401 βραχύτατον
369 1368 464 1403 μόριον
480 1370 529 1404 τῆς
545 1369 654 1405 ἡμέρας
666 1369 776 1405 ἰδιώτην
789 1369 848 1405 ἅμα
863 1369 911 1396 καὶ
927 1369 976 1396 αύ-

181 1421 352 1449 τοκρατορα.

1040 261 1114 296 quod
1142 262 1177 288 ita
1200 260 1341 296 agebatur,
1369 269 1434 289 esse
1461 262 1613 295 advertere,
1638 263 1730 290 bostes
1755 272 1834 292 verso

1041 307 1142 341 impetu
1166 306 1330 342 fugientium
1356 311 1477 342 stragem
1496 309 1609 336 multam
1634 309 1745 337 dedere.
1774 310 1834 344 Ipse

1039 354 1155 381 Michael
1173 353 1291 381 salutem
1314 354 1454 388 expedire,
1480 362 1535 382 non
1567 363 1629 382 cum
1658 355 1753 390 paucis
1779 357 1833 384 sibi

1039 399 1144 428 relictis
1166 400 1295 428 lwstibus
1323 405 1440 428 canatur
1463 401 1608 429 obsistere.
1638 401 1737 436 Sicque
1764 403 1834 429 adeo

1039 450 1189 480 pugnatum
1208 446 1332 481 suntqui
1347 446 1501 474 litterarum
1521 448 1709 475 monumentis
1734 448 1767 475 ad
1783 455 1834 476 nos

1039 492 1255 519 transmiserint.
1268 491 1327 519 Non
1344 493 1444 519 desunt
1458 496 1549 519 tamen
1566 493 1611 526 qui
1631 493 1716 521 Leoni
1739 495 1833 529 potius

1039 537 1160 565 tribuant
1182 538 1277 573 copias
1294 545 1477 566 conservasse
1495 546 1526 565 ac
1553 543 1668 566 strenue
1686 547 1833 575 pugnasse,

1039 591 1101 610 cum
1121 583 1201 610 aulici
1217 590 1249 610 ac
1263 583 1393 618 palatinas
1410 584 1538 611 cohortes
1555 585 1662 618 ignavia
1688 585 1741 612 acti
1761 586 1834 613 ultro

1038 628 1130 663 fugam
1155 629 1295 662 iniissent,
1312 633 1395 664 atque
1427 630 1513 657 aeient
1531 638 1609 657 suam
1636 631 1832 666 prodidissent,

1037 683 1092 702 non
1106 683 1168 710 quae
1184 683 1216 703 ex
1234 675 1334 703 Leonis
1348 676 1473 711 partibus
1486 683 1588 704 essent.
1609 677 1756 705 Enimvero
1772 677 1834 706 Bul-

1038 723 1095 757 gari
1107 721 1261 757 inopinato,
1273 729 1305 749 ac
1314 729 1376 749 cum
1389 722 1457 749 nihil
1468 721 1602 756 ejusmodi
1616 729 1831 757 exspectaretur,

1038 767 1194 802 superiores
1222 768 1343 794 evadunt
1373 775 1380 795 :
1416 768 1491 803 gravi
1518 774 1609 796 autem
1638 770 1832 804 trrmendaque

1038 814 1115 841 clade
1132 813 1217 844 attriti
1230 813 1347 841 Romani
1361 814 1555 849 imperatorem
1571 815 1622 850 ιϐ
1634 815 1666 842 de
1680 816 1768 842 salute
1781 823 1831 845 sua

1037 860 1148 887 anxium
1162 868 1177 887 e
1192 860 1283 895 prtulio
1297 860 1445 887 reducunt.
1462 859 1560 888 Verum
1577 861 1600 887 is
1615 861 1723 895 quidem
1739 862 1830 889 aulam

1037 907 1143 941 repetit,
1163 913 1195 934 ac
1220 913 1270 933 ceu
1292 906 1429 941 quoddam
1453 906 1685 941 propugnaculum
1712 907 1831 936 Leonetn

1037 953 1103 980 foris
1131 953 1323 984 excubantem,
1349 959 1382 980 ne
1404 960 1488 988 quam
1517 953 1609 980 hostes
1626 955 1694 981 ultra
1711 955 1830 989 praedam

1037 999 1147 1035 abigant
1162 1007 1193 1027 ac
1215 999 1329 1027 liberius
1347 1007 1428 1035 agros
1450 999 1624 1035 populentnr,
1643 1001 1782 1036 relinquit.
1798 1002 1832 1029 At

1035 1046 1090 1074 Leo
1105 1046 1280 1074 commodum
1290 1050 1387 1074 nactus
1397 1052 1506 1080 tempus
1516 1046 1648 1074 militares
1663 1047 1752 1075 irritat
1760 1048 1829 1080 alas,

1036 1096 1063 1120 et
1083 1091 1228 1119 maledicta
1254 1091 1378 1126 quatdam
1400 1091 1427 1118 in
1446 1091 1638 1126 imperatorem
1662 1092 1768 1128 jactare
1782 1101 1830 1121 eos

1034 1138 1116 1172 cogit;
1132 1136 1213 1164 Haud
1223 1145 1235 1164 e
1252 1146 1289 1171 re,
1309 1137 1411 1170 aiebat.
1424 1143 1453 1164 ut
1467 1138 1536 1172 quod
1553 1138 1647 1173 fabula
1662 1143 1711 1171 est,
1725 1138 1830 1166 leonum

1033 1191 1125 1218 agmen
1142 1191 1231 1210 cervus
1244 1183 1342 1216 ducat;
1358 1184 1404 1218 qui
1420 1184 1539 1211 videlicet
1554 1185 1632 1212 modo
1645 1191 1749 1227 arrepta
1765 1186 1830 1221 fuga

1034 1231 1059 1256 in
1071 1230 1163 1256 uxoris
1177 1230 1266 1256 sinum
1281 1230 1450 1262 concesserit,
1469 1231 1543 1257 nobis
1565 1231 1593 1257 in
1606 1233 1702 1259 castris
1718 1233 1829 1267 relictis,

1034 1284 1098 1309 quos
1114 1275 1201 1302 hostes
1217 1275 1342 1302 vastitate
1367 1281 1536 1303 consumant.
1565 1275 1682 1304 Vixdum
1711 1277 1738 1305 in
1765 1286 1829 1305 rum

1035 1321 1146 1348 uitulum
1164 1320 1254 1348 socios
1275 1320 1372 1348 aﬂ‘atus
1389 1325 1575 1355 peroraverat,
1592 1330 1654 1349 cum
1670 1330 1713 1350 res
1730 1329 1828 1351 eventu

1035 1367 1166 1400 Succedit,
1192 1367 1296 1403 sparsis
1319 1367 1352 1394 .in
1380 1375 1488 1394 omnem
1511 1373 1662 1396 castrorum
1696 1370 1827 1397 ambitum

1033 1414 1150 1449 garrulis
1166 1418 1368 1441 assentatorum
1389 1413 1503 1441 vocibus
1526 1422 1558 1441 ac
1583 1422 1732 1447 concursu,
1758 1424 1828 1451 quos

181 1461 228 1488 ille
242 1461 367 1495 ejusdem
389 1461 447 1489 fere
471 1463 575 1490 tenoris
593 1470 733 1491 sermones
758 1463 901 1490 habuerat.
928 1462 1069 1490 Postremo
1085 1464 1208 1487 actutum
1238 1464 1332 1488 secuta
1361 1461 1531 1494 acclamatio,
1567 1461 1746 1497 ejusdemque
1773 1462 1828 1490 diei

180 1515 246 1542 pars
259 1509 446 1536 motlieissima
461 1510 588 1538 eumdem
605 1510 742 1545 privatum
758 1510 841 1538 simul
856 1515 884 1537 et
900 1509 1095 1550 imperatorem
1117 1507 1236 1541 aspexit.

218 1555 252 1588 ζ’.
270 1557 350 1591 Ἀρτι
362 1556 430 1590 γοῦν
442 1557 626 1593 ἀνηγορεύετο
640 1557 718 1593 παρὰ
726 1557 774 1584 τοῦ
790 1557 921 1593 στρατοῦ,
933 1557 981 1584 καὶ

180 1602 260 1637 φόϐοι
279 1602 374 1629 τοῦτον
399 1603 446 1630 καὶ
464 1602 511 1637 δέη
535 1598 678 1639 ύῴεῖρπον,
700 1604 755 1630 εἴτε
779 1603 881 1639 σκηνὴν
896 1603 980 1635 ὅντως

180 1649 411 1683 ὑποκρινόμενον,
425 1649 458 1675 ἵν³
471 1649 620 1682 ἀπολογίαν
637 1650 714 1685 σχοίη
729 1651 769 1681 εἰς
784 1649 910 1685 ὕστερον,
922 1649 978 1677 εἴτε

1073 1555 1099 1582 7.
1127 1554 1246 1582 Vixdum
1274 1555 1423 1591 imperator
1455 1556 1490 1583 ab
1513 1557 1633 1589 exercitu
1660 1557 1827 1585 acelamalus

1031 1606 1101 1634 erat,
1126 1608 1188 1628 Cum
1207 1602 1245 1628 illi
1260 1607 1349 1629 metus
1362 1610 1394 1629 ac
1409 1609 1525 1636 pavores
1547 1603 1691 1638 obrepunt,
1715 1604 1773 1631 sive
1799 1611 1828 1630 re

1029 1648 1090 1682 ipsa
1117 1655 1201 1675 scena
1221 1647 1279 1675 haec
1301 1656 1333 1675 ac
1349 1648 1489 1676 simulatio
1515 1653 1605 1682 erant,
1625 1650 1718 1685 quoin
1736 1655 1828 1685 poste-

179 1695 228 1721 καὶ
241 1695 358 1731 ἀληθείᾳ
375 1696 410 1722 τὰ
433 1696 494 1726 ταῖς
510 1695 691 1730 τηλικαύταις
708 1696 841 1731 πράξεσιν
863 1697 977 1723 ἀκολου-

1033 1701 1093 1720 rum
1122 1693 1230 1721 facinus
1260 1701 1392 1720 excusare
1407 1698 1511 1728 posset,
1543 1695 1600 1722 sive
1631 1702 1696 1722 vere
1723 1699 1827 1730 quanta

179 1741 424 1768 οοῦνταᾶντῖπαλα
436 1741 669 1775 διαλογιζόμενον.
680 1742 742 1768 ἐπεὶ
755 1742 803 1768 καὶ
816 1743 872 1774 τοῖς
885 1742 978 1777 ἀρπά-

180 1796 228 1814 σαι
242 1787 279 1814 τὰ
294 1787 426 1822 ἀλλότρια
443 1787 680 1822 προθυμουμένοις
697 1788 891 1823 μαλακώτεραι
909 1788 978 1823 πρὸς

177 1834 214 1860 τὰ
226 1833 303 1860 δεινὰ
318 1833 416 1869 τόλμαι
441 1834 548 1868 φιλοῦσι
566 1835 709 1868 γίνεσθαι,
727 1835 775 1861 καὶ
792 1834 821 1861 τὸ
836 1835 976 1870 μέγιστον,

179 1880 255 1912 ὅπως
276 1880 332 1907 τῶν
349 1880 493 1915 βασιλείων
513 1882 637 1915 μετάσχῃ
659 1881 760 1915 αὐλῶν,
785 1881 930 1916 Θυρτιυλῶν
945 1890 976 1909 τε

183 1975 229 2001 καὶ
244 1975 328 2005 αὐτὸς
342 1974 513 2009 ἐνσκηνῶσαι
526 1975 583 2005 τοῖς
601 1973 759 2008 βασιλείοις,
773 1974 820 2000 καὶ
835 1973 880 2000 διὰ.
897 1974 976 2000 τοῦτο

180 2020 290 2056 πνεῦμα
309 2022 494 2056 πονηρότατον
515 2021 652 2056 διεγεῖραν
667 2020 778 2056 Μιχαὴλ
791 2020 836 2048 τὸν
853 2020 976 2056 Τραυλὺν

178 2068 293 2103 καιρίαν
309 2068 333 2094 οἱ
361 2067 523 2095 καθικέσθαι
545 2067 692 2102 διηπείλει,
711 2067 735 2092 εἰ
758 2067 795 2101 μὴ
823 2066 871 2102 τὴν
889 2067 974 2102 ἀνάῤ-

178 2117 260 2151 ρησιν
284 2115 413 2150 ἀσμένως
436 2114 622 2150 προσδέξοιτοι
649 2115 689 2146 ὡς
711 2115 786 2148 αὐτῷ
808 2122 840 2149 γε
866 2114 975 2140 πάντων

178 2162 312 2197 μελήσειν
324 2162 379 2188 τῶν
395 2162 582 2197 νομιζομένων
600 2161 752 2196 δυσχερῶν,
769 2161 816 2187 καὶ
834 2160 921 2194 αὐτῆς
942 2168 974 2194 γε

176 2206 282 2241 ταύτης
295 2207 346 2242 τῆς
362 2207 430 2242 πρὸς
452 2207 487 2234 τὰ
505 2207 635 2242 ,βασίλεια
657 2206 788 2241 ἀφίξεως.
819 2205 853 2233 Ὃ
872 2206 905 2240 δὴ
927 2207 976 2234 καὶ

177 2254 302 2288 γέγονεν.

214 2347 250 2379 η’.
273 2344 317 2375 Ὠς
333 2343 362 2370 δέ
380 2352 422 2375 τις
443 2344 514 2378 ἀνὴρ
532 2343 541 2378 (_
559 2344 687 2386 'iwivvq;
704 2340 781 2374 οὗτος
800 2343 814 2371 ὰ
835 2341 906 2369 κατὰ
927 2342 973 2369 τὸν

1030 1739 1187 1767 istiusmodi
1214 1739 1403 1767 molitionibns
1424 1740 1539 1768 molesta
1561 1736 1706 1773 obsistaut,
1731 1749 1824 1769 secum

1029 1787 1122 1813 animo
1146 1785 1291 1820 reputabat
1311 1795 1317 1814 :
1335 1794 1396 1813 nam
1418 1790 1444 1814 et
1467 1787 1568 1822 quibus
1587 1788 1766 1814 constitutum
1790 1787 1826 1814 sit

1029 1829 1116 1858 aliena
1137 1839 1243 1866 rapere,
1264 1831 1306 1858 his
1328 1832 1361 1858 ad
1379 1832 1449 1859 mala
1471 1833 1637 1867 designanda
1665 1832 1826 1867 plerumque

1028 1878 1112 1904 animi
1127 1878 1215 1905 solent
1232 1878 1401 1906 mollescere.
1426 1880 1538 1914 Hocque
1555 1880 1708 1906 maximum
1723 1880 1827 1914 cogita_

1028 1924 1084 1956 bat,
1097 1931 1151 1958 qua
1163 1924 1272 1951 tandem
1285 1925 1393 1952 ratione
1406 1926 1432 1951 in
1445 1926 1543 1952 castris
1556 1926 1666 1953 stativis
1681 1933 1712 1952 ac
1729 1929 1825 1960 procul

1028 1977 1112 2004 agens
1128 1971 1197 1997 aula:
1213 1978 1325 2005 compos
1349 1971 1488 1998 evaderet.
1506 1971 1625 1998 Omnino
1645 1976 1736 1998 tamen
1751 1971 1825 1999 iuta:

1027 2024 1087 2043 rum
1103 2021 1163 2043 erat
1176 2022 1205 2044 ut
1217 2021 1244 2044 et
1259 2017 1321 2043 aula
1333 2017 1470 2051 potiretur
1494 2022 1521 2044 et
1544 2018 1570 2044 in
1585 2018 1656 2051 regia
1676 2017 1823 2045 habitaret.

1027 2063 1131 2091 Idcirco
1147 2065 1229 2091 etiam
1253 2065 1304 2100 17
1319 2064 1433 2099 spiritus
1459 2072 1575 2099 nequam
1596 2065 1689 2093 aillatu
1707 2063 1824 2102 Michael

1026 2110 1127 2138 Balbus
1138 2111 1237 2138 lethale
1251 2119 1280 2139 se
1293 2112 1317 2138 ei
1330 2111 1427 2138 vulnus
1445 2111 1611 2139 inllicturum
1631 2112 1831 2146 eomminatur,_

1027 2157 1077 2184 nisi
1089 2158 1204 2184 militum
1214 2157 1439 2185 acclamationem
1449 2165 1583 2193 suamque
1593 2158 1823 2193 nuncupationem

1026 2205 1131 2240 placide
1147 2205 1292 2233 admittat:
1310 2206 1367 2233 fore
1381 2207 1511 2234 nimirum
1529 2206 1580 2233 sibi
1597 2214 1670 2234 curae
1693 2214 1825 2241 quascun-

1024 2258 1078 2286 que
1093 2251 1178 2278 ardua
1196 2252 1349 2283 videantur.
1372 2259 1405 2279 ac
1419 2253 1510 2286 ipsum
1525 2259 1588 2279 cum
1603 2252 1701 2287 primis
1726 2252 1754 2280 in
1774 2260 1820 2280 re-

1024 2297 1095 2332 giam
1115 2304 1269 2324 accessum.
1289 2297 1369 2330 Quod
1383 2298 1419 2325 ita
1438 2297 1539 2324 factum
1552 2303 1604 2324 est.

1060 2343 1086 2370 8.
1099 2341 1150 2369 Ubi
1164 2347 1254 2369 autem
1264 2341 1386 2370 Joannes
1396 2343 1505 2376 quidam
1514 2342 1692 2374 llexabulius,
1701 2343 1744 2370 cui
1756 2350 1825 2371 mce-

181 2390 380 2424 Ἐξαὸούλιον)
400 2390 450 2425 τὴν
467 2389 521 2416 τῶν
538 2389 636 2425 τειχῶν
654 2389 817 2425 ἐπιμέλειαν
840 2390 886 2416 καὶ
908 2389 975 2424 πρό-

1033 2389 1103 2415 uium
1119 2396 1185 2415 cura
1200 2389 1300 2416 credita
1312 2393 1378 2422 erat,
1398 2389 1449 2415 sub
1461 2389 1549 2423 ipsum
1569 2396 1631 2415 mox
1650 2389 1827 2422 imperatoris

174 2444 254 2462 νοιαν
271 2435 433 2470 ποιούμενος
456 2435 555 2470 ᾔσθετο
570 2435 615 2461 τὸν
632 2435 734 2462 Λέοντα
751 2433 845 2461 τοῦτον
862 2433 977 2461 καταλε-

173 2481 324 2516 λειμμένον
346 2482 413 2516 πρὸς
426 2481 551 2516 φυλακὴν
570 2480 628 2515 ἅμα
651 2482 684 2516 τῇ
700 2480 747 2507 τοῦ
765 2480 900 2516 βασιλέως
918 2481 976 2507 εἰσ-

173 2528 230 2562 όδῳ
263 2518 378 2563 (δεινος
418 2527 446 2554 δὲ
475 2527 529 2562 ἄρα
557 2526 653 2562 ἀνδρὸς
685 2527 765 2561 φύσιν
794 2527 977 2562 στοχάσασθαι

173 2573 346 2610 πόρρωθεν),
362 2574 413 2601 οὐκ
429 2575 459 2600 ἐν
476 2573 550 2609 καλῷ
567 2574 616 2608 τὴν
628 2573 733 2600 ἐκείνου
749 2573 833 2608 ἔφησε
848 2574 975 2607 γενέσθαι

173 2620 348 2654 προστασίαν
360 2619 413 2646 τῶν
428 2619 651 2655 στρατευμάτων·
663 2619 724 2646 ὅθεν
736 2620 889 2653 σύμϐουλος
901 2621 974 2654 γίνε-

171 2674 221 2691 ται
237 2664 275 2700 τῷ
289 2665 394 2700 βασιλεῖ
407 2665 603 2700 διανοήσασθαί
617 2675 642 2692 τι
659 2666 706 2693 καὶ
722 2666 767 2692 τὸν
779 2666 863 2702 ἄνδρα
888 2675 974 2702 μετα-

171 2710 277 2745 στῆσαι
302 2711 404 2743 καλῶς,
421 2712 494 2747 Πλὴν
517 2712 570 2739 ἔδει
591 2712 636 2740 τὸν
652 2713 721 2744 τέως
743 2713 781 2749 τῷ
792 2713 886 2749 κωδίῳ
901 2714 972 2749 θῆρα

171 2757 367 2793 κρυπτόμενον
382 2758 607 2794 ἀνακαλυφοῆναί
621 2767 686 2786 ποτε
703 2759 750 2786 καὶ
770 2760 970 2796 δοκιμασθῆναι

170 2802 210 2834 ὡς
226 2803 257 2828 ἐν
273 2802 361 2837 χοὰνῳ
376 2804 476 2842 χρυσὸν
492 2804 554 2835 τοὺς
576 2802 621 2830 τοῦ
640 2803 707 2830 Θεοῦ
725 2805 888 2836 ἐκλεκτούς·
905 2813 971 2839 συγ-

170 2849 308 2883 χωρεῖται
329 2848 358 2875 δὲ
373 2850 452 2876 τοῦτο
467 2850 597 2882 πολλάκις
617 2850 688 2877 κατά
712 2860 773 2877 τινα
799 2851 845 2878 τοῦ
871 2852 968 2887 χρόνου

171 2893 310 2929 κυκλικὴν
322 2894 446 2929 περίοδον
457 2895 590 2930 γίνεσθαι,
607 2896 636 2928 ἐξ
650 2897 797 2932 αἰτήσεως,
813 2896 900 2934 οἶμαι,
913 2898 971 2924 δαί.

1029 2434 1056 2460 in
1081 2433 1178 2461 urbem
1207 2434 1374 2469 ingressum,
1398 2433 1518 2461 Leonem
1544 2434 1672 2469 cognovit
1694 2434 1826 2461 Romanu:

1028 2479 1142 2506 ditionis
1160 2487 1193 2507 ac
1217 2480 1326 2507 tuendis
1341 2480 1413 2515 agris
1430 2480 1559 2514 praesidio
1575 2480 1700 2506 relictum
1718 2479 1787 2515 (erat
1801 2479 1825 2508 is

1027 2526 1070 2553 vir
1097 2526 1153 2553 acri
1179 2526 1289 2560 ingenio
1303 2546 1310 2558 ,
1331 2534 1362 2554 ac
1382 2527 1428 2563 qui
1450 2527 1568 2554 hominis
1590 2526 1685 2560 procul
1706 2527 1826 2554 indolem
1869 2542 1871 2547 ι

1027 2573 1215 2608 conjecturct),
1232 2574 1304 2600 baud
1320 2574 1408 2601 l'auste
1424 2581 1564 2600 cessurum
1581 2574 1620 2600 ait
1638 2574 1710 2609 quod
1726 2574 1748 2601 is
1761 2582 1827 2601 cum

1027 2619 1142 2654 imperio
1150 2619 1282 2646 exercitui
1293 2620 1435 2654 prtefectus
1445 2625 1527 2647 esset.
1536 2619 1718 2653 Quamobrem
1730 2625 1825 2646 auctor

1026 2669 1067 2692 est
1082 2670 1110 2692 ut
1122 2673 1214 2692 secum
1229 2665 1332 2701 aliquid
1352 2671 1526 2693 commentus
1541 2667 1692 2701 imperator
1709 2666 1828 2694 honesto

1025 2712 1143 2746 quodam
1165 2713 1258 2740 colore
1285 2712 1374 2741 virum
1395 2713 1557 2747 magistratu
1582 2717 1700 2739 moveat.
1722 2711 1823 2739 Verum

1024 2765 1137 2785 necesse
1152 2764 1211 2785 erat
1230 2763 1259 2785 ut
1277 2767 1337 2794 quae
1354 2759 1487 2787 hactenus
1506 2759 1586 2786 Orina
1607 2759 1674 2795 pelle
1697 2763 1825 2786 contecta

1022 2805 1150 2838 latuerat,
1173 2805 1313 2840 ingenium
1340 2806 1397 2834 fera
1420 2806 1554 2840 proderet,
1570 2810 1597 2833 et
1619 2810 1649 2832 ut
1669 2806 1748 2833 electi
1776 2805 1822 2833 De:

1024 2852 1207 2887 probarentur
1221 2853 1291 2880 haud
1307 2861 1385 2881 secus
1401 2861 1432 2880 ac
1447 2853 1556 2880 llztmma
1570 2861 1668 2880 aurum
1684 2853 1710 2879 iu
1725 2851 1822 2880 confli-

1026 2899 1113 2926 t-torio
1135 2904 1243 2934 purgat.
1265 2899 1336 2927 Sinit
1352 2904 1444 2927 autem
1464 2899 1490 2926 id
1506 2907 1561 2927 non
1579 2907 1652 2932 raro,
1668 2906 1715 2933 per
1729 2905 1825 2925 recur-
