2011 3156
167 172 200 205 3!
736 175 993 208 THEOPHANES
1007 175 1292 212 CONTINUATUS.
1780 177 1816 209 32

166 229 286 258 rentiutn
301 235 452 266 temporum
466 232 612 266 quamdam
628 232 780 267 periodum,
793 234 828 261 ita
841 234 962 265 evenire.

1017 234 1150 269 μονικῆς,
1173 233 1300 268 καθάπερ
1328 232 1374 259 ἐπὶ
1400 232 1476 265 Ἰὼϐ,
1500 232 1541 265 είς
1565 232 1667 267 γνῶσιν
1692 232 1742 268 μὶν
1768 230 1814 260 καὶ

166 277 302 309 ιιιιεηιοηε,
329 281 405 311 puto,
431 277 491 312 ejus
509 278 561 306 sibi
586 279 694 314 copiam
711 278 859 314 ﬂagitante,
878 279 918 307 uti
936 280 963 307 in

165 321 235 349 Jobo
248 323 371 350 noscitur
385 314 542 357 contigisse,
557 329 587 352 ut
597 325 632 360 pii
642 325 964 354 inuotescantetdiscer-

166 372 279 401 nuntur,
296 368 360 396 mali
377 377 443 397 vero
459 369 622 398 abdicentur
638 378 670 398 ac
685 370 842 406 ejiciautur.

201 415 228 442 9.
256 415 308 442 Vix
330 423 448 451 namque
472 423 628 445 sermonem
655 417 774 452 finierat,
800 426 862 446 cum
890 418 964 447 fama

165 462 320 497 praevolans
343 462 524 490 acclamatum
542 463 735 498 imperatorem
754 471 899 501 tyrannutn
915 474 964 494 an-

166 510 285 537 nuntiat.
311 509 350 537 Eo
373 518 485 538 rumore
506 511 659 546 nuntioque
677 513 791 540 attonita
815 514 913 541 civitas
931 521 963 542 ac

165 555 223 583 fere
237 561 328 584 mente
342 561 416 584 mota
428 557 472 584 vix
489 565 519 585 se
534 558 704 591 continebat,
718 558 783 586 belli
798 559 888 587 civilis
905 560 963 588 for-

166 602 279 635 midine,
291 603 370 638 cujus
385 603 457 631 mole
473 603 546 631 haud
562 611 624 632 raro
644 605 727 633 urbes
741 605 854 641 integrae
869 607 963 634 conci-

165 648 243 675 dant.
265 648 365 675 Verum
386 649 536 684 itnperator
554 650 697 685 obstupuit
720 651 831 687 quidem
856 652 960 686 animo,

165 693 238 721 baud
251 699 340 722 tamen
355 699 446 722 mente
457 695 583 723 turbatus
597 700 649 729 est,
662 697 708 724 sed
723 697 773 724 viri
788 698 842 733 18
854 703 960 726 tantum

165 739 288 774 ingratos
300 747 392 772 mores
408 740 569 774 detestatus,
580 741 632 769 leni
645 742 723 777 quasi
733 750 846 770 susurro
857 743 960 772 bonum

164 785 242 813 aiens
258 786 481 821 obsequidivinze
493 788 636 822 voluntati,
651 796 752 824 pavore
766 797 797 817 ac
807 790 960 818 turbatione

165 832 261 860 urbem
290 832 440 860 liberavit:
461 839 575 862 cunctos
594 835 719 863 hortatus
733 839 760 862 ul
783 841 900 870 tyranno
913 844 960 864 ve-

165 878 249 905 nienti
262 883 421 912 occurrant,
438 886 492 912 quo
511 879 640 907 nimirum
659 880 735 907 nullo
752 881 959 919 civiumvpollu-

165 927 220 950 tam
248 931 347 951 cruore
375 931 407 952 ac
440 925 605 952 incolumem
634 925 772 954 civitatetn
798 929 959 956 custodiret.

164 967 251 997 Porro
273 971 413 998 nonnullis
439 970 614 1000 hortantibus
637 977 667 1000 ut
684 972 746 1000 forti
763 974 856 1002 animo
881 975 962 1003 malis

164 1016 311 1044 obsisteret
323 1024 469 1052 pugnaque
475 1026 538 1045 cum
549 1022 666 1054 tyranno
675 1019 845 1051 decerneret.
855 1028 887 1048 ac
899 1029 962 1049 cum

164 1063 183 1089 ii
213 1063 307 1091 firmos
330 1071 361 1091 se
382 1072 415 1091 ac
437 1070 597 1094 constantes
618 1066 728 1095 tuendis
752 1067 963 1097 clementissimi

164 1109 270 1144 ﬁdeque
285 1111 443 1145 praestantis
458 1111 632 1146 imperatoris
657 1113 781 1148 partibus
802 1113 861 1143 fore
877 1115 964 1151 ,polli-

163 1160 301 1189 cerentur,
330 1157 397 1192 quin
420 1162 447 1185 et
467 1158 526 1193 ipsa
548 1159 623 1187 illius
648 1167 719 1188 uxor
747 1160 879 1197 Proeopia
904 1170 963 1190 rem

164 1202 304 1236 probaret,
322 1211 427 1231 necnon
442 1204 558 1232 Michael
574 1206 686 1240 quidam
701 1206 875 1242 Amalecites,
884 1209 964 1244 cujus

163 1252 223 1275 tum
240 1249 266 1276 in
283 1249 345 1276 aula
359 1252 567 1284 protostratoris
583 1259 684 1280 munus
696 1258 778 1287 esset,
795 1254 867 1282 nolle
878 1263 909 1283 se
923 1256 966 1283 ait

164 1294 310 1329 imperium
332 1295 461 1324 fraternis
481 1297 602 1326 caedibus
620 1304 804 1327 cruentatum.
822 1299 964 1334 Quamob-

164 1348 222 1368 rem
254 1342 340 1369 etiam
360 1343 468 1371 cuidam
484 1343 650 1372 famulorum
670 1346 832 1374 ﬁdelissimo
856 1348 964 1377 traditis

164 1388 355 1422 imperialibus
367 1390 533 1425 quibusdam
559 1393 730 1420 ornamentis
753 1401 786 1421 ac
809 1394 965 1430 insignibus

164 1432 283 1461 Leonem
297 1434 374 1462 adire
382 1440 465 1470 atque
479 1436 503 1463 ei
515 1436 622 1465 deferre
633 1438 732 1473 coegit.
746 1438 785 1466 Ea
796 1447 825 1467 re
839 1440 965 1476 indigna-

164 1478 283 1507 bundam
307 1481 368 1515 ejus
390 1482 536 1517 coniugem
558 1482 719 1519 Procopiam
749 1493 782 1513 ac
804 1485 966 1515 bacchantis

164 1533 234 1560 pene
250 1525 368 1553 similem
389 1527 560 1556 exclamasse
579 1529 657 1558 aiunt
674 1531 816 1566 indignum
831 1539 863 1560 ac
882 1540 966 1569 grave

1015 279 1153 315 διάκρισιν
1173 279 1229 307 τῶν
1253 278 1391 313 εὐσεϐῶν,
1418 278 1598 314 ἀλλοτρίωσιν
1620 278 1650 305 δὲ
1675 279 1723 306 καὶ
1745 279 1815 306 ἁπο-

1015 326 1125 362 ποίησιν
1139 326 1196 354 τῶν
1211 325 1318 354 κακῶν.

1050 414 1083 443 θ’.
1107 415 1192 443 οὔπω
1214 416 1268 451 γὰρ
1292 415 1381 451 πέρας
1406 415 1486 452 ἔσχον
1507 417 1532 443 ot
1552 415 1627 451 λόγοι
1640 437 1647 450 ,
1667 417 1714 444 καὶ
1734 416 1814 453 φήμη

1015 461 1168 497 προθέουτα
1183 462 1234 498 τὴν
1256 461 1304 489 τοῦ
1326 462 1461 497 τυράννου
1483 462 1603 498 ἐμήνυεν
1620 462 1812 498 ἀναγόρευσιν.

1014 507 1230 544 Προσπεσοὺσης
1243 508 1272 536 δὲ
1284 507 1400 544 ταύτης,
1415 509 1432 544 ἠ
1450 509 1501 545 μὲν
1513 509 1592 541 πόλις
1607 508 1676 545 πρὸς
1691 508 1814 537 τοιοῦτον

1014 555 1142 591 ἄγγελμα
1158 555 1258 591 μικροῦ
1271 555 1326 582 δεῖν
1340 555 1451 590 ἔκφρων
1466 555 1602 591 γενομένη
1619 556 1696 590 μόλις
1711 556 1813 592 ἑαυτὴν

1009 591 1152 637 συνεῖχεν,
1170 602 1235 634 τοὺς
1258 601 1410 637 ἐμφυλίους
1429 601 1642 638 κατορρωδοῦσα
1661 602 1811 638 πολέμους,

1012 649 1043 682 ἐξ
1060 645 1090 676 οὗ
1106 648 1237 681 πολλάκις
1252 647 1399 684 αὔτανδροι
1418 648 1513 681 πόλεις
1533 648 1794 685 κατεδαπτίσθησαν
1805 657 1812 665 ·

1012 696 1026 722 ὁ
1041 694 1064 722 δ’
1079 693 1261 730 αὐτοκράτωρ
1276 694 1417 731 ὲξεπλήγη
1437 694 1487 729 μὲν
1500 694 1551 731 τὴν
1564 694 1667 731 ψυχὴν,
1685 695 1735 722 οὐκ
1752 695 1814 722 ἑτα-

1013 741 1101 778 ρὰχθη
1116 740 1145 767 δὲ
1160 740 1210 776 τὴν
1227 740 1355 776 γνώμην,
1379 740 1423 777 [Ρ.
1440 740 1487 778 12]
1503 741 1562 768 ἀλλ⁹
1580 741 1746 777 ἀχαριστίαν
1763 741 1814 768 αὐ-

1010 788 1058 815 τοῦ
1084 787 1164 822 μόνον
1183 787 1388 821 κατεγνωκὼς,
1410 787 1504 823 ἠρέμα
1525 796 1584 819 πως
1610 787 1814 823 ὕποψιθυρίσας

1010 834 1048 866 ὡς
1065 834 1149 862 καλὸν
1161 833 1200 869 τῷ
1214 833 1279 868 θείῳ
1294 832 1429 868 θελήματι
1442 833 1571 867 ἕπεσθαι,
1591 833 1693 869 ἀφῄρει
1704 834 1753 868 τῆς
1765 835 1815 860 πό-

1010 882 1080 914 λεως
1095 882 1126 909 τὸ
1141 880 1316 917 περιθαμῦὲς
1334 880 1384 907 καὶ
1402 879 1579 916 ταραχῶδες,
1601 880 1727 913 ἅπαντας
1747 889 1814 916 προ-

1012 928 1184 964 τρεψάμενος
1195 928 1319 964 χωρῆσαι
1329 927 1424 954 τούτου
1436 928 1504 962 πρὸς
1514 927 1651 963 ἀπαντὴν,
1664 927 1708 954 ἵνα
1718 927 1815 963 μένου-

1015 983 1064 1002 σαν
1077 974 1152 1011 σώζῃ
1168 974 1218 1010 τὴν
1230 974 1329 1002 ἑαυτοῦ
1344 973 1422 1001 πόλιν
1438 973 1573 1009 ἐμφυλίου
1585 973 1702 1009 αῐματος
1712 974 1815 1010 ἅχραν·

1013 1021 1061 1048 τόν
1085 1029 1115 1048 τε
1142 1020 1191 1048 καὶ
1208 1019 1346 1057 καθαράν.
1375 1020 1520 1047 Ἵστασθαι
1538 1019 1566 1047 δέ
1585 1028 1667 1047 τινων
1691 1019 1760 1056 πρὸς
1779 1019 1815 1047 τὰ

1014 1067 1089 1094 δεινὰ
1103 1067 1151 1094 καὶ
1167 1067 1237 1103 πρὸς
1249 1066 1295 1094 τὸν
1309 1066 1355 1093 διὰ
1371 1065 1462 1102 μάχης
1477 1066 1571 1101 ἀγῶνα
1587 1065 1816 1102 παρακελευομέ-

1015 1123 1069 1142 νιυν
1089 1115 1200 1150 χωρεῖν,
1225 1113 1273 1141 καὶ
1299 1113 1391 1149 μένειν
1408 1113 1500 1140 αὐτῶν
1525 1112 1752 1148 ὑπισχνουμένων
1769 1113 1816 1148 βε-

1015 1160 1103 1187 ϐαίων
1126 1160 1197 1196 ὑπὲρ
1217 1159 1352 1195 βασιλέως
1375 1159 1465 1194 πράου
1485 1168 1516 1186 τε
1540 1159 1589 1186 καὶ
1608 1158 1723 1192 πιστοῦ,
1747 1159 1816 1186 ἀλλὰ

1015 1206 1063 1234 καὶ
1076 1206 1163 1241 αὐτῆς
1182 1205 1390 1240 ἁποδεχομένης
1402 1204 1484 1232 τοῦτο
1498 1205 1548 1240 τῆς
1568 1206 1694 1241 γαμετῆς
1708 1205 1816 1240 Προκο-

1015 1253 1081 1285 πίας
1096 1254 1146 1280 καὶ
1165 1252 1295 1288 Μανουήλ
1313 1260 1388 1284 τινος
1403 1252 1459 1278 τῶν
1477 1251 1508 1284 ὲξ
1531 1251 1724 1287 ’Δμαληκιτῶν
1739 1260 1815 1287 πρω-

1014 1299 1195 1335 τοστράτορος
1213 1298 1366 1334 τηνικαῦτα
1387 1297 1580 1334 τυγχάνοντος,
1601 1297 1651 1325 οὐκ
1672 1296 1725 1333 ἐφη
1745 1295 1813 1333 χρῄ-

1015 1346 1074 1380 ζειν
1096 1346 1146 1382 τὴν
1164 1345 1305 1381 βασιλειαν
1326 1345 1424 1381 αἵμασι
1443 1345 1463 1361 ¹¹
1488 1344 1713 1381 καταρρεομένην
1737 1343 1815 1371 ἀδελ-

1014 1391 1116 1426 φικοῐς.
1138 1391 1221 1418 Ὅθεν
1245 1390 1292 1417 καί
1315 1399 1370 1418 τινι
1394 1390 1450 1418 τῶν
1474 1390 1545 1426 πρὸς
1566 1389 1716 1426 θεραπείαν
1731 1388 1816 1417 αὑτοῦ

1014 1437 1136 1472 γνησίων
1153 1436 1308 1473 παράσημα
1323 1445 1384 1463 τινα
1404 1436 1468 1468 δοὺς
1483 1437 1533 1472 τῆς
1556 1435 1698 1470 βασιλείας
1714 1435 1813 1470 φοιτᾷν

1016 1483 1106 1509 ἐκεῖσε
1123 1482 1294 1515 ὲξεόιάσατο,
1322 1482 1380 1517 Ἐφ’
1402 1479 1444 1513 οἷς
1459 1481 1507 1509 καὶ
1527 1480 1817 1516 δεινοπαθήσασακαὶ

1015 1524 1072 1554 οἷον
1086 1526 1305 1563 ἑκϐακχευθεῑσα
1319 1528 1337 1563 ἡ
1354 1526 1451 1554 τούτου
1468 1526 1501 1563 δὴ
1516 1526 1626 1563 γαμετὴ
1640 1526 1726 1553 δεινὸν
1739 1526 1819 1560 λέγε-

165 1571 188 1598 si
202 1569 288 1598 Barca
303 1571 354 1606 (sic
371 1571 472 1601 Leonis
484 1582 598 1602 uxorem
612 1576 737 1604 convicio
755 1581 868 1613 vocans)
882 1579 962 1614 capiti

1015 1582 1061 1600 ται
1078 1574 1245 1610 ἀνακραγεῖν
1258 1594 1266 1607 ,
1284 1574 1309 1601 ει
1327 1574 1422 1610 Βάρκα
1443 1573 1528 1610 (οὕτω
1547 1573 1579 1609 δὴ
1593 1574 1623 1600 τὸ
1638 1573 1689 1600 τοῦ
1702 1572 1817 1604 Λέοντος

165 1617 316 1645 modiolum
330 1618 491 1654 imponeret.
506 1621 541 1648 At
552 1621 597 1650 ille
606 1623 789 1653 sevcrioribus
802 1625 893 1652 verbis
904 1633 964 1653 eam

164 1662 315 1697 castigans.
337 1672 421 1700 seque
443 1670 531 1693 totum
549 1666 604 1695 Deo
624 1669 820 1703 committens,
839 1670 964 1698 futurum

164 1709 204 1736 rei
220 1715 345 1738 eventum
363 1713 582 1747 praestolabatur.
599 1714 660 1742 Jam
675 1716 748 1743 enim
770 1717 966 1752 percrebuerat

165 1763 261 1783 rumor
284 1757 440 1793 ingressum
461 1764 610 1795 tyrannum
634 1769 683 1797 per
697 1763 818 1791 Auream
842 1769 962 1799 portam,

165 1810 333 1839 omnemque
357 1811 485 1833 senatum
506 1807 540 1833 ad
559 1815 654 1836 sacras
674 1809 858 1844 prmcursoris
881 1811 965 1844 aedes,

165 1849 256 1878 Studii
283 1857 366 1885 opera
391 1859 406 1879 a
435 1851 620 1881 fundamentis
646 1860 820 1888 exstructas,
856 1856 966 1884 obviam

165 1897 337 1931 processisse
350 1918 358 1931 ,
374 1905 407 1926 ac
418 1891 529 1933 supinis
546 1900 676 1928 manibus
693 1901 791 1936 plausu
812 1902 966 1939 faustisque

164 1941 305 1970 ominibus
336 1943 363 1970 in
392 1944 487 1972 urbem
517 1946 644 1981 excipere
666 1955 700 1975 ac
723 1948 868 1977 deducere.
895 1949 964 1977 Cum

163 1992 256 2020 autem
268 1989 300 2016 ad
314 1990 446 2024 palatium
457 1991 513 2026 jam
524 1992 767 2028 appropinquaret.
780 1995 860 2030 eique
869 2003 964 2024 coram

165 2034 259 2062 divina
273 2035 326 2071 19
339 2035 386 2063 Dei
400 2036 484 2065 Verbi
499 2043 610 2073 propter
626 2047 674 2067 nos
683 2040 747 2068 facti
757 2041 878 2069 hominis
893 2041 964 2069 ima-

163 2081 227 2114 gine
239 2100 247 2114 ,
266 2080 300 2107 ad
318 2081 408 2108 locum
425 2090 508 2116 quem
522 2082 651 2111 Chalccm
668 2090 777 2118 vocant,
792 2090 856 2113 vota
873 2086 965 2114 reddi-

164 2130 228 2153 tttro
252 2126 388 2161 tantisper
410 2128 619 2156 consistendum
641 2136 725 2163 esset,
756 2133 829 2168 quod
855 2133 965 2168 punicei

163 2172 266 2200 coloris
279 2172 389 2199 brevem
401 2174 551 2208 quantdam
566 2181 671 2204 vcstetn
683 2177 795 2206 militari
812 2187 891 2207 more
905 2179 963 2208 dis-

163 2217 282 2244 cinctam
299 2221 418 2251 gestaret
433 2218 443 2254 (
460 2219 582 2254 aquilam
600 2226 709 2256 vocant,
729 2223 788 2251 sive
809 2231 895 2258 mare,
914 2224 962 2259 qui

164 2264 191 2291 in
207 2264 251 2292 his
274 2264 439 2300 elegantiam
462 2267 580 2302 colunt),
595 2275 656 2296 eam
670 2277 732 2297 mox
753 2271 831 2298 exuit
846 2279 855 2304 ;
877 2278 960 2306 quam
974 2260 1001 2290 D

163 2311 251 2343 ipsam
271 2310 300 2338 in
322 2318 421 2340 manus
434 2319 576 2348 acceptant
599 2314 713 2343 Michael
728 2324 762 2344 ex
776 2317 876 2352 linguae
895 2318 962 2346 vitio

162 2356 239 2385 Balbi
264 2365 416 2394 cognomen
435 2360 560 2395 adeptus,
579 2360 681 2389 Leonis
709 2367 776 2391 tunc
799 2363 960 2398 praefectum

162 2403 263 2431 Stabuli
280 2412 375 2440 agens,
397 2406 469 2434 illico
487 2407 586 2435 induit.
605 2408 669 2436 Fuit
686 2409 741 2437 hoc
753 2410 848 2438 multis
860 2411 962 2440 ominis

162 2448 235 2483 loco,
258 2450 316 2490 fore
332 2456 362 2479 ttt
384 2451 500 2481 Michael
519 2453 634 2488 imperio
658 2455 778 2491 regendo
798 2455 883 2484 Leoni
897 2464 962 2485 suc-

161 2504 256 2525 cessor
266 2503 350 2526 esset.
364 2497 414 2527 Ubi
425 2504 517 2527 autem
532 2501 565 2528 ad
578 2500 659 2537 Scyla
671 2507 805 2530 venerunt
817 2503 907 2538 (locus
919 2507 962 2531 est

161 2542 204 2571 sic
218 2543 309 2572 dictus
325 2545 352 2572 in
366 2546 490 2580 ingressu
507 2548 624 2584 palatii),
641 2556 759 2584 sequens
770 2557 786 2577 a
801 2555 876 2585 tergo
889 2550 960 2578 idem

161 2589 276 2619 Michael
287 2591 352 2619 dum
362 2592 501 2621 incautius
512 2594 637 2629 graditur
647 2602 679 2623 ac
687 2596 805 2624 celerius
813 2598 963 2631 praeeuntis

161 2637 277 2673 vestigia
292 2640 401 2674 premit,
413 2641 530 2669 summis
538 2641 654 2677 pedibus
661 2649 695 2670 ac
706 2642 831 2671 articulis
841 2643 962 2679 impera-

160 2684 240 2711 toriae
255 2685 340 2713 vestis
354 2693 431 2713 oram
450 2687 577 2720 calcavit,
593 2687 631 2714 ita
649 2692 678 2715 ut
692 2687 751 2723 ipse
764 2687 820 2716 Leo
843 2690 962 2718 senserit

161 2730 376 2768 audaciorisque
389 2733 493 2769 aliquid
508 2733 640 2763 facinoris
653 2734 687 2762 ab
699 2741 732 2763 eo
745 2737 961 2771 exspectandum

160 2777 300 2806 outinatus
319 2779 355 2807 sit
371 2788 378 2813 ;
394 2782 466 2816 quod
483 2785 510 2808 et
525 2786 619 2817 postea
635 2781 746 2810 accidit.

199 2824 242 2854 ιο.
255 2825 333 2854 'l'uuc
347 2826 462 2856 Michael
475 2826 566 2857 Leone
577 2829 712 2865 ingresso,
722 2836 777 2857 una
789 2836 853 2857 cum
865 2829 960 2860 liberis

1017 1620 1157 1648 καλέσασα
1176 1620 1305 1656 γύναιον)
1323 1621 1356 1656 τῇ
1375 1619 1481 1656 κεφαλῇ
1497 1619 1619 1647 ἐπίθοιτο
1633 1620 1664 1646 τὸ
1685 1619 1816 1655 μοδιολον.

1023 1666 1053 1693 '0
1080 1666 1110 1693 δὲ
1144 1667 1271 1702 στερροῖς
1300 1666 1392 1701 λόγοις
1414 1666 1520 1701 ταύτην
1545 1666 1754 1702 ὲπιρῤαπίσας,
1771 1665 1819 1692 καὶ

1016 1713 1077 1740 ὅλον
1090 1713 1123 1749 δὴ
1136 1713 1247 1745 ἀναθεὶς
1262 1713 1360 1739 ἑαυτὸν
1375 1712 1415 1747 τῷ
1434 1711 1505 1747 Θεῷ,
1522 1711 1687 1748 ἐκαραδόκει
1700 1712 1735 1739 τὰ
1749 1711 1817 1747 μέλ-

1017 1759 1109 1787 λοντα,
1131 1759 1213 1795 ’Ἄρτι
1227 1758 1295 1794 γοῦν
1309 1758 1514 1794 κατηγγέλλετο
1529 1758 1577 1785 τὸν
1589 1758 1723 1794 τύραννον
1736 1758 1818 1785 εἰσιέ-

1017 1816 1062 1835 ναι
1075 1806 1119 1835 διὰ
1133 1806 1221 1842 πύλης
1241 1807 1291 1842 τῆς
1305 1805 1490 1841 χρυσηλάτου,
1508 1805 1556 1832 καὶ
1569 1806 1645 1832 πᾶσα
1663 1806 1679 1841 ή
1694 1805 1817 1841 σύγκλη-

1016 1862 1063 1885 τος
1072 1853 1144 1881 κατὰ
1156 1853 1203 1881 τὸν
1218 1852 1289 1880 θεῖον
1299 1852 1346 1879 τοῦ
1360 1852 1520 1888 Προδρόμου
1534 1851 1614 1885 νεὼν,
1627 1851 1657 1878 δν
1668 1852 1682 1878 ό
1693 1851 1817 1883 Στούδιος

1016 1900 1049 1926 ὲκ
1067 1899 1176 1934 βάθρων
1195 1899 1359 1935 ἀνήγειρεν,
1375 1899 1486 1935 ἀπήντα
1509 1898 1558 1926 καὶ
1577 1898 1690 1930 ὑπτίαις
1706 1897 1816 1933 ἐδέχετο

1016 1948 1077 1979 ταῖς
1086 1947 1177 1983 χερσὶ,
1193 1946 1397 1982 προπέμπουσα
1411 1955 1442 1974 τε
1452 1946 1502 1974 καὶ
1517 1945 1708 1978 ἑκθειᾶζουσα.
1731 1945 1774 1977 Ὧς
1788 1944 1818 1971 δὲ

1015 1993 1073 2024 τοῖς
1096 1991 1245 2027 βασιλείοις
1261 1991 1361 2028 ἤγγιζε
1385 1993 1434 2020 καὶ
1460 1991 1532 2018 κατὰ
1551 1991 1698 2027 πρόσωπον
1711 1989 1745 2025 δὴ
1767 1989 1818 2024 τῆς

1016 2038 1092 2069 θείας
1109 2038 1215 2070 εἰκόνος
1238 2039 1286 2065 τοῦ
1304 2038 1341 2065 δι’
1360 2039 1436 2074 ἡμᾶς
1461 2038 1726 2073 ὲνανθρωπήσαντος
1747 2035 1817 2063 Θεοῦ

1015 2085 1115 2119 Λόγου,
1124 2084 1196 2111 κατὰ
1202 2084 1248 2112 τὸν
1257 2084 1330 2111 οὕτω
1337 2083 1593 2120 κατονομαζόμενον
1601 2083 1684 2110 τόπον
1694 2081 1817 2117 Χαλκῆν»

1015 2130 1111 2166 ἔμελλε
1129 2132 1225 2167 στῆναι
1240 2130 1291 2163 τὰς
1308 2130 1393 2166 εὐχὰς
1412 2129 1581 2163 ἀποδώσων,
1600 2129 1662 2156 ἐπεί
1678 2137 1706 2156 τι
1729 2136 1817 2163 φοινι-

1015 2179 1135 2214 κοσαφὲς
1151 2177 1294 2212 θοιμάτιον
1310 2177 1383 2204 κατά
1397 2185 1424 2203 τι
1445 2175 1645 2213 στρατιωτικὸν
1667 2175 1728 2207 ἔθος
1743 2174 1818 2207 ἄζω-

1016 2234 1079 2253 στον
1099 2225 1255 2260 ὲπημφιετο
1271 2222 1372 2259 (ἀετὸν
1388 2222 1468 2250 τοῦτο
1488 2221 1621 2250 καλοῦσιν
1643 2221 1659 2258 ἢ
1677 2221 1818 2249 θάλασσαν

1014 2273 1040 2299 οι
1052 2271 1117 2308 περὶ
1128 2271 1216 2299 ταῦτα
1231 2269 1362 2306 κομψοὶ),
1376 2268 1457 2297 τοῦτο
1474 2268 1525 2305 μὲν
1540 2268 1641 2297 αὐτίκα
1658 2267 1816 2304 ἀπαμφιέν-

1015 2327 1104 2352 νυται,
1120 2318 1170 2345 καὶ
1181 2318 1294 2353 Μιχαὴλ
1306 2318 1320 2344 ὁ
1330 2317 1381 2352 τὴν
1394 2316 1520 2351 γλῶτταν
1532 2315 1625 2352 φέρων
1636 2315 1816 2351 παράσημον,

1015 2364 1186 2401 ἐπιμελητὴς
1200 2363 1256 2391 τῶν
1272 2362 1321 2391 τοῦ
1339 2363 1454 2396 Λέοντος
1468 2363 1562 2391 ἳππων
1581 2361 1735 2397 τηνικαῦτα
1750 2369 1818 2394 τυγ-

1015 2411 1118 2446 χάνων,
1145 2409 1193 2436 ἐπὶ
1214 2409 1311 2445 χεῖρας
1334 2407 1427 2435 λαῦὼν
1450 2406 1574 2442 αὺθωρὺν
1597 2404 1815 2442 ὲπαμπίσχεται.

1017 2456 1127 2489 Ἐδοξεν
1151 2455 1198 2484 οὖν
1219 2455 1299 2483 τοῦτο
1322 2457 1380 2487 τοῖς
1404 2454 1514 2486 πολλοῖς
1536 2453 1633 2485 οἰωνὸς
1658 2453 1689 2486 ἐξ
1709 2451 1816 2479 ἐκείνου

1013 2502 1142 2538 δεύτερον
1168 2502 1219 2537 τῆς
1247 2501 1388 2537 βασιλείας
1415 2501 1521 2536 τυχεῖν.
1557 2499 1601 2531 Ὡς
1627 2498 1655 2525 δὲ
1683 2497 1756 2525 κατὰ
1782 2496 1818 2523 τὰ

1013 2549 1106 2577 Σκῦλα
1119 2549 1142 2566 ⁸⁸
1159 2548 1296 2584 ἐγένοντο,
1308 2547 1381 2575 οὕτω
1393 2548 1425 2583 δή
1443 2555 1505 2574 τινα
1516 2546 1600 2572 τόπον
1612 2544 1686 2572 κατὰ
1701 2545 1752 2576 τὰς
1764 2543 1816 2576 βα-

1014 2598 1132 2629 σιλείους
1145 2597 1267 2629 εἰσόδους
1283 2596 1444 2631 λεγόμενον,
1459 2593 1589 2630 ἀκρατῶς
1605 2601 1664 2624 πως
1677 2590 1816 2626 ἐπιρρέων

1015 2645 1064 2672 καὶ
1079 2644 1141 2672 κατ’
1163 2644 1238 2679 ῐχνος
1254 2643 1324 2670 θέων
1344 2640 1428 2669 αὐτοϋ
1448 2640 1480 2667 τὸ
1497 2639 1566 2676 πρὸς
1589 2639 1623 2674 τῇ
1644 2637 1714 2674 πέζῃ
1732 2637 1817 2672 λῆγον

1014 2691 1062 2718 τοῦ
1076 2690 1185 2726 ἱματίου
1199 2689 1296 2725 ἄκροις
1306 2687 1394 2722 ἑπέὗη
1409 2687 1500 2720 ποσὶν,
1513 2685 1552 2717 ὡς
1564 2685 1613 2713 καὶ
1626 2683 1709 2712 αὑτὸν
1720 2683 1816 2711 αἰσθά-

1015 2738 1112 2766 νεσθαι
1133 2737 1180 2764 τδν
1195 2736 1300 2763 Λέοντα
1323 2734 1372 2761 καί
1394 2742 1457 2761 τινα
1478 2731 1635 2768 παράϐολον
1654 2731 1763 2766 κίνησιν
1785 2729 1816 2761 ἐξ

1015 2783 1279 2819 αὑτοῦγπροσδοκᾷν.
1296 2781 1384 2808 Τοῦτο
1401 2781 1451 2817 μὲν
1465 2777 1512 2807 οὖν
1527 2779 1642 2816 ὕστερον
1658 2777 1777 2813 ἐγένετο.

1053 2835 1079 2859 ι’.
1093 2831 1161 2857 Τότε
1177 2829 1206 2857 δὲ
1223 2828 1268 2856 τοῦ
1285 2828 1399 2861 Λέοντος
1414 2827 1607 2862 ἐπιφανέντος,
1625 2823 1737 2862 Μιχαὴλ
1757 2823 1816 2858 ἅμα

815 2875 933 2918 νᾹῐυέΕ
947 2877 1151 2910 LECTIONES.

198 2919 219 2935 *⁸
235 2919 299 2948 ἰδεῖν
316 2921 431 2957 mittam?
468 2922 490 2938 "’
505 2921 552 2958 τὴν
573 2921 663 2949 Σκύλα
680 2921 698 2950 l‘
716 2931 722 2950 ;
737 2920 772 2949 cl.
794 2921 809 2949 ι
829 2922 870 2951 19.
