2011 3156
169 173 199 204 33
738 177 812 210 LIB.
831 177 856 208 Ι.
877 189 912 196 -
926 175 1000 208 LEO
1016 176 1229 208 ARMENIUS.
1768 175 1804 208 3’s

168 233 241 261 παισί
259 243 290 261 τε
306 234 356 262 καὶ
371 235 483 270 γυναικὶ
496 235 546 272 τὴν
560 236 651 272 κόμην
671 236 837 273 ἀποθέμενοι
853 237 922 273 πρὸς
936 236 966 264 τδ

1019 241 1103 271 atque
1118 243 1213 268 uxore.
1231 235 1345 263 detonsa
1361 241 1438 263 coma
1456 233 1490 262 ad
1507 233 1554 262 Dei
1575 232 1720 262 delubrum
1736 241 1814 262 seco-

166 280 209 308 τοῦ
234 280 304 308 Θεοῦ
324 281 520 317 τεμένισμα²¹,
536 281 581 319 [Ρ.
603 282 649 319 13]
668 283 683 310 ὂ
698 283 788 318 Φάρος
808 282 964 318 κατονομά-

167 326 238 358 ζεται
263 325 319 353 ἀπὸ
343 326 392 354 τοῦ
414 327 472 362 φῶς
502 327 635 355 ἀνάπτειν
660 328 729 355 πᾶσι
747 328 796 355 καὶ
818 328 891 355 κατὰ
915 327 966 359 τὰς

167 372 264 405 νύκτας
281 374 465 409 χειραγωγεῖν
481 374 528 401 ἐπὶ
543 374 710 409 καταγωγαῖς
724 383 804 407 τινας
818 374 963 409 ἁσφαλεῖς,

167 416 311 452 ἀντίμιμον
324 417 371 444 τοῦ
390 418 461 445 κατὰ
483 418 534 454 τὴν
559 418 766 455 ’Δλεξάνδρειαν
785 419 851 447 ὅντα
872 428 901 446 τε
918 419 966 447 καὶ

168 462 324 498 λεγόμενον,
336 462 387 499 τὴν
397 463 481 491 αὑτοῦ
492 464 639 500 εὐμένειαν
649 467 735 502 χωρεῖ
748 465 964 502 ἐκκαλούμενος.

173 508 201 536 '0
216 509 245 536 δὲ
261 509 379 545 συλῆσαι
398 510 449 546 μὲν
462 511 495 538 εκ
511 510 580 538 Θεοῦ
593 511 642 539 καὶ
657 511 761 548 ἔρημον
774 511 862 540 θεῖναι
876 511 966 548 ψυχῆς

166 556 214 583 οὒκ
237 556 268 584 ὲν
289 556 367 593 καλῷ
394 556 518 593 θέμενος,
542 558 646 585 ἐκεῖνον
666 558 716 594 μὲν
734 559 764 586 ὲν
780 560 814 596 τῇ
838 559 932 596 Πλάτῃ
942 558 965 574 ¹¹

166 603 237 638 νήσῳ
253 602 402 639 ὑπερόριον
424 602 483 636 θεὶς
502 603 651 640 ἡσυχάζειν
673 604 827 641 ἐπέτρεψεν
840 626 848 639 ,
864 606 966 643 χρυσόν

166 657 225 675 τινα
241 649 303 676 κατ’
324 649 386 682 ἔτος
402 650 590 686 ἐπιχορηγῶν,
610 651 687 679 ἔνθεν
703 652 753 679 καὶ
771 652 802 679 τὸ
818 654 966 689 μοναχικδν

167 695 257 731 σχῆμα
270 695 389 724 λαϐόντα
403 697 452 723 καὶ
472 697 633 725 Ἀθανάσιον
649 698 891 734 μετονομασθέντα
904 700 966 726 ἐπι-

167 741 261 769 σιῶναί
278 750 362 776 φασιν
378 740 425 778 ἐτη
441 742 489 769 δύο
507 743 554 770 καὶ
568 743 727 779 τριάκοντα.
741 744 830 779 Συνῆν
847 744 875 771 δὲ
891 744 966 780 αὑτῷ

167 788 212 815 καὶ
229 788 402 824 Εὔστρὰτιος
416 790 431 816 ό
453 789 511 821 υἱὸς
525 789 621 823 αὑτοῦ,
642 791 657 817 ό
675 790 725 818 καὶ
746 790 902 827 άποκαρεὶς
918 791 966 818 καὶ

167 834 354 870 εὐνουχισθεὶς
371 833 410 862 ὢν
425 835 493 862 ἐτῶν
507 836 595 862 εἴκοσι
610 835 760 872 προστάξει
775 835 824 863 τοῦ
839 835 964 869 Λέοντος,

167 881 211 908 καὶ
226 881 364 916 Νικήτας,
380 880 409 913 ὃς
426 881 561 917 πρότερον
577 882 627 917 μὲν
639 883 703 914 παῖς
715 882 753 911 ὣν
768 882 818 919 τὴν
833 882 887 910 τῶν
905 882 966 910 ἰκα-

167 927 253 955 νάτων
274 927 379 955 διεῖπεν
398 927 504 964 ἀρχὴν,
522 928 572 955 ἅτε
588 927 621 963 δὴ
645 928 733 964 φίλιος
749 929 806 960 τοῖς
825 928 968 964 στρατιώ-

166 983 226 1007 ταις
242 974 289 1001 καὶ
308 975 337 1001 ὲν
362 974 491 1010 ὑπαίθρῳ
515 974 657 1009 διάγουσιν
677 973 748 1002 εῖναι
771 984 802 1002 τε
821 975 907 1002 θέλων
920 975 967 1002 καὶ

168 1020 222 1048 τῶν
235 1020 340 1048 πολλῶν
353 1021 526 1057 πραγμάτων
541 1021 686 1057 ἔμπειρος,
699 1021 761 1049 τότε
776 1022 805 1048 δὲ
818 1022 841 1038 ³³
856 1021 906 1057 τὴν
921 1021 968 1049 κό-

170 1075 226 1102 μην
237 1066 285 1094 καὶ
299 1067 379 1100 αὐτὸς
392 1067 562 1103 ἀποθέμενος
583 1067 715 1102 Ἰγνάτιος
726 1067 852 1094 ἐκαλεῖτο
865 1067 913 1094 καὶ
927 1066 967 1102 τῷ

168 1113 254 1149 πατρὶ
266 1114 387 1141 συνεῖναι
402 1112 551 1149 ἐτύγχανεν
562 1112 602 1148 τῷ
615 1113 728 1149 μονήρει
740 1112 791 1149 βίῳ
800 1112 968 1149 προσκείμε-

167 1169 220 1193 νος.
230 1160 288 1196 Τὴν
298 1159 320 1187 δ’
331 1160 414 1187 αὑτοῦ
431 1159 560 1187 σύνευνον
570 1159 745 1196 ὰπεσχοίνισε
760 1159 808 1187 καὶ
821 1159 968 1187 ἀπέσπασε

170 1207 215 1234 καὶ
230 1206 299 1243 πρὸς
315 1207 367 1242 τὴν
383 1205 468 1243 μονὴν
486 1206 537 1243 τὴν
554 1206 627 1234 οὕτω
642 1207 794 1242 λεγομένην
810 1206 969 1242 Προκοπίας

171 1253 333 1289 μετέθηκεν,
355 1254 446 1281 καίτοι
462 1262 494 1289 γε
509 1253 590 1281 τοῦτο
605 1253 644 1290 μὴ
664 1253 793 1289 γενέσθαι
817 1252 906 1281 πολλὰ
920 1252 968 1280 τοῦ

167 1301 277 1338 Μιχαὴλ
299 1301 504 1334 ἱκετεύσαντος.
529 1301 585 1329 Καὶ
607 1302 622 1328 ὁ
644 1300 822 1337 μὲνΜιχαὴλ
845 1300 893 1328 τοῦ
911 1299 968 1335 βίου

167 1347 219 1380 ἔξω
237 1347 388 1383 γενόμενος
411 1347 478 1384 μηνὶ
499 1347 661 1383 Ἰανουαρίῳ
683 1345 729 1381 ια’,
750 1346 806 1374 ἔτει
827 1346 908 1384 ,ςτβ’,
923 1346 970 1375 τὸν

167 1393 231 1429 χοῦν
255 1394 427 1430 ἀποθέμενος
446 1394 476 1420 ὲν
495 1394 566 1429 αὐτῇ
593 1394 628 1429 τῇ
655 1393 745 1429 νήσῳ,
772 1394 802 1420 ὲν
826 1393 867 1428 τῷ
889 1393 970 1429 δεξιῷ

168 1440 249 1476 μέρει
278 1440 329 1476 τῆς
356 1439 507 1475 ἐκκλησίας
533 1439 680 1467 ἐτέθαπτο·
706 1440 721 1467 ὀ
747 1439 916 1475 Εὐστράτιος
941 1439 970 1466 δὲ

168 1486 240 1521 μετὰ
262 1486 313 1522 τὴν
328 1486 376 1513 τοῦ
394 1486 499 1522 πατρὸς
522 1485 653 1521 τελευτὴν
675 1485 724 1522 ἔτη
741 1485 867 1517 ὶπιὸιοῡς
887 1485 970 1513 πέντε

167 1532 228 1568 [καὶ
242 1532 311 1559 δέκα
323 1531 358 1569 ⁵⁸]
379 1533 428 1560 καὶ
450 1532 533 1564 αὐτὸς
550 1532 686 1567 ἐκοιμήθη
711 1532 784 1559 κατὰ
802 1532 853 1567 τὴν
870 1535 901 1559 ιε’
922 1532 969 1559 τοῦ

1017 282 1098 314 dunt,
1113 283 1187 317 quod
1206 281 1326 309 Pharum
1338 285 1439 309 vocant
1453 288 1483 308 ea
1496 280 1612 312 ratione,
1624 279 1697 316 quod
1706 280 1816 308 cunctis

1017 328 1107 356 lucem
1122 328 1254 356 accendat
1266 332 1406 362 noctuque
1422 328 1455 354 ad
1470 331 1560 355 certus
1572 327 1705 361 quasdam
1723 326 1817 354 statim
1835 342 1839 355 ι

1017 382 1067 402 nes
1082 375 1213 406 deducat,
1225 374 1308 402 Phari
1324 375 1399 402 illius
1412 375 1440 402 in
1455 374 1573 410 λεωριο
1585 373 1701 402 celebris
1714 381 1815 401 nomen

1016 420 1130 449 imitans
1145 420 1322 456 oiIiciumque
1337 425 1482 457 praestans,
1501 420 1599 448 Leonis
1616 420 1671 449 illic
1685 425 1816 448 exoratu-

1016 475 1065 496 rus
1080 467 1265 496 clementiam.
1285 467 1332 496 Ille
1351 475 1435 504 porro
1447 467 1518 495 haud
1534 475 1566 495 ex
1582 467 1690 495 honesti
1709 467 1817 494 ratione

1016 519 1095 543 ratus
1116 515 1277 550 religionem
1293 515 1346 543 loci
1364 515 1468 542 violare
1482 519 1530 542 aut
1551 515 1578 542 in
1596 522 1628 542 eo
1644 514 1816 550 supplicibus

1017 569 1111 590 necem
1140 561 1254 595 inferre,
1286 561 1364 589 illum
1389 561 1499 598 quidem
1525 561 1553 589 in
1577 561 1694 589 insulam
1720 561 1816 588 Platen

1017 609 1144 644 relegans
1160 609 1299 645 privatum
1313 609 1371 637 illic
1389 616 1470 644 agere
1482 609 1577 644 jussit,
1597 609 1657 636 auri
1676 615 1815 636 summam

1017 654 1166 689 quotannis
1189 655 1218 682 in
1235 655 1296 690 ejus
1312 658 1440 690 sumptus
1459 654 1675 683 subministrans
1692 661 1700 687 ;
1724 655 1769 682 ubi
1788 658 1816 681 et

1017 700 1144 728 monachi
1157 700 1212 736 20
1223 705 1364 736 assumpto
1375 700 1470 728 habitu
1481 706 1563 736 utque
1574 700 1716 728 Athanasii
1728 699 1816 728 indito

1018 746 1129 773 nomine
1142 746 1176 773 ad
1192 753 1279 773 annos
1294 747 1364 774 duos
1379 753 1463 782 supra
1480 746 1589 781 triginta
1605 746 1707 773 vixisse
1717 745 1814 773 fertur.

1017 788 1082 816 Erat
1094 797 1157 817 cum
1166 797 1199 817 eo
1206 794 1234 817 ct
1249 790 1405 819 Eustratius
1415 792 1476 826 ejus
1489 791 1571 823 ﬁlius,
1586 791 1632 826 qui
1648 791 1706 826 ipse
1716 790 1817 819 Leonis

1015 834 1094 869 jussu
1108 835 1240 863 detonsus
1247 843 1280 863 ac
1286 837 1411 864 virilibus
1420 837 1536 865 orbatus
1544 842 1596 872 est,
1611 837 1701 865 aetatis
1713 845 1817 865 annum

1019 881 1183 917 vigesimum
1194 890 1291 918 agens.
1305 883 1415 912 Nicetas
1427 891 1548 920 qu0que,
1561 885 1608 920 qui
1620 885 1696 920 prius
1709 884 1818 912 adoles-

1018 935 1084 956 cens
1100 927 1275 957 lcanatorum
1293 929 1486 965 praefecturam
1504 935 1638 965 gesserat,
1653 930 1755 966 quippe
1771 931 1818 966 qui

1018 975 1070 1002 hoc
1095 980 1188 1010 ageret
1217 980 1248 1003 ut
1273 977 1390 1005 militum
1418 977 1502 1011 inque
1525 977 1699 1006 subdialibus
1719 978 1818 1006 stativa

1018 1021 1315 1057 habentium‘gratiam
1342 1022 1425 1050 iniret
1440 1023 1584 1059 multaque
1603 1030 1697 1051 rerum
1719 1023 1817 1058 peritia

1019 1067 1144 1103 polleret,
1162 1067 1221 1103 ipse
1235 1076 1347 1104 quoque
1369 1073 1435 1097 tunc
1449 1077 1528 1098 coma
1546 1069 1638 1105 posita
1653 1069 1750 1106 lgnatii
1765 1077 1818 1097 no-

1019 1121 1080 1142 men
1095 1114 1210 1149 accepit,
1231 1122 1402 1150 versarisque
1419 1123 1482 1143 cum
1500 1120 1578 1151 patre
1591 1116 1718 1144 monachi
1733 1116 1817 1143 vitam

1018 1167 1073 1188 una
1086 1159 1214 1188 instituit.
1232 1160 1353 1189 Uxorem
1367 1169 1433 1189 vero
1448 1162 1483 1189 ab
1502 1162 1550 1189 illo
1563 1162 1721 1197 abjunctam
1736 1167 1820 1197 atque

1019 1206 1144 1234 avulsam
1170 1206 1197 1234 in
1224 1207 1422 1235 monasterium
1449 1208 1523 1243 quod
1554 1207 1697 1244 Procopize
1720 1214 1820 1236 vocant

1020 1253 1172 1286 transtulit,
1187 1261 1346 1289 quanquam
1365 1253 1481 1282 Michael
1499 1255 1554 1282 hoc
1570 1256 1652 1282 enixe
1669 1256 1818 1283 amoliente

1018 1306 1051 1327 ac
1075 1298 1251 1334 deprecante.
1273 1299 1312 1327 Ac
1339 1299 1454 1328 Michael
1480 1300 1591 1335 quidem
1616 1301 1644 1328 in
1662 1300 1732 1329 vivis
1755 1308 1820 1328 esse

1019 1345 1103 1373 desiit
1125 1345 1272 1373 undecimo
1285 1345 1422 1378 Januarii,
1439 1346 1533 1374 mundi
1551 1354 1624 1374 anno
1635 1346 1716 1378 6052,
1734 1347 1820 1382 depo-

1020 1391 1128 1427 sitaque
1145 1391 1316 1419 mortalitate
1330 1391 1358 1419 in
1373 1391 1469 1420 eadem
1489 1392 1591 1424 insula,
1607 1393 1640 1433 ad
1653 1400 1738 1420 cornu
1752 1393 1820 1421 der-

1021 1441 1094 1465 trum
1109 1437 1243 1471 ecclesiae,
1259 1438 1384 1473 sepultus
1401 1442 1454 1466 est.
1471 1438 1627 1467 Eustratius
1642 1447 1706 1466 vero
1720 1447 1783 1467 cum
1803 1447 1820 1467 a

1020 1489 1110 1512 morte
1121 1484 1207 1519 patris
1222 1491 1310 1512 annos
1321 1484 1444 1520 quinque
1452 1485 1578 1516 vixisset.
1595 1485 1707 1513 dormiit
1721 1490 1748 1513 et
1761 1485 1821 1521 ipse

1022 1530 1056 1557 ad
1082 1529 1349 1564 quintumdecimum
1368 1530 1471 1559 mensis
1485 1529 1629 1564 Januarii,
1647 1531 1712 1558 anni
1737 1531 1819 1564 6057,

175 1579 343 1615 ’lavouaplou
357 1579 455 1615 μηνὸς,
469 1578 547 1611 ἔτους
564 1578 642 1615 ,ςτζκ
656 1579 686 1606 ὲν
699 1579 738 1614 τῷ
751 1578 885 1614 εὐωνύμῳ
895 1579 966 1614 μέρει

1026 1577 1053 1604 in
1069 1576 1181 1605 sinistra
1191 1576 1314 1604 ecclesia;
1325 1583 1402 1612 parte
1411 1577 1548 1605 conditus.
1559 1577 1680 1613 ignatius
1690 1577 1819 1613 denique,

166 1628 219 1664 τῆς
233 1626 386 1664 ἐκκλησίας
399 1626 503 1655 πεσών.
528 1627 559 1654 '0
575 1627 605 1654 δὲ
624 1626 754 1661 Ἰγνάτιος
768 1626 783 1652 ό
802 1626 851 1653 καὶ
869 1627 966 1661 πρότε-

1021 1623 1069 1658 qui
1085 1627 1112 1651 et
1125 1622 1202 1658 prius
1216 1622 1327 1651 Nicetas
1338 1627 1452 1651 vocatus
1462 1628 1514 1657 est,
1531 1623 1660 1651 Ecclesiae
1670 1623 1823 1658 Cpolitame

168 1682 219 1710 ρον
232 1674 359 1710 Νικήτας
377 1673 561 1706 καλούμενος,
582 1673 634 1708 τῆς
656 1672 966 1704 Κωνσταντινουπόλεως

1022 1669 1123 1704 praesul
1150 1669 1274 1701 etiectus,
1297 1669 1393 1697 multis
1411 1673 1473 1704 post
1497 1670 1578 1697 annis
1598 1670 1626 1697 in
1651 1670 1820 1698 monasterio

167 1721 304 1757 πρόεδρος
316 1718 386 1748 εἶναι
402 1720 505 1756 λαχὼν,
520 1719 629 1752 πολλοῖς
645 1719 761 1756 ὕστερον
775 1719 883 1756 χρόνοις
895 1720 925 1747 ὲν
936 1721 966 1756 τῇ

1022 1715 1098 1750 quod
1113 1714 1203 1750 Satyri
1219 1719 1329 1748 vocant,
1342 1715 1416 1750 quod
1429 1720 1458 1743 et
1471 1715 1531 1751 ipse
1547 1716 1630 1750 paulo
1642 1721 1706 1743 ante
1726 1724 1740 1743 a
1755 1715 1820 1743 fun-

169 1768 240 1804 μονῇ
269 1766 461 1803 καλουμένην
488 1766 631 1801 Σατύρου,
653 1766 688 1802 ἢν
715 1766 779 1802 ἄρτι
802 1766 836 1793 ὲκ
861 1765 966 1801 βάθρων

1022 1762 1160 1790 damentis
1168 1762 1339 1796 condiderat,
1351 1770 1460 1790 sacrum
1472 1769 1573 1797 corpus
1585 1770 1665 1790 suum
1682 1763 1820 1798 deposuit.

167 1813 335 1849 δειμάμενος
349 1813 456 1848 ἔτυχεν,
471 1812 502 1840 τὸ
520 1812 593 1848 ἱερὸν
608 1811 692 1839 αὑτοῦ
709 1811 790 1848 σῶμα
805 1812 966 1848 κατέθηκεν.

1023 1807 1082 1836 Hoc
1109 1815 1194 1843 porro
1217 1809 1416 1837 monasterium
1435 1809 1517 1836 etiam
1533 1808 1653 1836 Orientis
1668 1816 1768 1837 nomen
1791 1809 1821 1836 in

168 1859 247 1895 Αὕτη
268 1859 298 1886 δὲ
323 1860 340 1895 ή
367 1858 436 1895 μονὴ
457 1858 510 1886 καὶ
529 1858 578 1886 τοῦ
611 1858 815 1890 ’Λνατέλλοντος
841 1858 966 1894 κέκληται

1023 1862 1086 1884 eum
1097 1856 1209 1884 modum
1221 1855 1349 1883 sortitum
1365 1856 1417 1890 21
1425 1861 1478 1883 est.
1492 1856 1593 1884 Verum
1606 1855 1697 1891 Satyri
1709 1855 1821 1891 quidem

168 1906 268 1942 τρόπῳ
286 1905 393 1942 τοιῷδε.
416 1905 498 1932 Ἀλλὰ
523 1905 645 1941 Σάτυρος
673 1905 741 1940 μὲν,
760 1905 801 1932 ὅτι
816 1905 849 1931 ὲκ
871 1904 966 1940 μικροί

1024 1901 1076 1930 fuit
1092 1901 1268 1936 appellatum,
1280 1902 1355 1936 quod
1367 1902 1439 1929 haud
1454 1902 1548 1937 procul
1560 1901 1595 1929 ab
1609 1909 1642 1929 eo
1655 1902 1822 1929 monasterio

172 1953 363 1988 διαστήματος
383 1952 434 1988 τῆς
449 1951 581 1988 τοιαύτης
599 1951 684 1987 μονῆς
703 1951 718 1978 ό
740 1950 856 1982 παλαιὸς
873 1950 966 1985 ὸνομά·

1024 1952 1104 1975 vetus
1115 1947 1230 1983 Satyrus
1241 1948 1390 1979 diceretur,
1398 1947 1446 1974 ubi
1457 1947 1617 1975 Graecanica
1627 1949 1824 1982 superstitione

173 2000 251 2033 ζεται
265 2000 406 2036 Σᾶτυρος,
418 2000 448 2026 ἐν
470 1996 492 2034 ᾧ
513 1997 548 2036 ἧν
571 1999 645 2035 ἱερὸν
664 1999 742 2034 παρὰ
758 1998 813 2025 τῶν
839 1998 966 2034 Ἑλλήνωι

1025 1993 1113 2022 eidem
1124 1992 1222 2027 Satyro
1234 1992 1328 2020 fanum
1340 1998 1511 2038 exstructum
1527 1998 1596 2025 erat,
1604 2001 1636 2021 ex
1648 1994 1709 2029 ejus
1721 1994 1823 2022 vicinia

162 2047 353 2084 οἰκοδομηθὲν
373 2046 413 2081 τῷ
437 2045 512 2081 αὐτῷ
530 2045 647 2081 Σατύρῳ
670 2042 701 2072 οὗ
723 2044 786 2072 καθ’
800 2044 966 2080 ὁμωνυμίαν,

1025 2039 1084 2068 haec
1108 2039 1169 2075 ipsa
1189 2039 1336 2074 appellatio
1354 2039 1525 2067 monasterio
1541 2039 1658 2067 haeserat
1675 2048 1682 2072 ;
1707 2047 1741 2067 ex
1762 2040 1823 2075 ejus

169 2093 215 2121 διὰ
229 2093 260 2120 τὸ
271 2093 388 2128 πλησίον
399 2091 470 2120 εῖναι
483 2092 533 2127 τὴν
545 2091 695 2128 είρημένην
705 2092 801 2128 μονὴν,
814 2091 853 2127 τῷ
861 2091 966 2128 τοιούτιξ

1025 2094 1111 2122 porro
1131 2086 1220 2114 ruinis
1235 2085 1404 2120 Theophilus
1428 2085 1578 2120 imperator
1599 2085 1689 2114 ablata
1709 2087 1825 2114 materie

169 2139 302 2167 καλεῖται
312 2139 437 2173 όνόματι’
448 2137 478 2170 ἐξ
488 2133 574 2172 οὗπερ
582 2137 630 2164 καὶ
640 2137 655 2163 ὁ
663 2136 710 2163 τοῦ
721 2137 744 2152 ⁸⁵
753 2135 842 2172 Βρύου
854 2135 966 2163 παλάτιε

1027 2133 1117 2169 regias
1133 2133 1205 2161 mdes
1222 2132 1367 2166 exstruxit,
1382 2140 1451 2168 quas
1464 2137 1563 2161 vocant
1580 2132 1662 2168 Brya.
1679 2131 1715 2160 Ut
1731 2138 1823 2160 autem
1843 2151 1847 2164 ;

171 2185 272 2218 κτίσας
285 2184 416 2220 Θεόφιλος
427 2183 554 2219 βασιλεὺς
566 2182 614 2219 τὴν
625 2181 694 2218 ὓλην
707 2182 876 2218 ἀφελόμενος
888 2181 966 2209 ταῦτα

1028 2179 1126 2208 Oriens
1140 2184 1296 2212 vocaretur,
1314 2178 1449 2214 ejusmodi
1467 2187 1550 2207 causa
1561 2179 1670 2208 accidit.
1690 2179 1826 2208 Veniente

171 2232 314 2267 ἐδείματο.
339 2230 507 2258 ’Δνατέλλων
532 2229 561 2257 δὲ
577 2230 610 2256 δι’
630 2230 722 2256 αἰτίαν
734 2228 863 2264 τοιαύτην
875 2237 883 2244 ·
901 2230 966 2256 Κυν-

1030 2226 1178 2262 aliquando
1202 2226 1358 2261 Nicephoro
1377 2226 1540 2261 imperatore
1555 2226 1590 2254 ad
1607 2233 1654 2254 eas
1667 2230 1760 2261 partes
1778 2226 1825 2254 ubi

335 2257 401 2303 ποτε
414 2275 568 2311 Νικηφόρῳ
583 2274 622 2310 τῷ
639 2274 744 2309 βασιλεῖ
767 2274 797 2300 ὲν
813 2257 855 2305 οἷς
875 2272 966 2308 ἀρτίως

1029 2257 1085 2307 iani
1103 2272 1303 2300 monasterium
1319 2271 1459 2299 conditum
1480 2275 1533 2305 est,
1547 2278 1581 2299 eo
1592 2271 1666 2306 quod
1681 2272 1759 2299 locus
1774 2272 1826 2299 du-

172 2324 252 2352 ἱστὶν
266 2325 284 2359 ἡ
301 2323 369 2359 μονὴ
386 2322 502 2358 μέρεσι,
517 2321 562 2348 διὰ
576 2321 609 2348 τὸ
622 2320 733 2354 ἀλσώδη
750 2319 799 2347 καὶ
811 2318 944 2346 δύσϐατον
954 2319 964 2334 ¹

1029 2326 1124 2347 mosus
1139 2323 1213 2346 esset
1223 2322 1252 2345 et
1264 2317 1415 2353 impervius
1428 2317 1653 2352 silvestriumqne
1664 2318 1826 2345 animalium

171 2368 249 2396 εἶναι
257 2369 307 2396 καὶ
317 2368 387 2404 πρὸς
397 2367 485 2404 θήραν
495 2366 573 2400 ζώων
583 2365 753 2401 ἐπιτηδείαν,
765 2364 808 2402 [1³.
821 2363 867 2401 14]
876 2364 966 2399 ἐλάφοι

1028 2364 1170 2393 venationi
1194 2363 1329 2396 idoneus,
1359 2371 1422 2391 cum
1457 2363 1631 2398 apparuisset
1656 2364 1826 2399 praegrandis

175 2415 314 2451 μεγίστης
334 2413 468 2449 φανείσης
485 2413 533 2440 καὶ
550 2411 795 2447 καταδιωκομένης
814 2410 862 2438 καλ⁵
876 2418 966 2446 χειρω-

1029 2418 1137 2444 cervus,
1152 2409 1313 2445 infestisque
1325 2409 1441 2438 canibus
1454 2417 1488 2437 e0
1501 2410 1561 2445 ipso
1575 2411 1636 2438 loco
1645 2410 1671 2437 in
1685 2417 1741 2445 quo
1753 2417 1827 2438 nunc

173 2463 273 2498 θείσης
288 2463 317 2489 ὲν
332 2461 409 2497 αὐτῷ
422 2461 463 2496 τῷ
478 2461 555 2496 τόπῳ
571 2461 600 2487 ὲν
613 2457 636 2494 ᾧ
653 2459 703 2487 νῦν
721 2460 753 2486 τὸ
767 2459 817 2495 τῆς
834 2459 919 2495 μονῆς
932 2459 966 2486 Bo

1030 2456 1190 2485 monasterii
1206 2456 1359 2484 sacrarium
1373 2461 1497 2484 erectum
1518 2460 1561 2483 est
1571 2460 1668 2491 captus
1683 2460 1767 2488 esset.
1784 2456 1828 2484 in-

174 2509 341 2543 σωπήριον
361 2506 484 2541 ἵδρυται,
513 2505 615 2542 εὑρέθη
640 2504 767 2540 τράπεζα
792 2504 898 2532 παλαιὰ
927 2504 966 2531 ὑπ

1029 2508 1112 2532 venta
1137 2509 1179 2532 est
1202 2506 1281 2531 vetus
1305 2510 1400 2531 mensa
1413 2523 1421 2536 ,
1442 2510 1524 2538 quam
1541 2502 1668 2530 columna
1688 2502 1828 2536 iniciebat,

173 2555 270 2586 κίονος
286 2552 479 2590 βασταζομένη
489 2573 497 2586 ,
519 2553 665 2588 γράφουσα
679 2551 782 2583 οὕτως·
806 2550 899 2578 Τοῦτό
913 2550 966 2578 ἐστ

1031 2550 1118 2579 hocce
1130 2549 1209 2577 titulo
1224 2557 1231 2576 :
1250 2548 1309 2575 Hoc
1319 2553 1359 2576 est
1372 2549 1462 2576 altare
1476 2548 1615 2576 Michaelis
1633 2548 1745 2576 cwlestia
1755 2550 1829 2576 mili-

171 2601 211 2628 τὸ
227 2599 451 2635 θυσιαστήριον
464 2599 519 2627 τοῦ
533 2597 776 2634 ἀρχιστρατήγου
790 2597 912 2632 Μιχαὴλ
926 2598 966 2624 toi

1031 2597 1076 2624 tite
1086 2595 1228 2630 principis,
1242 2595 1311 2630 quod
1327 2595 1449 2622 Andreas
1464 2594 1600 2630 apostolus
1612 2595 1712 2630 posuit.
1725 2595 1829 2623 Verum

171 2647 425 2680 ἀνατέλλοντος,
452 2646 526 2680 ὅπερ
546 2645 741 2680 ὲνεθρόνισεν
766 2645 784 2671 ὁ
806 2644 966 2672 ἀπόστολοι

1031 2641 1090 2670 haec
1109 2648 1164 2668 non
1184 2645 1251 2668 tunc
1276 2645 1353 2676 gesta
1373 2646 1448 2674 sunt,
1470 2641 1517 2669 sed
1541 2641 1587 2669 ubi
1605 2646 1700 2677 postea
1715 2641 1830 2676 longum

181 2693 341 2729 Ἀνδρέας.
359 2693 441 2720 Ἀλλὰ
461 2692 550 2720 ταῦτα
563 2692 612 2727 μὲν
625 2692 656 2719 οὑ
667 2693 729 2719 τότε
738 2711 746 2726 ,
757 2691 855 2727 χρόνου
867 2690 897 2718 δὲ
909 2698 966 2726 παρ

1036 2694 1145 2725 tempus
1155 2688 1306 2717 eilinxerat.

171 2740 344 2777 εληλυθότος
354 2739 452 2767 πολλοῦ
466 2739 530 2766 ὕστε
534 2747 591 2774 ρον.

847 2816 964 2846 νΑιιιΑς
984 2813 1188 2844 LECTIONES.

216 2895 242 2914 ²¹
260 2894 403 2922 Cedrenus
422 2902 428 2920 :
444 2891 490 2919 τὸν
503 2891 553 2926 τῆς
563 2889 696 2926 Θεοτόκου
710 2889 784 2926 ναόν.
805 2923 811 2926 _
821 2889 845 2905 “
856 2887 997 2926 gedrenns
1007 2886 1154 2926 llptbrjjy.‘
1175 2885 1198 2901 "
1212 2884 1249 2926 δὴΔ
1328 2883 1507 2926 ξ”-καὶ-δέκα]
1521 2885 1650 2915 videmur
1662 2884 1837 2915 redundare;

175 2920 437 2966 narrabis-7"st
447 2929 481 2964 τῇ
500 2920 569 2963 μόνῇ
585 2926 620 2961 τῇ
632 2925 682 2954 re?
716 2925 740 2941 ³ο
756 2925 770 2951 ὁ
784 2923 819 2952 τὰ
828 2924 874 2951 τοῦ
886 2923 897 2952 ’ί
910 2923 948 2952 cl'.
963 2924 1010 2952 61.
1086 2920 1210 2949 δύσϐατα
1225 2923 1251 2949 et
1264 2920 1429 2957 ἐπιτήδεια]
