2011 3156
197 197 232 228 35
548 204 551 207 ·
749 191 1005 224 THEOPHANES
1020 191 1303 224 CONTINUATUS.
1810 192 1845 225 36

234 249 278 276 il.
291 248 403 276 interim
417 246 570 275 revocanda
583 245 616 274 ad
631 245 786 274 institutum
798 246 887 274 oratio
900 250 952 279 est,
962 253 995 274 ac

1083 247 1129 275 ια’.
1148 246 1334 274 Ἐπανακτέον
1350 245 1379 273 δὲ
1393 245 1439 273 τὸν
1451 245 1541 280 λόγον,
1559 246 1607 273 καὶ
1622 246 1670 282 τὴν
1687 246 1778 275 αίτίαν
1795 247 1845 284 ξη-

199 295 375 331 quaercndum
392 294 458 329 quid
476 295 549 322 velut
562 301 596 322 ex
619 293 746 321 condicto
761 293 858 321 ambos
879 293 995 320 induxe-

192 344 244 376 _rit,
262 347 319 370 tutu
333 349 431 377 nempe
447 340 611 368 Michaclem
618 345 647 368 ut
661 340 727 368 nihil
742 348 832 375 operat
845 340 995 368 asserendo

197 389 250 417 sibi
268 388 384 423 imperio
400 388 527 422 hostique
544 387 696 415 obnitendo
715 387 847 421 posuerit,
864 394 927 414 cum
944 393 995 413 nec

198 434 331 466 formicae,
347 439 376 460 ut
390 434 487 468 adagio
500 433 597 464 fertur,
616 433 656 460 ire
673 433 755 466 desit;
769 437 826 459 tum
844 440 909 459 vero
926 432 996 459 Leo-

199 489 261 508 nem
275 481 356 508 utsic
370 481 499 508 audacter
519 480 586 507 illud
603 479 752 506 invaderet.
768 478 844 506 Hanc
858 479 931 506 enim
946 486 996 513 ego

200 526 372 554 verissimam
401 525 576 560 disciplinam
602 530 629 552 et
658 524 693 552 ed
718 525 843 559 politicas
872 525 996 552 actiones

199 573 425 601 exercitationem
441 572 569 604 dixerim,
584 571 820 599 evidentlssimam
839 571 878 598 rei
899 571 996 605 cujus-

199 627 252 655 que
271 627 394 652 causam,
413 626 502 654 neque
517 619 588 645 hanc
610 618 711 650 solum,
736 618 783 645 sed
806 625 867 652 quae
889 617 996 645 occulta

200 667 247 701 sit,
257 671 427 701 compertam
437 665 537 693 habere
551 674 558 698 ;
571 673 625 700 qua
636 665 689 700 22
705 664 750 700 qui
764 669 854 692 careat
867 672 899 692 ac
911 665 998 691 nuda-

201 719 246 742 tus
255 714 291 742 sit
300 713 477 741 historiarum
497 711 577 744 liber,
590 711 662 739 haud
673 712 732 739 scio
742 720 776 739 an
789 710 875 746 frugis
892 710 997 745 aliquid

201 759 350 787 lectoribus
369 759 505 786 allaturus
521 758 570 786 sit.
597 757 663 785 Erat
695 757 820 785 Michaeli
838 757 997 792 imperatori

201 805 290 833 vicina
316 804 441 839 quntdam
471 803 611 830 ancillula.
639 802 703 830 Hate
727 793 996 838 cortis'quibusdam

200 856 356 886 temporum
374 850 526 878 intervallis
545 849 639 876 furore
660 854 719 876 acta
744 857 777 876 ac
794 849 891 884 spiritu
908 849 996 877 aﬂlata

200 897 404 925 vaticinabatur
428 895 576 930 futuraque
590 894 726 923 edicebat.
741 895 793 921 Cui
809 894 843 922 ad
860 895 938 922 littus
952 895 996 922 cui

201 944 348 972 Bucoleoni
375 950 474 970 nomen
505 942 605 977 satpius
629 941 759 974 venienti,
783 941 847 969 inde
869 946 997 970 contenta
1014 931 1034 958 Β

202 991 370 1018 inclamabat
379 997 445 1017 voce
459 998 465 1016 :
479 988 613 1016 Descende
624 988 695 1022 inde,
711 988 836 1021 Michael,
848 988 976 1016 descende
987 996 997 1021 ;

143 1064 148 1077 ι
199 1046 233 1065 ac
245 1037 338 1065 alienis
352 1037 424 1069 cede,
439 1036 490 1063 has
505 1036 611 1063 scilicet
626 1036 653 1062 in
667 1042 730 1062 eum
748 1041 829 1062 voces
843 1034 997 1062 intendens.

201 1084 260 1112 Hoc
289 1083 327 1111 ita
356 1077 456 1117 saepius
484 1082 639 1110 factitatum
664 1081 705 1109 sic
728 1080 887 1115 percrebuit
900 1084 930 1107 ut
949 1088 1001 1107 nec

200 1133 300 1166 sponte
313 1131 412 1157 surdos
429 1128 546 1163 unisque
564 1128 706 1156 studentes
726 1127 788 1154 rita:
805 1126 912 1154 deliciis
929 1126 1000 1154 latu-

200 1177 265 1204 erit.
280 1175 349 1203 Sero
366 1183 432 1211 ergo
449 1175 558 1202 tandem
571 1174 604 1201 ad
624 1174 697 1209 ipsas
719 1173 893 1208 imperatoris
906 1179 998 1206 aures,

201 1223 307 1252 sinistri
321 1222 424 1257 aliquid
438 1222 559 1249 rumoris
570 1221 632 1256 ejus
647 1220 740 1248 animo
755 1221 892 1255 ingerens.
907 1227 939 1247 ea
954 1226 999 1247 res

202 1270 336 1305 pervenit.
361 1268 422 1296 Mox
441 1268 485 1296 ille
501 1267 613 1303 (lubens
628 1267 701 1295 enim
716 1266 835 1302 quisque
850 1266 934 1293 animi
950 1266 1000 1293 (Ιο‹

201 1314 287 1342 iorem
303 1313 399 1341 amicis
412 1312 531 1348 detegit)
549 1311 692 1339 Theodoto
705 1310 818 1339 cuidam
837 1310 999 1343 Melisseno,

200 1363 385 1396 cognomento
393 1358 548 1391 Cassiterae,
561 1365 618 1392 quo
629 1365 692 1386 vere
701 1357 791 1385 amico
801 1357 840 1384 uti
852 1357 1000 1389 videretur,

198 1414 272 1441 quos
287 1405 360 1433 fama
372 1406 489 1440 jactaret
507 1411 650 1433 sermones
667 1404 867 1432 eummunicat.
879 1403 904 1431 Is
919 1411 1002 1439 porro

199 1451 341 1486 singulare
368 1451 434 1486 quid
457 1458 575 1485 vereque
603 1454 692 1478 tutum
721 1450 908 1485 prtestandum
943 1457 1002 1477 mo-

203 1502 269 1532 net;
301 1505 412 1532 nempe,
429 1504 484 1531 quo
515 1502 638 1531 tempore
658 1497 749 1532 puella
761 1497 855 1524 furore
871 1496 1002 1531 corripie<

201 1549 258 1577 tur,
279 1543 371 1571 solerti
387 1550 420 1571 ex
438 1543 484 1570 illa
501 1543 632 1578 indagine
654 1543 851 1578 inquirendum
873 1549 1002 1578 quaenam

1045 294 1142 329 τητέον
1155 293 1206 329 τὴν
1222 293 1310 325 οὕτως
1330 293 1369 324 ὡς
1382 292 1412 326 ἐξ
1427 293 1558 328 όμολόγου
1575 293 1709 320 πείσασαν
1727 293 1847 329 ἀμφοτέ-

1047 348 1122 375 ρους,
1141 339 1187 366 τὸν
1202 339 1252 374 μὲν
1265 339 1376 375 Μιχαὴλ
1391 339 1454 375 μηδ’
1466 339 1534 371 ὅλως
1553 338 1624 374 ὑπὲρ
1641 339 1690 374 τῆς
1708 338 1846 375 βασιλείας

1046 386 1182 421 ἀντισχεῖν
1199 386 1309 422 (ἔνεστι
1323 386 1389 420 γὰρ,
1402 385 1440 418 ὡς
1454 387 1470 421 ἡ
1488 386 1634 422 παροιμία,
1653 387 1705 413 κᾶν
1720 386 1847 422 μύρμηκι

1047 434 1114 470 χολὴ
1124 435 1145 467 ),
1157 434 1203 460 τὸν
1218 433 1321 460 Λέοντα
1334 433 1362 460 δὲ
1376 432 1549 470 θαρρούντως
1560 433 1688 468 ἐπιϐῆναι
1703 434 1750 460 καὶ
1764 441 1847 460 κατα-

1046 480 1181 515 τολμῆσαι
1203 479 1298 515 αὐτῆς.
1323 479 1377 506 Καὶ
1391 480 1447 514 γὰρ
1463 479 1566 515 ταύτην
1583 480 1668 516 μόνην
1685 477 1794 514 εἴποιμι
1813 478 1847 506 ἂν

1047 525 1103 561 ἐγὼ
1123 524 1193 553 εἷναι
1215 526 1421 562 ἀληθινωτάτην
1438 526 1563 553 παιδείαν
1579 535 1608 552 τε
1628 527 1676 553 καὶ
1691 525 1846 561 γυμνασίαν

1048 573 1117 608 πρὸς
1128 573 1177 604 τὰς
1187 573 1332 605 πολιτικὰς
1341 573 1468 609 πράξεις,
1480 573 1530 608 τὴν
1541 573 1746 608 ἐναργεστάτην
1757 572 1846 600 αἰτίαν

1048 619 1095 646 καὶ
1109 619 1139 646 τδ
1154 619 1192 654 μὴ
1206 620 1287 655 τήνδε
1303 619 1372 646 ἀλλὰ
1384 619 1475 654 τήνδε,
1485 618 1747 654 ὲπικεκαλυμμένην
1760 626 1847 646 κατα-

1049 666 1151 702 φορὰν,
1165 665 1200 703 ἧς
1215 667 1290 693 πᾶσα
1307 665 1340 700 δὴ
1359 665 1450 701 βίόλος
1464 665 1589 700 ίστορικὴ
1606 664 1775 700 στερουμένη
1799 663 1847 691 καὶ

1048 713 1281 749 ἀπογυμνουμένη
1296 711 1345 738 οὑκ
1360 709 1408 738 οἷδ’
1423 711 1450 738 εί
1458 719 1519 738 τινα
1533 711 1628 746 όνησιν
1641 710 1778 746 παράσχοι
1791 711 1848 742 τοῖς

1048 760 1268 795 ἐντυγχάνουσιν.
1290 759 1414 794 ’Υπῆρχε
1429 757 1458 784 δὲ
1475 758 1497 774 ³⁸
1513 757 1625 793 Μιχαὴλ
1646 756 1847 793 θεραπαινίδιον

1048 817 1074 834 τι
1095 806 1251 841 πρόσοικον,
1268 805 1282 832 ὃ
1303 805 1376 832 κατά
1398 813 1475 836 τινας
1498 803 1739 839 ἑκϐακχευόμενόν
1755 812 1785 830 τε
1798 803 1848 830 καλ⁴

1049 853 1247 889 ὲνεργούμενον
1275 851 1417 888 περιόδους
1444 850 1615 885 ἀπεφοίϐαζέ
1643 859 1673 877 τε
1691 850 1739 877 καὶ
1763 850 1848 885 ἐμαν-

1048 901 1153 935 τεύετο,
1179 894 1233 927 οιαὶ
1261 899 1330 934 πρὸς
1361 898 1400 934 τῷ
1428 897 1475 925 τοῦ
1508 897 1703 930 Βουκολέοντος
1732 896 1849 932 αἰγιαλῷ

1049 946 1236 983 προσφοιτῶν,
1252 944 1401 979 Κατάϐηθι
1413 944 1540 976 ἐκεῖθεν,
1557 944 1712 978 κατάϐηθι,
1729 943 1850 979 γεγωνό⁵

1048 1002 1140 1029 τερον,
1164 989 1188 1020 ὦ
1211 991 1346 1026 Μιχαὴλ,
1373 991 1496 1023 ἐπεϐόα,
1523 990 1574 1017 καὶ
1601 989 1661 1016 τῶν
1683 989 1849 1024 ἀλλοτρίων

1049 1039 1224 1074 ἀφίστασο,
1246 1036 1315 1072 πρὸς
1344 1036 1426 1063 αὑτὸν
1453 1037 1486 1071 δὴ
1513 1036 1608 1063 τοῦτον
1638 1034 1849 1072 ἁπορῤιπτοῦσα

1050 1085 1153 1121 φωνάς.
1175 1085 1234 1111 Οὐκ
1257 1083 1336 1110 ἔλαθε
1360 1082 1426 1118 γοῦν
1449 1082 1529 1110 τοῦτο
1552 1081 1682 1114 πολλάκις
1704 1082 1849 1117 γενόμενον

1050 1131 1111 1158 οὐδὲ
1125 1131 1188 1163 τοὺς
1206 1129 1387 1163 ἐθελοκωφεῖν
1403 1129 1546 1161 ἐθέλοντας
1560 1129 1608 1155 καὶ
1622 1129 1668 1155 τὸν
1685 1128 1742 1164 βίον
1759 1137 1849 1164 παρα-

1050 1177 1172 1213 πέμπειν
1187 1176 1366 1211 εὐφρόσυνον,
1386 1175 1444 1202 ἀλλ’
1465 1175 1582 1210 ἔφθασεν
1597 1174 1646 1209 ὀψὲ
1660 1174 1726 1209 γοῦν
1746 1174 1785 1204 είς
1798 1173 1849 1205 τὰς

1051 1223 1196 1260 βασιλικὰς
1209 1223 1294 1255 ἀκοὰς
1308 1242 1315 1254 ,
1331 1221 1414 1258 θροῦν
1427 1222 1475 1248 καὶ
1489 1222 1587 1248 λαλιάν
1601 1230 1661 1248 τινα
1673 1222 1724 1248 οὐκ
1738 1220 1849 1247 εὔελπιν

1051 1269 1195 1306 ἐμποιοῦν.
1224 1269 1277 1295 Καὶ
1302 1267 1332 1300 ὃς
1359 1268 1454 1303 (φιλεῖ
1479 1268 1532 1303 γὰρ
1556 1267 1671 1298 ἕκαστος
1688 1267 1718 1294 τὸ
1744 1264 1848 1292 λυποῦν

1051 1317 1239 1354 ὲκπομπεύειν
1250 1309 1307 1349 τοῖς
1318 1314 1513 1351 φιλουμένοις)
1528 1313 1648 1349 Θεοδότῳ
1660 1312 1715 1339 τινὶ
1728 1311 1769 1347 τῷ
1776 1311 1849 1339 κατὰ

1050 1365 1097 1393 τὸν
1122 1363 1296 1398 Μελισσηνδν
1321 1363 1427 1398 γνησίῳ
1449 1361 1588 1394 δοκοῦντι,
1617 1357 1639 1395 ᾧ
1664 1358 1810 1394 ἐπώνυμον
1835 1359 1850 1384 ό

1052 1411 1237 1447 Κασσιτερᾶς,
1264 1410 1300 1437 τὰ
1320 1410 1375 1437 τῶν
1395 1409 1483 1444 λόγων
1505 1406 1696 1439 ἀνεκοινοῦτο,
1719 1406 1765 1433 καί
1789 1413 1852 1433 τινα

1053 1458 1151 1494 βουλὴν
1167 1456 1330 1489 ὲξανὺεσθαι
1355 1454 1555 1490 ὲσυμόούλευεν
1577 1453 1671 1480 αἰσίαν
1695 1452 1781 1484 ὅντως
1804 1453 1852 1478 καὶ

1051 1502 1173 1538 ἀσφαλῆ.
1192 1503 1225 1530 Ἦ
1240 1502 1269 1528 δὲ
1282 1499 1316 1537 ἦν
1330 1500 1378 1528 τοῦ
1391 1500 1462 1528 κατὰ
1475 1499 1521 1527 τὸν
1538 1498 1634 1535 καιρὸν
1650 1499 1695 1526 ὅτε
1711 1497 1743 1533 δὴ
1757 1496 1853 1532 φοιὸό-

1051 1550 1156 1585 ληπτον
1176 1547 1289 1584 γένηται
1308 1547 1339 1574 τὸ
1355 1546 1499 1582 κοράσιον,
1523 1544 1739 1580 ἀκριϐολογῆσαι
1758 1541 1853 1578 τρόπῳ

201 1589 289 1618 futuri
314 1590 488 1627 imperatoris
513 1589 616 1617 familia
640 1596 798 1624 nomenque
823 1597 856 1617 ac
874 1588 1000 1624 corporis

1052 1595 1137 1622 παντὶ
1150 1594 1191 1626 τίς
1203 1602 1233 1621 τε
1244 1593 1288 1629 είη
1303 1592 1377 1620 οίκία
1393 1591 1440 1619 τοῦ
1458 1590 1678 1627 βασιλεύσοντοξ,
1695 1590 1742 1617 καὶ
1755 1589 1853 1624 κλῆσιν

202 1638 290 1673 figura
315 1638 362 1664 sit.
391 1636 498 1664 Placuit
516 1636 666 1664 consilium
687 1644 695 1669 ;
724 1635 878 1670 mulierque
899 1635 999 1670 spiritu

201 1683 353 1720 Pythonico
364 1683 452 1711 amata
468 1683 542 1710 nulla
554 1689 631 1710 mora
645 1681 686 1710 sic
702 1681 872 1717 percontanti
887 1688 1001 1716 respon-

201 1730 248 1758 det
260 1739 267 1757 :
283 1729 351 1758 Cum
363 1730 400 1757 ad
409 1738 510 1761 arcem,
522 1729 623 1764 inquit,
635 1728 686 1756 tali
699 1733 815 1763 tempore
824 1728 935 1761 veneris,
947 1727 1000 1755 duo

201 1776 312 1814 quidam
324 1776 470 1811 ingressuri
484 1779 546 1803 sunt
558 1783 568 1803 :
585 1775 665 1802 unius
679 1782 774 1802 nomen
791 1774 853 1807 Leo,
868 1775 914 1810 qui
927 1774 1000 1801 mqu

202 1823 323 1856 vehatur,
345 1823 458 1850 alterius
473 1821 530 1848 alia
551 1822 715 1857 nuncupatio
729 1830 739 1849 :
763 1823 786 1850 is
806 1830 887 1857 porro
901 1826 940 1849 es!
955 1823 1001 1854 qui

202 1869 314 1904 imperio
328 1869 455 1903 potietur.
469 1867 532 1895 llatc
545 1868 638 1902 itaque
646 1867 876 1896 sceleratissimus
889 1868 942 1904 33
956 1868 1001 1896 ille

204 1914 364 1950 imperatori
378 1914 490 1942 audisse
501 1914 605 1949 deierat
623 1922 630 1941 :
653 1921 705 1942 nec
719 1922 812 1942 rerum
827 1922 890 1950 quae
915 1921 1000 1950 geste

201 1964 282 1989 erant
292 1961 443 1996 quidquam
458 1960 590 1995 laquitur,
600 1960 648 1988 sed
664 1967 763 1996 nugas,
773 1968 806 1988 ae
817 1961 918 1996 quibus
932 1961 1001 1988 nihil

203 2006 307 2035 inesset
325 2007 397 2040 sani,
412 2006 537 2034 mulieris
552 2013 695 2034 sermones
710 2010 800 2034 vocat.
816 2006 896 2034 Haud
911 2007 1001 2034 enim-

201 2061 268 2081 vero
287 2053 349 2088 ipse
372 2059 510 2088 nugarum
531 2052 593 2080 loco
616 2052 712 2080 habuit
735 2056 784 2080 aut
806 2057 911 2080 temere
923 2052 1000 2081 funal

202 2106 286 2127 voces
300 2098 479 2126 existimavit.
492 2099 556 2126 Abit
568 2098 642 2126 enim
657 2097 762 2132 statim,
777 2106 811 2126 ac
823 2099 894 2127 sicut
907 2100 1001 2127 audie-

203 2150 248 2174 rat
269 2144 298 2172 in
315 2143 348 2171 Β.
374 2144 452 2172 Pauli
477 2144 592 2172 delubro
609 2144 722 2180 pupillis
745 2145 851 2175 alendis
863 2147 1000 2176 destinato

202 2191 294 2218 virum
310 2190 462 2224 oil‘cndens,
477 2190 634 2226 collatoque
652 2198 781 2220 sermone
790 2200 824 2221 ac
843 2193 907 2222 data
921 2196 1000 2222 acce-

203 2243 304 2273 ptaque
330 2237 393 2270 ilde,
415 2237 544 2273 bonoque
565 2241 594 2265 et
611 2237 705 2266 ﬁdenti
730 2239 823 2268 animo
839 2247 901 2269 esse
922 2241 1000 2268 illum

1053 1643 1150 1678 ἦντινα
1165 1640 1255 1676 φέρει,
1269 1640 1316 1667 καὶ
1330 1640 1422 1671 ὁποῖος
1432 1639 1530 1666 τοῦτου
1546 1638 1560 1664 ό
1573 1637 1728 1673 χαρακτήρ.
1750 1635 1853 1663 Ἐδόκει

1052 1689 1141 1717 ταῦτα
1157 1689 1256 1721 ποιεῖν,
1268 1687 1317 1714 καὶ
1334 1687 1351 1722 ἡ
1368 1685 1554 1721 ἐνεργουμένη
1571 1684 1708 1720 πνεύματι
1726 1683 1853 1716 Πύθωνος

1053 1735 1130 1764 οὐδὲν
1149 1733 1366 1770 ὑποστειλαμένη
1378 1755 1385 1767 ,
1400 1733 1481 1761 Κατὰ
1496 1731 1554 1766 τὴν
1577 1732 1755 1766 ἀκρόπολιν,
1775 1731 1853 1766 φησὶ,

1053 1782 1205 1818 γενομένῳ
1227 1788 1278 1808 σοι
1303 1779 1382 1807 κατὰ
1399 1779 1454 1806 τὸν
1471 1778 1555 1806 δεῖνα
1575 1777 1681 1812 καιρὸν
1703 1777 1758 1804 δύο
1772 1775 1854 1808 τινὲς

1053 1827 1204 1862 ἄνθρωποι
1225 1824 1466 1853 εἰσελεύσονται·
1479 1822 1564 1851 Λέων
1577 1821 1670 1856 ὄνομα
1685 1819 1726 1853 τῷ
1739 1819 1785 1847 ἐνὶ
1799 1819 1854 1846 ἐπ-

1053 1874 1209 1910 οχουμένῳ
1220 1872 1346 1908 ἡμιόνῳ,
1359 1869 1472 1903 θατέρῳ
1485 1867 1519 1896 δὲ
1530 1867 1642 1902 ἕτερον’
1652 1863 1742 1899 οὗτος
1753 1865 1787 1892 δὲ
1797 1863 1855 1900 τῆς

1051 1920 1218 1954 βασιλείας
1236 1915 1514 1953 κατευμοιρήσειειν.
1532 1914 1627 1942 ταῦτα
1639 1913 1705 1948 γοῦν
1722 1913 1824 1944 ἐκεῖνος
1839 1912 1854 1938 ό

1051 1967 1186 2004 θεομισὴς
1201 1965 1271 2001 ἀνὴρ
1289 1963 1437 2000 ἐξόμνυταί
1462 1971 1494 1990 τε
1509 1961 1578 1998 πρδς
1598 1960 1645 1988 τὸν
1667 1957 1785 2004 βασιλέα
1806 1957 1855 1984 καὶ

1053 2014 1129 2048 λέγει
1146 2012 1203 2040 τῶν
1225 2010 1385 2046 γενομένων
1404 2009 1493 2042 οὐδὲν,
1511 2008 1595 2043 λῆρον
1618 2005 1648 2032 δι
1671 2005 1737 2037 τοὺς
1758 2003 1856 2038 λόγους

1052 2058 1188 2086 ἀποκαλεῖ
1198 2057 1246 2085 καὶ
1262 2056 1348 2093 μηδὲν
1363 2055 1475 2090 ἔχοντας
1489 2053 1575 2088 ὑγιές.
1601 2051 1672 2078 Ἀλλ’
1686 2051 1738 2078 οὐκ
1757 2049 1856 2085 ἐκείνῳ

1053 2106 1132 2142 λῆροι
1146 2104 1164 2140 ἢ
1188 2103 1286 2139 ἔμετος
1302 2101 1405 2133 ἄλλως·
1432 2100 1526 2127 ἄπεισι
1549 2098 1605 2133 γὰρ
1621 2096 1721 2131 εὐθὺς,
1739 2097 1787 2124 καὶ
1808 2096 1855 2123 τὸν

1054 2151 1138 2187 ἄνδρα
1150 2150 1193 2187 [Ρ.
1204 2148 1249 2185 15]
1262 2148 1301 2180 ὡς
1311 2146 1438 2182 ἀκηκόει,
1452 2143 1617 2172 καταλαϐὼν
1628 2144 1658 2170 εν
1667 2143 1707 2177 τῷ
1719 2143 1767 2170 τοῦ
1780 2142 1855 2170 θείου

1054 2197 1163 2225 Παύλου
1183 2194 1260 2231 σηκῷ
1278 2193 1316 2230 τῷ
1339 2192 1478 2229 ὀρφανοὺς
1497 2191 1611 2228 τρέφειν
1629 2189 1741 2226 λαχόντι
1755 2210 1763 2222 ,
1789 2197 1856 2218 συν-

1055 2243 1183 2279 εδριάσας
1195 2242 1244 2268 καὶ
1254 2240 1413 2276 ὁμολογίαις
1425 2237 1644 2273 κατεμπεδώσας
1657 2236 1705 2264 καὶ
1712 2236 1857 2272 ὀχυρώσας

202 2283 312 2319 iubens,
321 2283 442 2311 divinam
454 2284 507 2312 sibi
515 2284 542 2312 in
554 2289 662 2313 secreto
671 2285 806 2313 detectam
819 2294 912 2315 vocem
923 2287 1000 2321 dixit,

1056 2290 1104 2317 καὶ
1117 2287 1231 2324 θαρρεῖν
1243 2286 1290 2313 καὶ
1304 2285 1411 2322 χαίρειν
1427 2282 1716 2320 παρακελευσάμενος,
1732 2283 1765 2309 ἐκ
1779 2281 1858 2314 θείας

202 2337 265 2366 quae
279 2329 356 2357 illum
370 2330 565 2366 imperatorem
578 2330 638 2359 fore
648 2332 724 2360 clare
737 2332 925 2362 denuntiaret.
937 2333 1002 2363 Haec

203 2383 269 2412 ergo
283 2376 417 2406 secretius
434 2381 462 2405 ct
473 2377 510 2405 ad
529 2386 624 2406 aurem
640 2378 725 2413 dicta,
742 2379 871 2415 velutque
886 2380 1000 2408 secundi

202 2423 311 2452 colores
335 2423 346 2460 (
364 2423 403 2451 uti
418 2423 476 2452 fere
498 2424 525 2452 in
542 2424 648 2460 pictura
665 2425 717 2462 fit)
742 2426 880 2461 prioribus
894 2426 1001 2455 umbris

204 2468 301 2504 majori
325 2469 503 2504 expressioue
522 2469 621 2504 adjeeli
636 2471 683 2506 (iis
701 2471 806 2499 scilicet
820 2479 881 2507 quat
903 2471 1000 2500 Philo-

204 2515 279 2542 meiii
292 2515 445 2543 monachus
460 2515 578 2550 primum
596 2516 764 2544 vaticinatus
779 2523 838 2545 erat
849 2516 870 2553 ),
887 2517 927 2544 sic
941 2517 1000 2544 alii-

203 2560 280 2589 ciunt
305 2565 335 2589 ut
358 2569 415 2588 non
443 2562 519 2590 inani
538 2562 596 2597 jam
614 2562 707 2597 specie
727 2562 848 2598 exilique
882 2563 1002 2597 quadam

202 2607 446 2643 repraesentatione
458 2615 490 2636 ac
505 2608 655 2637 simulacro
665 2608 813 2643 imperium
827 2609 941 2642 videret,
956 2609 1004 2637 sed

203 2652 307 2681 nudum
325 2660 357 2681 ac
369 2653 444 2681 velut
457 2654 532 2683 clare
549 2661 582 2681 eo
595 2653 701 2689 potitus
713 2658 798 2682 esset.
816 2654 854 2681 Ea
865 2653 949 2689 igitur
960 2662 1005 2682 res

202 2705 288 2734 prope
311 2704 467 2727 emortuam
491 2707 524 2728 ac
539 2699 613 2727 velut
629 2699 806 2734 elanguidam
824 2699 925 2728 Leonis
947 2701 1005 2736 spei

202 2745 341 2774 flammam
360 2747 439 2774 novis
454 2745 601 2774 ardoribus
619 2746 755 2780 accendit,
778 2747 888 2782 altaque
899 2748 1006 2776 moesti-

203 2791 310 2820 tudinis
320 2793 422 2829 abysso
429 2792 591 2821 Michaelem
602 2792 710 2825 mersit,
719 2797 802 2828 atque
810 2793 884 2821 illius
894 2794 1004 2829 quidem

202 2839 288 2868 animi
309 2841 395 2868 robur
411 2840 509 2872 erexit,
527 2839 610 2875 hujus
631 2846 697 2867 vero
712 2840 833 2875 graviter
850 2841 1002 2868 Concussit.

1056 2337 1150 2373 φωνῆς
1162 2337 1254 2371 ἔλεγεν
1265 2335 1423 2371 διδαχθῆναί
1437 2343 1471 2370 με
1482 2334 1649 2370 ἀποῤῥήτως
1663 2333 1698 2360 τὰ
1712 2332 1858 2368 μέλλοντα,

1054 2384 1104 2420 τήν
1117 2392 1146 2410 σε
1162 2382 1276 2419 βασιλέα
1291 2380 1460 2417 διαπρυσίως
1472 2380 1673 2416 κηρύττουσαν.
1686 2377 1780 2405 Ταῦτα
1791 2377 1860 2413 γοῦν

1055 2427 1264 2463 ὕπολαληθέντα
1278 2427 1326 2454 καὶ
1341 2424 1398 2453 οἷον
1417 2425 1534 2462 δεύτερά
1549 2433 1609 2451 τινα
1625 2423 1760 2460 χρώματα
1774 2422 1813 2453 ὡς
1829 2422 1860 2449 ἐν

1055 2473 1203 2509 ζωγραφίᾳ
1234 2473 1296 2505 ταῖς
1332 2471 1484 2508 προτέραις
1518 2468 1737 2505 ὲμμορφωθέντα
1765 2468 1860 2500 σκιαῖς

1056 2519 1176 2555 (ὲκείνας
1194 2518 1268 2553 λέγω
1284 2517 1397 2554 πρώτας
1411 2517 1460 2548 τὰς
1472 2516 1496 2532 ’⁸
1511 2515 1564 2542 ὑπὸ
1581 2514 1628 2541 τοῦ
1651 2513 1723 2540 κατὰ
1737 2513 1767 2540 τὺ
1781 2512 1859 2539 Φιλο-

1059 2565 1156 2602 μήλιον
1173 2564 1293 2601 μοναχοῦ
1316 2562 1517 2599 ὲκφανθείσας)
1530 2561 1623 2588 οὐκέτι
1641 2561 1671 2587 ἐν
1693 2560 1795 2595 εἰδώλῳ
1811 2560 1861 2587 καὶ

1057 2610 1177 2646 ἑμφάσει
1193 2609 1247 2637 τινὶ
1264 2610 1373 2644 ἐμποιεῖ
1387 2607 1438 2643 τὴν
1459 2605 1600 2642 βασιλείαν
1614 2605 1691 2641 ὀρᾷν,
1709 2605 1818 2640 γυμνὴν
1831 2605 1861 2631 δὲ

1058 2657 1106 2684 καὶ
1129 2655 1185 2683 οἷον
1201 2657 1230 2683 ὲν
1246 2655 1360 2683 ἐκϐάσει
1386 2653 1490 2688 σαφῶς.
1513 2651 1600 2678 Τοῦτο
1620 2650 1667 2677 οὖν
1689 2651 1740 2685 τήν
1762 2659 1791 2676 τε
1807 2650 1861 2686 ἢδη

1059 2702 1293 2739 κατῃθαλωμένην
1303 2700 1351 2727 τοῦ
1364 2700 1478 2730 Λέοντος
1488 2698 1537 2725 καὶ
1548 2693 1604 2725 οἷον
1612 2695 1862 2732 ἀπομαρανθεῖσαν

1061 2749 1149 2784 φλόγα
1170 2750 1220 2783 τῆς
1245 2747 1352 2778 ἐλπίδος
1375 2744 1564 2780 ὑποτύφεσθαι
1590 2743 1721 2778 ἐποίησεν
1745 2742 1793 2769 καὶ
1814 2742 1863 2769 τὸν

1060 2794 1171 2830 Μιχαὴλ
1184 2795 1214 2820 ἐν
1226 2793 1338 2828 ὰὸύσσῳ
1349 2792 1469 2828 ἀθυμίας
1480 2790 1629 2818 καταδῦναι
1644 2789 1740 2824 πολλῇ,
1753 2788 1800 2815 καὶ
1811 2787 1861 2814 τοῦ

1062 2842 1111 2876 μὲν
1125 2841 1176 2875 τῆς
1189 2840 1279 2876 ψυχῆς
1293 2839 1400 2876 πύργον
1413 2837 1574 2874 ἀνέστησεν,
1588 2837 1636 2864 τοῦ
1656 2836 1685 2863 δὲ
1699 2834 1862 2870 ὲγκατέσει-

852 2888 893 2916 VA
899 2887 968 2915 BHE
985 2886 1189 2916 LECTIONES'.

238 2933 260 2949 “
277 2932 317 2971 δὲ]
333 2933 362 2960 δὲ
374 2931 435 2968 τῷἳ
487 2933 509 2949 ¹⁹
524 2932 572 2964 τὰς
589 2939 645 2961 om.
665 2933 698 2959 P.
