2011 3156
157 173 187 205 37
736 171 811 202 LIB.
833 171 857 201 Ι.
880 182 910 187 -
925 168 998 200 LEO
1013 170 1225 203 A'RMENIUS.

1761 177 1797 210 38

156 240 203 259 eu.
220 231 258 258 Οὐ
274 230 354 258 τοῦτο
366 230 394 258 δὲ
407 230 489 266 μόνον
499 229 529 256 τὺ
543 228 666 264 γύναιον,
682 228 751 256 ἀλλά
763 228 795 263 δὴ
809 229 823 255 ὀ
833 236 945 261 πιστευ-

1005 230 1057 258 Nec
1074 228 1163 257 solum
1181 229 1353 262 muliercula,
1373 230 1421 258 sed
1442 234 1469 258 et
1488 231 1533 266 qui
1550 232 1629 260 [idem
1645 233 1793 266 mernrrat.

155 277 205 310 (tsi;
220 278 268 304 καὶ
283 277 459 312 ἐξαπατήσας
476 276 515 311 τῷ
529 275 586 303 δντι
601 275 787 309 Κασσιτερᾶς.
810 273 881 302 Ἀλλ’
899 273 947 300 αὒ-

156 323 192 355 θις
206 324 254 350 ἐπὶ
269 323 319 359 τὴν
334 323 455 359 ἱστορίαν
472 322 552 350 ἰτέον.

191 370 236 402 Ὠς
250 370 272 397 δ’
287 368 335 397 οὖν
350 370 398 405 τὴν
405 368 594 404 αὐτοκράτορα
602 368 713 402 εἴληφεν
725 368 740 394 ό
753 366 832 394 Λέων
845 366 946 402 ἀρχὴν,

155 416 317 452 ἀναρρηθεὶς
329 415 448 451 δημοσίᾳ⁸
463 414 535 441 κατὰ
560 413 606 441 τὸν
628 413 737 440 Ἰούλιον
750 412 824 448 μῆνα
847 412 897 447 τῆς
921 410 948 442 ς’

157 462 328 494 ίνδικτιῶνος.
341 460 453 496 Μιχαὴλ
468 459 518 495 μὲν
533 459 580 486 τὸν
593 459 644 495 τὴν
669 458 794 493 γλῶτταν
817 457 948 491 ὑποσυρί-

155 509 232 541 Carm
244 509 278 544 τῇ
291 507 346 535 τῶν
359 506 514 542 πατρικίων
531 505 712 541 ὲγκαταλέγει
733 505 814 541 τιμῇ,
830 504 877 531 τὸν
892 504 948 531 υἱὸν

155 553 234 584 αὐτοῦ
250 555 383 591 πρότερον
399 555 432 580 ἐκ
448 553 495 580 τοῦ
519 552 593 580 θείου
609 551 724 588 λουτροῦ
750 551 948 586 υἱοποιησάμε-

155 611 205 635 νος,
221 601 325 636 Θωμᾶν
338 601 367 628 δὲ
382 600 429 627 τὸν
442 599 540 627 ἑαυτοῦ
554 599 738 635 διαφερόντως
757 598 878 634 ὁμήλικα
900 597 949 624 καὶ

153 648 347 684 ωμπαῖστορα
369 647 423 674 τῶν
450 646 618 681 φοιδεράτων
640 645 819 680 τουρμάρχην
848 644 949 679 ἐγκαθ-

155 696 222 731 ιπᾷ.
242 695 298 721 Καὶ
312 693 440 729 Μανουὴλ
457 693 485 720 δὲ
515 693 561 721 τὸν
589 692 700 729 Μιχαὴλ
718 691 949 728 πρωτοστράτορα

155 742 309 778 πατρικίοις
323 739 510 775 ὲγχαταλέξας
525 740 572 767 καὶ
592 739 746 775 στρατηγὸν
760 739 880 774 τιμήσας
895 739 948 765 τῶν

161 787 321 823 Ἀρμενίων,
340 787 401 814 Οὐκ
415 786 476 814 ἔδει
489 793 538 819 σε,
552 786 617 820 ἔφη,
633 785 708 820 πρὸς
724 786 776 813 τὸν
792 786 857 812 κατ’
873 785 947 820 ἐμοῦ

155 833 328 863 ὁπλίζεσθαι
356 832 502 866 πόλεμον,
528 830 948 865 σύμϐουλον-τοῦβιισιλέως

154 880 200 908 καὶ
218 880 275 914 τῆς
291 879 464 914 Προκοπίας
492 878 666 914 γενόμενον.
691 878 746 905 Καὶ
757 877 786 909 ὃς
807 877 839 905 εὖ
868 877 948 912 μάλι-

155 936 204 955 στα
220 925 487 964 παρρησιαζόμενος,
510 924 671 952 hct/1‘0st
688 924 726 951 σὲ
740 924 814 957 ἔδει,
825 924 947 960 ὰντέφη-

155 983 209 1007 etv,
230 975 306 1001 κατὰ
322 973 375 1000 τοῦ
388 971 558 1007 εὐεργέτου,
584 972 628 998 ἑτι
645 971 680 998 δὲ
698 971 749 998 καὶ
779 971 950 998 συν-τέκνου

155 1029 224 1053 σου,
236 1020 319 1055 χεῖρα
329 1018 466 1053 ἀντᾶραι.
478 1019 546 1046 Τότε
563 1018 612 1054 μὲν
622 1017 669 1044 οὖν
680 1017 787 1050 τούτοις
797 1017 948 1052 κατεσιγά-

145 1057 216 1102 ’σθη,
233 1068 282 1103 τὴν
293 1067 338 1094 τοῦ
355 1066 450 1102 ἀνδρὸς
464 1065 600 1096 αἰδεσθεὶς
617 1065 730 1101 ἀρετήν.

189 1113 234 1149 ιγ’.
257 1114 301 1145 Ὠς
315 1113 344 1139 δὲ
359 1113 405 1139 τὸν
416 1112 470 1138 τῶν
484 1111 649 1146 Βουλγὰρων
664 1110 784 1147 ἄρχοντα
801 1110 835 1145 τῇ
850 1118 949 1144 προτε-

154 1161 218 1196 ραίᾳ
242 1161 309 1196 νίκῃ
333 1157 607 1195 φρονηματιζόμενον
621 1157 779 1193 διακήκοεν,
807 1158 855 1184 καὶ
870 1154 950 1185 αὖθις

156 1206 268 1244 δῃοῦντα
288 1205 340 1241 μὲν
355 1205 403 1240 τὴν
423 1205 533 1239 γείτονα
547 1204 609 1239 γῆν,
630 1203 760 1239 κείροντα
780 1203 808 1230 δὲ
823 1203 870 1230 καὶ
884 1203 949 1238 λεη-

155 1253 285 1281 λατοῦντα
302 1253 365 1287 τοὺς
379 1252 482 1288 ἀγροὺς
500 1252 547 1278 καὶ
559 1251 644 1278 πολλὰ
658 1251 706 1286 μὲν
720 1250 845 1286 σώματα,
864 1249 950 1277 πολλὰ

153 1299 180 1326 δὲ
191 1298 357 1334 βοσκήματα
389 1297 617 1331 καθαρπάζοντα,
643 1297 766 1332 οἰκήσεις
778 1295 801 1322 δ’
813 1295 949 1330 ἑτέρωθεν

153 1343 390 1379 κατεμπιπρῶντα
407 1344 455 1370 καὶ
479 1343 547 1374 ὅλως
571 1342 638 1369 ὅντα
661 1342 813 1377 ἀφόρητον.
839 1341 950 1377 πρῶτον

154 1391 203 1425 μὲν
216 1391 272 1417 δεῖν
286 1389 365 1426 ᾠήθη
381 1390 426 1417 διὰ
441 1389 590 1425 πρεσδείας
606 1388 719 1424 εἰρήνης
728 1387 884 1423 ἀναμνῆσαι
900 1387 950 1414 αὺ-

152 1437 208 1469 τὸν,
221 1436 261 1467 ὡς
275 1436 298 1463 δ’
311 1436 362 1463 οὐκ
379 1435 498 1467 ἔπεισεν,
516 1434 552 1462 τὰ
567 1436 622 1462 τῶν
649 1434 747 1470 τειχῶν
767 1434 951 1470 διεῤῥυηκότα

151 1483 184 1510 δι’
201 1481 301 1509 ἑαυτοῦ
318 1481 602 1517 ἀνοικοδομησάμενος
617 1480 756 1516 ἐξεϐοήθει
769 1480 814 1508 διὰ
832 1481 949 1516 ταχέων,

152 1530 200 1557 καὶ
216 1529 365 1564 γενόμενος
381 1528 411 1554 ὲν
425 1528 595 1564 Μεσημϐρίᾳ
612 1529 646 1564 τῇ
665 1527 742 1555 πόλει
755 1527 870 1564 τοιούτῳ
893 1527 949 1554 τινὶ

997 277 1150 305 Cassiteras
1162 295 1170 307 ,
1186 283 1218 304 ac
1234 283 1296 304 vere
1309 276 1462 312 deceperat.
1480 278 1579 306 Verum
1594 279 1693 308 iterum
1714 281 1796 309 nobis

998 322 1163 351 resumenda
1180 322 1346 350 narrationis
1366 324 1453 351 series
1471 329 1522 351 est.

1033 369 1077 396 η.
1096 368 1196 396 Rerum
1213 369 1304 403 itaque
1320 377 1456 398 summam
1472 370 1586 404 adeptus
1607 371 1661 399 Leo
1685 380 1719 400 ac
1737 373 1790 401 im-

1000 418 1111 448 perator
1123 414 1231 448 publice
1249 415 1428 448 acclamatus,
1444 423 1537 444 mense
1548 417 1630 446 Julio.
1643 418 1798 447 indictione

1000 465 1089 493 sexta,
1105 460 1268 487 Micharlem
1287 460 1400 488 Balbum
1417 462 1532 496 patricia
1547 468 1628 498 auget
1640 464 1793 498 dignitate;

998 506 1080 540 cujus
1096 506 1179 534 etiam
1191 507 1269 541 prius
1283 515 1299 534 e
1315 515 1394 535 sacro
1410 507 1485 536 l‘onte
1502 509 1587 537 illium
1604 510 1794 546 adoptaverat.

999 552 1056 589 24
1070 552 1202 581 Thomam
1216 558 1319 586 autem,
1334 555 1510 589 singulariter
1526 562 1694 584 coaetaneum
1713 566 1794 587 suum

998 607 1031 627 ac
1052 607 1116 626 cum
1132 607 1188 635 quo
1203 600 1313 635 juvenis
1329 601 1421 629 fuerat
1441 603 1582 634 educatus,
1599 598 1797 633 fmderatorum

997 645 1139 673 tribunum
1169 646 1320 674 constituit.
1349 647 1501 675 Mauuelem
1518 657 1629 684 quoque
1651 650 1794 679 Michaelis

999 697 1224 727 protostratorem
1250 694 1373 728 patriciis
1400 695 1512 731 adlegit,
1545 695 1798 733 Armeniorumque

999 740 1070 767 duce
1084 739 1248 772 constituto.
1266 740 1329 767 Non
1343 745 1368 768 te
1393 741 1512 776 decebat,
1530 743 1630 776 inquit,
1651 744 1791 771 adversum

1001 793 1041 812 me
1053 793 1129 812 arma
1145 794 1249 813 sumen
1271 794 1302 813 ac
1318 787 1474 822 imperatori
1499 795 1523 816 et
1549 789 1688 825 Pracopia:
1705 791 1796 817 carisi-

999 830 1066 858 lium
1082 831 1209 864 prwbere.
1225 833 1265 860 Ad
1282 841 1365 867 quem
1382 834 1427 862 ille
1439 843 1546 862 summa
1564 844 1628 863 usus
1645 837 1792 865 libertate:

1000 877 1035 903 At
1065 885 1147 912 neque
1164 882 1199 911 te,
1215 878 1315 913 inquit,
1341 880 1449 907 decebat
1471 882 1598 908 adversm
1628 891 1688 910 eum
1707 892 1723 910 α
1744 892 1795 919 quo

1002 924 1128 959 beneﬁcio
1145 925 1256 959 aﬁ‘ecms
1273 933 1343 953 esses
1355 947 1362 959 ,
1393 927 1427 953 ad
1446 927 1502 954 lia’c
1529 937 1588 955 vero
1617 930 1663 964 qui
1689 934 1714 957 et
1734 936 1795 957 tum

1001 975 1135 1004 compater
1147 972 1294 1004 exsisteret,
1319 980 1428 999 manum
1453 973 1549 1001 levare.
1578 974 1656 1002 Tunc
1685 976 1794 1010 quidem

1000 1017 1056 1045 Leo
1085 1018 1129 1046 his
1143 1018 1246 1047 auditis
1266 1019 1415 1052 obmutuit,
1432 1021 1482 1048 viri
1503 1022 1636 1050 reveritus
1653 1023 1794 1052 virtutem.

1035 1107 1080 1136 i5.
1092 1107 1143 1135 Ubi
1153 1113 1246 1136 autem
1255 1108 1436 1144 Bulgarorum
1448 1110 1599 1146 principem
1611 1112 1746 1147 superiori
1753 1113 1796 1141 vi-

1001 1152 1088 1180 ctoria
1107 1153 1210 1180 elatum
1231 1153 1408 1189 majoresque
1428 1155 1543 1189 spiritus
1567 1157 1714 1184 ducentem
1729 1158 1797 1185 vici-

1001 1206 1064 1226 nam
1095 1206 1193 1227 rursus
1216 1199 1323 1227 audivit
1349 1205 1459 1229 vastare
1484 1202 1626 1237 regionem
1658 1208 1686 1230 et
1712 1211 1795 1238 agros

1000 1244 1139 1272 demetere
1164 1251 1197 1272 ac
1212 1245 1336 1280 populari
1363 1246 1534 1282 multamque
1565 1252 1623 1274 tum
1651 1248 1795 1276 hominum

1001 1295 1059 1318 tum
1077 1298 1207 1325 pecorum
1236 1291 1357 1325 praedam
1383 1299 1475 1326 agere,
1491 1293 1644 1328 domosque
1664 1299 1796 1329 praeterea

1001 1337 1159 1371 incendere,
1175 1345 1208 1365 ac
1221 1338 1337 1366 omnino
1355 1339 1556 1367 intolerabilem
1586 1347 1660 1372 esse,
1677 1341 1796 1375 primum

1000 1383 1112 1418 quidem
1128 1391 1219 1419 operte
1233 1384 1352 1419 pretium
1368 1384 1450 1412 duxit
1466 1385 1553 1412 missa
1565 1385 1702 1420 legatione
1716 1385 1796 1414 οωοῆ

1000 1437 1034 1457 ac
1052 1429 1127 1464 pacis
1143 1430 1301 1457 admonere.
1319 1430 1372 1458 Ubi
1396 1434 1488 1458 autem
1515 1431 1583 1458 nihil
1606 1432 1715 1459 ba'bari
1741 1432 1798 1461 iras

1001 1476 1118 1510 inﬂexit,
1137 1477 1229 1505 diruta
1250 1478 1383 1505 moenium
1408 1485 1492 1513 opera
1521 1486 1570 1506 sua
1588 1480 1736 1515 studioque
1752 1479 1799 1507 in-

1001 1529 1140 1556 staurans,
1159 1525 1236 1552 urbis
1255 1532 1301 1552 res
1316 1524 1391 1552 brevi
1410 1526 1436 1552 in
1453 1530 1512 1554 tuto
1530 1528 1622 1560 posuit
1639 1535 1646 1559 ;
1669 1526 1798 1554 veniens—

150 1576 318 1611 διεχρήσατο
338 1576 560 1610 στρατηγήματι.
592 1574 715 1610 Ἡμέρας
741 1574 836 1606 ῑκανὰς
852 1574 880 1600 ἔν
896 1583 950 1601 τινι

1005 1576 1057 1603 que
1081 1569 1272 1597 Mesembriam
1292 1575 1488 1606 stratagemate
1511 1572 1649 1607 ejusmodi
1668 1573 1796 1601 hostibus

151 1620 196 1658 [P.
209 1620 255 1658 16]
265 1621 341 1656 τόπῳ
351 1620 546 1656 ὲπιταφρώσας
561 1620 657 1647 ἑαυτόν
667 1628 696 1647 τε
711 1620 760 1647 καὶ
775 1620 821 1647 τὸν
837 1620 953 1655 στρατὸν

152 1666 302 1699 ἐκαθέζετο
312 1667 443 1693 ίκάστοτε
458 1665 631 1701 σιτιζόμενος
655 1666 710 1693 ἀπὸ
736 1665 787 1701 τῆς
815 1666 954 1702 ἡμετέρας

152 1714 202 1739 καὶ
211 1712 374 1748 λειπόμενος
381 1711 436 1739 τῶν
447 1712 616 1747 ἀναγκαίων,
623 1712 693 1740 ἀλλὰ
703 1711 752 1739 καὶ
760 1712 828 1748 πρὸς
836 1711 952 1747 τρυφὴν,

151 1759 275 1790 οὐδενός.
290 1759 369 1785 Ἐπεὶ
381 1758 410 1785 δὲ
417 1758 481 1790 τοὺς
495 1758 720 1793 παρακειμένους
732 1758 779 1785 καὶ
796 1759 855 1784 κατ’
870 1757 954 1784 αὑτοῦ

152 1806 402 1840 καθωπλισμένους
420 1805 593 1840 Βουλγάρους
609 1806 638 1832 ὲν
663 1804 803 1840 στενότητι
819 1801 890 1831 εἶναι
900 1804 955 1831 τῶν

153 1852 316 1886 ἀναγκαίων
333 1852 453 1886 ἀκήκοεν
472 1871 479 1884 ,
498 1850 546 1878 τοῦ
577 1851 627 1886 μὲν
646 1848 677 1878 οὗ
703 1850 839 1886 ἐφήδρευε
871 1851 954 1877 τόπου

154 1899 267 1934 νύκτωρ
280 1898 408 1925 ἀπάνεισι
423 1898 495 1934 μετὰ
514 1896 689 1933 στρατιωτῶν
700 1896 802 1923 ίκανῶν
814 1896 860 1923 καὶ
875 1895 954 1932 ῥώμῃ

156 1954 187 1972 τε
199 1946 250 1972 καὶ
263 1944 400 1981 καρτερίᾳ
410 1943 657 1979 γεγυμνασμένων,
683 1943 725 1969 ἑνὶ
742 1941 816 1978 μόνῳ
829 1941 880 1976 τὴν
893 1942 956 1968 lau-

157 1991 208 2019 τοῦ
243 1991 467 2027 παραγυμνῶσας
496 1989 621 2026 γνώμην,
636 1988 686 2016 καὶ
714 1988 783 2024 πρὸς
810 1987 888 2024 λόχον
909 1986 956 2013 ἐπι

155 2047 231 2069 τινος
246 2037 344 2074 βουνοῦ
357 2037 451 2073 χωρεῖ,
465 2036 592 2072 σύνθημα
606 2035 655 2062 τοῦ
677 2034 796 2070 πολέμου
812 2034 859 2061 καί
881 2032 956 2068 ὥραν

154 2084 255 2111 εἰπών.
277 2084 322 2116 Ὠς
345 2083 368 2111 δ’
386 2083 477 2119 ἡμέρα
503 2082 645 2118 ἀνέλαμπε
669 2081 717 2109 καὶ
736 2081 751 2107 ὁ
767 2080 920 2116 στρατηγὸς
934 2080 956 2095 "

153 2131 314 2167 ἑγυμνοῦτο
323 2129 371 2157 τοῦ
393 2128 594 2165 βασιλεύοντος,
622 2129 696 2163 φυγῇ
721 2127 876 2164 χρήσασθαι
893 2125 957 2154 τοῦ-

152 2186 214 2208 τον,
237 2176 284 2204 τὸν
311 2175 424 2212 βασιλέα
448 2175 582 2211 δηλονότι,
609 2174 710 2206 πάντες
733 2173 956 2209 καθωμολόγουν,

153 2223 213 2250 τῶν
233 2222 388 2257 γεγονότων
413 2221 515 2252 ειδότες
537 2220 624 2248 οὐδέν.
649 2219 732 2246 Ὅθεν
749 2218 957 2254 ἀναθαρρήσαν-

1005 1615 1101 1643 illusit.
1116 1615 1178 1643 Dies
1191 1624 1245 1643 non
1260 1624 1364 1652 paucos
1375 1618 1476 1646 castris
1490 1619 1588 1653 positis
1603 1619 1715 1654 aitoque
1726 1620 1799 1648 vallo

1004 1661 1099 1694 ducto,
1116 1666 1200 1697 atque
1214 1670 1314 1698 aggere
1342 1671 1411 1699 pene
1437 1664 1566 1693 defossus
1600 1673 1664 1694 cum
1696 1666 1796 1702 copiis,

1005 1709 1148 1742 substitit,
1176 1717 1303 1738 annonas
1325 1711 1450 1745 quotidie
1472 1719 1504 1739 ex
1535 1711 1659 1740 Romano
1686 1714 1745 1740 solo
1769 1714 1797 1741 in

1005 1760 1132 1791 promptu
1149 1757 1263 1790 habens,
1279 1765 1342 1785 cum
1360 1766 1449 1794 neque
1464 1759 1498 1786 ad
1513 1759 1629 1787 delicias
1646 1760 1701 1788 ullo
1720 1768 1800 1788 com-

1005 1808 1098 1830 meatu
1111 1803 1287 1832 deﬁceretur.
1310 1803 1362 1832 Ubi
1379 1809 1471 1833 autem
1500 1806 1653 1834 assidentes
1665 1805 1801 1842 Bulgaros

1006 1850 1147 1884 armisque
1163 1849 1192 1877 in
1215 1857 1279 1878 eum
1310 1850 1463 1878 instructos
1489 1857 1661 1880 commeatus
1685 1853 1800 1887 penuria

1006 1894 1134 1923 laborare
1161 1896 1276 1929 audivit,
1303 1901 1385 1924 noctu
1416 1898 1561 1926 discedens
1586 1906 1602 1925 e
1627 1898 1687 1926 loco
1703 1899 1729 1925 in
1746 1906 1801 1934 quo

1006 1941 1193 1973 consederat,
1218 1941 1291 1969 haud
1319 1942 1475 1975 spernenda
1506 1943 1628 1970 militum
1657 1948 1800 1978 assumpta

1006 1992 1103 2018 manu,
1118 1986 1173 2022 25
1188 1987 1315 2014 virorum
1329 1987 1436 2015 scilicet
1458 1988 1572 2016 fortium
1588 1993 1615 2016 et
1630 1989 1679 2023 qui
1697 1989 1802 2015 laboris

1007 2033 1142 2067 patientes
1162 2037 1266 2067 essent,
1282 2041 1345 2061 cum
1365 2042 1423 2062 uno
1440 2035 1576 2062 duntaxat
1596 2035 1802 2063 communicato

1006 2079 1137 2109 consilio.
1153 2079 1303 2107 insidiandi
1327 2087 1411 2108 causa
1445 2081 1473 2108 in
1504 2085 1624 2109 mntem
1651 2081 1801 2116 quemdam

1007 2128 1160 2155 contendit.
1172 2127 1223 2156 Ubi
1235 2133 1327 2158 autem
1343 2128 1442 2156 diluxit
1458 2136 1510 2156 nec
1528 2129 1554 2156 in
1571 2129 1670 2156 castris
1683 2129 1802 2164 impera-

1008 2177 1053 2202 tor
1068 2179 1195 2208 repcrtus
1211 2178 1265 2207 est,
1282 2174 1386 2210 fugisse
1409 2183 1473 2202 eum
1488 2175 1580 2203 cuncti
1597 2175 1802 2207 existimarunt.

1006 2219 1082 2254 quod
1111 2219 1243 2247 nimirum
1271 2219 1331 2254 ejus
1356 2219 1537 2248 discessionis
1565 2221 1713 2249 consilium
1739 2219 1803 2246 uni-

152 2278 203 2302 τες
220 2269 246 2296 οἱ
263 2269 380 2296 ἐναντίοι
391 2268 483 2304 μένειν
497 2266 541 2302 ἐφ’
557 2266 662 2294 ἑαυτῶν
674 2266 728 2293 οὐδ’
735 2266 804 2299 ὅλως
818 2265 953 2298 ἐδύναντο,

1013 2274 1106 2295 versos
1121 2267 1226 2294 lateret.
1242 2266 1313 2294 Hinc
1336 2268 1430 2295 hostes
1445 2268 1596 2302 assumptis
1618 2267 1704 2295 armis
1720 2267 1806 2302 impe-

154 2315 232 2343 ἀλλὰ
251 2317 298 2343 καὶ
313 2314 541 2348 κατεξανίσταντο
560 2314 609 2340 καὶ
636 2313 683 2340 ἐπὶ
702 2313 797 2348 χεῖρας
820 2312 905 2349 ᾧοντο
929 2312 959 2338 τὺ

158 2362 329 2398 στράτευμα
350 2361 433 2396 ἔχειν.
452 2361 559 2392 Νυκτὸς
580 2359 627 2387 οὖν
649 2359 846 2394 ὲπιγενομένης
867 2359 959 2385 κάτει-

154 2417 204 2436 σιν
217 2410 251 2436 ὲκ
266 2408 314 2435 τοῦ
329 2408 410 2444 λόχου
421 2408 435 2434 ὁ
455 2407 532 2434 Λέων
547 2406 762 2442 ἀπροσδοκήτοις
777 2403 836 2432 οὖσι
852 2405 958 2437 κακῶν,

155 2456 210 2481 καὶ
239 2455 382 2490 συμμίξας
409 2454 502 2485 αὐτοῖς
525 2453 656 2488 ἀνδράσιν
674 2453 764 2480 ὃπλων
779 2453 892 2488 γυμνοῖς
912 2452 960 2479 καὶ

153 2501 367 2536 διαλελυμένως
380 2500 457 2537 ὕπνῳ
468 2509 497 2527 τε
513 2500 561 2528 καὶ
578 2499 676 2535 Θάρρει
692 2498 743 2534 τῆς
762 2498 808 2525 τοῦ
825 2498 958 2534 βασιλέως

156 2549 255 2584 φυγῆς
279 2547 408 2576 τοσοῦτον
435 2546 616 2582 ἐνειργάσατο
643 2546 665 2561 ³¹
693 2541 797 2581 φθόρον
810 2546 857 2572 καὶ
882 2545 963 2580 φόνον

155 2593 300 2622 πάντοθεν
318 2591 491 2628 ἐκχυθέντων
506 2591 560 2619 τῶν
581 2590 727 2625 Ῥωμαίων
757 2589 827 2616 κατὰ
852 2589 883 2616 τὸ
899 2589 964 2616 σύν-

157 2639 305 2676 θημαίάλς
332 2639 470 2674 πανδημεὶ
499 2638 614 2674 αἱρῆσαι
638 2637 669 2664 τὺ
698 2635 878 2672 στρατόπεδον
915 2636 964 2663 καὶ

154 2687 236 2723 μηδὲ
260 2686 412 2722 πυρφόρον,
444 2685 475 2711 τὸ
498 2685 531 2720 δὴ
544 2684 702 2719 λεγόμενον,
727 2682 906 2718 διασωθῆναι.
924 2682 962 2708 Οὐ

154 2735 218 2771 μὴν
238 2732 309 2761 ἀλλὰ
321 2734 369 2762 καὶ
385 2734 476 2760 πᾶσαν
495 2731 604 2768 ήλίκίαν
620 2732 653 2758 ἐκ
672 2730 847 2766 καταδρομῆς
865 2738 894 2757 τε
915 2729 963 2757 καὶ

154 2780 310 2818 προνομῆς
328 2780 505 2815 ἀνάρπαστον
536 2778 604 2810 θεὶς,
624 2777 671 2804 καὶ
696 2777 730 2803 τὰ
753 2776 836 2803 τέκνα
859 2776 963 2803 τούτων

150 2829 226 2860 ταῖς
251 2827 367 2861 πέτραις
395 2826 442 2852 καὶ
469 2827 502 2860 τῇ
519 2826 554 2860 γῇ
581 2822 772 2860 προσκροτῶν,
800 2821 849 2857 τὴν
865 2822 962 2849 ἑαυτοῦ

1012 2317 1069 2342 tum
1088 2318 1182 2341 tenere
1194 2321 1250 2341 non
1267 2318 1395 2348 poterant
1411 2319 1459 2342 aut
1480 2315 1537 2342 ullo
1554 2315 1636 2342 modo
1652 2315 1711 2341 suis
1725 2322 1754 2341 se
1771 2313 1804 2341 li-

1012 2360 1093 2388 nibus
1106 2361 1257 2392 continere.
1270 2361 1319 2388 sed
1335 2367 1362 2388 et
1373 2362 1553 2396 aggressione
1573 2363 1643 2389 facta
1662 2361 1690 2388 in
1706 2367 1805 2388 manus

1013 2414 1043 2434 se
1061 2406 1214 2434 exercitum
1235 2405 1337 2434 habere
1354 2407 1486 2442 nulloque
1503 2408 1613 2441 negotio
1626 2407 1686 2442 ejus
1696 2407 1804 2441 potitu-

1013 2460 1062 2480 ros
1084 2453 1227 2487 putabant,
1244 2460 1306 2480 cum
1333 2460 1398 2481 ecce
1412 2453 1468 2481 Leo
1491 2461 1541 2488 per
1565 2453 1653 2481 noctis
1667 2454 1775 2481 silentia
1789 2461 1805 2482 e

1013 2504 1106 2526 monte
1123 2499 1294 2527 descendens
1308 2499 1338 2527 in
1355 2500 1448 2527 boues
1462 2499 1532 2527 nihil
1545 2500 1609 2527 mali
1626 2500 1807 2529 subverentes

1013 2545 1104 2577 irruit,
1122 2545 1329 2580 inermibusque
1353 2553 1386 2572 ac
1405 2552 1503 2573 somno
1521 2545 1620 2573 solutis
1643 2553 1807 2581 congressus

1013 2599 1062 2627 per
1079 2591 1266 2619 existimatam
1290 2591 1362 2618 illam
1392 2591 1569 2625 imperatoris
1595 2592 1686 2627 fugam
1701 2597 1806 2619 tantam

1013 2637 1124 2666 illorum
1148 2638 1223 2665 dedit
1238 2642 1370 2673 stragem.
1385 2637 1517 2666 Romanis
1534 2645 1567 2665 ex
1583 2638 1709 2665 condicto
1725 2638 1808 2665 undi-

1015 2691 1069 2719 que
1098 2684 1306 2720 ingruentibus,
1335 2689 1365 2712 ut
1391 2692 1487 2712 eorum
1512 2685 1665 2712 exercitum
1694 2692 1806 2712 omnem

1014 2731 1200 2767 proﬂigaverit
1215 2738 1249 2759 ac
1259 2739 1294 2758 ne
1309 2730 1410 2766 ignifer
1423 2731 1545 2766 quidem,
1563 2735 1595 2758 ut
1610 2730 1697 2762 aiunt,
1710 2737 1808 2765 sospes

1015 2777 1144 2806 evaserit.
1160 2776 1215 2805 Sed
1234 2782 1262 2805 et
1275 2777 1435 2806 incursione
1450 2777 1520 2805 facta
1537 2777 1678 2813 regionem
1695 2784 1808 2804 omnem

1017 2824 1189 2860 depraedatus
1213 2825 1330 2861 puberes
1353 2825 1465 2861 quidem
1483 2832 1578 2853 omnes
1595 2825 1657 2852 inde
1682 2824 1809 2858 abduxit,

830 2868 946 2898 νΑιιιΑῑ
971 2871 1176 2901 LECTIONES.

214 2921 241 2937 '°
257 2922 381 2953 στρατός.
401 2928 495 2952 margo
513 2920 637 2948 Combel’.
677 2920 696 2936 ³³
713 2919 950 2951 ἒνειργὰσαντον.
