  <div class='ocr_page' id='page_1' title='image "/cluster/home/n/w/nwhite01/storage/ocr_20150623/109/njp.32101077772927/027.png"; bbox 0 0 2011 3156; ppageno 0'>
   <div class='ocr_carea' id='block_1_1' title="bbox 252 200 1060 239">
    <p class='ocr_par' dir='ltr' id='par_1_1' title="bbox 252 201 1060 239">
     <span class='ocr_line' id='line_1_1' title="bbox 252 201 1060 239; baseline -0.005 -3"><span class='ocrx_word' id='word_1_1' title='bbox 252 205 289 236; x_wconf 75' lang='lat'><strong>30</strong></span> <span class='ocrx_word' id='word_1_2' title='bbox 778 234 783 239; x_wconf 74' lang='grc'><strong>,</strong></span> <span class='ocrx_word' id='word_1_3' title='bbox 809 201 1060 234; x_wconf 72' lang='grc' dir='ltr'><strong>ΤΗΕΟΡΗᾹΝΕΞ</strong></span> 
     </span>
    </p>
   </div>
   <div class='ocr_carea' id='block_1_2' title="bbox 1114 200 1901 239">
    <p class='ocr_par' dir='ltr' id='par_1_2' title="bbox 1114 201 1901 237">
     <span class='ocr_line' id='line_1_2' title="bbox 1114 201 1901 237; baseline 0.006 -5"><span class='ocrx_word' id='word_1_4' title='bbox 1114 201 1362 235; x_wconf 64' lang='lat' dir='ltr'><strong>DNTINUATUS.</strong></span> <span class='ocrx_word' id='word_1_5' title='bbox 1867 205 1901 237; x_wconf 66' lang='grc'><strong>40</strong></span> 
     </span>
    </p>
   </div>
   <div class='ocr_carea' id='block_1_3' title="bbox 252 254 1060 297">
    <p class='ocr_par' dir='ltr' id='par_1_3' title="bbox 252 254 1051 297">
     <span class='ocr_line' id='line_1_3' title="bbox 252 254 1051 297; baseline -0.004 -8"><span class='ocrx_word' id='word_1_6' title='bbox 252 259 378 297; x_wconf 77' lang='lat' dir='ltr'><strong>parvulis</strong></span> <span class='ocrx_word' id='word_1_7' title='bbox 391 264 489 288; x_wconf 77' lang='lat' dir='ltr'><strong>autem</strong></span> <span class='ocrx_word' id='word_1_8' title='bbox 508 258 540 286; x_wconf 85' lang='lat' dir='ltr'><strong>ad</strong></span> <span class='ocrx_word' id='word_1_9' title='bbox 557 266 622 287; x_wconf 75' lang='lat' dir='ltr'><strong>saxa</strong></span> <span class='ocrx_word' id='word_1_10' title='bbox 643 266 675 287; x_wconf 91' lang='lat' dir='ltr'><strong>ac</strong></span> <span class='ocrx_word' id='word_1_11' title='bbox 699 254 815 287; x_wconf 85' lang='lat' dir='ltr'><strong>humum</strong></span> <span class='ocrx_word' id='word_1_12' title='bbox 841 260 929 287; x_wconf 87' lang='lat' dir='ltr'><strong>allisis</strong></span> <span class='ocrx_word' id='word_1_13' title='bbox 949 259 1051 287; x_wconf 75' lang='lat' dir='ltr'><strong>Roma-</strong></span> 
     </span>
    </p>
   </div>
   <div class='ocr_carea' id='block_1_4' title="bbox 1114 254 1905 297">
    <p class='ocr_par' dir='ltr' id='par_1_4' title="bbox 1114 258 1905 296">
     <span class='ocr_line' id='line_1_4' title="bbox 1114 258 1905 296; baseline 0.001 -11"><span class='ocrx_word' id='word_1_14' title='bbox 1114 260 1257 288; x_wconf 83' lang='grc' dir='ltr'>ιατέλαϐεν</span> <span class='ocrx_word' id='word_1_15' title='bbox 1276 261 1307 288; x_wconf 80' lang='grc' dir='ltr'><strong>ἐν</strong></span> <span class='ocrx_word' id='word_1_16' title='bbox 1323 261 1413 296; x_wconf 83' lang='grc' dir='ltr'>τάχει.</span> <span class='ocrx_word' id='word_1_17' title='bbox 1433 259 1515 287; x_wconf 80' lang='grc' dir='ltr'>Ὅθεν</span> <span class='ocrx_word' id='word_1_18' title='bbox 1539 258 1633 286; x_wconf 77' lang='grc' dir='ltr'><strong>ἔκτοτε</strong></span> <span class='ocrx_word' id='word_1_19' title='bbox 1655 258 1760 291; x_wconf 77' lang='grc' dir='ltr'>ἐκεῖνος</span> <span class='ocrx_word' id='word_1_20' title='bbox 1785 259 1800 285; x_wconf 80' lang='grc' dir='ltr'>ὁ</span> <span class='ocrx_word' id='word_1_21' title='bbox 1812 258 1905 294; x_wconf 66' lang='grc' dir='ltr'>βουνὸς</span> 
     </span>
    </p>
   </div>
   <div class='ocr_carea' id='block_1_5' title="bbox 254 305 1054 341">
    <p class='ocr_par' dir='ltr' id='par_1_5' title="bbox 254 305 1054 341">
     <span class='ocr_line' id='line_1_5' title="bbox 254 305 1054 341; baseline -0.004 -6"><span class='ocrx_word' id='word_1_22' title='bbox 254 316 319 336; x_wconf 84' lang='lat' dir='ltr'><strong>nam</strong></span> <span class='ocrx_word' id='word_1_23' title='bbox 335 315 398 335; x_wconf 74' lang='lat' dir='ltr'><strong>mox</strong></span> <span class='ocrx_word' id='word_1_24' title='bbox 413 306 545 334; x_wconf 85' lang='lat' dir='ltr'><strong>ditionem</strong></span> <span class='ocrx_word' id='word_1_25' title='bbox 557 306 676 341; x_wconf 89' lang='lat' dir='ltr'><strong>repetiit.</strong></span> <span class='ocrx_word' id='word_1_26' title='bbox 687 305 752 333; x_wconf 79' lang='lat' dir='ltr'><strong>Eam</strong></span> <span class='ocrx_word' id='word_1_27' title='bbox 761 305 798 333; x_wconf 87' lang='lat' dir='ltr'><strong>ob</strong></span> <span class='ocrx_word' id='word_1_28' title='bbox 815 313 871 333; x_wconf 90' lang='lat' dir='ltr'><strong>rem</strong></span> <span class='ocrx_word' id='word_1_29' title='bbox 888 313 919 333; x_wconf 86' lang='lat' dir='ltr'><strong>ex</strong></span> <span class='ocrx_word' id='word_1_30' title='bbox 934 312 967 332; x_wconf 83' lang='lat' dir='ltr'><strong>eo</strong></span> <span class='ocrx_word' id='word_1_31' title='bbox 983 309 1054 332; x_wconf 79' lang='lat' dir='ltr'><strong>tem—</strong></span> 
     </span>
    </p>
   </div>
   <div class='ocr_carea' id='block_1_6' title="bbox 253 352 1056 390">
    <p class='ocr_par' dir='ltr' id='par_1_6' title="bbox 253 352 1056 390">
     <span class='ocr_line' id='line_1_6' title="bbox 253 352 1056 390; baseline -0.005 -8"><span class='ocrx_word' id='word_1_32' title='bbox 253 362 320 390; x_wconf 83' lang='lat' dir='ltr'><strong>pore</strong></span> <span class='ocrx_word' id='word_1_33' title='bbox 338 353 439 381; x_wconf 84' lang='lat' dir='ltr'><strong>Leonis</strong></span> <span class='ocrx_word' id='word_1_34' title='bbox 449 352 531 380; x_wconf 84' lang='lat' dir='ltr'><strong>collis</strong></span> <span class='ocrx_word' id='word_1_35' title='bbox 555 352 580 379; x_wconf 92' lang='lat' dir='ltr'><strong>ei</strong></span> <span class='ocrx_word' id='word_1_36' title='bbox 598 352 663 379; x_wconf 85' lang='lat' dir='ltr'><strong>colli</strong></span> <span class='ocrx_word' id='word_1_37' title='bbox 687 359 787 379; x_wconf 84' lang='lat' dir='ltr'><strong>nomen</strong></span> <span class='ocrx_word' id='word_1_38' title='bbox 803 352 921 379; x_wconf 86' lang='lat' dir='ltr'><strong>inditum</strong></span> <span class='ocrx_word' id='word_1_39' title='bbox 936 356 996 384; x_wconf 84' lang='lat' dir='ltr'><strong>est;</strong></span> <span class='ocrx_word' id='word_1_40' title='bbox 1023 359 1056 378; x_wconf 83' lang='lat' dir='ltr'><strong>ac</strong></span> 
     </span>
    </p>
   </div>
   <div class='ocr_carea' id='block_1_7' title="bbox 254 396 1054 434">
    <p class='ocr_par' dir='ltr' id='par_1_7' title="bbox 254 396 1054 434">
     <span class='ocr_line' id='line_1_7' title="bbox 254 396 1054 434; baseline -0.001 -8"><span class='ocrx_word' id='word_1_41' title='bbox 254 399 301 434; x_wconf 88' lang='lat' dir='ltr'><strong>qui</strong></span> <span class='ocrx_word' id='word_1_42' title='bbox 319 398 382 426; x_wconf 80' lang='lat' dir='ltr'><strong>illac</strong></span> <span class='ocrx_word' id='word_1_43' title='bbox 396 399 448 426; x_wconf 93' lang='lat' dir='ltr'><strong>iter</strong></span> <span class='ocrx_word' id='word_1_44' title='bbox 464 397 567 426; x_wconf 90' lang='lat' dir='ltr'><strong>habent</strong></span> <span class='ocrx_word' id='word_1_45' title='bbox 578 396 700 432; x_wconf 78' lang='lat' dir='ltr'><strong>Bulgari,</strong></span> <span class='ocrx_word' id='word_1_46' title='bbox 714 403 797 432; x_wconf 81' lang='lat' dir='ltr'><strong>caput</strong></span> <span class='ocrx_word' id='word_1_47' title='bbox 809 402 952 425; x_wconf 79' lang='lat' dir='ltr'><strong>moventes</strong></span> <span class='ocrx_word' id='word_1_48' title='bbox 962 397 1054 425; x_wconf 86' lang='lat' dir='ltr'><strong>locum</strong></span> 
     </span>
    </p>
   </div>
   <div class='ocr_carea' id='block_1_8' title="bbox 255 443 1056 482">
    <p class='ocr_par' dir='ltr' id='par_1_8' title="bbox 255 443 1056 482">
     <span class='ocr_line' id='line_1_8' title="bbox 255 443 1056 482; baseline -0.001 -9"><span class='ocrx_word' id='word_1_49' title='bbox 255 445 344 482; x_wconf 82' lang='lat' dir='ltr'><strong>digito</strong></span> <span class='ocrx_word' id='word_1_50' title='bbox 362 445 525 475; x_wconf 83' lang='lat' dir='ltr'><strong>ostendunt,</strong></span> <span class='ocrx_word' id='word_1_51' title='bbox 538 452 590 471; x_wconf 92' lang='lat' dir='ltr'><strong>nec</strong></span> <span class='ocrx_word' id='word_1_52' title='bbox 604 444 758 479; x_wconf 75' lang='lat' dir='ltr'><strong>quidquam</strong></span> <span class='ocrx_word' id='word_1_53' title='bbox 774 447 895 479; x_wconf 72' lang='lat' dir='ltr'><strong>acceptae</strong></span> <span class='ocrx_word' id='word_1_54' title='bbox 912 447 978 471; x_wconf 92' lang='lat' dir='ltr'><strong>tunc</strong></span> <span class='ocrx_word' id='word_1_55' title='bbox 998 443 1056 472; x_wconf 88' lang='lat' dir='ltr'><strong>cla-</strong></span> 
     </span>
    </p>
   </div>
   <div class='ocr_carea' id='block_1_9' title="bbox 254 490 664 520">
    <p class='ocr_par' dir='ltr' id='par_1_9' title="bbox 254 490 664 520">
     <span class='ocr_line' id='line_1_9' title="bbox 254 490 664 520; baseline -0.005 -1"><span class='ocrx_word' id='word_1_56' title='bbox 254 492 298 520; x_wconf 87' lang='lat' dir='ltr'><strong>dis</strong></span> <span class='ocrx_word' id='word_1_57' title='bbox 312 491 474 519; x_wconf 83' lang='lat' dir='ltr'><strong>memoriam</strong></span> <span class='ocrx_word' id='word_1_58' title='bbox 490 490 664 518; x_wconf 89' lang='lat' dir='ltr'><strong>oblitterant.</strong></span> 
     </span>
    </p>
   </div>
   <div class='ocr_carea' id='block_1_10' title="bbox 293 537 1056 573">
    <p class='ocr_par' dir='ltr' id='par_1_10' title="bbox 293 537 1056 573">
     <span class='ocr_line' id='line_1_10' title="bbox 293 537 1056 573; baseline -0.003 -7"><span class='ocrx_word' id='word_1_59' title='bbox 293 537 423 566; x_wconf 73' lang='lat' dir='ltr'><strong>H.Felix</strong></span> <span class='ocrx_word' id='word_1_60' title='bbox 435 545 501 572; x_wconf 79' lang='lat' dir='ltr'><strong>ergo</strong></span> <span class='ocrx_word' id='word_1_61' title='bbox 514 537 558 565; x_wconf 90' lang='lat' dir='ltr'><strong>ille</strong></span> <span class='ocrx_word' id='word_1_62' title='bbox 571 544 717 566; x_wconf 77' lang='lat' dir='ltr'><strong>successus</strong></span> <span class='ocrx_word' id='word_1_63' title='bbox 730 537 892 565; x_wconf 83' lang='lat' dir='ltr'><strong>ferociorem</strong></span> <span class='ocrx_word' id='word_1_64' title='bbox 915 537 1056 573; x_wconf 75' lang='lat' dir='ltr'><strong>longeque</strong></span> 
     </span>
    </p>
   </div>
   <div class='ocr_carea' id='block_1_11' title="bbox 257 582 1055 619">
    <p class='ocr_par' dir='ltr' id='par_1_11' title="bbox 257 582 1055 619">
     <span class='ocr_line' id='line_1_11' title="bbox 257 582 1055 619; baseline -0.004 -6"><span class='ocrx_word' id='word_1_65' title='bbox 257 585 436 613; x_wconf 77' lang='lat' dir='ltr'><strong>audaciorem</strong></span> <span class='ocrx_word' id='word_1_66' title='bbox 453 583 594 611; x_wconf 89' lang='lat' dir='ltr'><strong>hominem</strong></span> <span class='ocrx_word' id='word_1_67' title='bbox 611 583 741 616; x_wconf 83' lang='lat' dir='ltr'><strong>reddidit,</strong></span> <span class='ocrx_word' id='word_1_68' title='bbox 755 582 840 619; x_wconf 89' lang='lat' dir='ltr'><strong>inque</strong></span> <span class='ocrx_word' id='word_1_69' title='bbox 857 591 917 611; x_wconf 91' lang='lat' dir='ltr'><strong>eam</strong></span> <span class='ocrx_word' id='word_1_70' title='bbox 931 582 1055 611; x_wconf 82' lang='lat' dir='ltr'><strong>crudeli-</strong></span> 
     </span>
    </p>
   </div>
   <div class='ocr_carea' id='block_1_12' title="bbox 258 628 1056 665">
    <p class='ocr_par' dir='ltr' id='par_1_12' title="bbox 258 628 1056 665">
     <span class='ocr_line' id='line_1_12' title="bbox 258 628 1056 665; baseline -0.003 -7"><span class='ocrx_word' id='word_1_71' title='bbox 258 635 340 658; x_wconf 81' lang='lat' dir='ltr'><strong>tatem</strong></span> <span class='ocrx_word' id='word_1_72' title='bbox 358 631 386 657; x_wconf 94' lang='lat' dir='ltr'><strong>in</strong></span> <span class='ocrx_word' id='word_1_73' title='bbox 399 638 454 665; x_wconf 83' lang='lat' dir='ltr'><strong>qua</strong></span> <span class='ocrx_word' id='word_1_74' title='bbox 468 629 558 657; x_wconf 80' lang='lat' dir='ltr'><strong>fuerat</strong></span> <span class='ocrx_word' id='word_1_75' title='bbox 569 629 703 657; x_wconf 82' lang='lat' dir='ltr'><strong>educatus</strong></span> <span class='ocrx_word' id='word_1_76' title='bbox 718 629 838 664; x_wconf 86' lang='lat' dir='ltr'><strong>impulit.</strong></span> <span class='ocrx_word' id='word_1_77' title='bbox 851 628 932 656; x_wconf 87' lang='lat' dir='ltr'><strong>Nulla</strong></span> <span class='ocrx_word' id='word_1_78' title='bbox 942 629 981 657; x_wconf 87' lang='lat' dir='ltr'><strong>illi</strong></span> <span class='ocrx_word' id='word_1_79' title='bbox 995 636 1056 656; x_wconf 87' lang='lat' dir='ltr'><strong>ma—</strong></span> 
     </span>
    </p>
   </div>
   <div class='ocr_carea' id='block_1_13' title="bbox 255 674 1056 712">
    <p class='ocr_par' dir='ltr' id='par_1_13' title="bbox 255 674 1056 712">
     <span class='ocr_line' id='line_1_13' title="bbox 255 674 1056 712; baseline -0.002 -8"><span class='ocrx_word' id='word_1_80' title='bbox 255 677 329 712; x_wconf 84' lang='lat' dir='ltr'><strong>joris</strong></span> <span class='ocrx_word' id='word_1_81' title='bbox 342 676 493 703; x_wconf 83' lang='lat' dir='ltr'><strong>minorisve</strong></span> <span class='ocrx_word' id='word_1_82' title='bbox 506 675 618 703; x_wconf 75' lang='lat' dir='ltr'><strong>saeleris</strong></span> <span class='ocrx_word' id='word_1_83' title='bbox 625 674 769 704; x_wconf 86' lang='lat' dir='ltr'><strong>distinctio</strong></span> <span class='ocrx_word' id='word_1_84' title='bbox 783 683 791 702; x_wconf 89' lang='lat'><strong>:</strong></span> <span class='ocrx_word' id='word_1_85' title='bbox 803 675 851 703; x_wconf 88' lang='lat' dir='ltr'><strong>sed</strong></span> <span class='ocrx_word' id='word_1_86' title='bbox 861 675 885 703; x_wconf 88' lang='lat' dir='ltr'><strong>si</strong></span> <span class='ocrx_word' id='word_1_87' title='bbox 894 675 958 711; x_wconf 86' lang='lat' dir='ltr'><strong>quis</strong></span> <span class='ocrx_word' id='word_1_88' title='bbox 972 675 1056 702; x_wconf 87' lang='lat' dir='ltr'><strong>ullius</strong></span> 
     </span>
    </p>
   </div>
   <div class='ocr_carea' id='block_1_14' title="bbox 258 722 1055 758">
    <p class='ocr_par' dir='ltr' id='par_1_14' title="bbox 258 722 1055 758">
     <span class='ocr_line' id='line_1_14' title="bbox 258 722 1055 758; baseline -0.003 -6"><span class='ocrx_word' id='word_1_89' title='bbox 258 723 373 752; x_wconf 81' lang='lat' dir='ltr'><strong>sceleris</strong></span> <span class='ocrx_word' id='word_1_90' title='bbox 389 730 454 751; x_wconf 86' lang='lat' dir='ltr'><strong>reus</strong></span> <span class='ocrx_word' id='word_1_91' title='bbox 478 723 534 758; x_wconf 69' lang='lat'><strong>26</strong></span> <span class='ocrx_word' id='word_1_92' title='bbox 561 727 712 756; x_wconf 79' lang='lat' dir='ltr'><strong>teneretur,</strong></span> <span class='ocrx_word' id='word_1_93' title='bbox 741 730 796 751; x_wconf 83' lang='lat' dir='ltr'><strong>una</strong></span> <span class='ocrx_word' id='word_1_94' title='bbox 814 723 880 757; x_wconf 71' lang='lat' dir='ltr'><strong>{erat</strong></span> <span class='ocrx_word' id='word_1_95' title='bbox 906 722 1055 754; x_wconf 83' lang='lat' dir='ltr'><strong>sententia,</strong></span> 
     </span>
    </p>
   </div>
   <div class='ocr_carea' id='block_1_15' title="bbox 258 768 1057 805">
    <p class='ocr_par' dir='ltr' id='par_1_15' title="bbox 258 768 1057 805">
     <span class='ocr_line' id='line_1_15' title="bbox 258 768 1057 805; baseline -0.003 -7"><span class='ocrx_word' id='word_1_96' title='bbox 258 778 315 798; x_wconf 81' lang='lat' dir='ltr'><strong>una</strong></span> <span class='ocrx_word' id='word_1_97' title='bbox 336 769 417 802; x_wconf 86' lang='lat' dir='ltr'><strong>uitio,</strong></span> <span class='ocrx_word' id='word_1_98' title='bbox 433 769 558 805; x_wconf 87' lang='lat' dir='ltr'><strong>cujusvis</strong></span> <span class='ocrx_word' id='word_1_99' title='bbox 582 769 734 797; x_wconf 72' lang='lat' dir='ltr'><strong>necessarii</strong></span> <span class='ocrx_word' id='word_1_100' title='bbox 759 769 875 797; x_wconf 86' lang='lat' dir='ltr'><strong>membri</strong></span> <span class='ocrx_word' id='word_1_101' title='bbox 903 768 1057 804; x_wconf 83' lang='lat' dir='ltr'><strong>amputatio</strong></span> 
     </span>
    </p>
   </div>
   <div class='ocr_carea' id='block_1_16' title="bbox 259 814 1057 851">
    <p class='ocr_par' dir='ltr' id='par_1_16' title="bbox 259 814 1057 851">
     <span class='ocr_line' id='line_1_16' title="bbox 259 814 1057 851; baseline -0.003 -8"><span class='ocrx_word' id='word_1_102' title='bbox 259 816 344 851; x_wconf 89' lang='lat' dir='ltr'><strong>inque</strong></span> <span class='ocrx_word' id='word_1_103' title='bbox 377 815 501 843; x_wconf 90' lang='lat' dir='ltr'><strong>omnium</strong></span> <span class='ocrx_word' id='word_1_104' title='bbox 531 814 621 843; x_wconf 85' lang='lat' dir='ltr'><strong>oculis</strong></span> <span class='ocrx_word' id='word_1_105' title='bbox 652 814 761 849; x_wconf 83' lang='lat' dir='ltr'><strong>publica</strong></span> <span class='ocrx_word' id='word_1_106' title='bbox 800 814 933 849; x_wconf 84' lang='lat' dir='ltr'><strong>amputati</strong></span> <span class='ocrx_word' id='word_1_107' title='bbox 966 821 1057 841; x_wconf 82' lang='lat' dir='ltr'><strong>mem-</strong></span> 
     </span>
    </p>
   </div>
   <div class='ocr_carea' id='block_1_17' title="bbox 260 858 1057 897">
    <p class='ocr_par' dir='ltr' id='par_1_17' title="bbox 260 858 1057 897">
     <span class='ocr_line' id='line_1_17' title="bbox 260 858 1057 897; baseline -0.005 -7"><span class='ocrx_word' id='word_1_108' title='bbox 260 862 302 890; x_wconf 88' lang='lat' dir='ltr'><strong>bri</strong></span> <span class='ocrx_word' id='word_1_109' title='bbox 323 861 481 897; x_wconf 83' lang='lat' dir='ltr'><strong>suspensio.</strong></span> <span class='ocrx_word' id='word_1_110' title='bbox 511 859 575 888; x_wconf 78' lang='lat' dir='ltr'><strong>Haec</strong></span> <span class='ocrx_word' id='word_1_111' title='bbox 601 860 642 888; x_wconf 87' lang='lat' dir='ltr'><strong>sic</strong></span> <span class='ocrx_word' id='word_1_112' title='bbox 671 860 732 888; x_wconf 83' lang='lat' dir='ltr'><strong>dira</strong></span> <span class='ocrx_word' id='word_1_113' title='bbox 760 867 823 887; x_wconf 92' lang='lat' dir='ltr'><strong>cum</strong></span> <span class='ocrx_word' id='word_1_114' title='bbox 852 859 880 886; x_wconf 91' lang='lat' dir='ltr'><strong>in</strong></span> <span class='ocrx_word' id='word_1_115' title='bbox 897 866 996 887; x_wconf 89' lang='lat' dir='ltr'><strong>omnes</strong></span> <span class='ocrx_word' id='word_1_116' title='bbox 1011 858 1057 886; x_wconf 86' lang='lat' dir='ltr'><strong>ille</strong></span> 
     </span>
    </p>
   </div>
   <div class='ocr_carea' id='block_1_18' title="bbox 262 905 1055 943">
    <p class='ocr_par' dir='ltr' id='par_1_18' title="bbox 262 905 1055 943">
     <span class='ocr_line' id='line_1_18' title="bbox 262 905 1055 943; baseline -0.004 -8"><span class='ocrx_word' id='word_1_117' title='bbox 262 908 434 943; x_wconf 78' lang='lat' dir='ltr'><strong>designaret,</strong></span> <span class='ocrx_word' id='word_1_118' title='bbox 452 914 536 943; x_wconf 83' lang='lat' dir='ltr'><strong>grave</strong></span> <span class='ocrx_word' id='word_1_119' title='bbox 553 907 580 934; x_wconf 94' lang='lat' dir='ltr'><strong>in</strong></span> <span class='ocrx_word' id='word_1_120' title='bbox 600 913 631 934; x_wconf 88' lang='lat' dir='ltr'><strong>se</strong></span> <span class='ocrx_word' id='word_1_121' title='bbox 646 906 740 934; x_wconf 85' lang='lat' dir='ltr'><strong>odium</strong></span> <span class='ocrx_word' id='word_1_122' title='bbox 757 905 882 933; x_wconf 90' lang='lat' dir='ltr'><strong>omnium</strong></span> <span class='ocrx_word' id='word_1_123' title='bbox 896 905 1055 933; x_wconf 80' lang='lat' dir='ltr'><strong>concitavit.</strong></span> 
     </span>
    </p>
   </div>
   <div class='ocr_carea' id='block_1_19' title="bbox 261 942 1096 987">
    <p class='ocr_par' dir='ltr' id='par_1_19' title="bbox 261 942 1096 987">
     <span class='ocr_line' id='line_1_19' title="bbox 261 942 1096 987; baseline -0.004 -5"><span class='ocrx_word' id='word_1_124' title='bbox 261 942 337 982; x_wconf 18' lang='lat' dir='ltr'><strong>Cum,</strong></span> <span class='ocrx_word' id='word_1_125' title='bbox 360 954 432 982; x_wconf 86' lang='lat' dir='ltr'><strong>enim</strong></span> <span class='ocrx_word' id='word_1_126' title='bbox 457 942 580 981; x_wconf 76' lang='lat' dir='ltr'><strong>nativam</strong></span> <span class='ocrx_word' id='word_1_127' title='bbox 607 953 683 980; x_wconf 91' lang='lat' dir='ltr'><strong>illam</strong></span> <span class='ocrx_word' id='word_1_128' title='bbox 708 952 767 980; x_wconf 87' lang='lat' dir='ltr'><strong>dire</strong></span> <span class='ocrx_word' id='word_1_129' title='bbox 782 951 911 979; x_wconf 76' lang='lat' dir='ltr'><strong>eﬂ‘renem</strong></span> <span class='ocrx_word' id='word_1_130' title='bbox 928 942 1096 987; x_wconf 83' lang='lat' dir='ltr'><strong>nulloqueB</strong></span> 
     </span>
    </p>
   </div>
   <div class='ocr_carea' id='block_1_20' title="bbox 263 998 1058 1034">
    <p class='ocr_par' dir='ltr' id='par_1_20' title="bbox 263 998 1058 1034">
     <span class='ocr_line' id='line_1_20' title="bbox 263 998 1058 1034; baseline -0.001 -7"><span class='ocrx_word' id='word_1_131' title='bbox 263 999 349 1027; x_wconf 87' lang='lat' dir='ltr'><strong>modo</strong></span> <span class='ocrx_word' id='word_1_132' title='bbox 363 999 526 1034; x_wconf 74' lang='lat' dir='ltr'><strong>castigatam</strong></span> <span class='ocrx_word' id='word_1_133' title='bbox 543 1003 592 1026; x_wconf 87' lang='lat' dir='ltr'><strong>aut</strong></span> <span class='ocrx_word' id='word_1_134' title='bbox 615 999 649 1025; x_wconf 87' lang='lat' dir='ltr'><strong>ad</strong></span> <span class='ocrx_word' id='word_1_135' title='bbox 675 998 817 1026; x_wconf 78' lang='lat' dir='ltr'><strong>lenitatem</strong></span> <span class='ocrx_word' id='word_1_136' title='bbox 830 1005 864 1025; x_wconf 92' lang='lat' dir='ltr'><strong>ac</strong></span> <span class='ocrx_word' id='word_1_137' title='bbox 883 998 1058 1026; x_wconf 89' lang='lat' dir='ltr'><strong>clementiam</strong></span> 
     </span>
    </p>
   </div>
   <div class='ocr_carea' id='block_1_21' title="bbox 261 1044 1059 1081">
    <p class='ocr_par' dir='ltr' id='par_1_21' title="bbox 261 1044 1059 1081">
     <span class='ocr_line' id='line_1_21' title="bbox 261 1044 1059 1081; baseline -0.003 -9"><span class='ocrx_word' id='word_1_138' title='bbox 261 1050 421 1081; x_wconf 77' lang='lat' dir='ltr'><strong>vergentem</strong></span> <span class='ocrx_word' id='word_1_139' title='bbox 433 1044 577 1073; x_wconf 74' lang='lat' dir='ltr'><strong>feritatem</strong></span> <span class='ocrx_word' id='word_1_140' title='bbox 594 1044 709 1075; x_wconf 84' lang='lat' dir='ltr'><strong>coleret,</strong></span> <span class='ocrx_word' id='word_1_141' title='bbox 724 1048 874 1078; x_wconf 75' lang='lat' dir='ltr'><strong>cognatum</strong></span> <span class='ocrx_word' id='word_1_142' title='bbox 890 1050 979 1078; x_wconf 86' lang='lat' dir='ltr'><strong>genus</strong></span> <span class='ocrx_word' id='word_1_143' title='bbox 995 1051 1059 1071; x_wconf 89' lang='lat' dir='ltr'><strong>eru-</strong></span> 
     </span>
    </p>
   </div>
   <div class='ocr_carea' id='block_1_22' title="bbox 262 1081 1060 1124">
    <p class='ocr_par' dir='ltr' id='par_1_22' title="bbox 262 1081 1060 1124">
     <span class='ocr_line' id='line_1_22' title="bbox 262 1081 1060 1124; baseline -0.004 -5"><span class='ocrx_word' id='word_1_144' title='bbox 262 1091 360 1119; x_wconf 85' lang='lat' dir='ltr'><strong>deliter</strong></span> <span class='ocrx_word' id='word_1_145' title='bbox 371 1091 502 1118; x_wconf 75' lang='lat' dir='ltr'><strong>divexans</strong></span> <span class='ocrx_word' id='word_1_146' title='bbox 516 1098 548 1118; x_wconf 88' lang='lat' dir='ltr'><strong>ac</strong></span> <span class='ocrx_word' id='word_1_147' title='bbox 561 1089 729 1124; x_wconf 80' lang='lat' dir='ltr'><strong>contemptui</strong></span> <span class='ocrx_word' id='word_1_148' title='bbox 745 1089 862 1123; x_wconf 82' lang='lat' dir='ltr'><strong>habens.</strong></span> <span class='ocrx_word' id='word_1_149' title='bbox 876 1081 904 1116; x_wconf 82' lang='lat' dir='ltr'><strong>id</strong></span> <span class='ocrx_word' id='word_1_150' title='bbox 915 1097 980 1117; x_wconf 86' lang='lat' dir='ltr'><strong>vero</strong></span> <span class='ocrx_word' id='word_1_151' title='bbox 993 1097 1060 1117; x_wconf 87' lang='lat' dir='ltr'><strong>con-</strong></span> 
     </span>
    </p>
   </div>
   <div class='ocr_carea' id='block_1_23' title="bbox 264 1135 1058 1171">
    <p class='ocr_par' dir='ltr' id='par_1_23' title="bbox 264 1135 1058 1171">
     <span class='ocr_line' id='line_1_23' title="bbox 264 1135 1058 1171; baseline -0.003 -6"><span class='ocrx_word' id='word_1_152' title='bbox 264 1143 376 1166; x_wconf 78' lang='lat' dir='ltr'><strong>secutus</strong></span> <span class='ocrx_word' id='word_1_153' title='bbox 391 1141 434 1165; x_wconf 85' lang='lat' dir='ltr'><strong>est</strong></span> <span class='ocrx_word' id='word_1_154' title='bbox 448 1142 478 1165; x_wconf 90' lang='lat' dir='ltr'><strong>ut</strong></span> <span class='ocrx_word' id='word_1_155' title='bbox 492 1144 555 1165; x_wconf 83' lang='lat' dir='ltr'><strong>eum</strong></span> <span class='ocrx_word' id='word_1_156' title='bbox 565 1136 808 1169; x_wconf 85' lang='lat' dir='ltr'><strong>odissentonines,</strong></span> <span class='ocrx_word' id='word_1_157' title='bbox 824 1143 906 1164; x_wconf 91' lang='lat' dir='ltr'><strong>nemo</strong></span> <span class='ocrx_word' id='word_1_158' title='bbox 921 1135 1058 1171; x_wconf 76' lang='lat' dir='ltr'><strong>diligeret.</strong></span> 
     </span>
    </p>
   </div>
   <div class='ocr_carea' id='block_1_24' title="bbox 301 1181 1060 1218">
    <p class='ocr_par' dir='ltr' id='par_1_24' title="bbox 301 1181 1060 1218">
     <span class='ocr_line' id='line_1_24' title="bbox 301 1181 1060 1218; baseline -0.001 -8"><span class='ocrx_word' id='word_1_159' title='bbox 301 1184 345 1210; x_wconf 80' lang='grc'><strong>15.</strong></span> <span class='ocrx_word' id='word_1_160' title='bbox 361 1183 390 1210; x_wconf 91' lang='lat' dir='ltr'><strong>ln</strong></span> <span class='ocrx_word' id='word_1_161' title='bbox 410 1183 484 1210; x_wconf 90' lang='lat' dir='ltr'><strong>hunc</strong></span> <span class='ocrx_word' id='word_1_162' title='bbox 498 1182 592 1218; x_wconf 87' lang='lat' dir='ltr'><strong>itaque</strong></span> <span class='ocrx_word' id='word_1_163' title='bbox 606 1183 717 1210; x_wconf 91' lang='lat' dir='ltr'><strong>modum</strong></span> <span class='ocrx_word' id='word_1_164' title='bbox 732 1190 798 1210; x_wconf 86' lang='lat' dir='ltr'><strong>suas</strong></span> <span class='ocrx_word' id='word_1_165' title='bbox 816 1182 860 1210; x_wconf 87' lang='lat' dir='ltr'><strong>ille</strong></span> <span class='ocrx_word' id='word_1_166' title='bbox 874 1189 919 1210; x_wconf 89' lang='lat' dir='ltr'><strong>res</strong></span> <span class='ocrx_word' id='word_1_167' title='bbox 930 1181 1060 1217; x_wconf 83' lang='lat' dir='ltr'><strong>dispone-</strong></span> 
     </span>
    </p>
   </div>
   <div class='ocr_carea' id='block_1_25' title="bbox 263 1229 1062 1265">
    <p class='ocr_par' dir='ltr' id='par_1_25' title="bbox 263 1229 1062 1265">
     <span class='ocr_line' id='line_1_25' title="bbox 263 1229 1062 1265; baseline -0.003 -7"><span class='ocrx_word' id='word_1_168' title='bbox 263 1231 321 1264; x_wconf 85' lang='lat' dir='ltr'><strong>bat,</strong></span> <span class='ocrx_word' id='word_1_169' title='bbox 338 1230 468 1265; x_wconf 87' lang='lat' dir='ltr'><strong>venitque</strong></span> <span class='ocrx_word' id='word_1_170' title='bbox 481 1230 507 1258; x_wconf 90' lang='lat' dir='ltr'><strong>ei</strong></span> <span class='ocrx_word' id='word_1_171' title='bbox 531 1230 558 1257; x_wconf 93' lang='lat' dir='ltr'><strong>in</strong></span> <span class='ocrx_word' id='word_1_172' title='bbox 577 1234 697 1257; x_wconf 79' lang='lat' dir='ltr'><strong>mentem</strong></span> <span class='ocrx_word' id='word_1_173' title='bbox 723 1229 946 1257; x_wconf 85' lang='lat' dir='ltr'><strong>Pbilomeliensis</strong></span> <span class='ocrx_word' id='word_1_174' title='bbox 964 1236 1062 1257; x_wconf 83' lang='lat' dir='ltr'><strong>mona-</strong></span> 
     </span>
    </p>
   </div>
   <div class='ocr_carea' id='block_1_26' title="bbox 264 1275 1062 1312">
    <p class='ocr_par' dir='ltr' id='par_1_26' title="bbox 264 1275 1062 1312">
     <span class='ocr_line' id='line_1_26' title="bbox 264 1275 1062 1312; baseline -0.001 -7"><span class='ocrx_word' id='word_1_175' title='bbox 264 1277 345 1310; x_wconf 83' lang='lat' dir='ltr'><strong>chus.</strong></span> <span class='ocrx_word' id='word_1_176' title='bbox 372 1277 488 1312; x_wconf 76' lang='lat' dir='ltr'><strong>ejusque</strong></span> <span class='ocrx_word' id='word_1_177' title='bbox 518 1276 555 1304; x_wconf 86' lang='lat' dir='ltr'><strong>de</strong></span> <span class='ocrx_word' id='word_1_178' title='bbox 579 1283 610 1304; x_wconf 85' lang='lat' dir='ltr'><strong>se</strong></span> <span class='ocrx_word' id='word_1_179' title='bbox 635 1275 760 1303; x_wconf 86' lang='lat' dir='ltr'><strong>vaticinii</strong></span> <span class='ocrx_word' id='word_1_180' title='bbox 785 1282 901 1303; x_wconf 90' lang='lat' dir='ltr'><strong>munera</strong></span> <span class='ocrx_word' id='word_1_181' title='bbox 930 1279 1062 1310; x_wconf 66' lang='lat' dir='ltr'><strong>praestare</strong></span> 
     </span>
    </p>
   </div>
   <div class='ocr_carea' id='block_1_27' title="bbox 264 1320 1059 1355">
    <p class='ocr_par' dir='ltr' id='par_1_27' title="bbox 264 1320 1059 1355">
     <span class='ocr_line' id='line_1_27' title="bbox 264 1320 1059 1355; baseline -0.004 -5"><span class='ocrx_word' id='word_1_182' title='bbox 264 1322 422 1355; x_wconf 79' lang='lat' dir='ltr'><strong>constituit,</strong></span> <span class='ocrx_word' id='word_1_183' title='bbox 439 1321 534 1350; x_wconf 85' lang='lat' dir='ltr'><strong>missis</strong></span> <span class='ocrx_word' id='word_1_184' title='bbox 550 1321 578 1349; x_wconf 92' lang='lat' dir='ltr'><strong>in</strong></span> <span class='ocrx_word' id='word_1_185' title='bbox 597 1326 777 1350; x_wconf 81' lang='lat' dir='ltr'><strong>antecessum</strong></span> <span class='ocrx_word' id='word_1_186' title='bbox 795 1320 982 1353; x_wconf 85' lang='lat' dir='ltr'><strong>munusculis,</strong></span> <span class='ocrx_word' id='word_1_187' title='bbox 995 1320 1059 1355; x_wconf 88' lang='lat' dir='ltr'><strong>qui-</strong></span> 
     </span>
    </p>
   </div>
   <div class='ocr_carea' id='block_1_28' title="bbox 265 1366 1060 1404">
    <p class='ocr_par' dir='ltr' id='par_1_28' title="bbox 265 1366 1060 1404">
     <span class='ocr_line' id='line_1_28' title="bbox 265 1366 1060 1404; baseline -0.004 -8"><span class='ocrx_word' id='word_1_188' title='bbox 265 1369 318 1397; x_wconf 88' lang='lat' dir='ltr'><strong>bus</strong></span> <span class='ocrx_word' id='word_1_189' title='bbox 333 1373 441 1404; x_wconf 81' lang='lat' dir='ltr'><strong>gratum</strong></span> <span class='ocrx_word' id='word_1_190' title='bbox 456 1368 585 1396; x_wconf 76' lang='lat' dir='ltr'><strong>animum</strong></span> <span class='ocrx_word' id='word_1_191' title='bbox 602 1375 684 1395; x_wconf 89' lang='lat' dir='ltr'><strong>suum</strong></span> <span class='ocrx_word' id='word_1_192' title='bbox 705 1367 733 1394; x_wconf 91' lang='lat' dir='ltr'><strong>in</strong></span> <span class='ocrx_word' id='word_1_193' title='bbox 751 1374 813 1395; x_wconf 87' lang='lat' dir='ltr'><strong>eum</strong></span> <span class='ocrx_word' id='word_1_194' title='bbox 828 1366 998 1399; x_wconf 80' lang='lat' dir='ltr'><strong>ostenderet,</strong></span> <span class='ocrx_word' id='word_1_195' title='bbox 1013 1373 1060 1393; x_wconf 88' lang='lat' dir='ltr'><strong>ro-</strong></span> 
     </span>
    </p>
   </div>
   <div class='ocr_carea' id='block_1_29' title="bbox 265 1412 1062 1451">
    <p class='ocr_par' dir='ltr' id='par_1_29' title="bbox 265 1412 1062 1451">
     <span class='ocr_line' id='line_1_29' title="bbox 265 1412 1062 1451; baseline -0.003 -9"><span class='ocrx_word' id='word_1_196' title='bbox 265 1422 334 1451; x_wconf 82' lang='lat' dir='ltr'><strong>gans</strong></span> <span class='ocrx_word' id='word_1_197' title='bbox 349 1422 364 1442; x_wconf 87' lang='lat' dir='ltr'><strong>a</strong></span> <span class='ocrx_word' id='word_1_198' title='bbox 385 1414 439 1443; x_wconf 86' lang='lat' dir='ltr'><strong>Deo</strong></span> <span class='ocrx_word' id='word_1_199' title='bbox 456 1414 606 1450; x_wconf 83' lang='lat' dir='ltr'><strong>impetrare</strong></span> <span class='ocrx_word' id='word_1_200' title='bbox 618 1418 651 1441; x_wconf 75' lang='lat' dir='ltr'><strong>ut</strong></span> <span class='ocrx_word' id='word_1_201' title='bbox 666 1413 815 1449; x_wconf 86' lang='lat' dir='ltr'><strong>imperium</strong></span> <span class='ocrx_word' id='word_1_202' title='bbox 836 1420 918 1441; x_wconf 89' lang='lat' dir='ltr'><strong>suum</strong></span> <span class='ocrx_word' id='word_1_203' title='bbox 933 1412 1062 1440; x_wconf 86' lang='lat' dir='ltr'><strong>victoriis</strong></span> 
     </span>
    </p>
   </div>
   <div class='ocr_carea' id='block_1_30' title="bbox 265 1458 1062 1496">
    <p class='ocr_par' dir='ltr' id='par_1_30' title="bbox 265 1458 1062 1496">
     <span class='ocr_line' id='line_1_30' title="bbox 265 1458 1062 1496; baseline -0.004 -8"><span class='ocrx_word' id='word_1_204' title='bbox 265 1464 390 1496; x_wconf 79' lang='lat' dir='ltr'><strong>augeret.</strong></span> <span class='ocrx_word' id='word_1_205' title='bbox 409 1460 510 1488; x_wconf 75' lang='lat' dir='ltr'><strong>Verum</strong></span> <span class='ocrx_word' id='word_1_206' title='bbox 525 1460 572 1487; x_wconf 81' lang='lat' dir='ltr'><strong>ille</strong></span> <span class='ocrx_word' id='word_1_207' title='bbox 584 1459 642 1494; x_wconf 90' lang='lat' dir='ltr'><strong>jam</strong></span> <span class='ocrx_word' id='word_1_208' title='bbox 663 1466 678 1487; x_wconf 89' lang='lat' dir='ltr'><strong>e</strong></span> <span class='ocrx_word' id='word_1_209' title='bbox 695 1459 766 1487; x_wconf 89' lang='lat' dir='ltr'><strong>vivis</strong></span> <span class='ocrx_word' id='word_1_210' title='bbox 789 1463 957 1492; x_wconf 77' lang='lat' dir='ltr'><strong>excesserat,</strong></span> <span class='ocrx_word' id='word_1_211' title='bbox 971 1458 1062 1486; x_wconf 86' lang='lat' dir='ltr'><strong>malus</strong></span> 
     </span>
    </p>
   </div>
   <div class='ocr_carea' id='block_1_31' title="bbox 267 1504 1065 1541">
    <p class='ocr_par' dir='ltr' id='par_1_31' title="bbox 267 1504 1065 1541">
     <span class='ocr_line' id='line_1_31' title="bbox 267 1504 1065 1541; baseline -0.005 -6"><span class='ocrx_word' id='word_1_212' title='bbox 267 1512 359 1535; x_wconf 74' lang='lat' dir='ltr'><strong>autem</strong></span> <span class='ocrx_word' id='word_1_213' title='bbox 376 1505 489 1541; x_wconf 76' lang='lat' dir='ltr'><strong>quidam</strong></span> <span class='ocrx_word' id='word_1_214' title='bbox 504 1513 539 1533; x_wconf 87' lang='lat' dir='ltr'><strong>ac</strong></span> <span class='ocrx_word' id='word_1_215' title='bbox 555 1505 665 1533; x_wconf 89' lang='lat' dir='ltr'><strong>invidus</strong></span> <span class='ocrx_word' id='word_1_216' title='bbox 680 1505 789 1534; x_wconf 63' lang='lat' dir='ltr'><strong>daemon</strong></span> <span class='ocrx_word' id='word_1_217' title='bbox 806 1504 869 1540; x_wconf 88' lang='lat' dir='ltr'><strong>(nec</strong></span> <span class='ocrx_word' id='word_1_218' title='bbox 885 1504 958 1532; x_wconf 88' lang='lat' dir='ltr'><strong>enim</strong></span> <span class='ocrx_word' id='word_1_219' title='bbox 973 1504 1065 1532; x_wconf 87' lang='lat' dir='ltr'><strong>homi-</strong></span> 
     </span>
    </p>
   </div>
   <div class='ocr_carea' id='block_1_32' title="bbox 266 1551 1063 1588">
    <p class='ocr_par' dir='ltr' id='par_1_32' title="bbox 266 1551 1063 1588">
     <span class='ocr_line' id='line_1_32' title="bbox 266 1551 1063 1588; baseline -0.003 -7"><span class='ocrx_word' id='word_1_220' title='bbox 266 1561 330 1582; x_wconf 84' lang='lat' dir='ltr'><strong>nem</strong></span> <span class='ocrx_word' id='word_1_221' title='bbox 341 1553 516 1588; x_wconf 77' lang='lat' dir='ltr'><strong>appellavero</strong></span> <span class='ocrx_word' id='word_1_222' title='bbox 525 1552 573 1587; x_wconf 89' lang='lat' dir='ltr'><strong>qui</strong></span> <span class='ocrx_word' id='word_1_223' title='bbox 590 1551 683 1579; x_wconf 88' lang='lat' dir='ltr'><strong>omnia</strong></span> <span class='ocrx_word' id='word_1_224' title='bbox 701 1551 815 1579; x_wconf 85' lang='lat' dir='ltr'><strong>miscuit</strong></span> <span class='ocrx_word' id='word_1_225' title='bbox 830 1551 1016 1586; x_wconf 86' lang='lat' dir='ltr'><strong>turbavitque,</strong></span> <span class='ocrx_word' id='word_1_226' title='bbox 1030 1558 1063 1579; x_wconf 87' lang='lat' dir='ltr'><strong>ac</strong></span> 
     </span>
    </p>
   </div>
   <div class='ocr_carea' id='block_1_33' title="bbox 267 1597 1061 1635">
    <p class='ocr_par' dir='ltr' id='par_1_33' title="bbox 267 1597 1061 1635">
     <span class='ocr_line' id='line_1_33' title="bbox 267 1597 1061 1635; baseline -0.003 -8"><span class='ocrx_word' id='word_1_227' title='bbox 267 1599 375 1635; x_wconf 89' lang='lat' dir='ltr'><strong>antiqui</strong></span> <span class='ocrx_word' id='word_1_228' title='bbox 400 1599 536 1634; x_wconf 86' lang='lat' dir='ltr'><strong>serpentis</strong></span> <span class='ocrx_word' id='word_1_229' title='bbox 550 1606 627 1626; x_wconf 85' lang='lat' dir='ltr'><strong>more</strong></span> <span class='ocrx_word' id='word_1_230' title='bbox 641 1598 736 1626; x_wconf 87' lang='lat' dir='ltr'><strong>miseri</strong></span> <span class='ocrx_word' id='word_1_231' title='bbox 750 1597 852 1626; x_wconf 90' lang='lat' dir='ltr'><strong>Leonis</strong></span> <span class='ocrx_word' id='word_1_232' title='bbox 868 1598 994 1631; x_wconf 85' lang='lat' dir='ltr'><strong>auribus,</strong></span> <span class='ocrx_word' id='word_1_233' title='bbox 1010 1598 1061 1625; x_wconf 87' lang='lat' dir='ltr'><strong>ho-</strong></span> 
     </span>
    </p>
   </div>
   <div class='ocr_carea' id='block_1_34' title="bbox 268 1645 1063 1681">
    <p class='ocr_par' dir='ltr' id='par_1_34' title="bbox 268 1645 1063 1681">
     <span class='ocr_line' id='line_1_34' title="bbox 268 1645 1063 1681; baseline -0.004 -6"><span class='ocrx_word' id='word_1_234' title='bbox 268 1647 353 1675; x_wconf 86' lang='lat' dir='ltr'><strong>minis</strong></span> <span class='ocrx_word' id='word_1_235' title='bbox 367 1646 474 1674; x_wconf 86' lang='lat' dir='ltr'><strong>scilicet</strong></span> <span class='ocrx_word' id='word_1_236' title='bbox 494 1645 575 1681; x_wconf 86' lang='lat' dir='ltr'><strong>cujus</strong></span> <span class='ocrx_word' id='word_1_237' title='bbox 593 1653 672 1674; x_wconf 89' lang='lat' dir='ltr'><strong>mens</strong></span> <span class='ocrx_word' id='word_1_238' title='bbox 692 1646 784 1674; x_wconf 87' lang='lat' dir='ltr'><strong>omnis</strong></span> <span class='ocrx_word' id='word_1_239' title='bbox 799 1645 961 1681; x_wconf 88' lang='lat' dir='ltr'><strong>imprudens</strong></span> <span class='ocrx_word' id='word_1_240' title='bbox 978 1649 1005 1674; x_wconf 90' lang='lat' dir='ltr'><strong>et</strong></span> <span class='ocrx_word' id='word_1_241' title='bbox 1019 1645 1063 1672; x_wconf 92' lang='lat' dir='ltr'><strong>in-</strong></span> 
     </span>
    </p>
   </div>
   <div class='ocr_carea' id='block_1_35' title="bbox 267 1691 1064 1728">
    <p class='ocr_par' dir='ltr' id='par_1_35' title="bbox 267 1691 1064 1728">
     <span class='ocr_line' id='line_1_35' title="bbox 267 1691 1064 1728; baseline -0.003 -7"><span class='ocrx_word' id='word_1_242' title='bbox 267 1693 407 1725; x_wconf 84' lang='lat' dir='ltr'><strong>consulta.</strong></span> <span class='ocrx_word' id='word_1_243' title='bbox 425 1692 501 1720; x_wconf 87' lang='lat' dir='ltr'><strong>virus</strong></span> <span class='ocrx_word' id='word_1_244' title='bbox 525 1691 637 1728; x_wconf 82' lang='lat' dir='ltr'><strong>infudit)</strong></span> <span class='ocrx_word' id='word_1_245' title='bbox 651 1691 727 1720; x_wconf 87' lang='lat' dir='ltr'><strong>senis</strong></span> <span class='ocrx_word' id='word_1_246' title='bbox 742 1691 886 1721; x_wconf 68' lang='lat' dir='ltr'><strong>aediculam</strong></span> <span class='ocrx_word' id='word_1_247' title='bbox 908 1692 983 1719; x_wconf 84' lang='lat' dir='ltr'><strong>illam</strong></span> <span class='ocrx_word' id='word_1_248' title='bbox 999 1692 1064 1720; x_wconf 83' lang='lat' dir='ltr'><strong>reli-</strong></span> 
     </span>
    </p>
   </div>
   <div class='ocr_carea' id='block_1_36' title="bbox 267 1738 1065 1776">
    <p class='ocr_par' dir='ltr' id='par_1_36' title="bbox 267 1738 1065 1776">
     <span class='ocr_line' id='line_1_36' title="bbox 267 1738 1065 1776; baseline -0.001 -8"><span class='ocrx_word' id='word_1_249' title='bbox 267 1740 359 1776; x_wconf 85' lang='lat' dir='ltr'><strong>gionis</strong></span> <span class='ocrx_word' id='word_1_250' title='bbox 375 1741 489 1768; x_wconf 88' lang='lat' dir='ltr'><strong>obtentu</strong></span> <span class='ocrx_word' id='word_1_251' title='bbox 506 1743 704 1775; x_wconf 76' lang='lat' dir='ltr'><strong>occupaverat.</strong></span> <span class='ocrx_word' id='word_1_252' title='bbox 726 1738 879 1767; x_wconf 83' lang='lat' dir='ltr'><strong>Sabbatius</strong></span> <span class='ocrx_word' id='word_1_253' title='bbox 905 1739 946 1767; x_wconf 85' lang='lat' dir='ltr'><strong>illi</strong></span> <span class='ocrx_word' id='word_1_254' title='bbox 964 1746 1065 1767; x_wconf 90' lang='lat' dir='ltr'><strong>nomen</strong></span> 
     </span>
    </p>
   </div>
   <div class='ocr_carea' id='block_1_37' title="bbox 269 1785 1063 1821">
    <p class='ocr_par' dir='ltr' id='par_1_37' title="bbox 269 1785 1063 1821">
     <span class='ocr_line' id='line_1_37' title="bbox 269 1785 1063 1821; baseline 0 -7"><span class='ocrx_word' id='word_1_255' title='bbox 269 1792 340 1815; x_wconf 87' lang='lat' dir='ltr'><strong>erat.</strong></span> <span class='ocrx_word' id='word_1_256' title='bbox 369 1786 420 1814; x_wconf 80' lang='lat' dir='ltr'><strong>ilic</strong></span> <span class='ocrx_word' id='word_1_257' title='bbox 449 1785 552 1814; x_wconf 80' lang='lat' dir='ltr'><strong>Leonis</strong></span> <span class='ocrx_word' id='word_1_258' title='bbox 589 1787 682 1821; x_wconf 85' lang='lat' dir='ltr'><strong>ipsum</strong></span> <span class='ocrx_word' id='word_1_259' title='bbox 714 1786 842 1814; x_wconf 87' lang='lat' dir='ltr'><strong>nuntium</strong></span> <span class='ocrx_word' id='word_1_260' title='bbox 874 1786 1063 1814; x_wconf 88' lang='lat' dir='ltr'><strong>conviciorum</strong></span> 
     </span>
    </p>
   </div>
   <div class='ocr_carea' id='block_1_38' title="bbox 268 1831 1064 1868">
    <p class='ocr_par' dir='ltr' id='par_1_38' title="bbox 268 1831 1064 1868">
     <span class='ocr_line' id='line_1_38' title="bbox 268 1831 1064 1868; baseline 0 -8"><span class='ocrx_word' id='word_1_261' title='bbox 268 1833 395 1868; x_wconf 82' lang='lat' dir='ltr'><strong>plaustro</strong></span> <span class='ocrx_word' id='word_1_262' title='bbox 407 1839 539 1865; x_wconf 85' lang='lat' dir='ltr'><strong>onerare,</strong></span> <span class='ocrx_word' id='word_1_263' title='bbox 566 1839 617 1859; x_wconf 86' lang='lat' dir='ltr'><strong>nec</strong></span> <span class='ocrx_word' id='word_1_264' title='bbox 634 1839 730 1860; x_wconf 85' lang='lat' dir='ltr'><strong>secum</strong></span> <span class='ocrx_word' id='word_1_265' title='bbox 744 1831 818 1867; x_wconf 85' lang='lat' dir='ltr'><strong>ipse.</strong></span> <span class='ocrx_word' id='word_1_266' title='bbox 846 1832 895 1860; x_wconf 87' lang='lat' dir='ltr'><strong>sed</strong></span> <span class='ocrx_word' id='word_1_267' title='bbox 923 1839 1018 1860; x_wconf 87' lang='lat' dir='ltr'><strong>coram</strong></span> <span class='ocrx_word' id='word_1_268' title='bbox 1035 1832 1064 1860; x_wconf 93' lang='lat' dir='ltr'><strong>in</strong></span> 
     </span>
    </p>
   </div>
   <div class='ocr_carea' id='block_1_39' title="bbox 270 1877 1064 1914">
    <p class='ocr_par' dir='ltr' id='par_1_39' title="bbox 270 1877 1064 1914">
     <span class='ocr_line' id='line_1_39' title="bbox 270 1877 1064 1914; baseline 0 -9"><span class='ocrx_word' id='word_1_269' title='bbox 270 1878 342 1906; x_wconf 76' lang='lat' dir='ltr'><strong>facie</strong></span> <span class='ocrx_word' id='word_1_270' title='bbox 372 1878 400 1906; x_wconf 95' lang='lat' dir='ltr'><strong>in</strong></span> <span class='ocrx_word' id='word_1_271' title='bbox 426 1878 621 1913; x_wconf 83' lang='lat' dir='ltr'><strong>imperatorem</strong></span> <span class='ocrx_word' id='word_1_272' title='bbox 642 1878 788 1906; x_wconf 84' lang='lat' dir='ltr'><strong>maledicta</strong></span> <span class='ocrx_word' id='word_1_273' title='bbox 812 1877 930 1913; x_wconf 78' lang='lat' dir='ltr'><strong>jactare.</strong></span> <span class='ocrx_word' id='word_1_274' title='bbox 947 1877 1064 1914; x_wconf 75' lang='lat' dir='ltr'><strong>Rogavit</strong></span> 
     </span>
    </p>
   </div>
   <div class='ocr_carea' id='block_1_40' title="bbox 269 1924 1065 1953">
    <p class='ocr_par' dir='ltr' id='par_1_40' title="bbox 269 1924 1065 1953">
     <span class='ocr_line' id='line_1_40' title="bbox 269 1924 1065 1953; baseline 0.003 -2"><span class='ocrx_word' id='word_1_275' title='bbox 269 1924 450 1952; x_wconf 87' lang='lat' dir='ltr'><strong>nihilominus</strong></span> <span class='ocrx_word' id='word_1_276' title='bbox 467 1929 574 1952; x_wconf 88' lang='lat' dir='ltr'><strong>semoto</strong></span> <span class='ocrx_word' id='word_1_277' title='bbox 589 1924 665 1952; x_wconf 82' lang='lat' dir='ltr'><strong>omni</strong></span> <span class='ocrx_word' id='word_1_278' title='bbox 681 1924 784 1952; x_wconf 85' lang='lat' dir='ltr'><strong>timore</strong></span> <span class='ocrx_word' id='word_1_279' title='bbox 797 1924 963 1953; x_wconf 86' lang='lat' dir='ltr'><strong>denuntiare</strong></span> <span class='ocrx_word' id='word_1_280' title='bbox 981 1925 1065 1953; x_wconf 87' lang='lat' dir='ltr'><strong>breve</strong></span> 
     </span>
    </p>
   </div>
   <div class='ocr_carea' id='block_1_41' title="bbox 269 1971 1065 2007">
    <p class='ocr_par' dir='ltr' id='par_1_41' title="bbox 269 1971 1065 2007">
     <span class='ocr_line' id='line_1_41' title="bbox 269 1971 1065 2007; baseline 0.004 -9"><span class='ocrx_word' id='word_1_281' title='bbox 269 1971 330 1999; x_wconf 79' lang='lat' dir='ltr'><strong>fore</strong></span> <span class='ocrx_word' id='word_1_282' title='bbox 341 1971 443 1999; x_wconf 89' lang='lat' dir='ltr'><strong>Leonis</strong></span> <span class='ocrx_word' id='word_1_283' title='bbox 454 1971 612 2006; x_wconf 88' lang='lat' dir='ltr'><strong>imperium,</strong></span> <span class='ocrx_word' id='word_1_284' title='bbox 630 1971 677 2006; x_wconf 85' lang='lat' dir='ltr'><strong>qui</strong></span> <span class='ocrx_word' id='word_1_285' title='bbox 701 1971 784 2000; x_wconf 85' lang='lat' dir='ltr'><strong>idolis</strong></span> <span class='ocrx_word' id='word_1_286' title='bbox 804 1972 832 2007; x_wconf 88' lang='lat'><strong>(0</strong></span> <span class='ocrx_word' id='word_1_287' title='bbox 849 1971 969 2007; x_wconf 77' lang='lat' dir='ltr'><strong>linguam</strong></span> <span class='ocrx_word' id='word_1_288' title='bbox 984 1979 1065 2000; x_wconf 77' lang='lat' dir='ltr'><strong>exse-</strong></span> 
     </span>
    </p>
   </div>
   <div class='ocr_carea' id='block_1_42' title="bbox 269 2017 1064 2053">
    <p class='ocr_par' dir='ltr' id='par_1_42' title="bbox 269 2017 1064 2053">
     <span class='ocr_line' id='line_1_42' title="bbox 269 2017 1064 2053; baseline 0.001 -8"><span class='ocrx_word' id='word_1_289' title='bbox 269 2017 432 2053; x_wconf 78' lang='lat' dir='ltr'><strong>crabilem!)</strong></span> <span class='ocrx_word' id='word_1_290' title='bbox 447 2017 570 2045; x_wconf 81' lang='lat' dir='ltr'><strong>animum</strong></span> <span class='ocrx_word' id='word_1_291' title='bbox 595 2017 750 2050; x_wconf 75' lang='lat' dir='ltr'><strong>adhiberet,</strong></span> <span class='ocrx_word' id='word_1_292' title='bbox 769 2018 853 2053; x_wconf 88' lang='lat' dir='ltr'><strong>inque</strong></span> <span class='ocrx_word' id='word_1_293' title='bbox 872 2017 926 2053; x_wconf 72' lang='lat'><strong>27</strong></span> <span class='ocrx_word' id='word_1_294' title='bbox 943 2018 1064 2053; x_wconf 81' lang='lat' dir='ltr'><strong>pardalis</strong></span> 
     </span>
    </p>
   </div>
   <div class='ocr_carea' id='block_1_43' title="bbox 267 2064 1064 2100">
    <p class='ocr_par' dir='ltr' id='par_1_43' title="bbox 267 2064 1064 2100">
     <span class='ocr_line' id='line_1_43' title="bbox 267 2064 1064 2100; baseline 0 -8"><span class='ocrx_word' id='word_1_295' title='bbox 267 2069 297 2092; x_wconf 89' lang='lat' dir='ltr'><strong>et</strong></span> <span class='ocrx_word' id='word_1_296' title='bbox 309 2064 424 2092; x_wconf 73' lang='lat' dir='ltr'><strong>Bacchae</strong></span> <span class='ocrx_word' id='word_1_297' title='bbox 437 2064 604 2100; x_wconf 86' lang='lat' dir='ltr'><strong>Taraxiique</strong></span> <span class='ocrx_word' id='word_1_298' title='bbox 625 2064 786 2092; x_wconf 76' lang='lat' dir='ltr'><strong>numinibus</strong></span> <span class='ocrx_word' id='word_1_299' title='bbox 801 2064 853 2100; x_wconf 90' lang='lat' dir='ltr'><strong>(sic</strong></span> <span class='ocrx_word' id='word_1_300' title='bbox 867 2065 995 2092; x_wconf 87' lang='lat' dir='ltr'><strong>nimirum</strong></span> <span class='ocrx_word' id='word_1_301' title='bbox 1013 2065 1064 2092; x_wconf 89' lang='lat' dir='ltr'><strong>im-</strong></span> 
     </span>
    </p>
   </div>
   <div class='ocr_carea' id='block_1_44' title="bbox 269 2109 1064 2146">
    <p class='ocr_par' dir='ltr' id='par_1_44' title="bbox 269 2109 1064 2146">
     <span class='ocr_line' id='line_1_44' title="bbox 269 2109 1064 2146; baseline 0.001 -8"><span class='ocrx_word' id='word_1_302' title='bbox 269 2111 434 2146; x_wconf 86' lang='lat' dir='ltr'><strong>peratricem</strong></span> <span class='ocrx_word' id='word_1_303' title='bbox 448 2109 553 2138; x_wconf 80' lang='lat' dir='ltr'><strong>lrenem</strong></span> <span class='ocrx_word' id='word_1_304' title='bbox 578 2114 761 2145; x_wconf 84' lang='lat' dir='ltr'><strong>sanctumque</strong></span> <span class='ocrx_word' id='word_1_305' title='bbox 777 2110 922 2138; x_wconf 84' lang='lat' dir='ltr'><strong>Tarasium</strong></span> <span class='ocrx_word' id='word_1_306' title='bbox 937 2111 965 2138; x_wconf 94' lang='lat' dir='ltr'><strong>in</strong></span> <span class='ocrx_word' id='word_1_307' title='bbox 980 2118 1064 2139; x_wconf 83' lang='lat' dir='ltr'><strong>causa</strong></span> 
     </span>
    </p>
   </div>
   <div class='ocr_carea' id='block_1_45' title="bbox 269 2155 1063 2191">
    <p class='ocr_par' dir='ltr' id='par_1_45' title="bbox 269 2155 1063 2191">
     <span class='ocr_line' id='line_1_45' title="bbox 269 2155 1063 2191; baseline 0.004 -9"><span class='ocrx_word' id='word_1_308' title='bbox 269 2156 428 2183; x_wconf 87' lang='lat' dir='ltr'><strong>divinarum</strong></span> <span class='ocrx_word' id='word_1_309' title='bbox 453 2155 605 2191; x_wconf 87' lang='lat' dir='ltr'><strong>imaginum</strong></span> <span class='ocrx_word' id='word_1_310' title='bbox 635 2155 736 2191; x_wconf 68' lang='lat' dir='ltr'><strong>lingua:</strong></span> <span class='ocrx_word' id='word_1_311' title='bbox 765 2156 917 2190; x_wconf 84' lang='lat' dir='ltr'><strong>petulantia</strong></span> <span class='ocrx_word' id='word_1_312' title='bbox 947 2157 1063 2191; x_wconf 87' lang='lat' dir='ltr'><strong>vocans)</strong></span> 
     </span>
    </p>
   </div>
   <div class='ocr_carea' id='block_1_46' title="bbox 270 2201 1062 2238">
    <p class='ocr_par' dir='ltr' id='par_1_46' title="bbox 270 2201 1062 2238">
     <span class='ocr_line' id='line_1_46' title="bbox 270 2201 1062 2238; baseline 0.001 -8"><span class='ocrx_word' id='word_1_313' title='bbox 270 2210 347 2238; x_wconf 86' lang='lat' dir='ltr'><strong>spem</strong></span> <span class='ocrx_word' id='word_1_314' title='bbox 357 2202 518 2230; x_wconf 85' lang='lat' dir='ltr'><strong>collocaret.</strong></span> <span class='ocrx_word' id='word_1_315' title='bbox 531 2201 566 2229; x_wconf 83' lang='lat' dir='ltr'><strong>At</strong></span> <span class='ocrx_word' id='word_1_316' title='bbox 577 2201 645 2234; x_wconf 87' lang='lat' dir='ltr'><strong>Leo,</strong></span> <span class='ocrx_word' id='word_1_317' title='bbox 661 2209 757 2229; x_wconf 87' lang='lat' dir='ltr'><strong>verum</strong></span> <span class='ocrx_word' id='word_1_318' title='bbox 773 2202 929 2230; x_wconf 69' lang='lat' dir='ltr'><strong>daemonum</strong></span> <span class='ocrx_word' id='word_1_319' title='bbox 946 2203 1062 2237; x_wconf 88' lang='lat' dir='ltr'><strong>idolum,</strong></span> 
     </span>
    </p>
   </div>
   <div class='ocr_carea' id='block_1_47' title="bbox 271 2247 1062 2283">
    <p class='ocr_par' dir='ltr' id='par_1_47' title="bbox 271 2247 1062 2283">
     <span class='ocr_line' id='line_1_47' title="bbox 271 2247 1062 2283; baseline 0 -7"><span class='ocrx_word' id='word_1_320' title='bbox 271 2248 389 2276; x_wconf 80' lang='lat' dir='ltr'><strong>inscitiae</strong></span> <span class='ocrx_word' id='word_1_321' title='bbox 414 2247 592 2282; x_wconf 83' lang='lat' dir='ltr'><strong>mancipium.</strong></span> <span class='ocrx_word' id='word_1_322' title='bbox 609 2247 694 2275; x_wconf 90' lang='lat' dir='ltr'><strong>homo</strong></span> <span class='ocrx_word' id='word_1_323' title='bbox 712 2247 810 2274; x_wconf 88' lang='lat' dir='ltr'><strong>umbra</strong></span> <span class='ocrx_word' id='word_1_324' title='bbox 836 2248 985 2283; x_wconf 85' lang='lat' dir='ltr'><strong>elinguior,</strong></span> <span class='ocrx_word' id='word_1_325' title='bbox 999 2256 1062 2277; x_wconf 87' lang='lat' dir='ltr'><strong>cum</strong></span> 
     </span>
    </p>
   </div>
   <div class='ocr_carea' id='block_1_48' title="bbox 1106 306 1901 343">
    <p class='ocr_par' dir='ltr' id='par_1_48' title="bbox 1106 306 1901 343">
     <span class='ocr_line' id='line_1_48' title="bbox 1106 306 1901 343; baseline -0.001 -9"><span class='ocrx_word' id='word_1_326' title='bbox 1106 307 1221 339; x_wconf 81' lang='grc' dir='ltr'>Λέοντος</span> <span class='ocrx_word' id='word_1_327' title='bbox 1232 306 1415 343; x_wconf 73' lang='grc' dir='ltr'><strong>ἐπωνομάσθη</strong></span> <span class='ocrx_word' id='word_1_328' title='bbox 1427 314 1434 322; x_wconf 89' lang='grc'><strong>·</strong></span> <span class='ocrx_word' id='word_1_329' title='bbox 1455 306 1502 334; x_wconf 78' lang='grc' dir='ltr'><strong>καί</strong></span> <span class='ocrx_word' id='word_1_330' title='bbox 1514 307 1539 333; x_wconf 88' lang='grc' dir='ltr'><strong>οἰ</strong></span> <span class='ocrx_word' id='word_1_331' title='bbox 1551 306 1596 333; x_wconf 79' lang='grc' dir='ltr'>ἀεὶ</span> <span class='ocrx_word' id='word_1_332' title='bbox 1611 307 1701 333; x_wconf 77' lang='grc' dir='ltr'>ἐκεῖσε</span> <span class='ocrx_word' id='word_1_333' title='bbox 1713 306 1901 341; x_wconf 75' lang='grc' dir='ltr'>διαϐιϐαζόμει</span> 
     </span>
    </p>
   </div>
   <div class='ocr_carea' id='block_1_49' title="bbox 1105 351 1902 389">
    <p class='ocr_par' dir='ltr' id='par_1_49' title="bbox 1105 351 1902 389">
     <span class='ocr_line' id='line_1_49' title="bbox 1105 351 1902 389; baseline -0.001 -10"><span class='ocrx_word' id='word_1_334' title='bbox 1105 361 1146 379; x_wconf 90' lang='grc' dir='ltr'><strong>νοι</strong></span> <span class='ocrx_word' id='word_1_335' title='bbox 1166 352 1221 380; x_wconf 85' lang='grc' dir='ltr'>τῶν</span> <span class='ocrx_word' id='word_1_336' title='bbox 1231 353 1396 388; x_wconf 86' lang='grc' dir='ltr'>Βουλγάρων</span> <span class='ocrx_word' id='word_1_337' title='bbox 1407 353 1458 389; x_wconf 85' lang='grc' dir='ltr'>τὴν</span> <span class='ocrx_word' id='word_1_338' title='bbox 1471 351 1595 388; x_wconf 76' lang='grc' dir='ltr'>κεφαλὴν</span> <span class='ocrx_word' id='word_1_339' title='bbox 1610 351 1778 383; x_wconf 70' lang='grc' dir='ltr'><strong>ἐπισείοντες</strong></span> <span class='ocrx_word' id='word_1_340' title='bbox 1804 351 1902 378; x_wconf 76' lang='grc' dir='ltr'>δακτυ·</span> 
     </span>
    </p>
   </div>
   <div class='ocr_carea' id='block_1_50' title="bbox 1106 396 1905 435">
    <p class='ocr_par' dir='ltr' id='par_1_50' title="bbox 1106 396 1905 435">
     <span class='ocr_line' id='line_1_50' title="bbox 1106 396 1905 435; baseline -0.003 -10"><span class='ocrx_word' id='word_1_341' title='bbox 1106 398 1283 432; x_wconf 78' lang='grc' dir='ltr'>λοδεικτοῦοι,</span> <span class='ocrx_word' id='word_1_342' title='bbox 1299 399 1347 426; x_wconf 77' lang='grc' dir='ltr'>καὶ</span> <span class='ocrx_word' id='word_1_343' title='bbox 1361 398 1447 435; x_wconf 83' lang='grc' dir='ltr'>λήθην</span> <span class='ocrx_word' id='word_1_344' title='bbox 1463 397 1638 434; x_wconf 84' lang='grc' dir='ltr'>λαμϐάνουσι</span> <span class='ocrx_word' id='word_1_345' title='bbox 1654 396 1710 424; x_wconf 75' lang='grc' dir='ltr'>τῶν</span> <span class='ocrx_word' id='word_1_346' title='bbox 1726 397 1788 424; x_wconf 61' lang='grc' dir='ltr'>τότε</span> <span class='ocrx_word' id='word_1_347' title='bbox 1813 397 1905 424; x_wconf 81' lang='grc' dir='ltr'>κακῶν</span> 
     </span>
    </p>
   </div>
   <div class='ocr_carea' id='block_1_51' title="bbox 1107 445 1245 480">
    <p class='ocr_par' dir='ltr' id='par_1_51' title="bbox 1107 445 1245 480">
     <span class='ocr_line' id='line_1_51' title="bbox 1107 445 1245 480; baseline -0.007 -8"><span class='ocrx_word' id='word_1_348' title='bbox 1107 445 1245 480; x_wconf 81' lang='grc' dir='ltr'><strong>οὐδαμῶς.</strong></span> 
     </span>
    </p>
   </div>
   <div class='ocr_carea' id='block_1_52' title="bbox 1144 538 1906 577">
    <p class='ocr_par' dir='ltr' id='par_1_52' title="bbox 1144 538 1906 577">
     <span class='ocr_line' id='line_1_52' title="bbox 1144 538 1906 577; baseline 0.003 -11"><span class='ocrx_word' id='word_1_349' title='bbox 1144 539 1186 567; x_wconf 83' lang='grc' dir='ltr'>ιδ’.</span> <span class='ocrx_word' id='word_1_350' title='bbox 1202 538 1290 567; x_wconf 87' lang='grc' dir='ltr'>Τοῦτο</span> <span class='ocrx_word' id='word_1_351' title='bbox 1303 539 1371 574; x_wconf 81' lang='grc' dir='ltr'>γοῦν</span> <span class='ocrx_word' id='word_1_352' title='bbox 1391 539 1561 577; x_wconf 76' lang='grc' dir='ltr'>θρασύτερον</span> <span class='ocrx_word' id='word_1_353' title='bbox 1575 549 1635 573; x_wconf 84' lang='grc' dir='ltr'><strong>πως</strong></span> <span class='ocrx_word' id='word_1_354' title='bbox 1647 540 1731 568; x_wconf 82' lang='grc' dir='ltr'>αὑτδν</span> <span class='ocrx_word' id='word_1_355' title='bbox 1741 540 1788 568; x_wconf 83' lang='grc' dir='ltr'><strong>καί</strong></span> <span class='ocrx_word' id='word_1_356' title='bbox 1805 540 1906 576; x_wconf 83' lang='grc' dir='ltr'>ἰταμώ-</span> 
     </span>
    </p>
   </div>
   <div class='ocr_carea' id='block_1_53' title="bbox 1106 586 1903 624">
    <p class='ocr_par' dir='ltr' id='par_1_53' title="bbox 1106 586 1903 624">
     <span class='ocr_line' id='line_1_53' title="bbox 1106 586 1903 624; baseline 0.003 -12"><span class='ocrx_word' id='word_1_357' title='bbox 1106 594 1187 622; x_wconf 83' lang='grc' dir='ltr'>τερον</span> <span class='ocrx_word' id='word_1_358' title='bbox 1199 586 1378 622; x_wconf 73' lang='grc' dir='ltr'><strong>ἐνειργάσατο</strong></span> <span class='ocrx_word' id='word_1_359' title='bbox 1390 587 1421 614; x_wconf 77' lang='grc' dir='ltr'>τὸ</span> <span class='ocrx_word' id='word_1_360' title='bbox 1444 587 1617 624; x_wconf 80' lang='grc' dir='ltr'>προτέρημα,</span> <span class='ocrx_word' id='word_1_361' title='bbox 1647 587 1695 615; x_wconf 82' lang='grc' dir='ltr'><strong>καί</strong></span> <span class='ocrx_word' id='word_1_362' title='bbox 1710 589 1750 620; x_wconf 83' lang='grc' dir='ltr'><strong>είς</strong></span> <span class='ocrx_word' id='word_1_363' title='bbox 1765 587 1815 624; x_wconf 74' lang='grc' dir='ltr'>τὴν</span> <span class='ocrx_word' id='word_1_364' title='bbox 1840 587 1903 614; x_wconf 81' lang='grc' dir='ltr'>σύν-</span> 
     </span>
    </p>
   </div>
   <div class='ocr_carea' id='block_1_54' title="bbox 1107 633 1906 670">
    <p class='ocr_par' dir='ltr' id='par_1_54' title="bbox 1107 633 1906 670">
     <span class='ocr_line' id='line_1_54' title="bbox 1107 633 1906 670; baseline 0.003 -11"><span class='ocrx_word' id='word_1_365' title='bbox 1107 641 1206 668; x_wconf 81' lang='grc' dir='ltr'>τροφον</span> <span class='ocrx_word' id='word_1_366' title='bbox 1223 633 1355 670; x_wconf 83' lang='grc' dir='ltr'>ὠμότητα</span> <span class='ocrx_word' id='word_1_367' title='bbox 1369 634 1552 670; x_wconf 78' lang='grc' dir='ltr'>ἐναπέῤῥαξε.</span> <span class='ocrx_word' id='word_1_368' title='bbox 1571 634 1681 670; x_wconf 86' lang='grc' dir='ltr'>Μικροῦ</span> <span class='ocrx_word' id='word_1_369' title='bbox 1697 634 1754 670; x_wconf 84' lang='grc' dir='ltr'><strong>γὰρ</strong></span> <span class='ocrx_word' id='word_1_370' title='bbox 1771 634 1819 661; x_wconf 77' lang='grc' dir='ltr'>καὶ</span> <span class='ocrx_word' id='word_1_371' title='bbox 1846 633 1906 670; x_wconf 77' lang='grc' dir='ltr'>μεί-</span> 
     </span>
    </p>
   </div>
   <div class='ocr_carea' id='block_1_55' title="bbox 1108 677 1905 717">
    <p class='ocr_par' dir='ltr' id='par_1_55' title="bbox 1108 677 1905 717">
     <span class='ocr_line' id='line_1_55' title="bbox 1108 677 1905 717; baseline 0.004 -12"><span class='ocrx_word' id='word_1_372' title='bbox 1108 677 1185 711; x_wconf 82' lang='grc' dir='ltr'>ζονος</span> <span class='ocrx_word' id='word_1_373' title='bbox 1211 679 1263 706; x_wconf 85' lang='grc' dir='ltr'>οὐκ</span> <span class='ocrx_word' id='word_1_374' title='bbox 1287 678 1321 716; x_wconf 77' lang='grc' dir='ltr'>ἦν</span> <span class='ocrx_word' id='word_1_375' title='bbox 1348 680 1423 717; x_wconf 76' lang='grc' dir='ltr'>αὐτῷ</span> <span class='ocrx_word' id='word_1_376' title='bbox 1443 681 1563 717; x_wconf 79' lang='grc' dir='ltr'>διαφορὰ</span> <span class='ocrx_word' id='word_1_377' title='bbox 1593 681 1811 716; x_wconf 77' lang='grc' dir='ltr'><strong>ἁμαρτήματος,</strong></span> <span class='ocrx_word' id='word_1_378' title='bbox 1838 680 1905 717; x_wconf 57' lang='grc' dir='ltr'>ἀλλὰ</span> 
     </span>
    </p>
   </div>
   <div class='ocr_carea' id='block_1_56' title="bbox 1106 724 1907 763">
    <p class='ocr_par' dir='ltr' id='par_1_56' title="bbox 1106 724 1907 763">
     <span class='ocr_line' id='line_1_56' title="bbox 1106 724 1907 763; baseline 0.002 -11"><span class='ocrx_word' id='word_1_379' title='bbox 1106 725 1178 753; x_wconf 75' lang='grc' dir='ltr'>κατὰ</span> <span class='ocrx_word' id='word_1_380' title='bbox 1203 726 1313 754; x_wconf 81' lang='grc' dir='ltr'>πάντων</span> <span class='ocrx_word' id='word_1_381' title='bbox 1326 727 1369 762; x_wconf 76' lang='grc' dir='ltr'><strong>ἐφ’</strong></span> <span class='ocrx_word' id='word_1_382' title='bbox 1381 724 1457 761; x_wconf 80' lang='grc' dir='ltr'>ᾧτινι</span> <span class='ocrx_word' id='word_1_383' title='bbox 1472 727 1761 763; x_wconf 79' lang='grc' dir='ltr'>καταλαμϐανομένων</span> <span class='ocrx_word' id='word_1_384' title='bbox 1788 727 1840 763; x_wconf 84' lang='grc' dir='ltr'><strong>μία</strong></span> <span class='ocrx_word' id='word_1_385' title='bbox 1855 724 1907 762; x_wconf 58' lang='grc' dir='ltr'><strong>ψῆ-</strong></span> 
     </span>
    </p>
   </div>
   <div class='ocr_carea' id='block_1_57' title="bbox 1108 772 1907 809">
    <p class='ocr_par' dir='ltr' id='par_1_57' title="bbox 1108 772 1907 809">
     <span class='ocr_line' id='line_1_57' title="bbox 1108 772 1907 809; baseline -0.001 -9"><span class='ocrx_word' id='word_1_386' title='bbox 1108 781 1167 808; x_wconf 83' lang='grc' dir='ltr'>φος,</span> <span class='ocrx_word' id='word_1_387' title='bbox 1173 772 1204 800; x_wconf 76' lang='grc' dir='ltr'>τὸ</span> <span class='ocrx_word' id='word_1_388' title='bbox 1211 773 1471 808; x_wconf 81' lang='grc' dir='ltr'>ἀκρωτηριάζεσθαι</span> <span class='ocrx_word' id='word_1_389' title='bbox 1478 773 1533 800; x_wconf 87' lang='grc' dir='ltr'>τῶν</span> <span class='ocrx_word' id='word_1_390' title='bbox 1542 774 1702 809; x_wconf 79' lang='grc' dir='ltr'>ἀναγκαίων</span> <span class='ocrx_word' id='word_1_391' title='bbox 1713 773 1794 809; x_wconf 81' lang='grc' dir='ltr'>μέλος</span> <span class='ocrx_word' id='word_1_392' title='bbox 1801 775 1907 800; x_wconf 81' lang='grc' dir='ltr'>ὁποιον-</span> 
     </span>
    </p>
   </div>
   <div class='ocr_carea' id='block_1_58' title="bbox 1107 820 1907 856">
    <p class='ocr_par' dir='ltr' id='par_1_58' title="bbox 1107 820 1907 856">
     <span class='ocr_line' id='line_1_58' title="bbox 1107 820 1907 856; baseline -0.001 -8"><span class='ocrx_word' id='word_1_393' title='bbox 1107 821 1155 848; x_wconf 94' lang='grc' dir='ltr'><strong>οῦν</strong></span> <span class='ocrx_word' id='word_1_394' title='bbox 1178 821 1227 847; x_wconf 82' lang='grc' dir='ltr'><strong>καὶ</strong></span> <span class='ocrx_word' id='word_1_395' title='bbox 1246 821 1357 848; x_wconf 85' lang='grc' dir='ltr'>πάντων</span> <span class='ocrx_word' id='word_1_396' title='bbox 1382 821 1426 848; x_wconf 76' lang='grc' dir='ltr'><strong>ἐπ’</strong></span> <span class='ocrx_word' id='word_1_397' title='bbox 1445 820 1523 856; x_wconf 72' lang='grc' dir='ltr'>ὕψεσι</span> <span class='ocrx_word' id='word_1_398' title='bbox 1549 821 1673 848; x_wconf 87' lang='grc' dir='ltr'>τίθεσθαι</span> <span class='ocrx_word' id='word_1_399' title='bbox 1696 820 1848 856; x_wconf 74' lang='grc' dir='ltr'><strong>ἐκκρεμὲς.</strong></span> <span class='ocrx_word' id='word_1_400' title='bbox 1867 821 1907 846; x_wconf 79' lang='grc' dir='ltr'><strong>-Ἃ</strong></span> 
     </span>
    </p>
   </div>
   <div class='ocr_carea' id='block_1_59' title="bbox 1108 864 1908 902">
    <p class='ocr_par' dir='ltr' id='par_1_59' title="bbox 1108 864 1908 902">
     <span class='ocr_line' id='line_1_59' title="bbox 1108 864 1908 902; baseline -0.003 -8"><span class='ocrx_word' id='word_1_401' title='bbox 1108 867 1157 894; x_wconf 71' lang='grc' dir='ltr'>καὶ</span> <span class='ocrx_word' id='word_1_402' title='bbox 1173 868 1241 894; x_wconf 82' lang='grc' dir='ltr'>πᾶσι</span> <span class='ocrx_word' id='word_1_403' title='bbox 1264 864 1456 902; x_wconf 82' lang='grc' dir='ltr'>πεποιηκότων</span> <span class='ocrx_word' id='word_1_404' title='bbox 1471 867 1494 883; x_wconf 80' lang='grc'><strong>³¹</strong></span> <span class='ocrx_word' id='word_1_405' title='bbox 1515 868 1574 898; x_wconf 85' lang='grc' dir='ltr'>τοῖς</span> <span class='ocrx_word' id='word_1_406' title='bbox 1590 865 1746 902; x_wconf 81' lang='grc' dir='ltr'>ἀνθρώποις</span> <span class='ocrx_word' id='word_1_407' title='bbox 1769 865 1908 893; x_wconf 79' lang='grc' dir='ltr'><strong>ἐνέτικτον</strong></span> 
     </span>
    </p>
   </div>
   <div class='ocr_carea' id='block_1_60' title="bbox 1111 909 1908 950">
    <p class='ocr_par' dir='ltr' id='par_1_60' title="bbox 1111 909 1908 950">
     <span class='ocr_line' id='line_1_60' title="bbox 1111 909 1908 950; baseline -0.001 -10"><span class='ocrx_word' id='word_1_408' title='bbox 1111 915 1190 949; x_wconf 78' lang='grc' dir='ltr'>μῖσος</span> <span class='ocrx_word' id='word_1_409' title='bbox 1207 914 1240 950; x_wconf 82' lang='grc' dir='ltr'>δὴ</span> <span class='ocrx_word' id='word_1_410' title='bbox 1274 914 1371 940; x_wconf 86' lang='grc' dir='ltr'>τούτου</span> <span class='ocrx_word' id='word_1_411' title='bbox 1403 913 1450 940; x_wconf 75' lang='grc' dir='ltr'>καὶ</span> <span class='ocrx_word' id='word_1_412' title='bbox 1475 913 1567 949; x_wconf 83' lang='grc' dir='ltr'>δεινὴν</span> <span class='ocrx_word' id='word_1_413' title='bbox 1596 912 1765 948; x_wconf 77' lang='grc' dir='ltr'>ἀπέχθειαν·</span> <span class='ocrx_word' id='word_1_414' title='bbox 1797 909 1841 944; x_wconf 78' lang='grc' dir='ltr'>οἷς</span> <span class='ocrx_word' id='word_1_415' title='bbox 1855 912 1908 947; x_wconf 84' lang='grc' dir='ltr'>γὰρ</span> 
     </span>
    </p>
   </div>
   <div class='ocr_carea' id='block_1_61' title="bbox 1111 959 1910 996">
    <p class='ocr_par' dir='ltr' id='par_1_61' title="bbox 1111 959 1910 996">
     <span class='ocr_line' id='line_1_61' title="bbox 1111 959 1910 996; baseline -0.003 -8"><span class='ocrx_word' id='word_1_416' title='bbox 1111 961 1234 996; x_wconf 80' lang='grc' dir='ltr'>ἄκρατον</span> <span class='ocrx_word' id='word_1_417' title='bbox 1249 961 1300 996; x_wconf 85' lang='grc' dir='ltr'>τὴν</span> <span class='ocrx_word' id='word_1_418' title='bbox 1325 959 1460 996; x_wconf 75' lang='grc' dir='ltr'><strong>ἐγχώριον</strong></span> <span class='ocrx_word' id='word_1_419' title='bbox 1484 959 1635 996; x_wconf 85' lang='grc' dir='ltr'>θηριωδίαν</span> <span class='ocrx_word' id='word_1_420' title='bbox 1649 961 1815 996; x_wconf 81' lang='grc' dir='ltr'>ἐνήσκησεν,</span> <span class='ocrx_word' id='word_1_421' title='bbox 1846 959 1910 986; x_wconf 82' lang='grc' dir='ltr'>ἀλλ’</span> 
     </span>
    </p>
   </div>
   <div class='ocr_carea' id='block_1_62' title="bbox 1113 1006 1909 1042">
    <p class='ocr_par' dir='ltr' id='par_1_62' title="bbox 1113 1006 1909 1042">
     <span class='ocr_line' id='line_1_62' title="bbox 1113 1006 1909 1042; baseline -0.003 -8"><span class='ocrx_word' id='word_1_422' title='bbox 1113 1007 1143 1034; x_wconf 86' lang='grc' dir='ltr'>οὐ</span> <span class='ocrx_word' id='word_1_423' title='bbox 1160 1006 1368 1042; x_wconf 78' lang='grc' dir='ltr'>κεκολασμένην</span> <span class='ocrx_word' id='word_1_424' title='bbox 1382 1006 1444 1033; x_wconf 82' lang='grc' dir='ltr'>τινὰ</span> <span class='ocrx_word' id='word_1_425' title='bbox 1471 1008 1520 1033; x_wconf 80' lang='grc' dir='ltr'><strong>καὶ</strong></span> <span class='ocrx_word' id='word_1_426' title='bbox 1542 1006 1611 1042; x_wconf 77' lang='grc' dir='ltr'>πρὸς</span> <span class='ocrx_word' id='word_1_427' title='bbox 1625 1006 1655 1032; x_wconf 82' lang='grc' dir='ltr'>τὺ</span> <span class='ocrx_word' id='word_1_428' title='bbox 1670 1006 1824 1042; x_wconf 72' lang='grc' dir='ltr'>πραότερον</span> <span class='ocrx_word' id='word_1_429' title='bbox 1841 1006 1909 1033; x_wconf 81' lang='grc' dir='ltr'>ἀπο-</span> 
     </span>
    </p>
   </div>
   <div class='ocr_carea' id='block_1_63' title="bbox 1113 1050 1909 1087">
    <p class='ocr_par' dir='ltr' id='par_1_63' title="bbox 1113 1050 1909 1087">
     <span class='ocr_line' id='line_1_63' title="bbox 1113 1050 1909 1087; baseline -0.001 -8"><span class='ocrx_word' id='word_1_430' title='bbox 1113 1052 1255 1085; x_wconf 84' lang='grc' dir='ltr'>νεύουσαν,</span> <span class='ocrx_word' id='word_1_431' title='bbox 1271 1051 1321 1087; x_wconf 88' lang='grc' dir='ltr'>τὴν</span> <span class='ocrx_word' id='word_1_432' title='bbox 1337 1051 1481 1086; x_wconf 88' lang='grc' dir='ltr'>συγγενίδα</span> <span class='ocrx_word' id='word_1_433' title='bbox 1492 1050 1573 1086; x_wconf 82' lang='grc' dir='ltr'>φύσιν</span> <span class='ocrx_word' id='word_1_434' title='bbox 1588 1050 1761 1086; x_wconf 72' lang='grc' dir='ltr'>ἐκφαυλίζων</span> <span class='ocrx_word' id='word_1_435' title='bbox 1772 1051 1909 1087; x_wconf 78' lang='grc' dir='ltr'><strong>ἀνηλεῶς,</strong></span> 
     </span>
    </p>
   </div>
   <div class='ocr_carea' id='block_1_64' title="bbox 1115 1097 1840 1134">
    <p class='ocr_par' dir='ltr' id='par_1_64' title="bbox 1115 1097 1840 1134">
     <span class='ocr_line' id='line_1_64' title="bbox 1115 1097 1840 1134; baseline 0 -9"><span class='ocrx_word' id='word_1_436' title='bbox 1115 1098 1210 1134; x_wconf 79' lang='grc' dir='ltr'>μισθὸν</span> <span class='ocrx_word' id='word_1_437' title='bbox 1226 1098 1257 1125; x_wconf 86' lang='grc' dir='ltr'>τὺ</span> <span class='ocrx_word' id='word_1_438' title='bbox 1271 1097 1360 1134; x_wconf 76' lang='grc' dir='ltr'>ἔχθος,</span> <span class='ocrx_word' id='word_1_439' title='bbox 1376 1097 1434 1125; x_wconf 85' lang='grc' dir='ltr'>ἀλλ’</span> <span class='ocrx_word' id='word_1_440' title='bbox 1451 1097 1482 1124; x_wconf 78' lang='grc' dir='ltr'>οὺ</span> <span class='ocrx_word' id='word_1_441' title='bbox 1497 1097 1546 1133; x_wconf 84' lang='grc' dir='ltr'>τὴν</span> <span class='ocrx_word' id='word_1_442' title='bbox 1560 1097 1652 1133; x_wconf 79' lang='grc' dir='ltr'>φιλίαν</span> <span class='ocrx_word' id='word_1_443' title='bbox 1667 1097 1840 1134; x_wconf 76' lang='grc' dir='ltr'>ὴμπόλησεν.</span> 
     </span>
    </p>
   </div>
   <div class='ocr_carea' id='block_1_65' title="bbox 1151 1187 1909 1226">
    <p class='ocr_par' dir='ltr' id='par_1_65' title="bbox 1151 1187 1909 1226">
     <span class='ocr_line' id='line_1_65' title="bbox 1151 1187 1909 1226; baseline -0.001 -8"><span class='ocrx_word' id='word_1_444' title='bbox 1151 1191 1192 1219; x_wconf 83' lang='grc' dir='ltr'>ιε’.</span> <span class='ocrx_word' id='word_1_445' title='bbox 1209 1189 1293 1217; x_wconf 84' lang='grc' dir='ltr'>Ταῦτ’</span> <span class='ocrx_word' id='word_1_446' title='bbox 1307 1187 1354 1217; x_wconf 81' lang='grc' dir='ltr'><strong>οὖν</strong></span> <span class='ocrx_word' id='word_1_447' title='bbox 1369 1189 1514 1226; x_wconf 76' lang='grc' dir='ltr'>ἔπραττεν,</span> <span class='ocrx_word' id='word_1_448' title='bbox 1531 1190 1580 1217; x_wconf 84' lang='grc' dir='ltr'><strong>καὶ</strong></span> <span class='ocrx_word' id='word_1_449' title='bbox 1605 1190 1676 1217; x_wconf 77' lang='grc' dir='ltr'>κατὰ</span> <span class='ocrx_word' id='word_1_450' title='bbox 1701 1189 1763 1217; x_wconf 87' lang='grc' dir='ltr'>νοῦν</span> <span class='ocrx_word' id='word_1_451' title='bbox 1774 1189 1909 1225; x_wconf 81' lang='grc' dir='ltr'>λαμϐάνει</span> 
     </span>
    </p>
   </div>
   <div class='ocr_carea' id='block_1_66' title="bbox 1113 1236 1909 1273">
    <p class='ocr_par' dir='ltr' id='par_1_66' title="bbox 1113 1236 1909 1273">
     <span class='ocr_line' id='line_1_66' title="bbox 1113 1236 1909 1273; baseline -0.003 -8"><span class='ocrx_word' id='word_1_452' title='bbox 1113 1238 1160 1265; x_wconf 70' lang='grc' dir='ltr'><strong>τον</strong></span> <span class='ocrx_word' id='word_1_453' title='bbox 1177 1238 1224 1265; x_wconf 77' lang='grc' dir='ltr'><strong>ἐπὶ</strong></span> <span class='ocrx_word' id='word_1_454' title='bbox 1240 1237 1278 1273; x_wconf 85' lang='grc' dir='ltr'><strong>τῷ</strong></span> <span class='ocrx_word' id='word_1_455' title='bbox 1301 1237 1456 1273; x_wconf 78' lang='grc' dir='ltr'>Φιλομηλίῳ</span> <span class='ocrx_word' id='word_1_456' title='bbox 1482 1236 1644 1273; x_wconf 74' lang='grc' dir='ltr'>μονάζοντα,</span> <span class='ocrx_word' id='word_1_457' title='bbox 1677 1237 1724 1264; x_wconf 75' lang='grc' dir='ltr'><strong>καὶ</strong></span> <span class='ocrx_word' id='word_1_458' title='bbox 1747 1236 1909 1272; x_wconf 86' lang='grc' dir='ltr'>ἀμείϐεσθαί</span> 
     </span>
    </p>
   </div>
   <div class='ocr_carea' id='block_1_67' title="bbox 1114 1283 1909 1321">
    <p class='ocr_par' dir='ltr' id='par_1_67' title="bbox 1114 1283 1909 1321">
     <span class='ocr_line' id='line_1_67' title="bbox 1114 1283 1909 1321; baseline -0.004 -9"><span class='ocrx_word' id='word_1_459' title='bbox 1114 1286 1139 1312; x_wconf 92' lang='grc' dir='ltr'><strong>οἰ</strong></span> <span class='ocrx_word' id='word_1_460' title='bbox 1152 1285 1226 1312; x_wconf 78' lang='grc' dir='ltr'>δοκεῖ</span> <span class='ocrx_word' id='word_1_461' title='bbox 1243 1285 1294 1320; x_wconf 82' lang='grc' dir='ltr'>τῆς</span> <span class='ocrx_word' id='word_1_462' title='bbox 1310 1285 1492 1321; x_wconf 74' lang='grc' dir='ltr'>προρρήσεως</span> <span class='ocrx_word' id='word_1_463' title='bbox 1558 1283 1604 1320; x_wconf 75' lang='grc'><strong>17]</strong></span> <span class='ocrx_word' id='word_1_464' title='bbox 1621 1283 1821 1319; x_wconf 81' lang='grc' dir='ltr'>εὐχαριστήριά</span> <span class='ocrx_word' id='word_1_465' title='bbox 1848 1291 1909 1310; x_wconf 86' lang='grc' dir='ltr'>τινα</span> 
     </span>
    </p>
   </div>
   <div class='ocr_carea' id='block_1_68' title="bbox 1116 1329 1909 1367">
    <p class='ocr_par' dir='ltr' id='par_1_68' title="bbox 1116 1329 1909 1367">
     <span class='ocr_line' id='line_1_68' title="bbox 1116 1329 1909 1367; baseline -0.003 -10"><span class='ocrx_word' id='word_1_466' title='bbox 1116 1330 1288 1366; x_wconf 83' lang='grc' dir='ltr'>προπέμπων</span> <span class='ocrx_word' id='word_1_467' title='bbox 1301 1330 1324 1347; x_wconf 82' lang='grc'><strong>³³</strong></span> <span class='ocrx_word' id='word_1_468' title='bbox 1337 1330 1423 1366; x_wconf 82' lang='grc' dir='ltr'>αὐτῷ,</span> <span class='ocrx_word' id='word_1_469' title='bbox 1447 1330 1498 1360; x_wconf 85' lang='grc' dir='ltr'>τὰς</span> <span class='ocrx_word' id='word_1_470' title='bbox 1526 1329 1573 1357; x_wconf 86' lang='grc' dir='ltr'><strong>τοῦ</strong></span> <span class='ocrx_word' id='word_1_471' title='bbox 1594 1331 1711 1367; x_wconf 79' lang='grc' dir='ltr'>κράτους</span> <span class='ocrx_word' id='word_1_472' title='bbox 1728 1331 1804 1362; x_wconf 84' lang='grc' dir='ltr'>νίκας</span> <span class='ocrx_word' id='word_1_473' title='bbox 1827 1329 1909 1364; x_wconf 75' lang='grc' dir='ltr'>δῆθεν</span> 
     </span>
    </p>
   </div>
   <div class='ocr_carea' id='block_1_69' title="bbox 1115 1375 1910 1412">
    <p class='ocr_par' dir='ltr' id='par_1_69' title="bbox 1115 1375 1910 1412">
     <span class='ocr_line' id='line_1_69' title="bbox 1115 1375 1910 1412; baseline -0.004 -8"><span class='ocrx_word' id='word_1_474' title='bbox 1115 1376 1210 1404; x_wconf 86' lang='grc' dir='ltr'>αἰτῶν.</span> <span class='ocrx_word' id='word_1_475' title='bbox 1235 1376 1305 1403; x_wconf 75' lang='grc' dir='ltr'>Ἀλλ’</span> <span class='ocrx_word' id='word_1_476' title='bbox 1322 1377 1427 1409; x_wconf 81' lang='grc' dir='ltr'>ἐκεῖνος</span> <span class='ocrx_word' id='word_1_477' title='bbox 1443 1376 1492 1412; x_wconf 77' lang='grc' dir='ltr'>μὲν</span> <span class='ocrx_word' id='word_1_478' title='bbox 1513 1376 1563 1412; x_wconf 68' lang='grc' dir='ltr'>ἤδη</span> <span class='ocrx_word' id='word_1_479' title='bbox 1578 1376 1687 1412; x_wconf 78' lang='grc' dir='ltr'>φθάσας</span> <span class='ocrx_word' id='word_1_480' title='bbox 1713 1376 1741 1409; x_wconf 80' lang='grc' dir='ltr'>ἐξ</span> <span class='ocrx_word' id='word_1_481' title='bbox 1756 1375 1910 1411; x_wconf 80' lang='grc' dir='ltr'>ἀνθρώπων</span> 
     </span>
    </p>
   </div>
   <div class='ocr_carea' id='block_1_70' title="bbox 1115 1421 1910 1459">
    <p class='ocr_par' dir='ltr' id='par_1_70' title="bbox 1115 1421 1910 1459">
     <span class='ocr_line' id='line_1_70' title="bbox 1115 1421 1910 1459; baseline -0.003 -9"><span class='ocrx_word' id='word_1_482' title='bbox 1115 1424 1235 1458; x_wconf 77' lang='grc' dir='ltr'>ἐγένετο,</span> <span class='ocrx_word' id='word_1_483' title='bbox 1251 1423 1371 1459; x_wconf 77' lang='grc' dir='ltr'>πονηρὸς</span> <span class='ocrx_word' id='word_1_484' title='bbox 1386 1422 1416 1450; x_wconf 88' lang='grc' dir='ltr'><strong>δέ</strong></span> <span class='ocrx_word' id='word_1_485' title='bbox 1443 1431 1486 1455; x_wconf 87' lang='grc' dir='ltr'><strong>τις</strong></span> <span class='ocrx_word' id='word_1_486' title='bbox 1511 1423 1617 1458; x_wconf 86' lang='grc' dir='ltr'>δαίμων</span> <span class='ocrx_word' id='word_1_487' title='bbox 1633 1422 1682 1450; x_wconf 75' lang='grc' dir='ltr'><strong>καὶ</strong></span> <span class='ocrx_word' id='word_1_488' title='bbox 1707 1422 1843 1458; x_wconf 80' lang='grc' dir='ltr'>βάσκανος</span> <span class='ocrx_word' id='word_1_489' title='bbox 1856 1422 1865 1458; x_wconf 92' lang='grc'>(</span> <span class='ocrx_word' id='word_1_490' title='bbox 1879 1421 1910 1448; x_wconf 87' lang='grc' dir='ltr'>οὑ</span> 
     </span>
    </p>
   </div>
   <div class='ocr_carea' id='block_1_71' title="bbox 1115 1468 1912 1506">
    <p class='ocr_par' dir='ltr' id='par_1_71' title="bbox 1115 1468 1912 1506">
     <span class='ocr_line' id='line_1_71' title="bbox 1115 1468 1912 1506; baseline -0.003 -9"><span class='ocrx_word' id='word_1_491' title='bbox 1115 1471 1171 1506; x_wconf 82' lang='grc' dir='ltr'>γὰρ</span> <span class='ocrx_word' id='word_1_492' title='bbox 1185 1470 1328 1506; x_wconf 77' lang='grc' dir='ltr'>ἄνθρωπον</span> <span class='ocrx_word' id='word_1_493' title='bbox 1343 1469 1439 1497; x_wconf 82' lang='grc' dir='ltr'>τοῦτον</span> <span class='ocrx_word' id='word_1_494' title='bbox 1452 1469 1601 1504; x_wconf 88' lang='grc' dir='ltr'>καλέσαιμι</span> <span class='ocrx_word' id='word_1_495' title='bbox 1615 1469 1661 1495; x_wconf 79' lang='grc' dir='ltr'><strong>τδν</strong></span> <span class='ocrx_word' id='word_1_496' title='bbox 1675 1469 1765 1496; x_wconf 84' lang='grc' dir='ltr'>πάντα</span> <span class='ocrx_word' id='word_1_497' title='bbox 1778 1468 1912 1504; x_wconf 82' lang='grc' dir='ltr'>συγχέαν-</span> 
     </span>
    </p>
   </div>
   <div class='ocr_carea' id='block_1_72' title="bbox 1116 1513 1913 1552">
    <p class='ocr_par' dir='ltr' id='par_1_72' title="bbox 1116 1513 1913 1552">
     <span class='ocr_line' id='line_1_72' title="bbox 1116 1513 1913 1552; baseline -0.003 -10"><span class='ocrx_word' id='word_1_498' title='bbox 1116 1524 1150 1542; x_wconf 86' lang='grc' dir='ltr'><strong>τα</strong></span> <span class='ocrx_word' id='word_1_499' title='bbox 1169 1516 1215 1542; x_wconf 86' lang='grc' dir='ltr'><strong>καί</strong></span> <span class='ocrx_word' id='word_1_500' title='bbox 1237 1515 1395 1552; x_wconf 76' lang='grc' dir='ltr'>ταράξαντα</span> <span class='ocrx_word' id='word_1_501' title='bbox 1424 1515 1472 1542; x_wconf 80' lang='grc' dir='ltr'><strong>καί</strong></span> <span class='ocrx_word' id='word_1_502' title='bbox 1491 1515 1563 1541; x_wconf 74' lang='grc' dir='ltr'>κατὰ</span> <span class='ocrx_word' id='word_1_503' title='bbox 1580 1513 1626 1540; x_wconf 73' lang='grc' dir='ltr'>τὸν</span> <span class='ocrx_word' id='word_1_504' title='bbox 1642 1513 1759 1540; x_wconf 72' lang='grc' dir='ltr'>παλαιὸν</span> <span class='ocrx_word' id='word_1_505' title='bbox 1789 1514 1852 1548; x_wconf 80' lang='grc' dir='ltr'>ὅφιν</span> <span class='ocrx_word' id='word_1_506' title='bbox 1865 1514 1913 1540; x_wconf 68' lang='grc' dir='ltr'>τὸν</span> 
     </span>
    </p>
   </div>
   <div class='ocr_carea' id='block_1_73' title="bbox 1118 1558 1912 1596">
    <p class='ocr_par' dir='ltr' id='par_1_73' title="bbox 1118 1558 1912 1596">
     <span class='ocr_line' id='line_1_73' title="bbox 1118 1558 1912 1596; baseline -0.004 -8"><span class='ocrx_word' id='word_1_507' title='bbox 1118 1561 1157 1588; x_wconf 74' lang='grc' dir='ltr'>ἰὸν</span> <span class='ocrx_word' id='word_1_508' title='bbox 1179 1562 1236 1593; x_wconf 84' lang='grc' dir='ltr'>τοῖς</span> <span class='ocrx_word' id='word_1_509' title='bbox 1248 1561 1296 1588; x_wconf 86' lang='grc' dir='ltr'><strong>τοῦ</strong></span> <span class='ocrx_word' id='word_1_510' title='bbox 1311 1560 1487 1596; x_wconf 77' lang='grc' dir='ltr'>ταλαιπώρου</span> <span class='ocrx_word' id='word_1_511' title='bbox 1506 1559 1619 1590; x_wconf 83' lang='grc' dir='ltr'>Λέοντος</span> <span class='ocrx_word' id='word_1_512' title='bbox 1632 1558 1701 1586; x_wconf 85' lang='grc' dir='ltr'>ὠσὶν</span> <span class='ocrx_word' id='word_1_513' title='bbox 1723 1558 1860 1594; x_wconf 80' lang='grc' dir='ltr'>ἐγχέαντα</span> <span class='ocrx_word' id='word_1_514' title='bbox 1877 1558 1912 1591; x_wconf 72' lang='grc'><strong>⁸⁸,</strong></span> 
     </span>
    </p>
   </div>
   <div class='ocr_carea' id='block_1_74' title="bbox 1117 1604 1914 1642">
    <p class='ocr_par' dir='ltr' id='par_1_74' title="bbox 1117 1604 1914 1642">
     <span class='ocr_line' id='line_1_74' title="bbox 1117 1604 1914 1642; baseline -0.004 -8"><span class='ocrx_word' id='word_1_515' title='bbox 1117 1608 1298 1634; x_wconf 81' lang='grc' dir='ltr'>άνετιίστατον</span> <span class='ocrx_word' id='word_1_516' title='bbox 1316 1606 1486 1642; x_wconf 77' lang='grc' dir='ltr'>κεκτημένου</span> <span class='ocrx_word' id='word_1_517' title='bbox 1507 1606 1568 1632; x_wconf 82' lang='grc' dir='ltr'>ὅλον</span> <span class='ocrx_word' id='word_1_518' title='bbox 1583 1604 1629 1632; x_wconf 78' lang='grc' dir='ltr'><strong>τδν</strong></span> <span class='ocrx_word' id='word_1_519' title='bbox 1646 1604 1719 1640; x_wconf 86' lang='grc' dir='ltr'>νοῦν)</span> <span class='ocrx_word' id='word_1_520' title='bbox 1737 1604 1776 1640; x_wconf 89' lang='grc' dir='ltr'>τῷ</span> <span class='ocrx_word' id='word_1_521' title='bbox 1799 1604 1847 1631; x_wconf 86' lang='grc' dir='ltr'><strong>τοῦ</strong></span> <span class='ocrx_word' id='word_1_522' title='bbox 1865 1605 1914 1638; x_wconf 64' lang='grc' dir='ltr'>γέα</span> 
     </span>
    </p>
   </div>
   <div class='ocr_carea' id='block_1_75' title="bbox 1118 1649 1913 1690">
    <p class='ocr_par' dir='ltr' id='par_1_75' title="bbox 1118 1649 1913 1690">
     <span class='ocr_line' id='line_1_75' title="bbox 1118 1649 1913 1690; baseline -0.006 -9"><span class='ocrx_word' id='word_1_523' title='bbox 1118 1662 1210 1690; x_wconf 90' lang='grc' dir='ltr'>ροντος</span> <span class='ocrx_word' id='word_1_524' title='bbox 1225 1653 1340 1689; x_wconf 80' lang='grc' dir='ltr'>οἰκίσκῳ</span> <span class='ocrx_word' id='word_1_525' title='bbox 1355 1653 1384 1679; x_wconf 80' lang='grc' dir='ltr'>ὲν</span> <span class='ocrx_word' id='word_1_526' title='bbox 1398 1651 1543 1684; x_wconf 76' lang='grc' dir='ltr'>εὐλαϐείας</span> <span class='ocrx_word' id='word_1_527' title='bbox 1558 1651 1736 1688; x_wconf 82' lang='grc' dir='ltr'>προσχήματι</span> <span class='ocrx_word' id='word_1_528' title='bbox 1762 1649 1913 1685; x_wconf 84' lang='grc' dir='ltr'>ἐγκατέλα-</span> 
     </span>
    </p>
   </div>
   <div class='ocr_carea' id='block_1_76' title="bbox 1114 1695 1914 1735">
    <p class='ocr_par' dir='ltr' id='par_1_76' title="bbox 1114 1695 1914 1735">
     <span class='ocr_line' id='line_1_76' title="bbox 1114 1695 1914 1735; baseline -0.005 -8"><span class='ocrx_word' id='word_1_529' title='bbox 1114 1701 1173 1727; x_wconf 87' lang='grc' dir='ltr'>ϐεν.</span> <span class='ocrx_word' id='word_1_530' title='bbox 1186 1700 1340 1735; x_wconf 82' lang='grc' dir='ltr'>Συμϐάτιος</span> <span class='ocrx_word' id='word_1_531' title='bbox 1356 1695 1434 1730; x_wconf 76' lang='grc' dir='ltr'>οὗτος</span> <span class='ocrx_word' id='word_1_532' title='bbox 1453 1698 1573 1731; x_wconf 78' lang='grc' dir='ltr'>ἐλέγετο,</span> <span class='ocrx_word' id='word_1_533' title='bbox 1596 1697 1626 1729; x_wconf 80' lang='grc' dir='ltr'>ὃς</span> <span class='ocrx_word' id='word_1_534' title='bbox 1654 1698 1699 1724; x_wconf 78' lang='grc' dir='ltr'>τὸν</span> <span class='ocrx_word' id='word_1_535' title='bbox 1717 1697 1739 1714; x_wconf 90' lang='grc'><strong>³⁸</strong></span> <span class='ocrx_word' id='word_1_536' title='bbox 1770 1697 1914 1733; x_wconf 72' lang='grc' dir='ltr'>βασιλικὸν</span> 
     </span>
    </p>
   </div>
   <div class='ocr_carea' id='block_1_77' title="bbox 1116 1742 1914 1781">
    <p class='ocr_par' dir='ltr' id='par_1_77' title="bbox 1116 1742 1914 1781">
     <span class='ocr_line' id='line_1_77' title="bbox 1116 1742 1914 1781; baseline -0.006 -7"><span class='ocrx_word' id='word_1_537' title='bbox 1116 1746 1233 1781; x_wconf 80' lang='grc' dir='ltr'>ἄγγελον</span> <span class='ocrx_word' id='word_1_538' title='bbox 1259 1744 1346 1772; x_wconf 81' lang='grc' dir='ltr'>πολλὰ</span> <span class='ocrx_word' id='word_1_539' title='bbox 1363 1743 1587 1781; x_wconf 79' lang='grc' dir='ltr'>προσονειδίζων,</span> <span class='ocrx_word' id='word_1_540' title='bbox 1611 1743 1660 1770; x_wconf 74' lang='grc' dir='ltr'><strong>καὶ</strong></span> <span class='ocrx_word' id='word_1_541' title='bbox 1682 1742 1813 1779; x_wconf 82' lang='grc' dir='ltr'>δύσφημα</span> <span class='ocrx_word' id='word_1_542' title='bbox 1841 1743 1914 1770; x_wconf 61' lang='grc' dir='ltr'>κατὰ</span> 
     </span>
    </p>
   </div>
   <div class='ocr_carea' id='block_1_78' title="bbox 1115 1789 1914 1828">
    <p class='ocr_par' dir='ltr' id='par_1_78' title="bbox 1115 1789 1914 1828">
     <span class='ocr_line' id='line_1_78' title="bbox 1115 1789 1914 1828; baseline -0.005 -9"><span class='ocrx_word' id='word_1_543' title='bbox 1115 1792 1163 1820; x_wconf 91' lang='grc' dir='ltr'><strong>τοῦ</strong></span> <span class='ocrx_word' id='word_1_544' title='bbox 1184 1791 1317 1828; x_wconf 80' lang='grc' dir='ltr'>βασιλέως</span> <span class='ocrx_word' id='word_1_545' title='bbox 1334 1792 1374 1823; x_wconf 83' lang='grc' dir='ltr'><strong>εἰς</strong></span> <span class='ocrx_word' id='word_1_546' title='bbox 1407 1791 1564 1824; x_wconf 78' lang='grc' dir='ltr'>πρόσωπον,</span> <span class='ocrx_word' id='word_1_547' title='bbox 1588 1790 1645 1816; x_wconf 82' lang='grc' dir='ltr'>ἀλλ’</span> <span class='ocrx_word' id='word_1_548' title='bbox 1661 1789 1710 1824; x_wconf 85' lang='grc' dir='ltr'>οὐχ</span> <span class='ocrx_word' id='word_1_549' title='bbox 1735 1789 1787 1816; x_wconf 72' lang='grc' dir='ltr'><strong>ὑπὸ</strong></span> <span class='ocrx_word' id='word_1_550' title='bbox 1812 1789 1914 1815; x_wconf 86' lang='grc' dir='ltr'>κόλπον</span> 
     </span>
    </p>
   </div>
   <div class='ocr_carea' id='block_1_79' title="bbox 1115 1835 1914 1874">
    <p class='ocr_par' dir='ltr' id='par_1_79' title="bbox 1115 1835 1914 1874">
     <span class='ocr_line' id='line_1_79' title="bbox 1115 1835 1914 1874; baseline -0.004 -9"><span class='ocrx_word' id='word_1_551' title='bbox 1115 1838 1214 1872; x_wconf 80' lang='grc' dir='ltr'>λαλῶν,</span> <span class='ocrx_word' id='word_1_552' title='bbox 1230 1835 1249 1874; x_wconf 81' lang='grc' dir='ltr'>ἦ</span> <span class='ocrx_word' id='word_1_553' title='bbox 1263 1837 1317 1873; x_wconf 80' lang='grc' dir='ltr'>μὴν</span> <span class='ocrx_word' id='word_1_554' title='bbox 1336 1836 1491 1872; x_wconf 77' lang='grc' dir='ltr'>ἐξελιπάρει</span> <span class='ocrx_word' id='word_1_555' title='bbox 1515 1836 1599 1871; x_wconf 82' lang='grc' dir='ltr'>μηδὲν</span> <span class='ocrx_word' id='word_1_556' title='bbox 1622 1835 1914 1870; x_wconf 73' lang='grc' dir='ltr'>καθυποστελλόμενον</span> 
     </span>
    </p>
   </div>
   <div class='ocr_carea' id='block_1_80' title="bbox 1117 1881 1914 1918">
    <p class='ocr_par' dir='ltr' id='par_1_80' title="bbox 1117 1881 1914 1918">
     <span class='ocr_line' id='line_1_80' title="bbox 1117 1881 1914 1918; baseline -0.006 -6"><span class='ocrx_word' id='word_1_557' title='bbox 1117 1885 1246 1918; x_wconf 75' lang='grc' dir='ltr'>ἐξειπεῖν,</span> <span class='ocrx_word' id='word_1_558' title='bbox 1260 1885 1300 1916; x_wconf 80' lang='grc' dir='ltr'>ὡς</span> <span class='ocrx_word' id='word_1_559' title='bbox 1317 1884 1374 1911; x_wconf 76' lang='grc' dir='ltr'>Οὐκ</span> <span class='ocrx_word' id='word_1_560' title='bbox 1393 1883 1469 1910; x_wconf 77' lang='grc' dir='ltr'>ἔσται</span> <span class='ocrx_word' id='word_1_561' title='bbox 1492 1891 1534 1910; x_wconf 85' lang='grc' dir='ltr'><strong>σοι</strong></span> <span class='ocrx_word' id='word_1_562' title='bbox 1551 1882 1582 1909; x_wconf 84' lang='grc' dir='ltr'>τὸ</span> <span class='ocrx_word' id='word_1_563' title='bbox 1601 1881 1756 1917; x_wconf 78' lang='grc' dir='ltr'>βασιλεύειν</span> <span class='ocrx_word' id='word_1_564' title='bbox 1777 1881 1825 1908; x_wconf 73' lang='grc' dir='ltr'><strong>ἐπὶ</strong></span> <span class='ocrx_word' id='word_1_565' title='bbox 1844 1881 1914 1908; x_wconf 88' lang='grc' dir='ltr'>πολὺ</span> 
     </span>
    </p>
   </div>
   <div class='ocr_carea' id='block_1_81' title="bbox 1116 1927 1915 1966">
    <p class='ocr_par' dir='ltr' id='par_1_81' title="bbox 1116 1927 1915 1966">
     <span class='ocr_line' id='line_1_81' title="bbox 1116 1927 1915 1966; baseline -0.005 -8"><span class='ocrx_word' id='word_1_566' title='bbox 1116 1931 1237 1963; x_wconf 86' lang='grc' dir='ltr'>εἰδώλοις</span> <span class='ocrx_word' id='word_1_567' title='bbox 1254 1930 1296 1966; x_wconf 81' lang='grc' dir='ltr'><strong>(ὣ</strong></span> <span class='ocrx_word' id='word_1_568' title='bbox 1311 1930 1360 1966; x_wconf 83' lang='grc' dir='ltr'>τῆς</span> <span class='ocrx_word' id='word_1_569' title='bbox 1374 1929 1530 1965; x_wconf 78' lang='grc' dir='ltr'>καταράτου</span> <span class='ocrx_word' id='word_1_570' title='bbox 1547 1927 1674 1963; x_wconf 80' lang='grc' dir='ltr'>γλώσσης</span> <span class='ocrx_word' id='word_1_571' title='bbox 1686 1928 1816 1963; x_wconf 76' lang='grc' dir='ltr'>ἐκείνηςί)</span> <span class='ocrx_word' id='word_1_572' title='bbox 1829 1936 1915 1962; x_wconf 77' lang='grc' dir='ltr'>προσ-</span> 
     </span>
    </p>
   </div>
   <div class='ocr_carea' id='block_1_82' title="bbox 1116 1974 1914 2014">
    <p class='ocr_par' dir='ltr' id='par_1_82' title="bbox 1116 1974 1914 2014">
     <span class='ocr_line' id='line_1_82' title="bbox 1116 1974 1914 2014; baseline -0.006 -8"><span class='ocrx_word' id='word_1_573' title='bbox 1116 1979 1240 2014; x_wconf 78' lang='grc' dir='ltr'>ανέχοντι</span> <span class='ocrx_word' id='word_1_574' title='bbox 1255 1977 1304 2004; x_wconf 84' lang='grc' dir='ltr'><strong>καί</strong></span> <span class='ocrx_word' id='word_1_575' title='bbox 1316 1976 1454 2012; x_wconf 84' lang='grc' dir='ltr'>τολμῶντι</span> <span class='ocrx_word' id='word_1_576' title='bbox 1464 1977 1522 2008; x_wconf 77' lang='grc' dir='ltr'>τοῖς</span> <span class='ocrx_word' id='word_1_577' title='bbox 1536 1975 1590 2002; x_wconf 80' lang='grc' dir='ltr'><strong>ὑπὸ</strong></span> <span class='ocrx_word' id='word_1_578' title='bbox 1603 1975 1653 2010; x_wconf 83' lang='grc' dir='ltr'>τῆς</span> <span class='ocrx_word' id='word_1_579' title='bbox 1665 1974 1783 2011; x_wconf 84' lang='grc' dir='ltr'>παρδοῦς</span> <span class='ocrx_word' id='word_1_580' title='bbox 1792 1975 1839 2002; x_wconf 76' lang='grc' dir='ltr'><strong>καί</strong></span> <span class='ocrx_word' id='word_1_581' title='bbox 1850 1974 1914 2002; x_wconf 84' lang='grc' dir='ltr'><strong>θυά-</strong></span> 
     </span>
    </p>
   </div>
   <div class='ocr_carea' id='block_1_83' title="bbox 1114 2021 1916 2059">
    <p class='ocr_par' dir='ltr' id='par_1_83' title="bbox 1114 2021 1916 2059">
     <span class='ocr_line' id='line_1_83' title="bbox 1114 2021 1916 2059; baseline -0.006 -6"><span class='ocrx_word' id='word_1_582' title='bbox 1114 2025 1159 2057; x_wconf 77' lang='grc' dir='ltr'><strong>δος</strong></span> <span class='ocrx_word' id='word_1_583' title='bbox 1173 2025 1222 2052; x_wconf 76' lang='grc' dir='ltr'>καὶ</span> <span class='ocrx_word' id='word_1_584' title='bbox 1237 2023 1367 2059; x_wconf 80' lang='grc' dir='ltr'>ταραξίου</span> <span class='ocrx_word' id='word_1_585' title='bbox 1378 2023 1547 2058; x_wconf 80' lang='grc' dir='ltr'>σεϐομένοις,</span> <span class='ocrx_word' id='word_1_586' title='bbox 1555 2022 1604 2057; x_wconf 81' lang='grc' dir='ltr'>τὴν</span> <span class='ocrx_word' id='word_1_587' title='bbox 1612 2021 1814 2058; x_wconf 79' lang='grc' dir='ltr'>βασιλεύσασαν</span> <span class='ocrx_word' id='word_1_588' title='bbox 1829 2022 1916 2057; x_wconf 82' lang='grc' dir='ltr'>Εἰρή-</span> 
     </span>
    </p>
   </div>
   <div class='ocr_carea' id='block_1_84' title="bbox 1115 2067 1917 2107">
    <p class='ocr_par' dir='ltr' id='par_1_84' title="bbox 1115 2067 1917 2107">
     <span class='ocr_line' id='line_1_84' title="bbox 1115 2067 1917 2107; baseline -0.005 -9"><span class='ocrx_word' id='word_1_589' title='bbox 1115 2080 1164 2107; x_wconf 83' lang='grc' dir='ltr'><strong>νην</strong></span> <span class='ocrx_word' id='word_1_590' title='bbox 1182 2071 1230 2097; x_wconf 80' lang='grc' dir='ltr'>καὶ</span> <span class='ocrx_word' id='word_1_591' title='bbox 1244 2069 1290 2096; x_wconf 76' lang='grc' dir='ltr'>τὸν</span> <span class='ocrx_word' id='word_1_592' title='bbox 1307 2071 1337 2096; x_wconf 84' lang='grc' dir='ltr'>ὲν</span> <span class='ocrx_word' id='word_1_593' title='bbox 1360 2069 1450 2103; x_wconf 80' lang='grc' dir='ltr'>ἁγίοις</span> <span class='ocrx_word' id='word_1_594' title='bbox 1463 2069 1601 2103; x_wconf 85' lang='grc' dir='ltr'>Ταράσιον</span> <span class='ocrx_word' id='word_1_595' title='bbox 1617 2068 1709 2103; x_wconf 84' lang='grc' dir='ltr'>άφέτῳ</span> <span class='ocrx_word' id='word_1_596' title='bbox 1723 2067 1833 2103; x_wconf 85' lang='grc' dir='ltr'>γλώττῃ</span> <span class='ocrx_word' id='word_1_597' title='bbox 1850 2069 1917 2102; x_wconf 85' lang='grc' dir='ltr'>περὶ</span> 
     </span>
    </p>
   </div>
   <div class='ocr_carea' id='block_1_85' title="bbox 1114 2112 1918 2147">
    <p class='ocr_par' dir='ltr' id='par_1_85' title="bbox 1114 2112 1918 2147">
     <span class='ocr_line' id='line_1_85' title="bbox 1114 2112 1918 2147; baseline -0.004 -3"><span class='ocrx_word' id='word_1_598' title='bbox 1114 2117 1169 2145; x_wconf 87' lang='grc' dir='ltr'>τῶν</span> <span class='ocrx_word' id='word_1_599' title='bbox 1180 2116 1262 2144; x_wconf 85' lang='grc' dir='ltr'>θείων</span> <span class='ocrx_word' id='word_1_600' title='bbox 1285 2115 1400 2142; x_wconf 73' lang='grc' dir='ltr'>εἰκόνων</span> <span class='ocrx_word' id='word_1_601' title='bbox 1414 2113 1503 2146; x_wconf 72' lang='grc' dir='ltr'>οὕτως</span> <span class='ocrx_word' id='word_1_602' title='bbox 1515 2112 1674 2140; x_wconf 80' lang='grc' dir='ltr'>ἀποκαλῶν.</span> <span class='ocrx_word' id='word_1_603' title='bbox 1693 2112 1723 2140; x_wconf 87' lang='grc'><strong>’0</strong></span> <span class='ocrx_word' id='word_1_604' title='bbox 1733 2113 1762 2139; x_wconf 75' lang='grc' dir='ltr'>δὲ</span> <span class='ocrx_word' id='word_1_605' title='bbox 1778 2113 1868 2147; x_wconf 83' lang='grc' dir='ltr'>Λέων,</span> <span class='ocrx_word' id='word_1_606' title='bbox 1887 2115 1918 2141; x_wconf 85' lang='grc' dir='ltr'>τὸ</span> 
     </span>
    </p>
   </div>
   <div class='ocr_carea' id='block_1_86' title="bbox 1114 2159 1918 2198">
    <p class='ocr_par' dir='ltr' id='par_1_86' title="bbox 1114 2159 1918 2198">
     <span class='ocr_line' id='line_1_86' title="bbox 1114 2159 1918 2198; baseline -0.005 -7"><span class='ocrx_word' id='word_1_607' title='bbox 1114 2165 1198 2197; x_wconf 76' lang='grc' dir='ltr'>ὕντως</span> <span class='ocrx_word' id='word_1_608' title='bbox 1205 2162 1340 2198; x_wconf 78' lang='grc' dir='ltr'>δαιμόνων</span> <span class='ocrx_word' id='word_1_609' title='bbox 1348 2161 1469 2193; x_wconf 73' lang='grc' dir='ltr'>εἴδωλον,</span> <span class='ocrx_word' id='word_1_610' title='bbox 1478 2161 1508 2187; x_wconf 82' lang='grc' dir='ltr'>τὸ</span> <span class='ocrx_word' id='word_1_611' title='bbox 1516 2160 1566 2195; x_wconf 82' lang='grc' dir='ltr'>τῆς</span> <span class='ocrx_word' id='word_1_612' title='bbox 1572 2159 1693 2195; x_wconf 81' lang='grc' dir='ltr'>ἀμαθίας</span> <span class='ocrx_word' id='word_1_613' title='bbox 1701 2159 1880 2194; x_wconf 83' lang='grc' dir='ltr'>ἀνδράποδον,</span> <span class='ocrx_word' id='word_1_614' title='bbox 1887 2161 1918 2187; x_wconf 80' lang='grc' dir='ltr'>τὸ</span> 
     </span>
    </p>
   </div>
   <div class='ocr_carea' id='block_1_87' title="bbox 1114 2205 1917 2246">
    <p class='ocr_par' dir='ltr' id='par_1_87' title="bbox 1114 2205 1917 2246">
     <span class='ocr_line' id='line_1_87' title="bbox 1114 2205 1917 2246; baseline -0.007 -8"><span class='ocrx_word' id='word_1_615' title='bbox 1114 2212 1163 2246; x_wconf 79' lang='grc' dir='ltr'>τῆς</span> <span class='ocrx_word' id='word_1_616' title='bbox 1172 2210 1252 2241; x_wconf 73' lang='grc' dir='ltr'>σκιᾶς</span> <span class='ocrx_word' id='word_1_617' title='bbox 1262 2207 1445 2244; x_wconf 79' lang='grc' dir='ltr'>ἁφονώτερον,</span> <span class='ocrx_word' id='word_1_618' title='bbox 1457 2206 1517 2234; x_wconf 79' lang='grc' dir='ltr'>δέον</span> <span class='ocrx_word' id='word_1_619' title='bbox 1531 2205 1634 2232; x_wconf 87' lang='grc' dir='ltr'>τούτων</span> <span class='ocrx_word' id='word_1_620' title='bbox 1652 2205 1888 2241; x_wconf 80' lang='grc' dir='ltr'>κατολιγωρῆσαι,</span> <span class='ocrx_word' id='word_1_621' title='bbox 1900 2206 1917 2242; x_wconf 87' lang='grc' dir='ltr'>ἢ</span> 
     </span>
    </p>
   </div>
   <div class='ocr_carea' id='block_1_88' title="bbox 1115 2251 1917 2292">
    <p class='ocr_par' dir='ltr' id='par_1_88' title="bbox 1115 2251 1917 2292">
     <span class='ocr_line' id='line_1_88' title="bbox 1115 2251 1917 2292; baseline -0.007 -8"><span class='ocrx_word' id='word_1_622' title='bbox 1115 2259 1139 2284; x_wconf 89' lang='grc' dir='ltr'><strong>εἰ</strong></span> <span class='ocrx_word' id='word_1_623' title='bbox 1147 2257 1169 2273; x_wconf 78' lang='grc'><strong><em>²⁴</em></strong></span> <span class='ocrx_word' id='word_1_624' title='bbox 1181 2256 1218 2292; x_wconf 84' lang='grc' dir='ltr'>μὴ</span> <span class='ocrx_word' id='word_1_625' title='bbox 1225 2254 1315 2289; x_wconf 81' lang='grc' dir='ltr'>τοῦτο,</span> <span class='ocrx_word' id='word_1_626' title='bbox 1325 2252 1513 2289; x_wconf 71' lang='grc' dir='ltr'>ὲκπομπεύειν</span> <span class='ocrx_word' id='word_1_627' title='bbox 1523 2252 1590 2288; x_wconf 86' lang='grc' dir='ltr'>γοῦν</span> <span class='ocrx_word' id='word_1_628' title='bbox 1599 2253 1646 2279; x_wconf 87' lang='grc' dir='ltr'><strong>καί</strong></span> <span class='ocrx_word' id='word_1_629' title='bbox 1658 2251 1814 2287; x_wconf 78' lang='grc' dir='ltr'>θεατρίζειν</span> <span class='ocrx_word' id='word_1_630' title='bbox 1827 2253 1917 2279; x_wconf 81' lang='grc' dir='ltr'>ταῦτα</span> 
     </span>
    </p>
   </div>
   <div class='ocr_carea' id='block_1_89' title="bbox 270 2294 1060 2340">
    <p class='ocr_par' dir='ltr' id='par_1_89' title="bbox 270 2294 1060 2331">
     <span class='ocr_line' id='line_1_89' title="bbox 270 2294 1060 2331; baseline 0.001 -8"><span class='ocrx_word' id='word_1_631' title='bbox 270 2295 330 2323; x_wconf 64' lang='lat' dir='ltr'><strong>haec</strong></span> <span class='ocrx_word' id='word_1_632' title='bbox 344 2301 476 2330; x_wconf 88' lang='lat' dir='ltr'><strong>spernere</strong></span> <span class='ocrx_word' id='word_1_633' title='bbox 492 2294 645 2327; x_wconf 87' lang='lat' dir='ltr'><strong>debuisset,</strong></span> <span class='ocrx_word' id='word_1_634' title='bbox 676 2294 720 2322; x_wconf 87' lang='lat' dir='ltr'><strong>sin</strong></span> <span class='ocrx_word' id='word_1_635' title='bbox 745 2299 849 2329; x_wconf 86' lang='lat' dir='ltr'><strong>autem,</strong></span> <span class='ocrx_word' id='word_1_636' title='bbox 868 2295 903 2323; x_wconf 87' lang='lat' dir='ltr'><strong>ad</strong></span> <span class='ocrx_word' id='word_1_637' title='bbox 927 2302 991 2323; x_wconf 86' lang='lat' dir='ltr'><strong>eum</strong></span> <span class='ocrx_word' id='word_1_638' title='bbox 1017 2297 1060 2331; x_wconf 80' lang='lat' dir='ltr'><strong>qui</strong></span> 
     </span>
    </p>
   </div>
   <div class='ocr_carea' id='block_1_90' title="bbox 1114 2294 1917 2340">
    <p class='ocr_par' dir='ltr' id='par_1_90' title="bbox 1118 2299 1917 2340">
     <span class='ocr_line' id='line_1_90' title="bbox 1118 2299 1917 2340; baseline -0.008 -9"><span class='ocrx_word' id='word_1_639' title='bbox 1118 2303 1157 2340; x_wconf 86' lang='grc' dir='ltr'>τῷ</span> <span class='ocrx_word' id='word_1_640' title='bbox 1168 2303 1218 2335; x_wconf 82' lang='grc' dir='ltr'>τὰς</span> <span class='ocrx_word' id='word_1_641' title='bbox 1243 2303 1295 2337; x_wconf 87' lang='grc' dir='ltr'>τῆς</span> <span class='ocrx_word' id='word_1_642' title='bbox 1316 2300 1483 2336; x_wconf 78' lang='grc' dir='ltr'>Ἐκκλησίας</span> <span class='ocrx_word' id='word_1_643' title='bbox 1499 2299 1578 2335; x_wconf 83' lang='grc' dir='ltr'>ἡνίας</span> <span class='ocrx_word' id='word_1_644' title='bbox 1595 2299 1724 2331; x_wconf 80' lang='grc' dir='ltr'>ἰθύνοντι,</span> <span class='ocrx_word' id='word_1_645' title='bbox 1740 2299 1789 2326; x_wconf 72' lang='grc' dir='ltr'><strong>καὶ</strong></span> <span class='ocrx_word' id='word_1_646' title='bbox 1806 2299 1917 2326; x_wconf 81' lang='grc' dir='ltr'>σύνοδον</span> 
     </span>
    </p>
   </div>
   <div class='ocr_carea' id='block_1_91' title="bbox 269 2340 1063 2377">
    <p class='ocr_par' dir='ltr' id='par_1_91' title="bbox 269 2340 1063 2377">
     <span class='ocr_line' id='line_1_91' title="bbox 269 2340 1063 2377; baseline 0.003 -9"><span class='ocrx_word' id='word_1_647' title='bbox 269 2341 402 2369; x_wconf 63' lang='lat' dir='ltr'><strong>Ecclesiae</strong></span> <span class='ocrx_word' id='word_1_648' title='bbox 427 2341 536 2368; x_wconf 83' lang='lat' dir='ltr'><strong>clavum</strong></span> <span class='ocrx_word' id='word_1_649' title='bbox 565 2340 677 2375; x_wconf 79' lang='lat' dir='ltr'><strong>regebat</strong></span> <span class='ocrx_word' id='word_1_650' title='bbox 692 2340 796 2368; x_wconf 82' lang='lat' dir='ltr'><strong>referre</strong></span> <span class='ocrx_word' id='word_1_651' title='bbox 817 2341 899 2376; x_wconf 83' lang='lat' dir='ltr'><strong>eique</strong></span> <span class='ocrx_word' id='word_1_652' title='bbox 913 2349 1063 2377; x_wconf 70' lang='lat' dir='ltr'><strong>exponere,</strong></span> 
     </span>
    </p>
   </div>
   <div class='ocr_carea' id='block_1_92' title="bbox 270 2386 1064 2423">
    <p class='ocr_par' dir='ltr' id='par_1_92' title="bbox 270 2386 1064 2423">
     <span class='ocr_line' id='line_1_92' title="bbox 270 2386 1064 2423; baseline 0 -7"><span class='ocrx_word' id='word_1_653' title='bbox 270 2395 377 2416; x_wconf 81' lang='lat' dir='ltr'><strong>necnon</strong></span> <span class='ocrx_word' id='word_1_654' title='bbox 390 2387 526 2423; x_wconf 84' lang='lat' dir='ltr'><strong>synodum</strong></span> <span class='ocrx_word' id='word_1_655' title='bbox 542 2386 577 2415; x_wconf 90' lang='lat' dir='ltr'><strong>de</strong></span> <span class='ocrx_word' id='word_1_656' title='bbox 595 2387 679 2415; x_wconf 88' lang='lat' dir='ltr'><strong>rebus</strong></span> <span class='ocrx_word' id='word_1_657' title='bbox 695 2387 804 2423; x_wconf 86' lang='lat' dir='ltr'><strong>magnis</strong></span> <span class='ocrx_word' id='word_1_658' title='bbox 818 2388 966 2422; x_wconf 74' lang='lat' dir='ltr'><strong>magniﬁce</strong></span> <span class='ocrx_word' id='word_1_659' title='bbox 981 2395 1064 2416; x_wconf 90' lang='lat' dir='ltr'><strong>scru-</strong></span> 
     </span>
    </p>
   </div>
   <div class='ocr_carea' id='block_1_93' title="bbox 270 2432 1064 2470">
    <p class='ocr_par' dir='ltr' id='par_1_93' title="bbox 270 2432 1064 2470">
     <span class='ocr_line' id='line_1_93' title="bbox 270 2432 1064 2470; baseline -0.003 -8"><span class='ocrx_word' id='word_1_660' title='bbox 270 2435 354 2463; x_wconf 84' lang='lat' dir='ltr'><strong>tando</strong></span> <span class='ocrx_word' id='word_1_661' title='bbox 368 2441 476 2470; x_wconf 84' lang='lat' dir='ltr'><strong>cogere.</strong></span> <span class='ocrx_word' id='word_1_662' title='bbox 498 2440 553 2461; x_wconf 92' lang='lat' dir='ltr'><strong>non</strong></span> <span class='ocrx_word' id='word_1_663' title='bbox 581 2432 741 2461; x_wconf 87' lang='lat' dir='ltr'><strong>hominibus</strong></span> <span class='ocrx_word' id='word_1_664' title='bbox 755 2434 803 2468; x_wconf 86' lang='lat' dir='ltr'><strong>qui</strong></span> <span class='ocrx_word' id='word_1_665' title='bbox 827 2433 895 2460; x_wconf 90' lang='lat' dir='ltr'><strong>nihil</strong></span> <span class='ocrx_word' id='word_1_666' title='bbox 909 2433 968 2461; x_wconf 90' lang='lat' dir='ltr'><strong>sani</strong></span> <span class='ocrx_word' id='word_1_667' title='bbox 983 2441 1064 2469; x_wconf 82' lang='lat' dir='ltr'><strong>sape-</strong></span> 
     </span>
    </p>
   </div>
   <div class='ocr_carea' id='block_1_94' title="bbox 269 2478 1063 2516">
    <p class='ocr_par' dir='ltr' id='par_1_94' title="bbox 269 2478 1063 2516">
     <span class='ocr_line' id='line_1_94' title="bbox 269 2478 1063 2516; baseline -0.003 -7"><span class='ocrx_word' id='word_1_668' title='bbox 269 2487 341 2514; x_wconf 82' lang='lat' dir='ltr'><strong>rent,</strong></span> <span class='ocrx_word' id='word_1_669' title='bbox 355 2481 456 2516; x_wconf 88' lang='lat' dir='ltr'><strong>quique</strong></span> <span class='ocrx_word' id='word_1_670' title='bbox 472 2486 527 2507; x_wconf 89' lang='lat' dir='ltr'><strong>non</strong></span> <span class='ocrx_word' id='word_1_671' title='bbox 542 2478 603 2514; x_wconf 85' lang='lat' dir='ltr'><strong>ejus</strong></span> <span class='ocrx_word' id='word_1_672' title='bbox 617 2478 783 2511; x_wconf 81' lang='lat' dir='ltr'><strong>commodis,</strong></span> <span class='ocrx_word' id='word_1_673' title='bbox 801 2479 849 2507; x_wconf 90' lang='lat' dir='ltr'><strong>sed</strong></span> <span class='ocrx_word' id='word_1_674' title='bbox 861 2479 920 2507; x_wconf 90' lang='lat' dir='ltr'><strong>suis</strong></span> <span class='ocrx_word' id='word_1_675' title='bbox 939 2478 1063 2514; x_wconf 86' lang='lat' dir='ltr'><strong>ipsorum</strong></span> 
     </span>
    </p>
   </div>
   <div class='ocr_carea' id='block_1_95' title="bbox 270 2525 1064 2561">
    <p class='ocr_par' dir='ltr' id='par_1_95' title="bbox 270 2525 1064 2561">
     <span class='ocr_line' id='line_1_95' title="bbox 270 2525 1064 2561; baseline -0.001 -7"><span class='ocrx_word' id='word_1_676' title='bbox 270 2527 355 2555; x_wconf 89' lang='lat' dir='ltr'><strong>lucris</strong></span> <span class='ocrx_word' id='word_1_677' title='bbox 377 2526 520 2554; x_wconf 88' lang='lat' dir='ltr'><strong>studerent</strong></span> <span class='ocrx_word' id='word_1_678' title='bbox 534 2532 654 2561; x_wconf 86' lang='lat' dir='ltr'><strong>suasque</strong></span> <span class='ocrx_word' id='word_1_679' title='bbox 671 2532 734 2553; x_wconf 90' lang='lat' dir='ltr'><strong>cum</strong></span> <span class='ocrx_word' id='word_1_680' title='bbox 749 2525 847 2560; x_wconf 87' lang='lat' dir='ltr'><strong>primis</strong></span> <span class='ocrx_word' id='word_1_681' title='bbox 860 2533 903 2553; x_wconf 84' lang='lat' dir='ltr'><strong>res</strong></span> <span class='ocrx_word' id='word_1_682' title='bbox 921 2530 1064 2559; x_wconf 84' lang='lat' dir='ltr'><strong>curarent,</strong></span> 
     </span>
    </p>
   </div>
   <div class='ocr_carea' id='block_1_96' title="bbox 269 2572 1064 2610">
    <p class='ocr_par' dir='ltr' id='par_1_96' title="bbox 269 2572 1064 2610">
     <span class='ocr_line' id='line_1_96' title="bbox 269 2572 1064 2610; baseline 0.004 -10"><span class='ocrx_word' id='word_1_683' title='bbox 269 2572 352 2609; x_wconf 84' lang='lat' dir='ltr'><strong>(proh</strong></span> <span class='ocrx_word' id='word_1_684' title='bbox 371 2573 524 2601; x_wconf 85' lang='lat' dir='ltr'><strong>amicitiam</strong></span> <span class='ocrx_word' id='word_1_685' title='bbox 549 2573 611 2602; x_wconf 87' lang='lat' dir='ltr'><strong>dolo</strong></span> <span class='ocrx_word' id='word_1_686' title='bbox 631 2573 812 2608; x_wconf 85' lang='lat' dir='ltr'><strong>compositam</strong></span> <span class='ocrx_word' id='word_1_687' title='bbox 827 2573 847 2610; x_wconf 81' lang='grc'><strong>1)</strong></span> <span class='ocrx_word' id='word_1_688' title='bbox 864 2574 956 2602; x_wconf 83' lang='lat' dir='ltr'><strong>amico</strong></span> <span class='ocrx_word' id='word_1_689' title='bbox 970 2574 1064 2603; x_wconf 85' lang='lat' dir='ltr'><strong>Cassi-</strong></span> 
     </span>
    </p>
   </div>
   <div class='ocr_carea' id='block_1_97' title="bbox 269 2620 1064 2656">
    <p class='ocr_par' dir='ltr' id='par_1_97' title="bbox 269 2620 1064 2656">
     <span class='ocr_line' id='line_1_97' title="bbox 269 2620 1064 2656; baseline 0.006 -10"><span class='ocrx_word' id='word_1_690' title='bbox 269 2624 334 2647; x_wconf 67' lang='lat' dir='ltr'><strong>terze</strong></span> <span class='ocrx_word' id='word_1_691' title='bbox 347 2621 542 2653; x_wconf 83' lang='lat' dir='ltr'><strong>communicat,</strong></span> <span class='ocrx_word' id='word_1_692' title='bbox 562 2620 702 2656; x_wconf 81' lang='lat' dir='ltr'><strong>refertque</strong></span> <span class='ocrx_word' id='word_1_693' title='bbox 718 2628 781 2656; x_wconf 70' lang='lat' dir='ltr'><strong>qua:</strong></span> <span class='ocrx_word' id='word_1_694' title='bbox 802 2629 836 2648; x_wconf 80' lang='lat' dir='ltr'><strong>ex</strong></span> <span class='ocrx_word' id='word_1_695' title='bbox 858 2621 958 2649; x_wconf 91' lang='lat' dir='ltr'><strong>nuntio</strong></span> <span class='ocrx_word' id='word_1_696' title='bbox 978 2623 1064 2651; x_wconf 89' lang='lat' dir='ltr'><strong>verba</strong></span> 
     </span>
    </p>
   </div>
   <div class='ocr_carea' id='block_1_98' title="bbox 207 2665 1065 2703">
    <p class='ocr_par' dir='ltr' id='par_1_98' title="bbox 207 2665 1065 2703">
     <span class='ocr_line' id='line_1_98' title="bbox 207 2665 1065 2703; baseline 0.003 -10"><span class='ocrx_word' id='word_1_697' title='bbox 207 2676 210 2678; x_wconf 57' lang='grc' dir='ltr'><strong>τ</strong></span> <span class='ocrx_word' id='word_1_698' title='bbox 268 2671 423 2702; x_wconf 85' lang='lat' dir='ltr'><strong>acceperat.</strong></span> <span class='ocrx_word' id='word_1_699' title='bbox 448 2665 535 2694; x_wconf 89' lang='lat' dir='ltr'><strong>Porro</strong></span> <span class='ocrx_word' id='word_1_700' title='bbox 552 2667 598 2695; x_wconf 84' lang='lat' dir='ltr'><strong>ille</strong></span> <span class='ocrx_word' id='word_1_701' title='bbox 613 2667 716 2694; x_wconf 85' lang='lat' dir='ltr'><strong>malum</strong></span> <span class='ocrx_word' id='word_1_702' title='bbox 739 2667 812 2695; x_wconf 89' lang='lat' dir='ltr'><strong>malo</strong></span> <span class='ocrx_word' id='word_1_703' title='bbox 828 2667 1007 2703; x_wconf 77' lang='lat' dir='ltr'><strong>furoremque</strong></span> <span class='ocrx_word' id='word_1_704' title='bbox 1021 2668 1065 2696; x_wconf 81' lang='lat' dir='ltr'><strong>fu-</strong></span> 
     </span>
    </p>
   </div>
   <div class='ocr_carea' id='block_1_99' title="bbox 270 2712 1064 2750">
    <p class='ocr_par' dir='ltr' id='par_1_99' title="bbox 270 2712 1064 2750">
     <span class='ocr_line' id='line_1_99' title="bbox 270 2712 1064 2750; baseline 0.003 -10"><span class='ocrx_word' id='word_1_705' title='bbox 270 2720 334 2741; x_wconf 88' lang='lat' dir='ltr'><strong>rore</strong></span> <span class='ocrx_word' id='word_1_706' title='bbox 353 2721 408 2741; x_wconf 88' lang='lat' dir='ltr'><strong>non</strong></span> <span class='ocrx_word' id='word_1_707' title='bbox 423 2712 540 2746; x_wconf 84' lang='lat' dir='ltr'><strong>leniens,</strong></span> <span class='ocrx_word' id='word_1_708' title='bbox 563 2714 611 2741; x_wconf 88' lang='lat' dir='ltr'><strong>sed</strong></span> <span class='ocrx_word' id='word_1_709' title='bbox 633 2714 770 2747; x_wconf 82' lang='lat' dir='ltr'><strong>excitans,</strong></span> <span class='ocrx_word' id='word_1_710' title='bbox 789 2715 878 2741; x_wconf 86' lang='lat' dir='ltr'><strong>virum</strong></span> <span class='ocrx_word' id='word_1_711' title='bbox 904 2714 999 2748; x_wconf 85' lang='lat' dir='ltr'><strong>alium,</strong></span> <span class='ocrx_word' id='word_1_712' title='bbox 1017 2715 1064 2750; x_wconf 91' lang='lat' dir='ltr'><strong>qui</strong></span> 
     </span>
    </p>
   </div>
   <div class='ocr_carea' id='block_1_100' title="bbox 270 2760 1063 2796">
    <p class='ocr_par' dir='ltr' id='par_1_100' title="bbox 270 2760 1063 2796">
     <span class='ocr_line' id='line_1_100' title="bbox 270 2760 1063 2796; baseline 0.001 -8"><span class='ocrx_word' id='word_1_713' title='bbox 270 2760 395 2795; x_wconf 86' lang='lat' dir='ltr'><strong>ejusdem</strong></span> <span class='ocrx_word' id='word_1_714' title='bbox 417 2767 482 2795; x_wconf 83' lang='lat' dir='ltr'><strong>erga</strong></span> <span class='ocrx_word' id='word_1_715' title='bbox 498 2767 594 2788; x_wconf 87' lang='lat' dir='ltr'><strong>sacras</strong></span> <span class='ocrx_word' id='word_1_716' title='bbox 610 2760 744 2796; x_wconf 77' lang='lat' dir='ltr'><strong>imagines</strong></span> <span class='ocrx_word' id='word_1_717' title='bbox 768 2760 914 2788; x_wconf 65' lang='lat' dir='ltr'><strong>sententiae</strong></span> <span class='ocrx_word' id='word_1_718' title='bbox 939 2765 1013 2789; x_wconf 84' lang='lat' dir='ltr'><strong>esset</strong></span> <span class='ocrx_word' id='word_1_719' title='bbox 1030 2769 1063 2789; x_wconf 84' lang='lat' dir='ltr'><strong>ac</strong></span> 
     </span>
    </p>
   </div>
   <div class='ocr_carea' id='block_1_101' title="bbox 269 2805 1062 2842">
    <p class='ocr_par' dir='ltr' id='par_1_101' title="bbox 269 2805 1062 2842">
     <span class='ocr_line' id='line_1_101' title="bbox 269 2805 1062 2842; baseline 0.001 -8"><span class='ocrx_word' id='word_1_720' title='bbox 269 2808 299 2835; x_wconf 84' lang='lat' dir='ltr'><strong>in</strong></span> <span class='ocrx_word' id='word_1_721' title='bbox 310 2805 446 2834; x_wconf 73' lang='lat' dir='ltr'><strong>Hauriaui</strong></span> <span class='ocrx_word' id='word_1_722' title='bbox 465 2806 573 2842; x_wconf 90' lang='lat' dir='ltr'><strong>porticu</strong></span> <span class='ocrx_word' id='word_1_723' title='bbox 592 2806 739 2840; x_wconf 85' lang='lat' dir='ltr'><strong>habitaret,</strong></span> <span class='ocrx_word' id='word_1_724' title='bbox 756 2807 782 2835; x_wconf 91' lang='lat' dir='ltr'><strong>ei</strong></span> <span class='ocrx_word' id='word_1_725' title='bbox 796 2806 912 2840; x_wconf 88' lang='lat' dir='ltr'><strong>indicat,</strong></span> <span class='ocrx_word' id='word_1_726' title='bbox 927 2808 1062 2835; x_wconf 87' lang='lat' dir='ltr'><strong>immensa</strong></span> 
     </span>
    </p>
   </div>
   <div class='ocr_carea' id='block_1_102' title="bbox 1116 2346 1917 2387">
    <p class='ocr_par' dir='ltr' id='par_1_102' title="bbox 1116 2346 1917 2387">
     <span class='ocr_line' id='line_1_102' title="bbox 1116 2346 1917 2387; baseline -0.007 -9"><span class='ocrx_word' id='word_1_727' title='bbox 1116 2350 1310 2387; x_wconf 84' lang='grc' dir='ltr'>συγκροτῆσαι</span> <span class='ocrx_word' id='word_1_728' title='bbox 1328 2347 1393 2384; x_wconf 69' lang='grc' dir='ltr'>περὶ</span> <span class='ocrx_word' id='word_1_729' title='bbox 1419 2346 1546 2383; x_wconf 83' lang='grc' dir='ltr'>μεγάλων</span> <span class='ocrx_word' id='word_1_730' title='bbox 1568 2346 1695 2381; x_wconf 88' lang='grc' dir='ltr'>μεγάλως</span> <span class='ocrx_word' id='word_1_731' title='bbox 1714 2346 1871 2381; x_wconf 84' lang='grc' dir='ltr'>άνερευνῶν</span> <span class='ocrx_word' id='word_1_732' title='bbox 1884 2346 1917 2378; x_wconf 82' lang='grc'><strong>³⁷,</strong></span> 
     </span>
    </p>
   </div>
   <div class='ocr_carea' id='block_1_103' title="bbox 1115 2391 1919 2429">
    <p class='ocr_par' dir='ltr' id='par_1_103' title="bbox 1115 2391 1919 2429">
     <span class='ocr_line' id='line_1_103' title="bbox 1115 2391 1919 2429; baseline -0.007 -5"><span class='ocrx_word' id='word_1_733' title='bbox 1115 2396 1173 2425; x_wconf 79' lang='grc' dir='ltr'>ἀλλ’</span> <span class='ocrx_word' id='word_1_734' title='bbox 1189 2396 1240 2423; x_wconf 76' lang='grc' dir='ltr'>οὐκ</span> <span class='ocrx_word' id='word_1_735' title='bbox 1267 2394 1381 2429; x_wconf 83' lang='grc' dir='ltr'>ἀνδράσι</span> <span class='ocrx_word' id='word_1_736' title='bbox 1413 2393 1498 2428; x_wconf 74' lang='grc' dir='ltr'>μηδὲν</span> <span class='ocrx_word' id='word_1_737' title='bbox 1512 2392 1588 2428; x_wconf 79' lang='grc' dir='ltr'>ὑγιὲς</span> <span class='ocrx_word' id='word_1_738' title='bbox 1615 2391 1757 2428; x_wconf 81' lang='grc' dir='ltr'>φρονοῦσι,</span> <span class='ocrx_word' id='word_1_739' title='bbox 1785 2391 1855 2427; x_wconf 77' lang='grc' dir='ltr'>μηδὲ</span> <span class='ocrx_word' id='word_1_740' title='bbox 1884 2391 1919 2419; x_wconf 80' lang='grc' dir='ltr'>τὰ</span> 
     </span>
    </p>
   </div>
   <div class='ocr_carea' id='block_1_104' title="bbox 1113 2437 1919 2477">
    <p class='ocr_par' dir='ltr' id='par_1_104' title="bbox 1113 2437 1919 2477">
     <span class='ocr_line' id='line_1_104' title="bbox 1113 2437 1919 2477; baseline -0.005 -7"><span class='ocrx_word' id='word_1_741' title='bbox 1113 2442 1213 2470; x_wconf 82' lang='grc' dir='ltr'>ἑαυτοῦ</span> <span class='ocrx_word' id='word_1_742' title='bbox 1229 2441 1293 2477; x_wconf 80' lang='grc' dir='ltr'>(φεῦ</span> <span class='ocrx_word' id='word_1_743' title='bbox 1314 2441 1363 2475; x_wconf 78' lang='grc' dir='ltr'>τῆς</span> <span class='ocrx_word' id='word_1_744' title='bbox 1378 2439 1448 2476; x_wconf 83' lang='grc' dir='ltr'>μετὰ</span> <span class='ocrx_word' id='word_1_745' title='bbox 1466 2439 1543 2466; x_wconf 78' lang='grc' dir='ltr'>δόλου</span> <span class='ocrx_word' id='word_1_746' title='bbox 1553 2438 1681 2473; x_wconf 82' lang='grc' dir='ltr'>φιλίαςί),</span> <span class='ocrx_word' id='word_1_747' title='bbox 1699 2437 1811 2465; x_wconf 62' lang='lat' dir='ltr'><strong>meme</strong></span> <span class='ocrx_word' id='word_1_748' title='bbox 1828 2439 1919 2466; x_wconf 74' lang='grc' dir='ltr'>οἰκεῖα</span> 
     </span>
    </p>
   </div>
   <div class='ocr_carea' id='block_1_105' title="bbox 1115 2484 1919 2526">
    <p class='ocr_par' dir='ltr' id='par_1_105' title="bbox 1115 2484 1919 2526">
     <span class='ocr_line' id='line_1_105' title="bbox 1115 2484 1919 2526; baseline -0.007 -9"><span class='ocrx_word' id='word_1_749' title='bbox 1115 2488 1356 2526; x_wconf 76' lang='grc' dir='ltr'>προμηθουμένων</span> <span class='ocrx_word' id='word_1_750' title='bbox 1373 2487 1423 2514; x_wconf 78' lang='grc' dir='ltr'><strong>καὶ</strong></span> <span class='ocrx_word' id='word_1_751' title='bbox 1445 2485 1704 2522; x_wconf 78' lang='grc' dir='ltr'>προδιοικουμένων,</span> <span class='ocrx_word' id='word_1_752' title='bbox 1722 2484 1761 2520; x_wconf 86' lang='grc' dir='ltr'><strong>τῷ</strong></span> <span class='ocrx_word' id='word_1_753' title='bbox 1783 2485 1919 2520; x_wconf 83' lang='grc' dir='ltr'>φιλουμέ-</span> 
     </span>
    </p>
   </div>
   <div class='ocr_carea' id='block_1_106' title="bbox 1117 2531 1918 2573">
    <p class='ocr_par' dir='ltr' id='par_1_106' title="bbox 1117 2531 1918 2573">
     <span class='ocr_line' id='line_1_106' title="bbox 1117 2531 1918 2573; baseline -0.009 -9"><span class='ocrx_word' id='word_1_754' title='bbox 1117 2546 1156 2573; x_wconf 86' lang='grc' dir='ltr'><strong>νῳ</strong></span> <span class='ocrx_word' id='word_1_755' title='bbox 1178 2534 1370 2563; x_wconf 81' lang='grc' dir='ltr'>ἀνακοινοῦται</span> <span class='ocrx_word' id='word_1_756' title='bbox 1402 2532 1634 2568; x_wconf 83' lang='grc' dir='ltr'>Κασσιτερᾷ,καί</span> <span class='ocrx_word' id='word_1_757' title='bbox 1657 2531 1692 2558; x_wconf 82' lang='grc' dir='ltr'><strong>τά</strong></span> <span class='ocrx_word' id='word_1_758' title='bbox 1718 2531 1918 2567; x_wconf 61' lang='grc' dir='ltr'>ἀπεσταλμέκα</span> 
     </span>
    </p>
   </div>
   <div class='ocr_carea' id='block_1_107' title="bbox 1117 2577 1919 2618">
    <p class='ocr_par' dir='ltr' id='par_1_107' title="bbox 1117 2577 1919 2618">
     <span class='ocr_line' id='line_1_107' title="bbox 1117 2577 1919 2618; baseline -0.007 -7"><span class='ocrx_word' id='word_1_759' title='bbox 1117 2584 1180 2618; x_wconf 77' lang='grc' dir='ltr'>ἄγει</span> <span class='ocrx_word' id='word_1_760' title='bbox 1196 2582 1283 2618; x_wconf 81' lang='grc' dir='ltr'>τούτῳ</span> <span class='ocrx_word' id='word_1_761' title='bbox 1297 2582 1336 2612; x_wconf 82' lang='grc' dir='ltr'><strong>εἰς</strong></span> <span class='ocrx_word' id='word_1_762' title='bbox 1353 2581 1421 2615; x_wconf 84' lang='grc' dir='ltr'><strong>φῶς.</strong></span> <span class='ocrx_word' id='word_1_763' title='bbox 1443 2580 1473 2606; x_wconf 92' lang='lat'><strong>&#39;0</strong></span> <span class='ocrx_word' id='word_1_764' title='bbox 1488 2579 1516 2606; x_wconf 82' lang='grc' dir='ltr'>δὲ</span> <span class='ocrx_word' id='word_1_765' title='bbox 1541 2578 1620 2614; x_wconf 86' lang='grc' dir='ltr'><strong>κακῷ</strong></span> <span class='ocrx_word' id='word_1_766' title='bbox 1633 2577 1663 2605; x_wconf 84' lang='grc' dir='ltr'>τὺ</span> <span class='ocrx_word' id='word_1_767' title='bbox 1681 2578 1766 2605; x_wconf 83' lang='grc' dir='ltr'>κακδν</span> <span class='ocrx_word' id='word_1_768' title='bbox 1779 2578 1829 2604; x_wconf 74' lang='grc' dir='ltr'>καὶ</span> <span class='ocrx_word' id='word_1_769' title='bbox 1853 2578 1919 2605; x_wconf 79' lang='grc' dir='ltr'>λύσ-</span> 
     </span>
    </p>
   </div>
   <div class='ocr_carea' id='block_1_108' title="bbox 1119 2623 1918 2666">
    <p class='ocr_par' dir='ltr' id='par_1_108' title="bbox 1119 2623 1918 2666">
     <span class='ocr_line' id='line_1_108' title="bbox 1119 2623 1918 2666; baseline -0.008 -10"><span class='ocrx_word' id='word_1_770' title='bbox 1119 2638 1153 2666; x_wconf 83' lang='grc' dir='ltr'><strong>σῃ</strong></span> <span class='ocrx_word' id='word_1_771' title='bbox 1171 2629 1275 2656; x_wconf 82' lang='grc' dir='ltr'>λύσσαν</span> <span class='ocrx_word' id='word_1_772' title='bbox 1300 2628 1331 2655; x_wconf 83' lang='grc' dir='ltr'>οὺ</span> <span class='ocrx_word' id='word_1_773' title='bbox 1357 2627 1530 2661; x_wconf 81' lang='grc' dir='ltr'>θεραπεύων,</span> <span class='ocrx_word' id='word_1_774' title='bbox 1547 2624 1604 2652; x_wconf 77' lang='grc' dir='ltr'>ἀλλ’</span> <span class='ocrx_word' id='word_1_775' title='bbox 1632 2623 1795 2659; x_wconf 74' lang='grc' dir='ltr'>ἐπεγείρων,</span> <span class='ocrx_word' id='word_1_776' title='bbox 1820 2624 1918 2660; x_wconf 71' lang='grc' dir='ltr'>ἕτερον</span> 
     </span>
    </p>
   </div>
   <div class='ocr_carea' id='block_1_109' title="bbox 1118 2671 1919 2712">
    <p class='ocr_par' dir='ltr' id='par_1_109' title="bbox 1118 2671 1919 2712">
     <span class='ocr_line' id='line_1_109' title="bbox 1118 2671 1919 2712; baseline -0.007 -9"><span class='ocrx_word' id='word_1_777' title='bbox 1118 2685 1180 2704; x_wconf 88' lang='grc' dir='ltr'>τινα</span> <span class='ocrx_word' id='word_1_778' title='bbox 1197 2677 1231 2712; x_wconf 80' lang='grc' dir='ltr'>τῇ</span> <span class='ocrx_word' id='word_1_779' title='bbox 1242 2675 1324 2710; x_wconf 79' lang='grc' dir='ltr'>ὁμοίᾳ</span> <span class='ocrx_word' id='word_1_780' title='bbox 1337 2674 1401 2710; x_wconf 80' lang='grc' dir='ltr'><strong>δόξῃ</strong></span> <span class='ocrx_word' id='word_1_781' title='bbox 1425 2672 1491 2708; x_wconf 83' lang='grc' dir='ltr'><strong>περί</strong></span> <span class='ocrx_word' id='word_1_782' title='bbox 1507 2673 1562 2699; x_wconf 85' lang='grc' dir='ltr'>τῶν</span> <span class='ocrx_word' id='word_1_783' title='bbox 1576 2671 1656 2698; x_wconf 77' lang='grc' dir='ltr'>θείων</span> <span class='ocrx_word' id='word_1_784' title='bbox 1676 2671 1789 2697; x_wconf 86' lang='grc' dir='ltr'>εἰκόνων</span> <span class='ocrx_word' id='word_1_785' title='bbox 1806 2672 1919 2706; x_wconf 86' lang='grc' dir='ltr'>ἐνισχη-</span> 
     </span>
    </p>
   </div>
   <div class='ocr_carea' id='block_1_110' title="bbox 1121 2717 1918 2759">
    <p class='ocr_par' dir='ltr' id='par_1_110' title="bbox 1121 2717 1918 2759">
     <span class='ocr_line' id='line_1_110' title="bbox 1121 2717 1918 2759; baseline -0.006 -10"><span class='ocrx_word' id='word_1_786' title='bbox 1121 2723 1201 2759; x_wconf 82' lang='grc' dir='ltr'>μένον</span> <span class='ocrx_word' id='word_1_787' title='bbox 1221 2721 1292 2748; x_wconf 81' lang='grc' dir='ltr'>κατὰ</span> <span class='ocrx_word' id='word_1_788' title='bbox 1311 2719 1358 2747; x_wconf 86' lang='grc' dir='ltr'><strong>τοῦ</strong></span> <span class='ocrx_word' id='word_1_789' title='bbox 1375 2718 1398 2736; x_wconf 85' lang='grc'><strong>³⁸</strong></span> <span class='ocrx_word' id='word_1_790' title='bbox 1412 2717 1573 2755; x_wconf 86' lang='grc' dir='ltr'>Μαυριανοῦ</span> <span class='ocrx_word' id='word_1_791' title='bbox 1591 2717 1706 2753; x_wconf 70' lang='grc' dir='ltr'>ἔμϐολον</span> <span class='ocrx_word' id='word_1_792' title='bbox 1731 2718 1918 2753; x_wconf 76' lang='grc' dir='ltr'>ἐνσκηνοῦντα</span> 
     </span>
    </p>
   </div>
   <div class='ocr_carea' id='block_1_111' title="bbox 1117 2762 1919 2802">
    <p class='ocr_par' dir='ltr' id='par_1_111' title="bbox 1117 2762 1919 2802">
     <span class='ocr_line' id='line_1_111' title="bbox 1117 2762 1919 2802; baseline -0.009 -7"><span class='ocrx_word' id='word_1_793' title='bbox 1117 2766 1311 2802; x_wconf 68' lang='grc' dir='ltr'>ὁναγνωρίζει,</span> <span class='ocrx_word' id='word_1_794' title='bbox 1341 2763 1484 2799; x_wconf 83' lang='grc' dir='ltr'>ἀπέραντά</span> <span class='ocrx_word' id='word_1_795' title='bbox 1512 2771 1575 2790; x_wconf 87' lang='grc' dir='ltr'>τινα</span> <span class='ocrx_word' id='word_1_796' title='bbox 1597 2762 1646 2790; x_wconf 80' lang='grc' dir='ltr'><strong>καὶ</strong></span> <span class='ocrx_word' id='word_1_797' title='bbox 1671 2763 1796 2799; x_wconf 70' lang='grc' dir='ltr'>μετέωρα</span> <span class='ocrx_word' id='word_1_798' title='bbox 1817 2763 1919 2799; x_wconf 73' lang='grc' dir='ltr'>λεσχησ</span> 
     </span>
    </p>
   </div>
   <div class='ocr_carea' id='block_1_112' title="bbox 1117 2806 1918 2845">
    <p class='ocr_par' dir='ltr' id='par_1_112' title="bbox 1117 2806 1918 2845">
     <span class='ocr_line' id='line_1_112' title="bbox 1117 2806 1918 2845; baseline -0.004 -6"><span class='ocrx_word' id='word_1_799' title='bbox 1117 2812 1202 2839; x_wconf 78' lang='grc' dir='ltr'>νεύων</span> <span class='ocrx_word' id='word_1_800' title='bbox 1223 2811 1272 2838; x_wconf 78' lang='grc' dir='ltr'><strong>καὶ</strong></span> <span class='ocrx_word' id='word_1_801' title='bbox 1291 2809 1482 2845; x_wconf 68' lang='grc' dir='ltr'>ὑπεράγγελον</span> <span class='ocrx_word' id='word_1_802' title='bbox 1498 2808 1594 2836; x_wconf 84' lang='grc' dir='ltr'>τοῦτον</span> <span class='ocrx_word' id='word_1_803' title='bbox 1620 2806 1690 2836; x_wconf 80' lang='grc' dir='ltr'>εἰναι</span> <span class='ocrx_word' id='word_1_804' title='bbox 1705 2808 1918 2845; x_wconf 75' lang='grc' dir='ltr'>διαϐεϐαιούμε-</span> 
     </span>
    </p>
   </div>
   <div class='ocr_carea' id='block_1_113' title="bbox 924 2865 1268 2895">
    <p class='ocr_par' dir='ltr' id='par_1_113' title="bbox 924 2865 1268 2895">
     <span class='ocr_line' id='line_1_113' title="bbox 924 2865 1268 2895; baseline 0.006 -3"><span class='ocrx_word' id='word_1_805' title='bbox 924 2865 1043 2894; x_wconf 76' lang='lat' dir='ltr'><strong>VARUE</strong></span> <span class='ocrx_word' id='word_1_806' title='bbox 1065 2867 1268 2895; x_wconf 74' lang='lat' dir='ltr'><strong>LECTIONES.</strong></span> 
     </span>
    </p>
   </div>
   <div class='ocr_carea' id='block_1_114' title="bbox 314 2912 1138 2949">
    <p class='ocr_par' dir='ltr' id='par_1_114' title="bbox 314 2912 1138 2949">
     <span class='ocr_line' id='line_1_114' title="bbox 314 2912 1138 2949; baseline 0.006 -10"><span class='ocrx_word' id='word_1_807' title='bbox 314 2912 337 2928; x_wconf 80' lang='lat'>“</span> <span class='ocrx_word' id='word_1_808' title='bbox 351 2912 371 2940; x_wconf 89' lang='lat' dir='ltr'><strong>l&#39;.</strong></span> <span class='ocrx_word' id='word_1_809' title='bbox 387 2913 569 2948; x_wconf 80' lang='grc' dir='ltr'>πεποιημένα.</span> <span class='ocrx_word' id='word_1_810' title='bbox 599 2921 695 2948; x_wconf 82' lang='lat' dir='ltr'><strong>margo</strong></span> <span class='ocrx_word' id='word_1_811' title='bbox 708 2913 832 2942; x_wconf 82' lang='lat' dir='ltr'><strong>Coinbel&#39;.</strong></span> <span class='ocrx_word' id='word_1_812' title='bbox 883 2914 906 2930; x_wconf 87' lang='grc'><em>³³</em></span> <span class='ocrx_word' id='word_1_813' title='bbox 917 2916 1107 2949; x_wconf 80' lang='grc' dir='ltr'>προσπέμπων</span> <span class='ocrx_word' id='word_1_814' title='bbox 1117 2917 1138 2944; x_wconf 87' lang='lat'><strong>?.</strong></span> 
     </span>
    </p>
   </div>
   <div class='ocr_carea' id='block_1_115' title="bbox 269 2947 1033 2985">
    <p class='ocr_par' dir='ltr' id='par_1_115' title="bbox 269 2947 1033 2985">
     <span class='ocr_line' id='line_1_115' title="bbox 269 2947 1033 2985; baseline 0.003 -10"><span class='ocrx_word' id='word_1_815' title='bbox 269 2947 292 2964; x_wconf 72' lang='lat'>&quot;</span> <span class='ocrx_word' id='word_1_816' title='bbox 307 2947 497 2985; x_wconf 79' lang='grc' dir='ltr'>ἁνερευνῶσαν</span> <span class='ocrx_word' id='word_1_817' title='bbox 510 2948 521 2976; x_wconf 88' lang='lat'><strong>?</strong></span> <span class='ocrx_word' id='word_1_818' title='bbox 536 2955 570 2976; x_wconf 87' lang='lat' dir='ltr'><strong>an</strong></span> <span class='ocrx_word' id='word_1_819' title='bbox 583 2947 773 2985; x_wconf 74' lang='grc' dir='ltr'>ἁνερέυνῶντα</span> <span class='ocrx_word' id='word_1_820' title='bbox 786 2951 798 2977; x_wconf 78' lang='grc'><strong><em>⁸(</em></strong></span> <span class='ocrx_word' id='word_1_821' title='bbox 835 2950 859 2966; x_wconf 79' lang='grc'><strong><em>³⁸</em></strong></span> <span class='ocrx_word' id='word_1_822' title='bbox 876 2947 998 2983; x_wconf 48' lang='lat' dir='ltr'><strong>soi-Job?</strong></span> <span class='ocrx_word' id='word_1_823' title='bbox 1028 2947 1033 2952; x_wconf 79' lang='grc'><strong><em>“</em></strong></span> 
     </span>
    </p>
   </div>
   <div class='ocr_carea' id='block_1_116' title="bbox 1189 2914 1917 2952">
    <p class='ocr_par' dir='ltr' id='par_1_116' title="bbox 1189 2914 1917 2952">
     <span class='ocr_line' id='line_1_116' title="bbox 1189 2914 1917 2952; baseline 0 -10"><span class='ocrx_word' id='word_1_824' title='bbox 1189 2915 1211 2933; x_wconf 66' lang='grc' dir='ltr'><strong>³ι</strong></span> <span class='ocrx_word' id='word_1_825' title='bbox 1230 2915 1363 2951; x_wconf 60' lang='grc' dir='ltr'>ἐκχέαντα</span> <span class='ocrx_word' id='word_1_826' title='bbox 1381 2915 1411 2943; x_wconf 85' lang='grc' dir='ltr'><strong>Ρ.</strong></span> <span class='ocrx_word' id='word_1_827' title='bbox 1467 2915 1490 2932; x_wconf 81' lang='grc'><strong>³⁵</strong></span> <span class='ocrx_word' id='word_1_828' title='bbox 1518 2915 1576 2952; x_wconf 76' lang='grc' dir='ltr'>τὸν]</span> <span class='ocrx_word' id='word_1_829' title='bbox 1602 2916 1650 2943; x_wconf 73' lang='grc' dir='ltr'><strong>καὶ</strong></span> <span class='ocrx_word' id='word_1_830' title='bbox 1667 2914 1700 2943; x_wconf 82' lang='grc' dir='ltr'><strong>Ρ.</strong></span> <span class='ocrx_word' id='word_1_831' title='bbox 1738 2915 1760 2931; x_wconf 81' lang='grc'><strong><em>⁸⁸</em></strong></span> <span class='ocrx_word' id='word_1_832' title='bbox 1780 2914 1917 2943; x_wconf 81' lang='grc' dir='ltr'>εἰοιῐι.Ρ.</span> 
     </span>
    </p>
   </div>
  </div>
