2011 3156
133 207 166 241 ιι
727 205 798 236 LIB.
814 206 838 235 Ι.
859 218 894 224 ·-
907 205 935 236 Li

989 205 1201 236 ARMENIUS.
1703 225 1715 236 .
1736 206 1771 235 42

132 274 176 298 νος
186 273 193 281 ⁸
218 264 315 297 Τούτῳ
331 260 398 294 οὖν.
414 259 588 295 ὦβασιλεῦ,
603 261 665 296 χρῶ
678 261 746 297 περὶ
758 261 816 288 τῶν
828 261 923 288 τοιού-

981 261 1107 296 quaedam
1130 266 1157 289 et
1181 261 1290 289 excelsa
1313 261 1340 289 in
1364 263 1424 297 ejus
1449 260 1557 289 laudem
1583 260 1771 291 deblateratis.

132 321 191 339 των
207 309 396 347 μυσταγωγῷ
407 318 414 326 “
431 309 481 336 καὶ
495 308 562 336 ὃᾶν
578 308 658 336 εἴποι
675 316 726 337 σοι
752 308 845 335 ποιῶν
868 308 925 342 οὐχ

988 312 1062 342 itque
1078 308 1139 342 ejus
1151 308 1282 342 majorem
1298 307 1395 343 angelo
1410 307 1597 343 praestantiam
1611 307 1751 343 aﬂirmans
1763 316 1773 334 :

132 357 316 393 άμαίτήσεις
332 356 387 383 τοῦ
403 355 537 388 δέοντος.

980 353 1039 381 Hoc
1054 355 1145 389 igitur,
1174 355 1332 390 imperator,
1356 355 1401 390 qui
1424 354 1452 381 in
1471 355 1548 382 rebus
1567 354 1720 382 istiusmodi
1732 355 1775 381 in-

132 407 221 432 ‘truut
231 410 310 439 utque
322 403 440 436 edoceat,-
450 409 540 436 ulere;
559 411 605 430 nec
621 401 717 438 siquid
729 401 775 429 illo
787 402 893 429 doctore
902 402 996 437 egeris,
1005 402 1037 428 ab
1044 403 1151 429 honesto
1159 407 1183 429 et
1195 411 1224 429 eo
1232 402 1302 437 quod
1311 402 1389 438 ofﬁcii
1401 402 1587 438 estquidquam
1597 401 1773 430 aberraveris.

169 450 219 483 ις’.
241 450 286 482 Ὠς
301 448 347 477 οὖν
366 450 518 485 ὲπεράνατο
532 449 566 477 τὰ.
583 449 633 485 τῆς
657 448 826 484 συμϐουλῆς,
838 456 924 484 μετα-

133 498 207 525 θέειν
221 497 293 532 ἔγνω
305 496 373 532 πρὸς
385 496 430 523 τὸν
445 496 612 531 μονάζοντα,
629 496 677 524 καὶ
703 495 798 523 τοῦτον
823 504 926 522 καταν-

135 545 241 579 τλήσας
261 544 323 575 ταῖς
350 543 498 578 φλυαρίαις
528 542 714 578 προσέθηκεν,
731 542 768 574 ὡς
783 541 862 570 Κατὰ
879 541 930 577 τὴν

135 589 271 616 ἐπιοῦσαν
281 588 378 620 νύκτα⁷
393 587 499 614 ἰδιώτου
516 588 611 623 σχῆμα
619 587 834 623 ἀναλαϐόμενον,
847 587 929 615 αὑτὸν

134 636 254 663 ἐνταῦθα
281 635 394 666 βασιλέα
420 634 517 669 ἀγάγω
539 643 592 666 σοι,
619 634 730 670 περίτι
753 634 872 666 πίστεως
885 633 933 662 καὶ

135 682 224 709 ἄλλων
235 681 287 708 οὐκ
303 680 552 715 εὐκαταφρονήτων
565 680 736 716 πραγμάτων
751 679 933 715 συμϐουλευόξ

139 736 229 762 μενον.
259 726 361 753 Τοῦτον
386 726 432 754 οὖν
454 726 502 762 ἐτη
519 727 565 754 δύο
593 727 641 754 καὶ
668 727 855 762 ἐϐδομήκοντα
882 726 933 762 τὴν

141 773 278 809 βασιλείαν
299 772 474 799 κατευθυνεῖν
489 772 685 808 καθυπισχνοῦ,
707 774 754 800 καὶ
778 772 934 808 τρισκαιδέ-

138 829 218 847 κατον
232 819 347 854 ἀρίθμει
367 818 424 845 τῶν
440 818 612 852 ἀποστόλων,
638 819 686 845 χαὶ
702 818 799 850 παῖδας
823 818 928 846 παίδων

136 867 183 893 ἐπὶ
196 866 295 902 θρόνου
315 865 366 900 τῆς
397 865 538 901 βασιλείας
558 865 633 899 ἰδεῖν,
658 866 731 900 εἴγε
759 865 874 897 Λέοντος
898 865 928 898 ἐξ

141 913 280 948 Ἰσαυρίας
309 915 447 947 συστοιχεῑ
487 921 546 945 πως
577 912 616 948 τῷ
639 912 764 948 δόγματι.
797 912 845 948 Μὴ
875 912 930 938 ὑπ-

139 960 315 995 ισχνουμένου
338 959 378 991 δὲ,
396 957 456 986 ἀλλ’
483 958 701 994 ἀπαναινομένου
712 978 720 990 ,
736 958 786 994 τὴν
801 957 931 991 ἐξώλειαν

1013 449 1057 477 16.
1071 448 1188 477 Vixdum
1204 450 1299 478 datum
1317 449 1464 478 consilium
1475 453 1546 483 erat,
1557 457 1620 478 cum
1633 449 1667 478 ad
1677 458 1775 478 mona-

982 495 1066 523 chum
1094 503 1244 531 properare
1269 503 1360 532 operte
1387 496 1508 532 pretium
1526 496 1620 530 duxit;
1639 497 1776 532 nugisquo

983 541 1125 569 hominem
1145 545 1313 570 exsaturans
1337 541 1438 576 adjecit
1455 541 1582 577 sequenti
1608 546 1688 569 nocte
1703 549 1732 570 se
1750 542 1776 570 ei

981 586 1175 621 imperatorem
1191 587 1375 615 adducturum
1400 587 1508 622 privato
1533 587 1640 620 habitu,
1664 587 1711 622 qui
1739 587 1775 615 de

986 633 1039 661 ﬁde
1058 633 1176 669 aliisque
1191 634 1274 662 rebus
1302 633 1375 662 haud
1396 633 1560 669 spernendis
1572 641 1636 662 eum
1651 634 1689 662 sit
1708 641 1777 661 con-

984 679 1119 708 sulturus.
1138 679 1192 707 Fac
1210 687 1275 716 ergo
1289 679 1327 708 illi
1346 679 1494 715 polliceare
1510 687 1598 708 annos
1608 680 1678 708 duos
1691 688 1775 715 supra

986 726 1161 761 septuaginta
1185 726 1240 761 28
1258 726 1403 761 imperium
1431 731 1585 759 recturum,
1606 734 1777 761 numeraque

986 772 1097 799 tertium
1107 772 1244 800 decimum
1252 771 1584 807 apostolum.Vaticinare
1595 772 1620 801 ei
1628 772 1687 800 fore
1695 777 1726 800 ut
1736 773 1775 799 vi-

981 820 1213 856 deatsuperregni
1224 821 1323 849 solium
1333 821 1403 849 ﬁlios
1410 821 1542 854 ﬁliorum,
1553 821 1577 849 si
1586 821 1668 849 modo
1677 820 1777 848 Leonis

983 866 1098 894 Isaurici
1123 866 1245 894 edictum
1261 867 1341 903 sequi
1363 868 1392 895 in
1412 868 1536 896 animum
1553 867 1692 896 induxerit
1708 875 1714 894 :
1733 868 1776 895 sin

984 912 1052 940 nolit
1077 912 1214 948 polliceri,
1243 914 1292 941 sed
1323 921 1380 942 rem
1404 921 1435 941 se
1457 914 1645 949 praestiturum
1661 914 1776 946 abnuat,

985 959 1123 987 oblestare
1136 964 1254 995 stragem
1273 959 1323 992 illi,
1347 959 1498 992 interitum,
1514 960 1677 995 praecipitia,
1697 960 1777 988 bara-

139 1006 187 1032 καὶ
201 1006 339 1032 ἀπώλειαν
353 1005 400 1032 καὶ
413 1005 553 1041 κρημνοὺς
567 1006 613 1032 καὶ
627 1005 755 1042 βάραθρα
768 1005 932 1041 ἡπειλῆσθαι

988 1005 1046 1032 lbra
1062 1013 1078 1033 a
1105 1005 1160 1033 Deo
1176 1006 1332 1033 imminere.
1348 1005 1411 1033 Haec
1436 1005 1572 1034 scelerato
1586 1006 1680 1034 animo
1697 1014 1776 1034 men-

139 1052 228 1087 τούτῳ
243 1051 359 1086 ὲπόμνυε
374 1051 406 1078 ὲκ
419 1050 497 1078 Θεοῦ.
507 1051 550 1087 [Ρ.
567 1051 611 1086 181
626 1051 708 1078 Ταῦτ’
719 1051 765 1078 οὖν
781 1052 812 1078 ὲκ
829 1060 929 1078 σκαιω-

140 1097 203 1133 ρίας
227 1098 272 1124 καὶ
287 1097 399 1133 γνώμης
416 1098 538 1133 πονηρᾶς
563 1097 737 1129 ἀναδιδὰξας,
752 1097 797 1124 τὴν
820 1097 932 1133 βασιλέα

137 1141 206 1180 ἦγεν
218 1143 290 1170 κατὰ
299 1143 345 1170 τὸν
355 1143 510 1178 δηλωθέντα
524 1143 619 1178 καιρῦν
632 1151 639 1158 ⁸
655 1143 702 1170 καὶ
719 1143 834 1178 ἐπείπερ
842 1143 932 1179 εἰσῄε-

139 1198 190 1217 σαν
204 1189 275 1225 μετὰ
286 1188 333 1216 τοῦ
345 1188 474 1216 Θεοδότου
491 1189 597 1215 καὶτῶν
609 1189 775 1225 ἀπορρήτων
792 1189 934 1225 ἀπήρχον-

141 1242 181 1267 το,
209 1235 251 1261 οὐ
277 1233 336 1268 χρή
361 1241 409 1266 σε,
427 1233 478 1268 ἔφη
500 1234 514 1260 ὁ
530 1233 663 1269 μοναχὺς,
693 1232 751 1267 τὴν
767 1231 935 1267 ἁλουργίδα

140 1279 417 1314 “salutabam,
432 1277 455 1306 ὦ
467 1279 611 1311 βασιλεῦ,
626 1278 743 1306 ίδιώτου
755 1277 860 1313 σχῆμα
880 1278 936 1307 ἀλ-

144 1326 316 1354 λάσσεσθαι
333 1326 383 1352 καὶ
400 1325 522 1360 τρώγειν
550 1324 670 1360 γνώμας
690 1324 767 1352 οὕτω
797 1325 851 1357 τὰς
876 1323 937 1352 τῶν

143 1371 277 1400 πολλῶν.
301 1371 358 1398 Καὶ
381 1371 410 1402 ὃς
441 1371 566 1406 ἐκπαθὴς
584 1370 642 1406 ἅμα
670 1370 718 1398 καὶ
733 1369 883 1406 παραπλὴε
899 1369 936 1405 τῷ

144 1418 248 1454 ῥήματι
258 1418 349 1453 τούτῳ
359 1417 515 1451 γενόμενος.
529 1416 575 1443 καὶ
594 1416 680 1448 ἄλλως
696 1416 798 1451 οἰηθεὶς
813 1416 846 1442 ἐκ
861 1414 937 1447 θείας

143 1462 414 1499 εἷναιπρογνώσεως,
426 1463 464 1494 ὡς
487 1463 552 1489 σκιὰ.
564 1462 603 1498 τῷ
614 1462 753 1498 ἀνδριάντι
766 1462 860 1489 εἵπετο
872 1461 940 1498 ἁλη-

143 1510 208 1544 θῶς,
216 1510 263 1537 καὶ
273 1510 343 1542 ὅλως
351 1509 453 1545 ἤρτητο
466 1509 512 1536 καὶ
525 1508 665 1544 ἐκρέματο
675 1508 705 1541 ἐξ
713 1508 791 1535 ὢτων
806 1508 901 1544 ῶσπερ
911 1516 938 1534 τι

143 1556 284 1593 κιραμοῦν
296 1557 406 1591 ἀγγεῖον
418 1556 474 1587 τοῖς
481 1555 570 1590 λόγοις
578 1554 625 1582 τοῦ
638 1554 766 1590 μοναχοῦ.
780 1554 862 1582 Ἀλλὰ
870 1553 937 1581 ταῦ-

144 1613 177 1631 τα
185 1604 236 1640 μὲν
251 1604 360 1639 εἴρηται
367 1602 414 1630 καὶ
422 1603 477 1635 τοῖς
488 1603 541 1639 ’πρὸ
548 1603 564 1638 ἡ
568 1602 626 1638 μῶν
634 1602 678 1629 διὰ
688 1602 786 1638 μέτρου
794 1602 940 1638 ποιήσεως.

180 1650 223 1682 ιζ’.
239 1649 345 1676 Λύτίκα
368 1647 435 1682 γοῦν
459 1647 510 1683 τὴν
538 1647 592 1674 τῶν
609 1647 716 1674 σεπτῶν
745 1647 859 1675 εἰκόνων
890 1649 940 1675 ἀν-

120 1715 131 1726 ι
148 1695 278 1731 αγορεύει
294 1694 464 1730 καθαίρεσιν,
489 1693 594 1720 καὶτὸν
611 1694 782 1730 πατριάρχην
796 1694 806 1730 (
819 1694 941 1730 Νικηφόο

145 1753 194 1780 ρος
211 1743 240 1770 δὲ
252 1739 329 1775 οὗτος
342 1740 395 1778 ἦν)
412 1743 506 1778 γραφῇ
534 1742 686 1778 αὺτοχείρῳ
708 1741 784 1777 ἠξίου
809 1741 890 1769 τοῦτο
913 1741 936 1757 ³⁹

144 1788 405 1824 συγκατατίθεσθαι,
415 1787 441 1814 εἴ
458 1795 490 1821 γε
505 1785 541 1822 μὴ
552 1786 642 1821 μέλλοι
655 1785 803 1822 ὑπερορίαν
817 1785 938 1821 καταψη-

145 1837 283 1873 φίζεσθαι.
305 1836 334 1863 '0
349 1836 378 1862 δὲ
397 1835 444 1862 καὶ
455 1830 576 1862 ἄλλοθεν⁵
588 1834 798 1870 τεκμηράμενος
814 1833 863 1870 τὴν
889 1833 936 1861 τοῦ

142 1883 277 1919 τυράννου
296 1881 364 1917 πρὸς
378 1881 409 1908 τὺ
423 1880 502 1908 Θεῖον
515 1879 675 1915 ἀπέχθειαν,
700 1880 816 1914 ἄγεσθαι
837 1879 938 1914 μᾶλλον

144 1928 161 1964 ἢ
174 1930 295 1956 συνεῖναι
307 1927 421 1962 τοιούτῳ
436 1926 534 1962 κρίνας
554 1926 677 1962 ἀπήγετο
690 1926 758 1962 πρὸς
781 1925 830 1961 τὴν
851 1934 937 1952 κατα-

145 1975 331 2011 ψηφισθείσαν
344 1975 492 2011 ὁμολογίαν
504 1983 510 1990 ·
525 1974 572 2001 καὶ
589 1974 715 2006 Θεόδοτος
725 1974 739 2000 ό
765 1974 938 2009 liueat-rapti;

146 2021 192 2048 τὸν
207 2022 257 2057 τῆς
271 2022 414 2057 ίεραρχίας
434 2021 528 2057 θρόνον
536 2018 617 2047 ἆθλον
642 2019 779 2056 ὲλάμὸανε
805 2020 876 2047 κατὰ
891 2020 938 2047 τὸν

146 2068 194 2096 τοῦ
211 2067 285 2095 θείου
310 2068 408 2102 Πάσχα
427 2068 534 2102 καιρόν.
552 2066 642 2100 Ἄξιον
652 2066 681 2092 δὲ
699 2066 766 2101 μηδὲ
780 2065 810 2092 τὸ
833 2066 938 2102 τεκμή-

147 2123 205 2151 ριον
220 2114 424 2150 παραδραμεῖν.
444 2113 475 2140 ’0
493 2113 543 2148 μὲν
556 2113 611 2147 γὰρ
628 2111 797 2148 Νικηφόρος,
815 2111 863 2139 ἅτε
887 2111 938 2147 τῆς

147 2160 301 2196 ἱερωσύνης
319 2158 531 2196 προϊστάμενος.
548 2158 640 2194 ἐζήτει
665 2158 713 2194 τὴν
739 2157 783 2185 διὰ
798 2157 845 2184 τοῦ
864 2156 938 2193 ίεροῦ

148 2207 284 2242 συμϐόλου
311 2206 381 2241 πρὸς
409 2205 459 2240 τὴν
481 2205 557 2232 θείαν
576 2205 669 2232 πίστιν
697 2203 939 2239 συγκατάθεσιν-ὸ

147 2253 176 2280 δὲ
191 2253 242 2279 οὐκ
258 2252 311 2287 ἔφη
325 2252 372 2279 νῦν
387 2250 467 2278 τοῦτο
489 2251 624 2286 ποιήσειν,
650 2251 818 2286 ὑπερθέσθαι
832 2250 860 2277 δὲ
889 2250 938 2285 μέ-

149 2308 210 2335 χρις
224 2298 281 2334 am
294 2298 345 2333 τῆς
360 2297 498 2334 βασιλείας
515 2297 590 2333 αὒτῷ
604 2297 714 2329 τελείως
723 2297 874 2334 ἀνάρῤησις
892 2295 940 2330 γέ-

149 2354 240 2382 νηται,
254 2344 388 2381 δηλούσης
411 2345 460 2379 τῆς
475 2343 608 2379 ἀναϐολῆς
622 2343 658 2375 ὡς
669 2343 716 2370 καὶ
732 2343 815 2371 αὑτοῦ
825 2351 858 2378 γε
870 2350 938 2379 προ-

147 2391 328 2428 ενισχημένου
347 2391 379 2426 τῇ
392 2390 442 2425 τῆς
455 2389 589 2425 αίρίσεως
601 2389 685 2425 μανίᾳ
699 2390 731 2417 ἐκ
743 2389 867 2424 γενετῆς.

984 1049 1075 1085 ιίείιιιε
1092 1051 1227 1086 pravitate
1244 1050 1324 1079 docto
1348 1051 1499 1083 monacho,
1513 1058 1568 1086 qua
1587 1051 1655 1078 hora
1676 1058 1777 1078 conve-

986 1100 1092 1126 nerant.
1107 1095 1302 1130 imperatorem
1317 1095 1440 1123 adducit.
1455 1095 1579 1131 Cumque
1592 1097 1708 1132 ingressi
1724 1105 1777 1125 una

986 1149 1048 1169 cum
1060 1141 1202 1170 Theodoto
1213 1150 1313 1170 arcana
1326 1143 1448 1178 aggressi
1458 1147 1551 1171 essent
1565 1152 1572 1171 :
1587 1142 1647 1170 Non
1658 1143 1776 1176 decebat,

986 1188 1077 1223 inquit
1089 1189 1254 1221 monachus,
1270 1189 1404 1216 communi
1417 1193 1442 1215 te
1452 1193 1523 1216 neue
1541 1197 1689 1224 purpuram
1705 1197 1778 1216 εοηιυ

987 1238 1093 1262 mutare
1119 1242 1151 1261 ac
1176 1235 1215 1262 sic
1236 1235 1309 1270 vulgi
1334 1235 1432 1262 animi:
1458 1234 1582 1263 illudne.
1608 1234 1655 1263 Ille
1684 1236 1778 1263 audito

988 1279 1043 1308 hoc
1055 1280 1136 1308 verbo
1150 1280 1329 1309 vehementer
1342 1280 1458 1309 aﬁ‘ectus
1472 1285 1619 1316 menteque
1633 1282 1777 1313 attonitus.

988 1332 1022 1352 ac
1037 1332 1100 1352 cum
1118 1325 1187 1353 alias
1203 1333 1237 1352 ex
1255 1325 1347 1353 divina
1362 1333 1425 1353 eum
1442 1325 1615 1360 prescientia
1630 1325 1706 1360 loqui
1720 1326 1780 1354 exi-

989 1370 1123 1404 stimaret,
1142 1371 1223 1406 plane
1239 1372 1313 1399 velut
1330 1372 1427 1399 umbra
1450 1375 1570 1400 statuam
1585 1372 1721 1407 sequitur,
1737 1377 1779 1401 lo-

990 1421 1090 1452 tuaque
1107 1425 1142 1446 ex
1158 1417 1285 1445 monachi
1301 1418 1403 1451 verbis,
1418 1417 1492 1446 haud
1507 1426 1588 1446 secus
1602 1426 1635 1446 ac
1647 1426 1680 1446 ex
1691 1426 1778 1447 ansu-

990 1462 1025 1491 lis
1039 1463 1180 1491 vasculum
1191 1483 1199 1497 ,
1217 1463 1258 1492 sic
1283 1464 1329 1491 ille
1345 1463 1462 1499 pendet;
1478 1468 1509 1492 ut
1525 1468 1553 1493 et
1575 1469 1639 1493 ante
1654 1471 1705 1493 nos
1716 1465 1778 1500 qui-

990 1507 1054 1535 dam
1071 1507 1197 1537 versibus
1211 1508 1349 1538 luserunt.

1027 1644 1072 1672 l7.
1089 1643 1186 1671 Statim
1207 1651 1274 1679 ergo
1291 1643 1440 1672 abolendas
1454 1644 1625 1674 venerabiles
1644 1645 1780 1682 imagines

954 1707 977 1738 α
992 1690 1083 1718 edicto
1112 1690 1220 1723 sanxit,
1236 1690 1370 1726 iubetque
1389 1689 1544 1726 Nicephoro
1564 1690 1727 1726 patriarcha:
1750 1697 1780 1720 ut

992 1736 1093 1772 scripta
1109 1744 1159 1765 sua
1173 1744 1256 1763 manu
1268 1736 1400 1764 schedula
1417 1736 1543 1764 assentiri
1560 1744 1590 1764 se
1604 1737 1779 1771 proﬁteatur,

990 1782 1091 1811 exsilio
1121 1781 1289 1814 multandus,
1320 1781 1349 1808 ni
1378 1780 1471 1809 faciat.
1501 1779 1526 1808 Is
1555 1785 1666 1815 autem,
1683 1782 1730 1817 qui
1754 1788 1778 1810 et

991 1828 1102 1856 aliunde
1117 1827 1226 1864 tyranni
1241 1827 1268 1854 in
1286 1826 1334 1855 Dei
1349 1827 1454 1855 cultum
1470 1826 1541 1854 male
1555 1827 1680 1856 aﬁ'ectam
1703 1836 1781 1856 men-

991 1878 1045 1902 tem
1063 1874 1230 1909 conjecerat,
1243 1868 1356 1909 rapique
1371 1873 1405 1901 ad
1419 1879 1534 1901 mortetn
1548 1881 1630 1909 qttam
1647 1881 1710 1903 cum
1728 1875 1780 1902 ho-

991 1921 1066 1949 mine
1089 1921 1159 1960 ejus_
1176 1921 1276 1948 indolis
1292 1920 1398 1948 versari
1425 1920 1513 1948 satius
1530 1920 1659 1954 ducebat,
1681 1926 1780 1956 sponte

991 1968 1027 1995 ad
1044 1968 1225 1995 constitutum
1238 1965 1391 1994 confessori
1407 1966 1536 1994 exsilium
1555 1967 1652 1994 adduci
1667 1975 1697 1995 se
1710 1968 1781 2003 pali-

992 2019 1047 2041 tur.
1075 2013 1232 2040 Theodotus
1268 2012 1377 2040 interim
1410 2011 1565 2039 Cassiteras
1586 2012 1661 2039 circa
1693 2013 1779 2040 divini

993 2059 1104 2087 Paschte
1136 2058 1258 2086 solemne
1292 2061 1400 2092 tempus
1419 2076 1428 2090 ,
1452 2061 1558 2084 navatae
1594 2064 1684 2092 operte
1711 2064 1781 2092 pra:—

993 2106 1090 2140 mium,
1106 2104 1162 2140 29
1173 2103 1358 2138 episcopalem
1375 2102 1468 2130 sedem
1492 2102 1669 2129 nanciscitur.
1687 2101 1782 2136 Operae

991 2152 1111 2189 pretium
1130 2158 1195 2179 vero
1215 2150 1252 2178 sit
1267 2153 1298 2177 ut
1312 2156 1363 2177 nec
1378 2148 1451 2184 quod
1466 2148 1615 2176 antecessit
1629 2148 1690 2183 cjus
1705 2155 1782 2175 men.

992 2200 1028 2228 lis
1056 2202 1301 2234 prattercut'ramus
1340 2194 1485 2223 indicium.
1517 2193 1631 2222 Divinus
1661 2202 1782 2230 namque

992 2233 1175 2280 Nicepllorus,
1187 2243 1289 2278 quippe
1311 2241 1358 2276 qui
1383 2240 1537 2269 sacerdotio
1551 2233 1725 2275 praesidebat,
1741 2241 1783 2270 di-

992 2291 1063 2320 vinm
1078 2299 1143 2329 opm
1156 2289 1218 2317 ﬁdei
1237 2295 1383 2316 assensum
1406 2287 1527 2323 praebere
1544 2287 1659 2325 symboli
1675 2287 1782 2322 proles.

993 2338 1073 2366 sione
1085 2336 1199 2365 omnino
1216 2333 1367 2368 ﬂagitabat.
1389 2333 1429 2360 Ad
1447 2340 1528 2368 quem
1546 2332 1592 2360 ille
1602 2340 1658 2361 non
1672 2340 1702 2360 se
1716 2338 1782 2361 tunc

955 2385 1142 2416 Diacturum,
1169 2386 1250 2416 atque
1274 2380 1384 2408 interim
1408 2379 1569 2411 dilaturum,
1587 2379 1651 2407 dum
1668 2379 1728 2414 ejus
1754 2380 1780 2407 in

149 2424 343 2472 imperatorem
366 2424 528 2463 acclamatio
560 2424 679 2470 perfecte
700 2440 758 2462 rata
785 2435 919 2470 ﬁrmaque
935 2438 1017 2467 esset,
1035 2433 1076 2460 sic
1104 2429 1235 2458 nimirum
1260 2426 1414 2455 cunctando
1434 2433 1466 2454 ea
1496 2432 1524 2454 se
1552 2425 1689 2455 haereseOs
1721 2424 1783 2453 labe

149 2485 212 2512 olim
230 2492 321 2519 exque
336 2484 427 2512 indole
445 2484 571 2511 laborare
590 2485 750 2512 ostendens.

166 2524 230 2566 λη’.
246 2531 360 2566 Ἕτερον
390 2530 419 2557 δὲ
449 2530 497 2557 τοῦ
522 2530 664 2565 λεχθέντος
691 2523 859 2565 σαρέστερον
873 2538 880 2545 ·
902 2530 940 2562 ὡς

149 2577 204 2613 γὰρ
222 2578 285 2612 ἄρτι
306 2577 337 2604 se
353 2577 462 2612 πρῶτον
476 2576 697 2611 ἀνηγορευμένος
712 2576 798 2603 ἐδεῖτο
813 2577 862 2603 τοό
883 2576 941 2603 δια-

149 2622 279 2657 δήματος,
296 2623 344 2649 καὶ
361 2622 439 2648 τοῦτο
453 2621 506 2648 ἔδει
520 2622 566 2648 τὶν
583 2621 715 2656 ἀρχιερέα
739 2622 771 2656 τῇ
798 2620 940 2648 καταπτύ-

150 2676 207 2703 στῳ
219 2667 354 2695 ἐπιθεῖναι
378 2666 497 2702 κεφαλῇ,
529 2666 717 2702 προσήγγισεν
741 2665 770 2691 δὲ
789 2664 876 2701 ταύτῃ
893 2665 941 2692 καὶ

149 2712 384 2748 ωτεπαφώμενος
403 2712 434 2740 οὐ
458 2712 570 2748 τριχῶν,
588 2712 658 2748 ὅπερ
683 2711 781 2744 ἐδόκει,
797 2710 938 2746 μαλακῶν,

149 2760 276 2788 ἀκανθῶν
288 2760 316 2788 δὲ
331 2761 379 2787 καὶ
394 2759 538 2795 τριϐόλων,
556 2759 625 2794 ὅπερ
637 2759 671 2794 τῇ
687 2757 803 2794 ἀληθείᾳ.
821 2759 895 2792 ἐνῆν,
910 2758 939 2786 ὲν

149 2806 275 2841 αίσθήσει
293 2805 412 2839 ἐγένετο,
427 2804 518 2832 ἁκίσιν
533 2802 589 2831 οἷον
612 2803 863 2838 κατακεντούμενος
893 2803 941 2829 καὶ

154 2854 198 2889 τὴν
214 2854 295 2889 χεῖρα
308 2852 416 2884 ὀδύναις
432 2851 671 2887 πιριπιιρόμενος.
689 2850 771 2878 Ἀλλὰ
784 2849 870 2877 ταῦτα
891 2849 941 2884 μὲν

1027 2525 1072 2551 l8.
1089 2521 1137 2548 Est
1149 2524 1176 2548 et
1191 2518 1277 2550 aliud.
1292 2524 1325 2545 eo
1336 2515 1408 2552 quod
1423 2514 1560 2546 dlcebam,
1572 2520 1708 2548 perversa:
1722 2513 1782 2548 ejus

989 2573 1062 2600 circa
1092 2568 1172 2596 ﬁdem
1200 2564 1300 2593 mentis
1324 2561 1427 2590 clarius
1453 2559 1596 2588 iudicium.
1619 2558 1688 2586 Cum
1708 2560 1782 2588 enim

989 2624 1047 2648 tum
1061 2616 1181 2652 primum
1195 2613 1344 2647 imperator
1367 2608 1535 2636 acclamatus
1550 2604 1667 2634 necdum
1689 2605 1784 2652 diade-

989 2651 1182 2697 matepotitus
1198 2662 1282 2690 esset,
1301 2660 1384 2692 atque
1407 2654 1498 2690 ipsum
1523 2652 1622 2680 devoto
1642 2651 1722 2686 capiti
1740 2659 1785 2679 sa.

991 2707 1163 2738 cratissimus
1187 2704 1303 2733 antistes
1331 2700 1513 2736 impositurus
1530 2703 1616 2734 esset,
1632 2698 1678 2725 ubi
1705 2705 1734 2725 se
1748 2697 1783 2727 ad

992 2765 1051 2785 rem
1068 2753 1189 2784 accinxit
1202 2749 1381 2786 contigitque,
1399 2756 1456 2776 non
1483 2747 1556 2774 velut
1583 2745 1677 2773 molles
1691 2743 1784 2776 crines

993 2807 1106 2836 tangere
1127 2799 1282 2830 videbatur,
1300 2793 1348 2824 sed
1369 2793 1443 2830 quod
1468 2800 1532 2820 vere
1555 2795 1625 2825 erat,
1641 2791 1737 2827 spinas
1754 2798 1785 2821 se

995 2857 1029 2876 ac
1043 2846 1159 2876 tribulos
1180 2844 1295 2877 sentire,
1319 2840 1483 2878 quibusdam
1496 2839 1575 2876 quasi
1593 2838 1698 2866 aculeis
1709 2845 1785 2867 eom-

814 2897 929 2927 ΥᾹΒΙΛΞ
953 2895 1153 2926 LECTIONES.

186 2948 208 2964 "
223 2946 332 2982 τούτῳῗ

315 2997 452 3026 Ρλτκοι..
477 2994 536 3022 CIR.
562 2992 640 3022 CIX.

1584 2980 1604 3013 2
