2011 3156
215 215 250 245 43
274 223 285 234 ο
766 211 1022 244 THEOPHANES
1041 212 1322 245 CONTINUATUS-
1815 208 1851 247 tt

214 277 332 308 punctus
348 277 379 297 ac
394 269 537 297 doloribus
553 275 664 296 manum
698 268 834 301 confixus,
863 269 990 296 existima

1057 269 1190 306 πρότερον
1205 278 1211 285 ·
1227 270 1288 297 τότε
1314 269 1404 305 γοῦνὸ
1432 271 1604 307 πατριάρχης
1622 271 1777 308 ὑπερόριος,
1798 274 1849 304 τὴν

214 320 269 346 hat.
283 317 384 345 Verum
400 316 457 343 haec
472 315 583 350 quidem
603 319 694 342 antea.
711 315 789 341 Tunc
801 322 867 342 vero
884 316 1004 350 patriar-

213 365 274 397 cha,
289 363 349 398 ejus
362 370 450 398 preme
462 366 573 397 acrcpl‘a
592 361 739 394 sententia,
753 362 780 388 in
798 362 926 389 exsilium
942 369 1004 396 pru-

214 410 398 441 ﬁeiseebatur.
425 409 536 444 quando
560 408 643 436 etiam
673 407 783 441 ferunt,
810 415 874 435 cum
899 408 1007 443 navigio

215 457 307 494 procul
321 456 515 489 abduceretur,
534 462 550 482 e
564 454 705 482 maritimo
721 454 842 489 quodam
864 453 924 482 loco
936 454 1006 481 emi-

214 512 266 532 nus
283 504 393 531 beatum
412 501 611 537 Theophanem
625 502 738 533 vidisse,
752 500 842 529 suflitu
861 501 1007 536 cereisque

214 558 244 579 se
256 554 468 586 prosequentem
488 555 519 575 ac
532 548 611 575 velut
632 547 765 582 triumphi
782 546 901 582 quadam
916 547 1007 581 specie

215 596 346 631 praeclara
377 594 428 621 illa
442 592 620 621 coniessiono
635 593 827 620 deducentem.
849 592 934 628 Cujus
945 592 1006 626 ille,

215 647 245 670 ut
267 647 317 677 par
334 644 386 674 est,
402 639 522 667 officium
540 639 701 674 cultumque
722 639 817 666 libenti
834 639 928 666 animo
942 646 1006 666 sus-

213 689 330 724 cipiens,
345 692 426 723 atque
451 687 579 722 precibus
595 685 650 714 Deo
663 686 860 714 commendans
870 706 877 718 ,
892 685 1008 714 sublatis

215 736 242 762 iu
261 735 345 762 altum
365 733 492 760 manibus
511 732 586 760 velut
606 732 828 766 amplexabantur,
845 738 1007 767 supremum

215 780 310 816 procul
324 780 449 807 osculum
467 779 563 814 ﬁgens.
581 778 756 806 Percontauti
768 785 834 806 vero
847 778 959 813 quidam
974 785 1008 805 ex

214 828 248 856 iis
261 825 310 863 qui
321 834 414 855 secum
433 825 647 857 comitabantur,
664 821 775 853 cuinam
801 825 843 852 sic
867 833 901 852 ex
916 824 1009 852 animo

214 873 408 908 desiderioque
435 878 594 906 supremum
622 871 749 899 osculum
777 870 865 903 daret,
889 870 1008 906 prophe-

206 920 270 947 ‘tica
282 920 335 955 3o
347 919 438 954 lingua
454 917 641 953 respondisse,
664 916 826 952 Theophani
842 910 1006 948 confessori,

215 965 376 995 monasterii
392 965 456 1001 Agri
474 965 635 1000 praeposito;
652 964 725 1000 quod
739 968 768 991 et
789 963 827 991 ita
845 964 919 991 brevi
935 963 1007 991 acci-

205 1013 266 1046 rdit,
286 1019 351 1041 cum
365 1019 429 1040 eum
447 1011 578 1046 deinceps
596 1017 740 1045 nunquam
756 1009 915 1045 patriarcha
933 1009 1008 1037 vide-

215 1061 262 1094 rit,
280 1060 359 1095 isque
372 1064 505 1086 coronam
521 1056 708 1085 confessionis
723 1055 838 1091 adeptus
855 1055 902 1083 sit.
918 1055 1007 1090 Atque

207 1107 350 1134 mactenus
366 1111 398 1132 ea
413 1111 474 1139 quae
492 1107 557 1131 sunt
573 1102 658 1130 divini
683 1102 828 1130 antistitis.

252 1151 297 1179 19.
319 1151 373 1178 Leo
390 1154 481 1177 autem
507 1149 559 1176 hoc
574 1149 648 1176 velut
660 1147 753 1176 fausto
772 1149 854 1184 regiae
873 1148 1009 1184 guberna-

211 1198 299 1227 tionis
308 1196 443 1233 principio
458 1195 560 1231 posito,
577 1195 650 1230 quod
669 1195 799 1223 Ecclesiae
820 1203 865 1223 res
886 1203 920 1223 eo
935 1199 1008 1223 statu

215 1247 420 1280 composuerat,
450 1250 482 1270 ae
509 1243 531 1270 si
557 1242 619 1277 quis
640 1242 712 1269 alius
738 1242 899 1270 ambitionis
919 1242 1008 1269 studio

208 1289 357 1321 laborans,
389 1287 427 1315 rei
452 1287 568 1322 publicae
587 1294 683 1314 curam
714 1288 888 1322 aggreditur,
907 1287 1009 1322 ubique

215 1342 360 1370 vesparum
377 1341 454 1361 more
469 1341 565 1361 secum
589 1333 680 1360 ferens
703 1333 859 1364 stimulum,
876 1338 933 1360 tum
948 1333 1009 1368 ipse

217 1381 350 1409 militares
367 1388 499 1408 exercens
521 1387 662 1410 numeros.
690 1384 747 1406 tum
764 1380 858 1407 multis
876 1379 943 1408 locis
961 1386 1010 1414 per

215 1427 363 1456 Thraciam
387 1434 419 1454 ac
435 1426 625 1454 Macedoniam
648 1426 722 1454 curis
740 1426 797 1453 suis
817 1431 901 1461 atque
916 1426 1009 1452 labore

217 1474 299 1501 urbes
325 1480 341 1500 a
368 1472 554 1500 fundamentis
571 1473 706 1504 excitans,
726 1478 808 1506 atque
824 1479 934 1499 omnem
960 1471 1009 1498 Ro-

207 1527 331 1547 .mauum
350 1519 443 1546 orbem
459 1523 627 1552 cunctasque
651 1518 808 1553 provincias
829 1518 961 1550 lustrans,
981 1523 1011 1544 ut

216 1571 245 1593 et
265 1565 333 1601 ipsis
346 1565 472 1592 hostibus
496 1564 595 1591 tcrmri
614 1570 687 1591 esset
707 1572 740 1591 ac
754 1563 906 1592 formidini.
928 1563 1008 1591 llinc-

1057 316 1360 351 καταχειροτονήσασαν
1381 315 1472 351 ψῆφον
1497 316 1661 352 δεξάμενος,
1689 317 1847 353 ἐπορεύετο,

1056 361 1100 388 ὅτε
1113 361 1144 397 δὴ
1163 363 1209 389 καὶ
1228 362 1335 397 λέγεται
1352 364 1394 398 ἐφ’
1409 364 1521 397 ὁλκάδος
1543 363 1618 399 αὐτῷ
1631 365 1775 400 φερομένῳ
1796 374 1850 400 μα-

1057 409 1127 444 κρὶιν
1152 409 1223 436 κατά
1247 417 1309 437 τινα
1336 410 1419 437 τόπον
1450 411 1669 446 παραθαλάττιον
1706 411 1848 447 πόρρωθεν

1059 456 1124 482 ίδεῖν
1142 455 1282 492 Θεοφάνην
1298 456 1344 484 τὸν
1364 457 1521 492 μακαρίτην
1538 477 1545 490 ,
1564 457 1722 492 θυμιάμασι
1746 466 1776 484 τε
1800 458 1849 485 καὶ

1057 501 1182 537 λαμπάσι
1199 502 1383 538 δεξιούμενον,
1400 500 1456 530 οἶόν
1476 512 1537 530 τινα
1561 503 1731 539 προπομπὴν
1749 505 1783 539 τῇ
1798 513 1849 531 κα-

1058 548 1090 584 λῇ
1120 548 1212 584 ἐκείνῃ
1242 548 1373 584 ὁμολογία
1401 548 1608 584 προπέμποντα.
1625 549 1686 583 Ὃν,
1705 549 1744 580 ὡς
1763 549 1848 582 εἰκὸς,

1057 596 1194 632 ἀποδοχῆς
1209 596 1328 629 ἀξιώσας
1348 597 1393 624 καὶ
1412 596 1471 632 Θεῷ
1487 596 1625 632 παραδοὺς
1638 596 1672 623 δι’
1685 596 1780 631 εὐχῆς,
1797 595 1849 627 τὰς

1057 643 1153 679 χεῖρας
1178 640 1234 669 οἷον
1259 643 1327 678 ἄρας
1355 642 1509 678 μεταρσίοις
1538 641 1718 678 περιεϐάλετο
1741 641 1848 675 τοῦτον,

1059 690 1102 726 IP.
1119 689 1163 724 i9]
1171 689 1314 725 πόρρωθεν
1327 689 1373 716 τὸν
1384 689 1540 716 τελευταῖον
1557 688 1675 720 ἀποδοὺς
1688 687 1848 723 ἀσπασμόν.

1064 736 1212 771 Ἐρομένου
1238 735 1268 762 δέ
1284 744 1356 768 τινος
1367 735 1422 763 τῶν
1439 734 1641 770 συνεπομένων,
1659 734 1698 765 ὡς
1708 733 1741 769 δὴ
1759 742 1769 759 ι
1786 734 1838 760 Τίν

1058 781 1153 809 τοῦτον
1174 782 1308 814 ἀποδίδως
1326 782 1430 814 εὐκτῶς
1449 790 1479 808 τε
1496 781 1545 809 καὶ
1560 780 1682 815 ὲφετῶςς
1697 796 1725 800 -
1737 779 1783 814 Τῷ
1797 779 1850 815 ὀμ-

1055 829 1195 866 ελογητῇι
1214 829 1297 864 φάναι
1330 828 1509 864 «Θεοφάνειο
1540 827 1687 863 προφήτιδι
1721 825 1848 862 γλώττῃ,

1062 885 1071 902 ι
1089 877 1156 912 μονῇ
1173 875 1325 911 προεστῶτι
1337 874 1384 901 τοῦ
1403 871 1517 910 Ἂγροῦ.
1535 883 1544 900 ι
1561 873 1595 902 ‘0
1611 873 1658 900 καὶ
1675 871 1776 908 συνέϐη
1790 871 1849 907 μετ’

1059 922 1090 948 οὺ
1105 922 1173 949 πολύ
1186 930 1193 939 ·
1210 922 1291 954 αὐτός
1319 930 1350 948 τε
1362 921 1417 956 γὰρ
1443 920 1539 947 τοῦτον
1567 919 1689 956 ἑώρακεν
1712 918 1846 953 οὐδαμῶς,

1042 965 1184 1001 ζκὰκεῖνος
1195 969 1242 996 τὸν
1256 969 1305 1002 τῆς
1316 967 1462 1004 ὁμολογίας
1474 967 1605 1002 στέφανον
1617 966 1779 1002 ἀνεδήσατο.
1795 965 1849 992 Καὶ

1058 1015 1093 1043 τὰ
1121 1015 1170 1051 μὲν
1185 1015 1232 1042 τοῦ
1259 1014 1412 1050 ἀρχιερέως
1430 1013 1528 1046 οὕτως.

1096 1152 1138 1179 ιϐ’.
1157 1151 1244 1183 λὺτδς
1259 1151 1287 1178 δὲ
1301 1148 1357 1178 οἷόν
1368 1159 1428 1178 τινα
1442 1151 1491 1185 τῆς
1506 1150 1591 1177 αὑτοῦ
1603 1149 1744 1185 βασιλείας
1763 1150 1851 1186 ἀρχὴν

1060 1200 1165 1232 ἐπιθεὶς
1175 1199 1198 1216 ⁸⁵
1211 1199 1302 1232 δεξιὰν
1314 1199 1344 1226 τὸ
1358 1199 1393 1225 τὰ
1409 1199 1458 1233 τῆς
1475 1196 1637 1232 Ἐκκλησίας
1658 1196 1757 1224 οὑτωσὶ
1784 1197 1849 1223 διοι-

1060 1247 1220 1282 κονομῆσαι,
1239 1246 1286 1273 καὶ
1301 1245 1349 1281 τὴν
1365 1244 1521 1280 φιλοτιμίαν
1536 1243 1615 1279 εἴπερ
1632 1253 1673 1275 τις
1688 1243 1781 1274 νοσῶν,
1793 1243 1849 1269 τῶν

1060 1292 1157 1319 κοινῶν
1190 1292 1363 1328 πραγμάτων
1396 1289 1634 1325 ἀντελαμϐάνετο,
1655 1288 1790 1323 πανταχοῦ
1817 1288 1848 1314 τὴ

1060 1339 1173 1374 κέντρον
1190 1338 1260 1365 κατὰ
1285 1338 1349 1369 τοὺς
1370 1337 1478 1372 σφῆκας
1492 1336 1584 1371 φέρων
1603 1335 1662 1371 μεθ’
1679 1334 1787 1366 ἑαυτοῦ,
1800 1335 1847 1360 τον

1061 1385 1232 1420 στρατιώτην
1257 1393 1286 1411 τε
1301 1383 1379 1418 ὄχλον
1403 1382 1551 1417 γυμνάζων
1568 1382 1661 1414 αὐτὸς,
1686 1381 1731 1408 καὶ
1757 1381 1848 1412 πόλεις

1061 1431 1196 1467 πολλαχοῦ
1215 1430 1270 1457 τῶν
1285 1430 1357 1457 κατὰ
1373 1430 1484 1465 Θρᾴκην
1496 1429 1542 1455 καὶ
1553 1427 1721 1455 Μακεδονίαν
1736 1426 1769 1453 δι’
1787 1427 1850 1453 ἑαυ-

1060 1478 1108 1505 τοῦ
1138 1478 1170 1504 ὲκ
1190 1477 1298 1512 βάθρων
1326 1476 1486 1510 ἀνεγείρων,
1518 1475 1565 1501 καὶ
1600 1473 1849 1509 περιπορευόμενος

1062 1523 1211 1558 πανταχοῦ,
1232 1523 1269 1555 ὡς
1281 1522 1396 1557 φοϐερὺς
1411 1519 1481 1547 εἶναι
1500 1521 1547 1547 καὶ
1559 1519 1784 1554 καταπληκτικδς
1800 1519 1850 1545 καὶ

1061 1571 1153 1602 αὐτοῖς
1165 1571 1220 1601 τοῖς
1232 1569 1351 1604 ἐχθροῖς.
1370 1568 1458 1604 ’Υπὲρ
1470 1564 1507 1594 ὧν
1530 1566 1577 1593 καὶ
1598 1567 1643 1593 τδν
1668 1565 1745 1600 ἅγιον
1760 1565 1849 1600 Νικη-

207 1619 272 1648 que
292 1611 372 1643 adeo,
399 1619 460 1638 cum
487 1618 502 1638 e
527 1611 596 1638 vivis
619 1611 794 1644 excessisset,
823 1611 926 1638 dixisse
957 1611 1006 1638 ali-

1061 1617 1142 1653 φόρον
1159 1615 1242 1651 φασὶν
1259 1616 1345 1642 εἰπεῖν
1357 1624 1423 1641 ποτε
1442 1614 1511 1649 μετὰ
1526 1613 1574 1649 τὴν
1599 1613 1682 1640 αὐτοῦ
1699 1612 1850 1640 ἀποὸίωσιν

217 1659 330 1695 quando
350 1657 427 1685 aiunt
441 1662 566 1685 sanctum
590 1656 790 1692 Nicephorum,
808 1658 858 1685 etsi
881 1657 1005 1692 impium,

217 1709 360 1733 strenuum
382 1708 473 1731 tamen
488 1704 528 1730 rei
553 1703 667 1738 publium
684 1704 758 1731 curis
782 1703 920 1731 civitatem
939 1703 1008 1730 alni-

217 1751 288 1779 sisse
302 1750 403 1777 virum.
431 1749 636 1786 Magistratibus
658 1757 768 1785 quoque
785 1757 816 1776 ac
831 1749 1005 1784 praetoribus,

217 1803 272 1825 non
290 1796 419 1824 civilibus
436 1797 529 1830 modo,
556 1797 604 1823 sed
622 1801 648 1823 et
667 1795 844 1827 militaribus,
859 1795 936 1822 valde
953 1794 1007 1822 for-

217 1843 368 1870 midolosus
382 1847 458 1876 erat;
485 1850 602 1877 cumque
622 1843 687 1877 ipse
712 1841 892 1877 pecuniarum
913 1847 1007 1868 amore

213 1889 344 1925 superior
360 1893 444 1921 esset,
459 1887 619 1923 praeferebat
630 1896 677 1917 eos
692 1889 798 1916 cunctis
811 1888 857 1924 qui
883 1887 1005 1915 omnium

208 1935 337 1963 maxime
362 1942 378 1962 ιι
408 1935 572 1962 muneribus
605 1942 665 1962 sese
694 1934 888 1966 continebant,
907 1941 1005 1961 unuui~

216 1988 356 2018 quemque
369 1988 420 2016 pro
434 1987 468 2008 eo
496 1988 528 2008 ac
547 1981 669 2015 optimus
689 1984 759 2013 erat,
784 1987 838 2007 non
854 1983 884 2006 ut
907 1978 1006 2013 opibus

209 2027 355 2060 alliuebat,
371 2027 520 2054 honoraus.
547 2026 629 2060 [Equi
657 2018 690 2054 ac
715 2026 784 2061 justi
810 2025 1005 2053 tenacissimus

209 2073 302 2101 ‘videi-i
318 2073 419 2106 voluit;
435 2081 485 2100 nec
500 2077 589 2100 tamen
603 2077 671 2100 erat.
685 2071 822 2100 Caeterum
838 2072 891 2107 juri
911 2071 1006 2098 dicun-

207 2120 252 2148 ‘do
269 2119 352 2146 dabat
367 2126 490 2153 operam,
505 2118 659 2153 sedensque
676 2119 732 2152 ipse
753 2119 778 2144 in
804 2118 934 2144 Lausiaeo
950 2117 1004 2151 ple-

216 2171 315 2199 rasque
327 2164 389 2191 lites
399 2164 520 2191 finiebat.
535 2165 607 2191 Sane
618 2171 680 2191 cum
695 2164 756 2198 quis
772 2164 919 2198 aliquando
933 2163 1003 2198 apud

206 2218 279 2237 cum
292 2209 344 2245 31
360 2210 562 2244 expostulasset
580 2214 686 2245 raptam
701 2209 753 2237 sibi
777 2217 902 2243 uxorem,
921 2217 1003 2244 quam

215 2257 343 2284 nimirum
361 2256 510 2284 illustrium
524 2256 635 2291 quidam
655 2255 776 2284 virorum
793 2256 939 2291 rapuisset,
954 2263 1003 2282 nce

209 2302 360 2339 'prtefectus
373 2303 473 2337 saepius
489 2302 675 2338 interpellatus
693 2303 752 2338 ejus
769 2303 852 2330 ullam
867 2302 1000 2330 rationem
1018 2301 1041 2329 ι)

214 2350 367 2382 habuisset,
389 2348 465 2376 illum
492 2349 600 2384 quidem
626 2349 717 2376 statim
745 2349 804 2378 si-sli
824 2349 932 2384 jussum
957 2356 1004 2376 ne-

214 2396 364 2432 glectasque
382 2402 459 2422 reum
485 2395 609 2430 justitiaa,
624 2395 736 2422 testium
752 2395 924 2430 depositione
942 2402 1003 2430 pcr-

213 2447 321 2474 aclum,
342 2449 430 2477 ptenze
455 2440 580 2473 addixit,
604 2448 715 2469 cessare
740 2442 817 2468 illum
842 2441 944 2477 jubcns
961 2449 1004 2469 se-

212 2489 360 2523 veriusque
383 2487 557 2523 corripiens,
584 2487 739 2516 adulterum
765 2495 829 2515 vero
851 2488 902 2524 legi
933 2487 1003 2515 tradi

213 2535 350 2570 praecepit.

246 2580 292 2607 ‘20.
318 2581 418 2608 Verum
445 2581 487 2609 his
517 2581 562 2608 ille
589 2582 626 2609 rei
653 2582 769 2619 publicae
799 2582 999 2614 blandiebatur,

211 2627 325 2662 ejusque
340 2627 392 2654 sibi
405 2627 633 2660 benevolentiam.
654 2634 682 2656 ut
699 2629 736 2656 ita
747 2629 848 2661 dicam,
864 2636 1001 2664 caupona-

211 2672 302 2700 batur.
318 2671 358 2699 Ad
373 2665 454 2700 fidem
483 2678 573 2701 autem
603 2674 676 2709 quod
702 2680 807 2709 spectat
822 2681 854 2702 ac
872 2675 999 2710 pietatem

210 2719 290 2747 valde
317 2719 483 2753 iusaniebat,
507 2725 536 2747 ut
554 2729 605 2749 nec
617 2721 702 2748 Deum
728 2722 872 2749 nominare
887 2729 902 2750 c
917 2729 946 2750 re
963 2722 999 2749 illi

210 2764 414 2800 honestumque
425 2766 575 2794 videretur.
592 2766 659 2795 Nam
677 2776 738 2796 cum
757 2768 923 2797 tricennales
935 2777 997 2797 cum

211 2809 328 2844 llunuis,
348 2819 418 2847 quos
434 2811 566 2849 Bulgaros
583 2820 692 2847 vocant,
710 2815 837 2842 ineunda:
852 2816 890 2843 illi
904 2821 998 2843 essent

206 2856 326 2884 induciae
353 2858 483 2893 pacisque
509 2858 613 2887 foedera
637 2859 819 2896 jurejurando
850 2860 995 2896 firmanda,

1057 1663 1093 1695 ὡς
1111 1664 1136 1690 εἰ
1149 1662 1197 1690 καὶ
1223 1662 1372 1697 ἀλάστορα,
1389 1660 1446 1687 ἀλλ’
1458 1658 1503 1687 οὖν
1528 1658 1700 1695 ἐπιμελητὴν
1713 1658 1769 1685 τῶν
1790 1666 1849 1684 κοι-

1058 1709 1110 1736 νῶν
1125 1710 1142 1744 ὴ
1154 1708 1229 1739 πόλις
1244 1707 1327 1743 ἄνδρα
1339 1706 1490 1734 ἀπώλεσεν.
1504 1706 1557 1732 Καὶ
1574 1706 1638 1742 περὶ
1654 1705 1705 1737 τὰς
1719 1703 1805 1740 ἀρχὰς
1820 1703 1849 1731 δὲ

1058 1757 1104 1782 καὶ
1125 1755 1284 1791 ἡγεμονίας,
1298 1755 1328 1781 οὐ
1343 1754 1393 1785 τὰς
1409 1753 1550 1784 πολιτικας
1565 1752 1598 1787 δὴ
1614 1752 1704 1787 μόνον,
1721 1751 1789 1778 ἀλλὰ
1800 1749 1849 1777 καὶ

1058 1803 1106 1834 τὰς
1137 1801 1333 1837 στρατηγικὰς,
1356 1800 1498 1836 διεπτόητο
1525 1798 1642 1834 ἰσχυρῶς
1661 1805 1668 1812 ·
1698 1797 1849 1833 χρημάτων

1059 1849 1191 1885 κρείττων
1224 1848 1247 1864 δ’
1270 1848 1351 1880 αὐτὸς
1389 1846 1427 1874 ὣν
1458 1847 1521 1878 τοὺς
1558 1844 1743 1880 ἁδωροτάτους
1779 1844 1848 1870 πάνυ

1057 1904 1112 1922 των
1138 1895 1308 1930 προέκρινεν.
1337 1892 1492 1928 ἀριστίνδην
1523 1891 1627 1921 πάντας
1643 1909 1650 1921 ,
1665 1888 1722 1915 ἀλλ’
1738 1888 1769 1914 οὐ
1795 1896 1847 1914 κα-

1057 1942 1092 1968 τὰ
1119 1940 1235 1968 πλοῦτον
1263 1939 1360 1975 τιμῶν.
1387 1939 1442 1965 Καὶ
1466 1935 1639 1970 δικαιοσύνης
1656 1935 1705 1970 μὲν
1725 1932 1846 1968 ἐραστὴς

1057 1986 1183 2022 λέγεσθαι
1195 1985 1330 2018 ἐϐούλετο,
1342 1985 1392 2011 οὐκ
1405 1984 1512 2018 ἐγίνετο
1526 1983 1555 2010 δέ
1567 1989 1573 1998 ’
1592 1981 1662 2017 πλὴν
1678 1979 1847 2006 ἀντεποιεῖτο

1056 2034 1167 2068 ταύτης,
1186 2033 1233 2069 καί
1256 2031 1357 2063 πολλὰς
1372 2031 1427 2056 τῶν
1445 2029 1564 2065 κρίσεων
1580 2028 1614 2054 δι’
1637 2026 1735 2054 ἑαυτοῦ
1751 2025 1846 2058 εξεπέ-

1057 2088 1131 2114 ραννε
1161 2078 1231 2105 κατὰ
1252 2078 1281 2103 τὸ
1296 2075 1454 2104 Λαυσιακὸν
1480 2074 1680 2109 ἐγκαθήμενος.
1698 2072 1752 2098 Καί
1781 2079 1847 2097 ποτε

1055 2125 1087 2160 δή
1098 2133 1170 2155 τινος
1182 2123 1312 2158 έτκλησιν
1330 2121 1399 2157 προς
1416 2120 1497 2147 αὑτὸν
1518 2117 1702 2154 ποιησαμένου
1721 2117 1785 2153 περὶ
1798 2124 1847 2150 γυ-

1056 2170 1148 2202 ναικὸς
1163 2169 1301 2205 ἁρπαγῆς.
1321 2168 1360 2200 ὡς
1384 2166 1435 2202 τὴν
1451 2165 1549 2194 ἑαυτοῦ
1565 2174 1607 2198 τις
1627 2165 1681 2192 τῶν
1705 2164 1846 2199 ἐπιφανῶν

1055 2217 1208 2252 ἁνηρπάκει
1223 2215 1339 2250 ἀνδρῶν,
1356 2215 1403 2242 καὶ
1419 2214 1460 2240 ὅτι
1478 2212 1546 2240 Οὐδὲ
1555 2212 1642 2247 λόγων
1658 2211 1788 2247 ἠξίωμαι,
1806 2209 1846 2244 τῷ

1056 2267 1172 2302 ὑπάρχῳ
1185 2265 1315 2297 πολλάκις
1343 2264 1499 2300 διενοχλῶν,
1524 2262 1629 2290 ἐκεῖνον
1651 2261 1711 2296 μὲν,
1728 2260 1846 2294 ἐπείπερ

1056 2313 1179 2348 αὺθωρδν
1206 2311 1383 2348 παραστάντα
1405 2309 1492 2341 οὕτως
1511 2309 1583 2344 ἔχειν
1605 2306 1844 2342 ὲπεμαρτύρησεν,

1054 2359 1095 2389 εἰς
1118 2357 1232 2389 εὐθύνας
1251 2355 1303 2392 ἦγε
1317 2357 1366 2392 τῆς
1380 2355 1468 2392 ἀρχῆς
1484 2354 1658 2390 μεταστήσας
1674 2353 1719 2379 καὶ
1731 2351 1845 2386 πικρίαν

1054 2405 1156 2440 πολλὴν
1169 2404 1306 2440 καταχέας
1323 2402 1415 2435 αὺτοῦ,
1433 2401 1478 2428 τὸν
1492 2401 1519 2428 δὲ
1536 2399 1628 2436 μοιχὸν
1645 2399 1719 2435 νόμῳ
1733 2396 1845 2432 ἐκδοθῆ-

1053 2460 1097 2478 ναι
1114 2451 1307 2486 προστέταχεν.

1091 2588 1126 2611 κ’.
1151 2583 1232 2611 Ἀλλὰ
1245 2583 1351 2615 τούτοις
1371 2583 1420 2617 μὲν
1430 2581 1480 2617 τὴν
1495 2579 1633 2606 πολιτείαν
1645 2578 1701 2605 οἷον
1714 2577 1843 2604 ὗπέσαινε

1055 2631 1102 2658 καὶ
1114 2630 1164 2666 τὴν
1183 2629 1250 2665 πρὸς
1267 2629 1367 2660 αὐτὸν,
1387 2627 1426 2658 ὡς
1441 2626 1474 2653 ἂν
1491 2626 1563 2652 εἴποι
1581 2632 1638 2655 τις,
1656 2622 1762 2649 εὔνοιαν
1775 2623 1844 2648 ἑκα-

1055 2677 1192 2712 πήλευσεν
1204 2682 1211 2690 '
1233 2674 1299 2709 περὶ
1315 2674 1345 2700 δὲ
1363 2672 1413 2708 τὴν
1432 2672 1524 2698 πίστιν
1538 2669 1667 2705 ἐμαίνετο
1683 2667 1822 2704 κραταιῶς
1834 2687 1842 2700 ,

1054 2722 1180 2749 τοσοῦτον
1196 2721 1234 2752 ὡς
1251 2719 1319 2755 μηδὲ
1334 2718 1401 2745 Θεὸν
1418 2716 1563 2751 ὀνομάζειν
1578 2715 1665 2742 ἐδόκει
1679 2714 1767 2749 τούτῳ
1788 2722 1843 2740 κα-

1053 2769 1109 2796 λόν.
1129 2767 1185 2794 Καὶ
1204 2766 1260 2801 γὰρ
1274 2765 1326 2796 τὰς
1338 2762 1554 2799 τριακοντούτας
1569 2761 1687 2792 σπονδὰς
1703 2761 1759 2792 τοῖς
1773 2759 1844 2786 Οὕν-

1052 2824 1108 2847 νοις
1121 2815 1153 2851 δὴ
1167 2814 1272 2846 τούτοις
1283 2813 1341 2844 τοῖς
1353 2811 1533 2846 καλουμένοις
1549 2810 1715 2846 Βουλγάροις
1735 2808 1842 2843 ἐνωμό-

1051 2871 1105 2894 τως
1120 2861 1204 2888 ποιῶν
1219 2861 1267 2888 καὶ
1284 2858 1428 2895 εἰρηνικὰς
1447 2858 1599 2895 συμϐάσεις
1618 2855 1842 2892 καταπραττόμε-

874 2908 992 2937 VARIJE
1013 2907 1217 2938 LECTIONES.

243 2949 265 2965 “
282 2949 392 2983 ὕποθείς
407 2951 418 2978 ?
455 2951 477 2967 “
492 2951 639 2987 χρημάτων
656 2951 711 2986 γὰρ
727 2959 772 2987 κρ.
789 2953 800 2979 ?
