2011 3156
217 209 254 244 67
777 220 1029 252 THEOPHANES
1053 222 1333 256 CONTINUATUS.
1806 235 1842 268 43

217 270 275 298 sive
302 269 443 304 abdicans,
460 271 533 299 velut
558 272 620 299 inde
644 272 694 300 sibi
710 273 783 300 dicto
809 274 950 302 audientes
965 275 990 302 l'a

1041 285 1106 311 ,χου
1136 277 1200 310 θέας
1224 278 1370 315 πόρρωθεν
1397 281 1535 310 καθιστῶν
1565 284 1613 310 καὶ
1642 285 1842 322 ἀποκηρύττων

216 321 311 345 cturus
326 322 407 346 esset.
422 317 513 346 Multis
527 323 618 346 tamen
638 319 717 347 home
740 320 921 348 confessionis
937 329 1000 349 sus-

216 363 347 398 cipienda:
360 368 455 391 auctor
468 364 582 397 exstitit,
606 373 660 400 qua
683 369 843 393 constantes
856 365 922 398 ,tidei
943 366 1002 393 ath-

216 410 276 437 letae
293 410 424 437 obaudire
441 414 559 446 tyranno
579 412 702 439 noluere.

249 456 294 484 21.
322 456 392 484 Deus
419 456 558 492 autem(o
586 465 668 492 quam
700 457 745 485 ille
758 466 812 486 non
840 458 943 494 rigidus
955 464 1002 486 aut

214 502 298 534 acris,
310 501 358 529 sed
370 501 478 536 patiens
489 502 617 536 mitisque
628 502 647 538 l)
659 502 778 537 gladium
788 503 897 538 quidem
911 504 963 530 ritu
972 512 1000 531 a-

215 548 270 577 bat,
286 553 335 574 nec
351 551 439 574 tamen
458 545 582 574 feriebat.
596 546 663 574 Nam
681 548 761 575 modo
774 548 882 583 quidem
899 548 957 575 lues
973 553 1000 575 et

213 594 354 629 squalores
381 592 502 628 solisque
534 593 611 620 nimii
635 594 742 629 algores
760 614 768 628 ,
794 594 875 622 modo
907 599 998 622 autem

213 646 293 668 terrae
308 644 399 668 motus
419 649 449 667 ac
464 640 633 675 eruptiones,
648 641 812 676 quandoque
833 642 914 668 etiam
927 641 999 668 ﬂam-

211 695 263 714 me
279 687 383 714 similes
400 690 476 714 vasto
488 693 550 713 aere
570 686 776 721 cjaculationcs,
787 686 855 714 alias
870 687 997 721 denique,

211 741 272 769 quae
302 730 437 760 maloruin
461 734 502 759 vis
526 733 656 765 maxima,
674 732 839 760 domesticos
864 734 998 761 tumultus

211 789 243 810 ac
262 781 412 809 seditiones
429 780 483 808 illis
497 781 659 808 intentabat.
672 780 800 808 Cohiberi
828 786 918 808 tamen
943 789 996 808 non

213 833 328 863 poterat.
344 828 402 855 suis
417 828 533 862 agrestis
562 835 650 859 more,
670 827 697 854 in
719 835 839 862 praeceps
867 827 997 862 degrava-

211 880 254 902 tus
278 875 396 901 animns.
419 872 538 900 Tandem
555 873 636 907 igitur
656 873 750 901 tardus
767 873 811 901 ille
827 873 949 908 quidem,
969 877 997 901 at

211 920 291 954 iuius
320 919 399 947 letale
420 919 529 950 vulnus,
544 927 559 947 a
581 920 635 947 Deo
659 919 766 954 gladius
800 920 995 954 proﬁciscitur,

211 965 359 993 utintcrim
385 966 478 993 clavus
493 966 598 992 clavum
618 965 709 994 trudat
733 965 892 1001 malumque
925 967 996 994 malo
1014 959 1033 986 Β

211 1012 360 1039 medeatur.
378 1011 493 1039 Michael
510 1012 533 1039 is
559 1017 629 1044 erat,
650 1012 695 1047 qui
720 1017 776 1039 tum
797 1012 995 1040 foederatorum

209 1057 400 1093 praefecturam
417 1065 525 1093 gerens,
554 1057 704 1091 majestatis
733 1057 849 1085 crimine
876 1058 994 1091 delatus,

208 1105 253 1132 vix
272 1105 414 1139 multoque
440 1102 495 1139 34
512 1103 606 1130 labore
618 1103 684 1130 illud
698 1111 712 1130 a
738 1111 767 1131 se
786 1104 920 1139 depellere
947 1113 996 1140 po-

209 1156 309 1178 tuerat.
337 1149 437 1177 Verum
452 1149 575 1176 futurum
605 1154 664 1178 erat
682 1154 712 1176 ut
733 1157 814 1185 quem
841 1152 891 1178 sub
914 1151 995 1179 dente

208 1202 315 1230 semper
332 1195 456 1227 haberet.
469 1194 496 1222 in
513 1201 617 1222 morem
638 1195 776 1223 dilaniata:
791 1195 907 1224 victima:
920 1196 993 1224 haud

207 1242 286 1277 longe
317 1240 559 1276 postnostenderet.
578 1239 662 1267 Porro
691 1240 825 1271 Michael,
848 1241 994 1277 prmeipitis

207 1288 385 1322 procacisque
405 1286 504 1320 lingua:
516 1285 581 1312 vitio
595 1291 723 1314 assuetus
735 1293 795 1313 cum
814 1293 897 1318 eSset,
920 1288 993 1315 teros

206 1334 304 1363 Leonis
324 1341 413 1361 mores
438 1332 607 1365 traducendi,
628 1332 700 1359 velut
723 1340 786 1360 eum
816 1333 862 1360 illo
881 1333 993 1368 adultus

205 1381 312 1416 sibique
334 1379 505 1407 fortitudinis
530 1378 611 1406 laude
637 1378 758 1414 placens.
788 1379 892 1406 nullum
910 1380 991 1407 tinem

205 1427 333 1456 faciebat.
348 1425 402 1453 Leo
415 1431 505 1452 autem
522 1425 531 1458 (
553 1431 607 1451 non
631 1424 702 1452 enim
723 1424 769 1460 qui
797 1425 919 1453 omnium
943 1425 992 1453 do-

196 1475 298 1504 minus
311 1474 358 1506 sit,
376 1473 411 1500 ab
423 1479 479 1500 uno
494 1471 578 1499 stulto
600 1471 697 1499 lubens
718 1471 830 1499 omnino
861 1473 991 1507 patiatur,
1011 1472 1016 1477 '

205 1521 259 1549 nisi
284 1527 314 1548 re
332 1526 396 1547 vera
412 1526 467 1546 non
488 1519 610 1546 virorum
628 1519 714 1553 magis
735 1526 818 1554 quam
843 1519 890 1547 ira
907 1520 992 1554 impe—

205 1567 245 1594 rio
258 1565 368 1601 polleat)
378 1564 452 1591 viros
468 1563 563 1591 statuit
577 1563 682 1591 occulte
705 1564 732 1591 in
751 1564 860 1592 insidiis
878 1565 990 1592 auscul-

207 1618 328 1644 taturos,
341 1615 370 1637 ut
382 1610 454 1637 velut
469 1610 575 1637 rimulae
595 1610 655 1645 ejus
679 1609 712 1637 ad
730 1610 817 1645 ipsum
849 1618 991 1639 sermones
1005 1632 1026 1645 τ,

204 1657 393 1693 perveherent.
409 1656 515 1684 Etenim
532 1659 690 1690 suspectum
715 1655 833 1683 habebat
847 1657 919 1692 quod
933 1662 992 1685 erat

204 1704 339 1734 futurum,
365 1700 656 1729 nechhilomeliensis
673 1701 801 1728 monachi
830 1702 990 1729 vaticinium

203 1749 264 1785 ejus
279 1748 373 1776 animo
394 1748 543 1780 exciderat,
572 1755 626 1783 quo
643 1747 665 1775 is
689 1748 841 1775 secundum
871 1756 886 1776 a
901 1748 991 1776 Leone

203 1795 377 1825 salutandum
412 1795 603 1829 imperatorem
651 1793 808 1821 Michaelem
857 1794 989 1822 edixerat.

203 1842 304 1869 Eorum
329 1840 376 1876 qui
391 1840 568 1868 observarent
595 1847 667 1867 unus
697 1847 806 1875 quoque
824 1839 990 1867 llexabulins

201 1891 271 1919 erat,
285 1886 342 1915 acri
362 1886 466 1913 scilicet
481 1885 523 1912 vir
539 1885 649 1921 ingenio
660 1905 667 1919 ,
688 1893 720 1913 ac
736 1886 783 1920 qui
816 1885 934 1913 hominis
946 1886 988 1912 in.

202 1934 292 1962 dolem
314 1932 479 1968 geniumque
496 1931 754 1967 explorareposset.
769 1931 881 1959 Interim
896 1932 987 1967 igitur,

203 1989 265 2008 ruzu
289 1980 417 2007 etl’renem
439 1978 513 2005 illam
538 1977 649 2005 dicendi
677 1985 709 2006 ac
738 1978 881 2006 deridendi
901 1978 988 2006 licen-

201 2028 264 2054 tiam
281 2026 394 2054 minime
411 2025 581 2060 reprimeret,
594 2032 633 2053 ac
647 2025 723 2052 velut
744 2025 918 2053 turbulentus
929 2025 986 2052 Jlu-
1011 2049 1013 2051 .

200 2073 260 2100 vius
277 2071 371 2099 limum
388 2078 497 2098 omnem
514 2071 669 2106 importune
687 2070 822 2098 ebulliens
837 2075 986 2098 extremam

199 2117 285 2146 Leoni
300 2116 448 2152 perniciem
474 2124 507 2143 ac
536 2116 677 2143 interitum
701 2117 884 2144 comminatus
903 2122 986 2151 esset,

200 2171 233 2191 ac
244 2163 338 2198 siqua
368 2163 457 2189 malus
473 2161 550 2189 furor
571 2162 670 2194 alebat,
692 2162 781 2189 verbis
803 2163 985 2197 produxisset.

199 2218 230 2238 re
250 2209 285 2237 ad
302 2209 420 2236 Leonem
443 2208 531 2236 delata
545 2207 690 2235 confestim
718 2208 826 2243 rapitur
842 2209 901 2244 ipsa
931 2209 985 2238 dic.

198 2255 341 2284 Postremo
352 2254 518 2281 delatoribus
527 2254 713 2282 accusationis
721 2254 808 2289 capita
818 2255 986 2283 conﬁrmau-

1054 323 1162 372 αὐτοὺς,
1180 324 1217 356 ὡς
1231 324 1279 372 τῷν
1292 326 1384 372 οἰκείῳ
1400 327 1549 364 βουλήματι
1570 331 1726 366 πειθηνίους
1743 343 1841 372 κατιρ-

1053 368 1220 418 γαζόμενος,
1238 371 1354 418 πολλοὺς
1373 374 1423 409 τὴν
1445 375 1531 411 καλὴν
1547 376 1747 413 ἁναιρήσασθαι
1771 368 1840 418 μαρ-

1052 415 1148 450 τυρίαν
1162 417 1303 449 πεπεικὼς
1317 418 1356 454 τῷ
1366 427 1399 454 γε
1410 420 1453 456 μὴ
1465 422 1611 458 πεισθῆναι
1625 424 1712 459 αὐτῷ.

1087 461 1139 508 κα’.
1156 462 1222 494 Θεὸς
1240 461 1343 497 δὲ,οίος
1360 466 1463 501 τρόπος
1479 468 1584 495 ἐκείνου
1599 470 1630 496 οὐ
1647 471 1773 505 σύντονός
1787 482 1839 508 τις,

1052 507 1120 534 ἀλλὰ
1143 509 1330 545 μακρόθυμος,
1352 511 1403 547 τὴν
1418 514 1556 548 ῥομφαίαν
1570 516 1696 544 ὲστίλὸου
1711 519 1771 554 μὲν,
1789 507 1839 548 οὐκ

1051 555 1127 601 ηφίει
1144 555 1182 582 δέ.
1196 556 1254 583 Νῦν
1268 557 1318 592 μὲν
1334 558 1389 594 γὰρ
1406 559 1497 592 αὐτοῖς
1510 561 1599 597 λοιμοὶ
1612 564 1660 590 καὶ
1671 564 1774 601 αὐχμοὶ
1792 569 1839 594 καὶ

1050 599 1176 647 διάπυροι
1192 602 1277 638 ἥλιοι,
1292 604 1340 631 νῦν
1359 605 1387 632 δὲ
1406 607 1514 642 σεισμοὶ
1526 608 1574 635 καὶ
1588 599 1773 647 ἀναδρασμοὶ,
1791 615 1838 641 καὶ

1050 646 1146 673 ἄλλοτε
1171 648 1269 682 φλογὸς
1291 647 1336 676 οἷα
1357 651 1427 678 κατὰ
1453 652 1500 678 τοῦ
1519 653 1600 689 ἀέρος
1614 655 1837 691 ἀκοντίσεις,καὶ

1050 692 1184 728 ἑτέρωθεν
1205 694 1331 729 ἐμφύλιοι
1355 697 1465 729 στάσεις
1488 699 1542 726 τῶν
1562 699 1655 728 δεινῶν
1670 702 1705 729 τὰ
1724 704 1836 739 ἀκμαιό-

1050 746 1119 765 τατα
1133 739 1298 768 ὲπεσείοντο.
1321 741 1391 768 Ἀλλ’
1407 743 1457 769 οὐκ
1471 741 1505 779 ἦν
1520 745 1630 782 ἐκείνην
1647 748 1767 784 ἐπισχεῖν
1789 751 1836 787 τὴν

1048 784 1155 820 ψυχὴν,
1172 786 1235 818 συὸς
1249 787 1326 824 δίκην
1339 789 1408 816 κατὰ
1423 791 1547 826 κρημνοῦ
1560 792 1753 829 ὲπιόρίσασαν.
1777 784 1835 823 Ἐν-

1048 832 1143 859 τεῦθεν
1168 832 1216 868 ὀψὲ
1235 833 1301 868 γοῦν
1323 834 1372 861 καὶ
1395 837 1509 872 καιρίως
1530 837 1688 874 πλήττουσα
1713 841 1835 878 μάχαιρα

1049 878 1124 926 παρὰ
1149 878 1197 926 τοῦ
1219 879 1287 907 Θεοῦ
1309 881 1526 917 ἑκπεπόρευται,
1547 884 1581 911 ἵν’
1595 885 1653 921 ἥλῳ
1675 886 1746 918 τέως
1770 886 1835 926 ἧλος

1048 924 1201 970 έκκρουσθῇ
1219 927 1270 953 καὶ
1287 927 1372 954 κακδν
1390 928 1428 964 τῷ
1445 929 1524 965 κακῷ
1542 931 1614 967 ίαθῇ.
1632 933 1742 970 Μιχαὴλ
1757 924 1835 962 τοῦτο

1047 968 1100 1006 ἦν,
1119 970 1147 1002 ὃς
1165 972 1214 1007 τὴν
1237 973 1404 1008 φοιδεράτων
1420 975 1481 1001 τότε
1504 976 1706 1013 ἐπειλημμένος
1720 968 1833 1017 νάρκην,

1047 1017 1202 1053 ἐγκλήματι
1230 1019 1421 1053 καθοσιώσεως
1446 1022 1543 1055 ἁλοὺς,
1574 1024 1650 1060 μόγῳ
1673 1025 1763 1062 πολλῷ
1786 1029 1834 1055 καὶ

1046 1063 1123 1098 κόπῳ
1153 1065 1355 1100 ἀποτρίψασθαι
1388 1067 1507 1104 ι’σχυσεν.
1548 1070 1619 1097 Ἀλλ’
1646 1071 1758 1107 ἔμελλεν
1787 1075 1834 1102 ὑπ’

1045 1108 1140 1136 ὀδόντα
1164 1110 1257 1137 τοῦτον
1279 1111 1350 1146 ἔχων
1374 1113 1418 1140 ἀεὶ
1443 1114 1570 1150 καθάπερ
1594 1116 1832 1154 διαπεπραγμένοι

1047 1155 1145 1189 ίερεῖον
1159 1155 1244 1189 δεῖξαι
1266 1157 1316 1184 οὐκ
1335 1159 1375 1191 είς
1393 1161 1513 1196 μακράν.
1534 1161 1639 1195 ’Ἄλλως
1654 1163 1704 1198 μὲν
1719 1165 1773 1201 γὰρ
1790 1167 1833 1200 ἑξ-

1045 1201 1124 1236 ήσκει
1135 1202 1260 1236 γλῶσσαν
1275 1205 1289 1230 ό
1301 1205 1410 1242 Μιχαὴλ
1420 1207 1554 1241 πρόλαλόν
1564 1217 1594 1235 τε
1608 1209 1655 1237 καὶ
1664 1211 1771 1247 ἰταμὸν,
1784 1214 1832 1241 καὶ

1045 1248 1094 1284 τὴν
1110 1249 1193 1276 αὑτοῦ
1220 1251 1269 1277 οὐκ
1286 1251 1384 1287 ἔληγεν
1402 1254 1592 1289 έκπομπεύων
1618 1255 1829 1293 θηριοτροπίαν,

1045 1295 1093 1321 ἅτε
1109 1295 1141 1331 δὴ
1154 1295 1233 1331 αὐτῷ
1248 1296 1295 1323 καὶ
1308 1297 1489 1334 συναυξηθεὶς
1505 1300 1551 1326 καὶ
1562 1302 1598 1337 τῇ
1613 1302 1646 1329 ὲκ
1660 1303 1750 1339 χειρὸς
1766 1313 1829 1339 γαν-

1044 1340 1159 1376 νύμενος
1174 1341 1354 1378 ἀνδρειότητι.
1378 1343 1408 1370 '0
1428 1344 1504 1372 Λέων
1516 1345 1544 1373 δὲ
1565 1347 1606 1382 (οὐ
1625 1348 1702 1384 φέρει
1718 1351 1772 1386 γάρ
1786 1360 1828 1384 τις

1043 1387 1153 1414 πάντων
1180 1388 1290 1422 κρατῶν
1315 1390 1375 1421 ἑνὸς
1403 1391 1536 1424 ἡττᾶσθαι
1562 1394 1670 1429 μωροῦ,
1694 1396 1718 1422 εἰ
1738 1398 1774 1431 μή
1797 1406 1829 1431 γε

1043 1433 1129 1465 ὅντως
1150 1434 1201 1461 οὒκ
1223 1435 1339 1470 ἀνδρῶν,
1355 1436 1422 1463 ἀλλὰ
1447 1437 1494 1463 καὶ
1520 1438 1606 1474 θυμοῦ
1635 1439 1760 1474 βασιλεὺς
1780 1452 1829 1470 κα-

1042 1479 1146 1514 ταστῇ)
1163 1479 1341 1513 ιῦτακουστάς
1357 1489 1434 1513 τινας
1447 1483 1535 1518 τούτῳ
1551 1484 1627 1519 λόχον
1643 1487 1826 1523 κατέστησεν,

1043 1522 1080 1553 ὡς
1095 1523 1128 1549 ἂν
1145 1523 1190 1550 διά
1210 1533 1282 1557 τινος
1306 1525 1456 1561 πορθμείου
1482 1527 1683 1560 διαὸισάζοιντο
1708 1522 1781 1565 λόγοι
1802 1534 1827 1560 σί

1043 1568 1124 1594 αὐτοῦ
1138 1577 1144 1584 ·
1165 1570 1212 1596 καὶ
1233 1571 1287 1606 γὰρ
1308 1572 1433 1599 ὑπείδετο
1454 1573 1484 1600 τὸ
1502 1574 1616 1609 μέλλον,
1638 1576 1686 1612 τῆς
1708 1578 1778 1605 κατὰ
1797 1580 1828 1606 τὸ

1042 1615 1204 1651 Φιλομήλιον
1228 1619 1410 1654 προρῤήσεως
1433 1619 1641 1655 ὲξημὸλωκυίας
1668 1624 1719 1659 τῆς
1742 1625 1827 1652 αὑτοῦ

1042 1660 1132 1696 ψυχῆς
1146 1663 1289 1698 μηδαμῶς,
1307 1664 1324 1699 ἢ
1339 1664 1385 1691 τὸν
1395 1665 1505 1701 Μιχαὴλ
1514 1667 1641 1704 δεύτερον
1655 1669 1702 1696 τοῦ
1713 1670 1827 1703 Λέοντος

1042 1707 1233 1752 ἀναρρηθῆναι
1247 1709 1461 1746 διωμολόγησεν.
1478 1712 1588 1740 Τούτων
1598 1714 1654 1741 τῶν
1664 1715 1827 1752 μὲιρεδρευὸν-

1041 1761 1095 1779 των
1115 1750 1155 1785 εἷς
1171 1752 1205 1790 ἦν
1224 1755 1270 1781 καὶ
1291 1755 1473 1790 Ἐξαϐούλιος,
1491 1758 1561 1794 ἀνὴρ
1583 1756 1639 1791 οἷός
1661 1769 1690 1787 τε
1706 1750 1744 1787 ὢν
1763 1760 1826 1797 ἦθος

1043 1799 1088 1825 καὶ
1111 1799 1192 1833 φύσιν
1211 1800 1355 1837 ἀνθρώπου
1382 1803 1560 1838 καταμαθεῖν.
1593 1805 1636 1836 Ὦς
1660 1804 1706 1834 οὖν
1729 1808 1826 1842 χρόιου

1043 1844 1181 1878 προῖόντος
1197 1846 1247 1872 οὐκ
1267 1847 1382 1874 ἐνεδίδου
1397 1849 1446 1884 τῆς
1469 1849 1670 1886 ἀθυροστομίας
1693 1854 1762 1889 μηδὲ
1777 1855 1825 1881 τοῦ
1867 1861 1870 1862 ⁷

1040 1889 1197 1926 τωθασμοῦ,
1212 1892 1270 1918 ἀλλ’
1296 1890 1353 1919 οἶόν
1376 1902 1416 1925 τις
1433 1895 1570 1929 κυματίας
1596 1898 1687 1924 πᾶσαν
1702 1898 1823 1934 ἀκαίρως

1042 1935 1099 1962 ἰλὺν
1122 1937 1268 1972 ὲξέὸρασεν
1283 1939 1422 1975 ποταμὸς,
1438 1941 1569 1977 ἠπείλησε
1591 1942 1630 1978 τῷ
1644 1943 1737 1971 Λέοντι
1754 1954 1822 1972 παν-

1039 1980 1138 2009 ώλειαν
1145 1984 1191 2011 καὶ
1199 1984 1246 2020 «(Ρ.
1257 1984 1303 2021 92)
1317 1986 1373 2013 ἀλλ’
1384 1986 1453 2015 ἅττα
1461 1987 1546 2023 θυμὸς
1558 1989 1686 2025 ἐτρέφετο
1697 1992 1824 2027 πονηρὸς.

1038 2028 1212 2064 ἀνεπέμπετο
1240 2031 1269 2058 δὲ
1293 2032 1380 2059 ταῦτα
1406 2034 1476 2069 πρὸς
1495 2034 1626 2069 βασιλέα,
1652 2037 1824 2073 ἀνάρπαστο;

1038 2073 1143 2108 γίνεται
1159 2074 1189 2107 ἐξ
1203 2075 1304 2110 αὐτῆς,
1322 2077 1370 2103 καὶ
1383 2077 1458 2109 τέλος
1472 2079 1527 2105 τῶν
1541 2079 1710 2115 ἐλεγχόντων
1725 2082 1759 2109 τὰ
1775 2083 1824 2118 τῆς

1038 2121 1205 2156 κατηγορίας
1218 2123 1461 2157 κατεμπεδούντων
1475 2125 1650 2152 κατατίθεται
1665 2129 1824 2163 τυραννίδος

1037 2166 1159 2193 ἐπίθεσιν
1183 2167 1314 2202 μελετῶν.
1347 2169 1453 2205 Ἡμέρα
1470 2167 1503 2206 ἦν
1522 2172 1675 2206 προτεραία
1693 2174 1744 2208 τῆς
1763 2176 1824 2202 καθ’

1037 2213 1110 2248 ἡμᾶς
1122 2212 1169 2239 τοῦ
1183 2212 1270 2246 Λόγου
1292 2213 1410 2249 Χριστοῦ
1425 2215 1472 2241 τοῦ
1493 2215 1560 2243 Θεοῦ
1577 2217 1592 2252 ἡ
1598 2217 1658 2251 μῶν
1676 2219 1823 2254 ἐπιδημίας

1037 2265 1066 2283 τε
1078 2257 1129 2284 ικαὶ
1145 2257 1321 2293 σαρκώσσως.
1340 2259 1416 2286 Ἐπεὶ
1432 2259 1498 2295 γοῦν
1512 2262 1646 2289 πάντοθεν
1661 2265 1822 2300 κατάφωρος

199 2302 273 2329 tibus
298 2300 430 2328 affectatae
459 2301 610 2335 tyrannidis
628 2308 660 2327 ac
677 2301 828 2336 majestatis
848 2309 911 2329 reus
937 2302 985 2330 de-

1041 2300 1184 2337 ὲγεγένητο
1200 2302 1282 2329 αὐτοῦ
1301 2302 1348 2330 τοῦ
1364 2303 1494 2338 βασιλέως
1511 2306 1540 2332 ὲν
1559 2307 1614 2339 τοῖς
1630 2308 1823 2344 ἁσηκρητςίοις

198 2347 330 2375 cernitur.
343 2345 434 2374 Pridie
458 2346 562 2374 Christi
580 2346 658 2374 Verbi
683 2347 771 2374 nostri
783 2347 880 2375 natalis
891 2347 985 2376 isthazc

199 2392 361 2426 agebantur.
375 2391 448 2425 Quia
466 2399 531 2428 ergo
549 2393 652 2420 crimen
665 2392 785 2427 undique
812 2393 984 2428 exploratum

197 2443 266 2471 erat,
282 2438 342 2474 ipso
355 2437 447 2465 Leone
460 2438 487 2465 in
514 2438 724 2466 secretariorum
742 2439 867 2474 aedepro
894 2439 985 2466 tribu-

197 2484 254 2512 nali
265 2491 376 2512 causam
392 2489 584 2520 cognoscente,
591 2484 649 2519 35
667 2492 716 2512 nec
731 2485 805 2512 ullus
833 2485 924 2520 eﬂ‘ugii
943 2485 983 2512 lo-

197 2538 246 2558 cus
268 2535 337 2562 erat,
351 2529 475 2565 capitalis
492 2531 517 2556 iu
538 2537 599 2557 eum
616 2530 705 2557 fertur
718 2532 873 2564 sententia;
892 2539 941 2558 nec
956 2535 985 2558 ut

195 2575 295 2610 quovis
318 2574 399 2602 modo
419 2576 477 2601 neci
496 2574 584 2606 detur,
607 2576 654 2604 sed
671 2581 702 2603 ut
727 2577 778 2603 sub
799 2576 981 2610 ipsumpriu-

195 2620 266 2655 cipis
279 2624 454 2654 conspectum
471 2627 503 2647 ac
515 2620 589 2648 velut
601 2620 660 2656 ipso
681 2629 774 2648 coram
788 2626 910 2652 auctore,
926 2621 983 2648 sive

194 2666 242 2693 iraa
259 2665 372 2693 atl‘cctus
385 2665 424 2692 sic
451 2665 614 2700 impulerat,
642 2667 700 2694 sive
728 2667 796 2694 alias
813 2667 983 2695 immanitate

194 2719 256 2739 sese
270 2711 437 2743 oblectabat,
453 2718 552 2746 nempe
566 2716 596 2738 ut
609 2712 636 2738 in
651 2712 765 2747 palatini
782 2711 872 2739 balnei
894 2713 981 2740 cam:-

193 2765 261 2785 num
281 2758 473 2793 proﬁceretur,
496 2759 552 2786 acri
574 2759 630 2787 illic
645 2759 757 2786 ﬂamma
783 2759 980 2787 absumendus.

193 2805 337 2835 Decretum
362 2811 445 2840 erat;
465 2807 523 2841 ipse
549 2806 690 2841 tragoediae
705 2806 843 2841 inspector
870 2805 979 2833 t‘uturus

191 2851 248 2879 Leo
263 2853 455 2887 praecurrebat.
470 2852 527 2880 Sub
543 2853 600 2880 haec
615 2856 705 2880 autem
720 2851 875 2880 Theodosia
897 2859 977 2882 uxor,

191 2897 333 2925 Arsaberis
349 2898 415 2931 tilia,
428 2898 530 2925 inculto
547 2897 640 2925 habitu
655 2902 810 2933 temereque
828 2897 885 2932 ipsa
914 2904 979 2932 pro~

191 2951 283 2978 ruens,
305 2943 469 2972 Baccbantis
488 2952 562 2972 more
580 2943 728 2972 furibundo
744 2948 819 2972 motu
849 2951 908 2971 sese
923 2942 978 2978 agi-

1037 2346 1221 2381 ὲξετάζοντος,
1240 2350 1287 2376 καλ⁸
1299 2349 1422 2384 δρασμὸς
1438 2351 1491 2378 τῶν
1506 2352 1696 2388 τολμηθέντων
1711 2355 1762 2382 οὐκ
1778 2354 1822 2392 ἦν,

1036 2394 1302 2428 καταχειροτονεῖται
1317 2394 1367 2429 τὴν
1386 2395 1432 2422 ἐπὶ
1453 2396 1579 2429 θάνατον,
1594 2398 1642 2425 καὶ
1663 2398 1778 2427 θάνατον
1792 2402 1822 2428 οὐ

1035 2438 1141 2474 τόνδεῆ
1162 2439 1253 2472 τόνδε,
1280 2440 1337 2467 ἀλλ’
1359 2440 1393 2468 ἵν’
1407 2441 1456 2477 ἔχῃ
1481 2443 1527 2469 καλ¹
1546 2443 1591 2471 τδν
1613 2444 1726 2479 βασιλέα
1740 2446 1823 2474 αὑτὸν

1036 2483 1136 2520 θεατήν
1151 2493 1180 2512 τε
1196 2485 1244 2512 καὶ
1260 2486 1422 2522 αὐτουργὸν,
1447 2487 1502 2514 εἴτε
1518 2488 1557 2524 τῷ
1578 2489 1658 2516 πάθει
1674 2492 1723 2525 τῆς
1739 2491 1822 2527 ὀργῆς

1035 2530 1230 2566 ἐκνικώμενον,
1254 2533 1304 2559 εἶτ’
1326 2533 1414 2566 ἄλλως
1436 2536 1470 2570 τῇ
1495 2535 1618 2571 ὠμότητι
1646 2537 1821 2572 ἐφηδόμενον,

1035 2577 1106 2604 κατὰ
1123 2578 1173 2614 τὴν
1189 2578 1237 2605 τοῦ
1255 2579 1397 2614 βασιλικοῦ
1414 2581 1557 2616 βαλανείου
1575 2582 1691 2617 κάμινον
1703 2583 1821 2619 δριμέως

1034 2624 1181 2660 ἐκριφῆναι
1195 2626 1283 2662 πυρὸς
1300 2627 1519 2663 παραδόσκημαί
1534 2628 1646 2664 Ὦριστο
1661 2630 1759 2663 ταῦτα,
1777 2631 1821 2657 καὶ

1034 2669 1115 2702 αὐτὸς
1129 2671 1258 2706 προέθεεν
1279 2673 1313 2698 τὰ
1330 2672 1377 2698 τοῦ
1397 2672 1535 2708 δράματος
1550 2674 1728 2709 ἐποψόμενος.
1753 2676 1820 2702 Ἀλλ’

1034 2715 1050 2750 ἡ
1070 2716 1165 2743 τούτου
1187 2717 1303 2750 σύζυγος
1319 2717 1459 2752 (Θεοδοσία
1485 2717 1537 2754 ἦν,
1563 2719 1594 2746 τὸ
1609 2720 1657 2747 τοῦ
1684 2721 1819 2757 ’Δρσασὴτ

1033 2760 1199 2797 θυγάτριον)
1221 2763 1415 2790 ἀναστοούδασα
1431 2765 1481 2790 καὶ
1496 2765 1534 2796 ὡς
1546 2765 1631 2800 ἔτυχε
1651 2767 1766 2798 θέουσα,
1783 2768 1818 2799 ὡς

1032 2805 1064 2832 ἔκ
1079 2814 1150 2838 τινος
1166 2807 1297 2842 βακχείας
1319 2807 1536 2844 ὲξοιστρηθεϊσα,
1555 2811 1708 2846 ἀπέσπευδε
1726 2813 1818 2839 τοῦτον

1031 2853 1080 2879 καὶ
1096 2853 1146 2888 τῆς
1163 2853 1253 2888 ὁρμῆς
1276 2854 1476 2889 ὲγκατέπαυεν,
1496 2857 1633 2894 ἀλάστορα
1651 2859 1696 2885 καὶ
1721 2858 1817 2893 Θεσμό-

1031 2907 1078 2933 χον
1095 2899 1270 2926 ἁποκαλοῦσα
1284 2920 1290 2931 ,
1306 2897 1346 2932 οἷς
1359 2900 1420 2928 οὔτε
1435 2902 1484 2938 τὴν
1501 2903 1608 2938 ἡμέραν
1623 2903 1684 2938 ἄγει
1699 2904 1742 2930 διὰ
1758 2913 1816 2938 φει-

1032 2942 1104 2978 δοῦς,
1119 2944 1166 2971 τοῦ
1182 2945 1254 2972 θείου
1269 2946 1374 2981 μέλλων
1389 2947 1514 2982 σώματος
1525 2951 1679 2983 μεταηεϊν.
1699 2949 1815 2977 Ἐκθειό-
