  <div class='ocr_page' id='page_1' title='image "/cluster/home/n/w/nwhite01/storage/ocr_20150623/109/njp.32101077772927/035.png"; bbox 0 0 2011 3156; ppageno 0'>
   <div class='ocr_carea' id='block_1_1' title="bbox 213 160 1849 208">
    <p class='ocr_par' dir='ltr' id='par_1_1' title="bbox 213 160 1849 208">
     <span class='ocr_line' id='line_1_1' title="bbox 213 160 1849 208; baseline -0.006 -7"><span class='ocrx_word' id='word_1_1' title='bbox 213 168 247 201; x_wconf 69' lang='grc' dir='ltr'>ἓῦ</span> <span class='ocrx_word' id='word_1_2' title='bbox 797 165 1051 208; x_wconf 79' lang='lat' dir='ltr'><strong>THEOPHANES</strong></span> <span class='ocrx_word' id='word_1_3' title='bbox 1070 163 1236 195; x_wconf 80' lang='lat' dir='ltr'><strong>CONTINU</strong></span> <span class='ocrx_word' id='word_1_4' title='bbox 1243 164 1351 194; x_wconf 85' lang='lat' dir='ltr'><strong>ATUS.</strong></span> <span class='ocrx_word' id='word_1_5' title='bbox 1815 160 1849 192; x_wconf 83' lang='grc'>56</span> 
     </span>
    </p>
   </div>
   <div class='ocr_carea' id='block_1_2' title="bbox 247 214 1010 258">
    <p class='ocr_par' dir='ltr' id='par_1_2' title="bbox 247 220 1007 258">
     <span class='ocr_line' id='line_1_2' title="bbox 247 220 1007 258; baseline -0.007 -6"><span class='ocrx_word' id='word_1_6' title='bbox 247 225 275 252; x_wconf 75' lang='lat'><strong>‘2.</strong></span> <span class='ocrx_word' id='word_1_7' title='bbox 287 223 402 252; x_wconf 75' lang='lat' dir='ltr'><strong>Michael</strong></span> <span class='ocrx_word' id='word_1_8' title='bbox 417 227 506 251; x_wconf 77' lang='lat' dir='ltr'><strong>autem</strong></span> <span class='ocrx_word' id='word_1_9' title='bbox 517 230 532 251; x_wconf 86' lang='lat' dir='ltr'><strong>e</strong></span> <span class='ocrx_word' id='word_1_10' title='bbox 544 222 635 258; x_wconf 82' lang='lat' dir='ltr'><strong>Papiae</strong></span> <span class='ocrx_word' id='word_1_11' title='bbox 646 221 769 250; x_wconf 86' lang='lat' dir='ltr'><strong>custodia</strong></span> <span class='ocrx_word' id='word_1_12' title='bbox 781 222 906 254; x_wconf 83' lang='lat' dir='ltr'><strong>eductus,</strong></span> <span class='ocrx_word' id='word_1_13' title='bbox 916 220 1007 248; x_wconf 90' lang='lat' dir='ltr'><strong>adhuc</strong></span> 
     </span>
    </p>
   </div>
   <div class='ocr_carea' id='block_1_3' title="bbox 1062 214 1848 258">
    <p class='ocr_par' dir='ltr' id='par_1_3' title="bbox 1093 214 1848 254">
     <span class='ocr_line' id='line_1_3' title="bbox 1093 214 1848 254; baseline -0.008 -9"><span class='ocrx_word' id='word_1_14' title='bbox 1093 217 1125 254; x_wconf 85' lang='grc' dir='ltr'><strong>β’.</strong></span> <span class='ocrx_word' id='word_1_15' title='bbox 1154 217 1184 245; x_wconf 93' lang='lat'><strong>&#39;0</strong></span> <span class='ocrx_word' id='word_1_16' title='bbox 1201 217 1230 245; x_wconf 75' lang='grc' dir='ltr'>δὲ</span> <span class='ocrx_word' id='word_1_17' title='bbox 1246 217 1357 253; x_wconf 80' lang='grc' dir='ltr'>Μιχαὴλ</span> <span class='ocrx_word' id='word_1_18' title='bbox 1379 217 1426 251; x_wconf 85' lang='grc' dir='ltr'>τῆς</span> <span class='ocrx_word' id='word_1_19' title='bbox 1453 216 1485 242; x_wconf 69' lang='grc' dir='ltr'>ὲκ</span> <span class='ocrx_word' id='word_1_20' title='bbox 1510 214 1557 241; x_wconf 72' lang='grc' dir='ltr'>τοῦ</span> <span class='ocrx_word' id='word_1_21' title='bbox 1583 214 1711 241; x_wconf 77' lang='grc' dir='ltr'>παππίου</span> <span class='ocrx_word' id='word_1_22' title='bbox 1727 216 1848 250; x_wconf 78' lang='grc' dir='ltr'>φρουρᾶς</span> 
     </span>
    </p>
   </div>
   <div class='ocr_carea' id='block_1_4' title="bbox 212 266 1004 309">
    <p class='ocr_par' dir='ltr' id='par_1_4' title="bbox 212 266 1004 309">
     <span class='ocr_line' id='line_1_4' title="bbox 212 266 1004 309; baseline -0.006 -10"><span class='ocrx_word' id='word_1_23' title='bbox 212 271 296 309; x_wconf 83' lang='lat' dir='ltr'><strong>pedes</strong></span> <span class='ocrx_word' id='word_1_24' title='bbox 310 270 386 298; x_wconf 81' lang='lat' dir='ltr'><strong>ferro</strong></span> <span class='ocrx_word' id='word_1_25' title='bbox 401 270 510 297; x_wconf 88' lang='lat' dir='ltr'><strong>vinctus</strong></span> <span class='ocrx_word' id='word_1_26' title='bbox 524 276 587 296; x_wconf 90' lang='lat' dir='ltr'><strong>cum</strong></span> <span class='ocrx_word' id='word_1_27' title='bbox 606 272 680 296; x_wconf 87' lang='lat' dir='ltr'><strong>esset</strong></span> <span class='ocrx_word' id='word_1_28' title='bbox 691 268 775 304; x_wconf 90' lang='lat' dir='ltr'><strong>(quod</strong></span> <span class='ocrx_word' id='word_1_29' title='bbox 793 268 898 295; x_wconf 83' lang='lat' dir='ltr'><strong>scilicet</strong></span> <span class='ocrx_word' id='word_1_30' title='bbox 909 266 1004 300; x_wconf 81' lang='lat' dir='ltr'><strong>clavis,</strong></span> 
     </span>
    </p>
   </div>
   <div class='ocr_carea' id='block_1_5' title="bbox 214 313 1006 354">
    <p class='ocr_par' dir='ltr' id='par_1_5' title="bbox 214 313 1006 354">
     <span class='ocr_line' id='line_1_5' title="bbox 214 313 1006 354; baseline -0.008 -8"><span class='ocrx_word' id='word_1_31' title='bbox 214 326 275 354; x_wconf 64' lang='lat' dir='ltr'><strong>quae</strong></span> <span class='ocrx_word' id='word_1_32' title='bbox 292 317 363 352; x_wconf 88' lang='lat' dir='ltr'><strong>apud</strong></span> <span class='ocrx_word' id='word_1_33' title='bbox 383 316 502 344; x_wconf 83' lang='lat' dir='ltr'><strong>Leonem</strong></span> <span class='ocrx_word' id='word_1_34' title='bbox 523 314 696 348; x_wconf 77' lang='lat' dir='ltr'><strong>servabatur,</strong></span> <span class='ocrx_word' id='word_1_35' title='bbox 711 319 741 342; x_wconf 91' lang='lat' dir='ltr'><strong>ut</strong></span> <span class='ocrx_word' id='word_1_36' title='bbox 756 313 842 349; x_wconf 81' lang='lat' dir='ltr'><strong>magis</strong></span> <span class='ocrx_word' id='word_1_37' title='bbox 855 314 946 341; x_wconf 85' lang='lat' dir='ltr'><strong>vincto</strong></span> <span class='ocrx_word' id='word_1_38' title='bbox 960 319 1006 340; x_wconf 83' lang='lat' dir='ltr'><strong>ca-</strong></span> 
     </span>
    </p>
   </div>
   <div class='ocr_carea' id='block_1_6' title="bbox 213 360 1006 397">
    <p class='ocr_par' dir='ltr' id='par_1_6' title="bbox 213 360 1006 397">
     <span class='ocr_line' id='line_1_6' title="bbox 213 360 1006 397; baseline -0.008 -5"><span class='ocrx_word' id='word_1_39' title='bbox 213 369 300 396; x_wconf 80' lang='lat' dir='ltr'><strong>veret,</strong></span> <span class='ocrx_word' id='word_1_40' title='bbox 317 363 433 390; x_wconf 81' lang='lat' dir='ltr'><strong>necdum</strong></span> <span class='ocrx_word' id='word_1_41' title='bbox 456 362 565 389; x_wconf 82' lang='lat' dir='ltr'><strong>inventa</strong></span> <span class='ocrx_word' id='word_1_42' title='bbox 585 360 667 396; x_wconf 86' lang='lat' dir='ltr'><strong>eral),</strong></span> <span class='ocrx_word' id='word_1_43' title='bbox 683 361 710 388; x_wconf 88' lang='lat' dir='ltr'><strong>in</strong></span> <span class='ocrx_word' id='word_1_44' title='bbox 728 361 802 397; x_wconf 89' lang='lat' dir='ltr'><strong>regio</strong></span> <span class='ocrx_word' id='word_1_45' title='bbox 817 360 917 388; x_wconf 84' lang='lat' dir='ltr'><strong>throno</strong></span> <span class='ocrx_word' id='word_1_46' title='bbox 940 367 1006 387; x_wconf 92' lang='lat' dir='ltr'><strong>con-</strong></span> 
     </span>
    </p>
   </div>
   <div class='ocr_carea' id='block_1_7' title="bbox 215 405 1006 443">
    <p class='ocr_par' dir='ltr' id='par_1_7' title="bbox 215 405 1006 443">
     <span class='ocr_line' id='line_1_7' title="bbox 215 405 1006 443; baseline -0.006 -5"><span class='ocrx_word' id='word_1_47' title='bbox 215 410 287 438; x_wconf 87' lang='lat' dir='ltr'><strong>sedit</strong></span> <span class='ocrx_word' id='word_1_48' title='bbox 304 409 483 443; x_wconf 85' lang='lat' dir='ltr'><strong>omniumque</strong></span> <span class='ocrx_word' id='word_1_49' title='bbox 497 407 545 443; x_wconf 86' lang='lat' dir='ltr'><strong>qui</strong></span> <span class='ocrx_word' id='word_1_50' title='bbox 569 412 626 435; x_wconf 93' lang='lat' dir='ltr'><strong>tum</strong></span> <span class='ocrx_word' id='word_1_51' title='bbox 643 408 671 435; x_wconf 92' lang='lat' dir='ltr'><strong>in</strong></span> <span class='ocrx_word' id='word_1_52' title='bbox 686 406 788 443; x_wconf 87' lang='lat' dir='ltr'><strong>palatio</strong></span> <span class='ocrx_word' id='word_1_53' title='bbox 804 407 919 434; x_wconf 85' lang='lat' dir='ltr'><strong>aderant</strong></span> <span class='ocrx_word' id='word_1_54' title='bbox 933 405 1006 433; x_wconf 85' lang='lat' dir='ltr'><strong>voci-</strong></span> 
     </span>
    </p>
   </div>
   <div class='ocr_carea' id='block_1_8' title="bbox 215 452 1006 491">
    <p class='ocr_par' dir='ltr' id='par_1_8' title="bbox 215 452 1006 491">
     <span class='ocr_line' id='line_1_8' title="bbox 215 452 1006 491; baseline -0.006 -6"><span class='ocrx_word' id='word_1_55' title='bbox 215 457 268 485; x_wconf 82' lang='lat' dir='ltr'><strong>bus</strong></span> <span class='ocrx_word' id='word_1_56' title='bbox 283 456 432 491; x_wconf 74' lang='lat' dir='ltr'><strong>imperator</strong></span> <span class='ocrx_word' id='word_1_57' title='bbox 448 455 583 483; x_wconf 87' lang='lat' dir='ltr'><strong>salutatus</strong></span> <span class='ocrx_word' id='word_1_58' title='bbox 599 458 641 482; x_wconf 89' lang='lat' dir='ltr'><strong>est</strong></span> <span class='ocrx_word' id='word_1_59' title='bbox 663 461 695 481; x_wconf 88' lang='lat' dir='ltr'><strong>ac</strong></span> <span class='ocrx_word' id='word_1_60' title='bbox 710 454 849 481; x_wconf 82' lang='lat' dir='ltr'><strong>adoratus.</strong></span> <span class='ocrx_word' id='word_1_61' title='bbox 865 452 924 480; x_wconf 62' lang='lat' dir='ltr'><strong>Iam</strong></span> <span class='ocrx_word' id='word_1_62' title='bbox 940 460 1006 480; x_wconf 85' lang='lat' dir='ltr'><strong>vero</strong></span> 
     </span>
    </p>
   </div>
   <div class='ocr_carea' id='block_1_9' title="bbox 215 499 1006 536">
    <p class='ocr_par' dir='ltr' id='par_1_9' title="bbox 215 499 1006 536">
     <span class='ocr_line' id='line_1_9' title="bbox 215 499 1006 536; baseline -0.005 -5"><span class='ocrx_word' id='word_1_63' title='bbox 215 503 326 531; x_wconf 84' lang='lat' dir='ltr'><strong>circiter</strong></span> <span class='ocrx_word' id='word_1_64' title='bbox 342 502 482 530; x_wconf 86' lang='lat' dir='ltr'><strong>meridiem</strong></span> <span class='ocrx_word' id='word_1_65' title='bbox 495 501 567 529; x_wconf 87' lang='lat' dir='ltr'><strong>fama</strong></span> <span class='ocrx_word' id='word_1_66' title='bbox 579 501 680 536; x_wconf 89' lang='lat' dir='ltr'><strong>ubique</strong></span> <span class='ocrx_word' id='word_1_67' title='bbox 694 508 799 536; x_wconf 78' lang='lat' dir='ltr'><strong>sparsa,</strong></span> <span class='ocrx_word' id='word_1_68' title='bbox 810 508 872 528; x_wconf 88' lang='lat' dir='ltr'><strong>cum</strong></span> <span class='ocrx_word' id='word_1_69' title='bbox 885 499 930 527; x_wconf 82' lang='lat' dir='ltr'><strong>vix</strong></span> <span class='ocrx_word' id='word_1_70' title='bbox 941 499 1006 527; x_wconf 80' lang='lat' dir='ltr'><strong>mal-</strong></span> 
     </span>
    </p>
   </div>
   <div class='ocr_carea' id='block_1_10' title="bbox 216 546 1005 584">
    <p class='ocr_par' dir='ltr' id='par_1_10' title="bbox 216 546 1005 584">
     <span class='ocr_line' id='line_1_10' title="bbox 216 546 1005 584; baseline -0.005 -7"><span class='ocrx_word' id='word_1_71' title='bbox 216 550 260 578; x_wconf 85' lang='lat' dir='ltr'><strong>leo</strong></span> <span class='ocrx_word' id='word_1_72' title='bbox 274 549 418 584; x_wconf 84' lang='lat' dir='ltr'><strong>compedes</strong></span> <span class='ocrx_word' id='word_1_73' title='bbox 431 547 526 576; x_wconf 86' lang='lat' dir='ltr'><strong>diillssi</strong></span> <span class='ocrx_word' id='word_1_74' title='bbox 543 551 654 581; x_wconf 86' lang='lat' dir='ltr'><strong>essent;</strong></span> <span class='ocrx_word' id='word_1_75' title='bbox 669 547 754 575; x_wconf 83' lang='lat' dir='ltr'><strong>illotis</strong></span> <span class='ocrx_word' id='word_1_76' title='bbox 773 547 911 578; x_wconf 83' lang='lat' dir='ltr'><strong>manibus,</strong></span> <span class='ocrx_word' id='word_1_77' title='bbox 928 546 1005 573; x_wconf 87' lang='lat' dir='ltr'><strong>nullo</strong></span> 
     </span>
    </p>
   </div>
   <div class='ocr_carea' id='block_1_11' title="bbox 215 591 1007 628">
    <p class='ocr_par' dir='ltr' id='par_1_11' title="bbox 215 591 1007 628">
     <span class='ocr_line' id='line_1_11' title="bbox 215 591 1007 628; baseline -0.006 -4"><span class='ocrx_word' id='word_1_78' title='bbox 215 595 263 624; x_wconf 82' lang='lat' dir='ltr'><strong>Dei</strong></span> <span class='ocrx_word' id='word_1_79' title='bbox 277 601 350 623; x_wconf 91' lang='lat' dir='ltr'><strong>metu</strong></span> <span class='ocrx_word' id='word_1_80' title='bbox 366 595 393 622; x_wconf 95' lang='lat' dir='ltr'><strong>in</strong></span> <span class='ocrx_word' id='word_1_81' title='bbox 409 594 531 622; x_wconf 86' lang='lat' dir='ltr'><strong>animum</strong></span> <span class='ocrx_word' id='word_1_82' title='bbox 545 597 698 628; x_wconf 86' lang='lat' dir='ltr'><strong>assumpto,</strong></span> <span class='ocrx_word' id='word_1_83' title='bbox 712 601 763 621; x_wconf 89' lang='lat' dir='ltr'><strong>nec</strong></span> <span class='ocrx_word' id='word_1_84' title='bbox 776 593 831 620; x_wconf 81' lang='lat' dir='ltr'><strong>ull&#39;o</strong></span> <span class='ocrx_word' id='word_1_85' title='bbox 847 593 900 620; x_wconf 89' lang='lat' dir='ltr'><strong>alio</strong></span> <span class='ocrx_word' id='word_1_86' title='bbox 910 591 1007 620; x_wconf 80' lang='lat' dir='ltr'><strong>defun-</strong></span> 
     </span>
    </p>
   </div>
   <div class='ocr_carea' id='block_1_12' title="bbox 216 639 1007 675">
    <p class='ocr_par' dir='ltr' id='par_1_12' title="bbox 216 639 1007 675">
     <span class='ocr_line' id='line_1_12' title="bbox 216 639 1007 675; baseline -0.008 -4"><span class='ocrx_word' id='word_1_87' title='bbox 216 646 277 671; x_wconf 84' lang='lat' dir='ltr'><strong>ctus</strong></span> <span class='ocrx_word' id='word_1_88' title='bbox 297 641 403 670; x_wconf 88' lang='lat' dir='ltr'><strong>honesti</strong></span> <span class='ocrx_word' id='word_1_89' title='bbox 428 639 529 673; x_wconf 79' lang='lat' dir='ltr'><strong>cilicio,</strong></span> <span class='ocrx_word' id='word_1_90' title='bbox 545 639 582 667; x_wconf 84' lang='lat' dir='ltr'><strong>ad</strong></span> <span class='ocrx_word' id='word_1_91' title='bbox 594 639 719 667; x_wconf 83' lang='lat' dir='ltr'><strong>divinum</strong></span> <span class='ocrx_word' id='word_1_92' title='bbox 735 645 922 675; x_wconf 86' lang='lat' dir='ltr'><strong>magnumque</strong></span> <span class='ocrx_word' id='word_1_93' title='bbox 938 642 1007 666; x_wconf 84' lang='lat' dir='ltr'><strong>tem-</strong></span> 
     </span>
    </p>
   </div>
   <div class='ocr_carea' id='block_1_13' title="bbox 215 684 1006 724">
    <p class='ocr_par' dir='ltr' id='par_1_13' title="bbox 215 684 1006 724">
     <span class='ocr_line' id='line_1_13' title="bbox 215 684 1006 724; baseline -0.006 -9"><span class='ocrx_word' id='word_1_94' title='bbox 215 688 290 724; x_wconf 85' lang='lat' dir='ltr'><strong>plum</strong></span> <span class='ocrx_word' id='word_1_95' title='bbox 309 687 453 722; x_wconf 81' lang='lat' dir='ltr'><strong>processit,</strong></span> <span class='ocrx_word' id='word_1_96' title='bbox 470 686 495 713; x_wconf 88' lang='lat' dir='ltr'><strong>id</strong></span> <span class='ocrx_word' id='word_1_97' title='bbox 511 691 639 721; x_wconf 79' lang='lat' dir='ltr'><strong>satagens</strong></span> <span class='ocrx_word' id='word_1_98' title='bbox 657 689 688 713; x_wconf 81' lang='lat' dir='ltr'><strong>ut</strong></span> <span class='ocrx_word' id='word_1_99' title='bbox 699 692 731 712; x_wconf 76' lang='lat' dir='ltr'><strong>ex</strong></span> <span class='ocrx_word' id='word_1_100' title='bbox 745 684 909 720; x_wconf 85' lang='lat' dir='ltr'><strong>patriarchae</strong></span> <span class='ocrx_word' id='word_1_101' title='bbox 923 690 1006 710; x_wconf 85' lang='lat' dir='ltr'><strong>manu</strong></span> 
     </span>
    </p>
   </div>
   <div class='ocr_carea' id='block_1_14' title="bbox 215 730 1008 769">
    <p class='ocr_par' dir='ltr' id='par_1_14' title="bbox 215 730 1008 769">
     <span class='ocr_line' id='line_1_14' title="bbox 215 730 1008 769; baseline -0.008 -7"><span class='ocrx_word' id='word_1_102' title='bbox 215 742 346 762; x_wconf 85' lang='lat' dir='ltr'><strong>coronam</strong></span> <span class='ocrx_word' id='word_1_103' title='bbox 370 737 586 769; x_wconf 86' lang='lat' dir='ltr'><strong>consequeretur</strong></span> <span class='ocrx_word' id='word_1_104' title='bbox 611 732 750 767; x_wconf 79' lang='lat' dir='ltr'><strong>totiusque</strong></span> <span class='ocrx_word' id='word_1_105' title='bbox 771 730 862 767; x_wconf 78' lang='lat' dir='ltr'><strong>populi</strong></span> <span class='ocrx_word' id='word_1_106' title='bbox 879 730 950 757; x_wconf 91' lang='lat' dir='ltr'><strong>votis</strong></span> <span class='ocrx_word' id='word_1_107' title='bbox 976 737 1008 756; x_wconf 86' lang='lat' dir='ltr'><strong>ac</strong></span> 
     </span>
    </p>
   </div>
   <div class='ocr_carea' id='block_1_15' title="bbox 215 776 1009 814">
    <p class='ocr_par' dir='ltr' id='par_1_15' title="bbox 215 776 1009 814">
     <span class='ocr_line' id='line_1_15' title="bbox 215 776 1009 814; baseline -0.006 -7"><span class='ocrx_word' id='word_1_108' title='bbox 215 780 330 808; x_wconf 78' lang='lat' dir='ltr'><strong>vocibus</strong></span> <span class='ocrx_word' id='word_1_109' title='bbox 342 778 491 814; x_wconf 84' lang='lat' dir='ltr'><strong>imperator</strong></span> <span class='ocrx_word' id='word_1_110' title='bbox 500 778 677 812; x_wconf 71' lang='lat' dir='ltr'><strong>salutaretur,</strong></span> <span class='ocrx_word' id='word_1_111' title='bbox 687 785 782 806; x_wconf 88' lang='lat' dir='ltr'><strong>eorum</strong></span> <span class='ocrx_word' id='word_1_112' title='bbox 798 776 932 805; x_wconf 81' lang='lat' dir='ltr'><strong>duntaxat</strong></span> <span class='ocrx_word' id='word_1_113' title='bbox 942 782 1009 811; x_wconf 73' lang='lat' dir='ltr'><strong>prte-</strong></span> 
     </span>
    </p>
   </div>
   <div class='ocr_carea' id='block_1_16' title="bbox 215 823 1008 861">
    <p class='ocr_par' dir='ltr' id='par_1_16' title="bbox 215 823 1008 861">
     <span class='ocr_line' id='line_1_16' title="bbox 215 823 1008 861; baseline -0.006 -6"><span class='ocrx_word' id='word_1_114' title='bbox 215 826 287 855; x_wconf 69' lang='lat' dir='ltr'><strong>s‘idio</strong></span> <span class='ocrx_word' id='word_1_115' title='bbox 300 828 422 854; x_wconf 88' lang='lat' dir='ltr'><strong>munitus</strong></span> <span class='ocrx_word' id='word_1_116' title='bbox 435 825 562 861; x_wconf 76' lang='lat' dir='ltr'><strong>valloque</strong></span> <span class='ocrx_word' id='word_1_117' title='bbox 575 829 680 861; x_wconf 86' lang='lat' dir='ltr'><strong>septus,</strong></span> <span class='ocrx_word' id='word_1_118' title='bbox 690 824 737 859; x_wconf 87' lang='lat' dir='ltr'><strong>qui</strong></span> <span class='ocrx_word' id='word_1_119' title='bbox 751 832 805 852; x_wconf 87' lang='lat' dir='ltr'><strong>una</strong></span> <span class='ocrx_word' id='word_1_120' title='bbox 821 831 915 852; x_wconf 85' lang='lat' dir='ltr'><strong>secum</strong></span> <span class='ocrx_word' id='word_1_121' title='bbox 932 823 1008 851; x_wconf 89' lang='lat' dir='ltr'><strong>necis</strong></span> 
     </span>
    </p>
   </div>
   <div class='ocr_carea' id='block_1_17' title="bbox 215 869 1010 907">
    <p class='ocr_par' dir='ltr' id='par_1_17' title="bbox 215 869 1010 907">
     <span class='ocr_line' id='line_1_17' title="bbox 215 869 1010 907; baseline -0.006 -6"><span class='ocrx_word' id='word_1_122' title='bbox 215 873 283 902; x_wconf 83' lang='lat' dir='ltr'><strong>socii</strong></span> <span class='ocrx_word' id='word_1_123' title='bbox 297 881 330 901; x_wconf 87' lang='lat' dir='ltr'><strong>ac</strong></span> <span class='ocrx_word' id='word_1_124' title='bbox 343 872 478 907; x_wconf 86' lang='lat' dir='ltr'><strong>conjurati</strong></span> <span class='ocrx_word' id='word_1_125' title='bbox 491 872 619 900; x_wconf 78' lang='lat' dir='ltr'><strong>fuissent.</strong></span> <span class='ocrx_word' id='word_1_126' title='bbox 633 871 769 899; x_wconf 71' lang='lat' dir='ltr'><strong>Caeterum</strong></span> <span class='ocrx_word' id='word_1_127' title='bbox 784 870 930 898; x_wconf 86' lang='lat' dir='ltr'><strong>amborum</strong></span> <span class='ocrx_word' id='word_1_128' title='bbox 945 869 1010 905; x_wconf 82' lang='lat' dir='ltr'><strong>quis</strong></span> 
     </span>
    </p>
   </div>
   <div class='ocr_carea' id='block_1_18' title="bbox 217 915 1007 953">
    <p class='ocr_par' dir='ltr' id='par_1_18' title="bbox 217 915 1007 953">
     <span class='ocr_line' id='line_1_18' title="bbox 217 915 1007 953; baseline -0.005 -7"><span class='ocrx_word' id='word_1_129' title='bbox 217 918 317 946; x_wconf 87' lang='lat' dir='ltr'><strong>merito</strong></span> <span class='ocrx_word' id='word_1_130' title='bbox 332 918 535 953; x_wconf 84' lang='lat' dir='ltr'><strong>inauspicatam</strong></span> <span class='ocrx_word' id='word_1_131' title='bbox 549 917 595 946; x_wconf 81' lang='lat' dir='ltr'><strong>hic</strong></span> <span class='ocrx_word' id='word_1_132' title='bbox 615 917 732 945; x_wconf 88' lang='lat' dir='ltr'><strong>miretur</strong></span> <span class='ocrx_word' id='word_1_133' title='bbox 749 921 879 949; x_wconf 78' lang='lat' dir='ltr'><strong>mentem,</strong></span> <span class='ocrx_word' id='word_1_134' title='bbox 897 915 1007 949; x_wconf 75' lang='lat' dir='ltr'><strong>Leonis,</strong></span> 
     </span>
    </p>
   </div>
   <div class='ocr_carea' id='block_1_19' title="bbox 216 962 1008 1000">
    <p class='ocr_par' dir='ltr' id='par_1_19' title="bbox 216 962 1008 1000">
     <span class='ocr_line' id='line_1_19' title="bbox 216 962 1008 1000; baseline -0.003 -8"><span class='ocrx_word' id='word_1_135' title='bbox 216 966 289 1000; x_wconf 86' lang='lat' dir='ltr'><strong>quod</strong></span> <span class='ocrx_word' id='word_1_136' title='bbox 313 965 354 994; x_wconf 90' lang='lat' dir='ltr'><strong>sic</strong></span> <span class='ocrx_word' id='word_1_137' title='bbox 369 965 475 993; x_wconf 77' lang='lat' dir='ltr'><strong>nullum</strong></span> <span class='ocrx_word' id='word_1_138' title='bbox 493 972 526 992; x_wconf 78' lang='lat' dir='ltr'><strong>ex</strong></span> <span class='ocrx_word' id='word_1_139' title='bbox 546 968 585 993; x_wconf 84' lang='lat' dir='ltr'><strong>tot</strong></span> <span class='ocrx_word' id='word_1_140' title='bbox 611 963 830 992; x_wconf 77' lang='lat' dir='ltr'><strong>assentatoribus</strong></span> <span class='ocrx_word' id='word_1_141' title='bbox 856 962 1008 998; x_wconf 80' lang='lat' dir='ltr'><strong>amicisque</strong></span> 
     </span>
    </p>
   </div>
   <div class='ocr_carea' id='block_1_20' title="bbox 217 1007 1007 1045">
    <p class='ocr_par' dir='ltr' id='par_1_20' title="bbox 217 1007 1007 1045">
     <span class='ocr_line' id='line_1_20' title="bbox 217 1007 1007 1045; baseline -0.004 -8"><span class='ocrx_word' id='word_1_142' title='bbox 217 1014 284 1037; x_wconf 91' lang='lat' dir='ltr'><strong>tunc</strong></span> <span class='ocrx_word' id='word_1_143' title='bbox 300 1009 433 1038; x_wconf 75' lang='lat' dir='ltr'><strong>auxilium</strong></span> <span class='ocrx_word' id='word_1_144' title='bbox 459 1016 594 1045; x_wconf 84' lang='lat' dir='ltr'><strong>opemque</strong></span> <span class='ocrx_word' id='word_1_145' title='bbox 624 1008 756 1036; x_wconf 77' lang='lat' dir='ltr'><strong>ferentem</strong></span> <span class='ocrx_word' id='word_1_146' title='bbox 783 1007 920 1040; x_wconf 79' lang='lat' dir='ltr'><strong>habuerit,</strong></span> <span class='ocrx_word' id='word_1_147' title='bbox 944 1014 1007 1035; x_wconf 91' lang='lat' dir='ltr'><strong>cum</strong></span> 
     </span>
    </p>
   </div>
   <div class='ocr_carea' id='block_1_21' title="bbox 216 1052 1008 1091">
    <p class='ocr_par' dir='ltr' id='par_1_21' title="bbox 216 1052 1008 1091">
     <span class='ocr_line' id='line_1_21' title="bbox 216 1052 1008 1091; baseline -0.004 -8"><span class='ocrx_word' id='word_1_148' title='bbox 216 1063 313 1083; x_wconf 86' lang='lat' dir='ltr'><strong>omnes</strong></span> <span class='ocrx_word' id='word_1_149' title='bbox 325 1059 482 1091; x_wconf 80' lang='lat' dir='ltr'><strong>serpentum</strong></span> <span class='ocrx_word' id='word_1_150' title='bbox 495 1061 572 1082; x_wconf 89' lang='lat' dir='ltr'><strong>more</strong></span> <span class='ocrx_word' id='word_1_151' title='bbox 586 1054 613 1081; x_wconf 85' lang='lat' dir='ltr'><strong>in</strong></span> <span class='ocrx_word' id='word_1_152' title='bbox 628 1061 693 1081; x_wconf 85' lang='lat' dir='ltr'><strong>suas</strong></span> <span class='ocrx_word' id='word_1_153' title='bbox 706 1061 736 1082; x_wconf 89' lang='lat' dir='ltr'><strong>se</strong></span> <span class='ocrx_word' id='word_1_154' title='bbox 752 1053 871 1090; x_wconf 77' lang='lat' dir='ltr'><strong>latebras</strong></span> <span class='ocrx_word' id='word_1_155' title='bbox 885 1060 918 1080; x_wconf 91' lang='lat' dir='ltr'><strong>ac</strong></span> <span class='ocrx_word' id='word_1_156' title='bbox 933 1052 1008 1080; x_wconf 82' lang='lat' dir='ltr'><strong>lora-</strong></span> 
     </span>
    </p>
   </div>
   <div class='ocr_carea' id='block_1_22' title="bbox 215 1099 1012 1133">
    <p class='ocr_par' dir='ltr' id='par_1_22' title="bbox 215 1099 1012 1133">
     <span class='ocr_line' id='line_1_22' title="bbox 215 1099 1012 1133; baseline -0.004 -4"><span class='ocrx_word' id='word_1_157' title='bbox 215 1101 292 1129; x_wconf 81' lang='lat' dir='ltr'><strong>mina</strong></span> <span class='ocrx_word' id='word_1_158' title='bbox 300 1101 480 1133; x_wconf 71' lang='lat' dir='ltr'><strong>abdidissent,</strong></span> <span class='ocrx_word' id='word_1_159' title='bbox 490 1099 630 1128; x_wconf 80' lang='lat' dir='ltr'><strong>Michaelis</strong></span> <span class='ocrx_word' id='word_1_160' title='bbox 641 1107 706 1127; x_wconf 89' lang='lat' dir='ltr'><strong>vero</strong></span> <span class='ocrx_word' id='word_1_161' title='bbox 714 1099 869 1127; x_wconf 83' lang='lat' dir='ltr'><strong>interritum</strong></span> <span class='ocrx_word' id='word_1_162' title='bbox 879 1099 1012 1126; x_wconf 89' lang='lat' dir='ltr'><strong>adversus</strong></span> 
     </span>
    </p>
   </div>
   <div class='ocr_carea' id='block_1_23' title="bbox 213 1144 1011 1181">
    <p class='ocr_par' dir='ltr' id='par_1_23' title="bbox 213 1144 1011 1181">
     <span class='ocr_line' id='line_1_23' title="bbox 213 1144 1011 1181; baseline -0.004 -7"><span class='ocrx_word' id='word_1_163' title='bbox 213 1154 313 1174; x_wconf 87' lang='lat' dir='ltr'><strong>omnes</strong></span> <span class='ocrx_word' id='word_1_164' title='bbox 333 1150 534 1181; x_wconf 87' lang='lat' dir='ltr'><strong>cruentumque</strong></span> <span class='ocrx_word' id='word_1_165' title='bbox 556 1146 691 1178; x_wconf 85' lang='lat' dir='ltr'><strong>animum,</strong></span> <span class='ocrx_word' id='word_1_166' title='bbox 713 1153 774 1173; x_wconf 88' lang='lat' dir='ltr'><strong>cum</strong></span> <span class='ocrx_word' id='word_1_167' title='bbox 796 1153 849 1172; x_wconf 91' lang='lat' dir='ltr'><strong>non</strong></span> <span class='ocrx_word' id='word_1_168' title='bbox 868 1144 922 1180; x_wconf 58' lang='lat'><strong>52</strong></span> <span class='ocrx_word' id='word_1_169' title='bbox 939 1145 1011 1172; x_wconf 72' lang='lat' dir='ltr'><strong>velut</strong></span> 
     </span>
    </p>
   </div>
   <div class='ocr_carea' id='block_1_24' title="bbox 215 1191 1011 1229">
    <p class='ocr_par' dir='ltr' id='par_1_24' title="bbox 215 1191 1011 1229">
     <span class='ocr_line' id='line_1_24' title="bbox 215 1191 1011 1229; baseline -0.001 -9"><span class='ocrx_word' id='word_1_170' title='bbox 215 1192 338 1221; x_wconf 75' lang='lat' dir='ltr'><strong>carnifex</strong></span> <span class='ocrx_word' id='word_1_171' title='bbox 354 1192 441 1229; x_wconf 85' lang='lat' dir='ltr'><strong>(quod</strong></span> <span class='ocrx_word' id='word_1_172' title='bbox 463 1194 536 1220; x_wconf 89' lang='lat' dir='ltr'><strong>enim</strong></span> <span class='ocrx_word' id='word_1_173' title='bbox 554 1197 692 1225; x_wconf 81' lang='lat' dir='ltr'><strong>evenerat,</strong></span> <span class='ocrx_word' id='word_1_174' title='bbox 715 1192 814 1219; x_wconf 67' lang='lat' dir='ltr'><strong>divinm</strong></span> <span class='ocrx_word' id='word_1_175' title='bbox 832 1191 1011 1227; x_wconf 72' lang='lat' dir='ltr'><strong>providentite</strong></span> 
     </span>
    </p>
   </div>
   <div class='ocr_carea' id='block_1_25' title="bbox 215 1238 1011 1274">
    <p class='ocr_par' dir='ltr' id='par_1_25' title="bbox 215 1238 1011 1274">
     <span class='ocr_line' id='line_1_25' title="bbox 215 1238 1011 1274; baseline -0.003 -7"><span class='ocrx_word' id='word_1_176' title='bbox 215 1243 315 1267; x_wconf 82' lang='lat' dir='ltr'><strong>cuncta</strong></span> <span class='ocrx_word' id='word_1_177' title='bbox 330 1239 509 1274; x_wconf 90' lang='lat' dir='ltr'><strong>gubernantis</strong></span> <span class='ocrx_word' id='word_1_178' title='bbox 521 1239 689 1274; x_wconf 81' lang='lat' dir='ltr'><strong>exstiterat),</strong></span> <span class='ocrx_word' id='word_1_179' title='bbox 708 1238 756 1266; x_wconf 87' lang='lat' dir='ltr'><strong>sed</strong></span> <span class='ocrx_word' id='word_1_180' title='bbox 775 1242 908 1274; x_wconf 87' lang='lat' dir='ltr'><strong>tanquam</strong></span> <span class='ocrx_word' id='word_1_181' title='bbox 922 1239 1011 1266; x_wconf 81' lang='lat' dir='ltr'><strong>victor</strong></span> 
     </span>
    </p>
   </div>
   <div class='ocr_carea' id='block_1_26' title="bbox 215 1276 1010 1320">
    <p class='ocr_par' dir='ltr' id='par_1_26' title="bbox 215 1276 1010 1320">
     <span class='ocr_line' id='line_1_26' title="bbox 215 1276 1010 1320; baseline -0.001 -8"><span class='ocrx_word' id='word_1_182' title='bbox 215 1276 365 1313; x_wconf 75' lang='lat' dir='ltr'><strong>coronatus</strong></span> <span class='ocrx_word' id='word_1_183' title='bbox 379 1292 428 1319; x_wconf 89' lang='lat' dir='ltr'><strong>per</strong></span> <span class='ocrx_word' id='word_1_184' title='bbox 444 1285 561 1320; x_wconf 83' lang='lat' dir='ltr'><strong>plateam</strong></span> <span class='ocrx_word' id='word_1_185' title='bbox 575 1284 714 1317; x_wconf 80' lang='lat' dir='ltr'><strong>transiret,</strong></span> <span class='ocrx_word' id='word_1_186' title='bbox 731 1291 794 1311; x_wconf 87' lang='lat' dir='ltr'><strong>cum</strong></span> <span class='ocrx_word' id='word_1_187' title='bbox 812 1284 899 1319; x_wconf 87' lang='lat' dir='ltr'><strong>magis</strong></span> <span class='ocrx_word' id='word_1_188' title='bbox 911 1284 1010 1312; x_wconf 85' lang='lat' dir='ltr'><strong>erube-</strong></span> 
     </span>
    </p>
   </div>
   <div class='ocr_carea' id='block_1_27' title="bbox 216 1329 1010 1366">
    <p class='ocr_par' dir='ltr' id='par_1_27' title="bbox 216 1329 1010 1366">
     <span class='ocr_line' id='line_1_27' title="bbox 216 1329 1010 1366; baseline -0.004 -7"><span class='ocrx_word' id='word_1_189' title='bbox 216 1331 349 1359; x_wconf 83' lang='lat' dir='ltr'><strong>scendum</strong></span> <span class='ocrx_word' id='word_1_190' title='bbox 368 1330 575 1366; x_wconf 80' lang='lat' dir='ltr'><strong>lugendumque</strong></span> <span class='ocrx_word' id='word_1_191' title='bbox 599 1329 679 1363; x_wconf 82' lang='lat' dir='ltr'><strong>foret,</strong></span> <span class='ocrx_word' id='word_1_192' title='bbox 703 1338 756 1357; x_wconf 85' lang='lat' dir='ltr'><strong>non</strong></span> <span class='ocrx_word' id='word_1_193' title='bbox 774 1329 847 1365; x_wconf 88' lang='lat' dir='ltr'><strong>quod</strong></span> <span class='ocrx_word' id='word_1_194' title='bbox 863 1330 946 1364; x_wconf 88' lang='lat' dir='ltr'><strong>juste,</strong></span> <span class='ocrx_word' id='word_1_195' title='bbox 968 1329 1010 1356; x_wconf 81' lang='lat' dir='ltr'><strong>di-</strong></span> 
     </span>
    </p>
   </div>
   <div class='ocr_carea' id='block_1_28' title="bbox 215 1373 1010 1411">
    <p class='ocr_par' dir='ltr' id='par_1_28' title="bbox 215 1373 1010 1411">
     <span class='ocr_line' id='line_1_28' title="bbox 215 1373 1010 1411; baseline -0.004 -7"><span class='ocrx_word' id='word_1_196' title='bbox 215 1384 300 1411; x_wconf 81' lang='lat' dir='ltr'><strong>gnum</strong></span> <span class='ocrx_word' id='word_1_197' title='bbox 330 1375 378 1411; x_wconf 75' lang='lat' dir='ltr'><strong>qui</strong></span> <span class='ocrx_word' id='word_1_198' title='bbox 416 1376 626 1408; x_wconf 63' lang='lat' dir='ltr'><strong>climderetur,</strong></span> <span class='ocrx_word' id='word_1_199' title='bbox 667 1375 828 1410; x_wconf 75' lang='lat' dir='ltr'><strong>sanguinem</strong></span> <span class='ocrx_word' id='word_1_200' title='bbox 868 1373 1010 1402; x_wconf 79' lang='lat' dir='ltr'><strong>eil‘udisset</strong></span> 
     </span>
    </p>
   </div>
   <div class='ocr_carea' id='block_1_29' title="bbox 217 1420 1009 1458">
    <p class='ocr_par' dir='ltr' id='par_1_29' title="bbox 217 1420 1009 1458">
     <span class='ocr_line' id='line_1_29' title="bbox 217 1420 1009 1458; baseline -0.001 -9"><span class='ocrx_word' id='word_1_201' title='bbox 217 1422 387 1458; x_wconf 84' lang='lat' dir='ltr'><strong>(quanquam</strong></span> <span class='ocrx_word' id='word_1_202' title='bbox 406 1429 440 1450; x_wconf 86' lang='lat' dir='ltr'><strong>ne</strong></span> <span class='ocrx_word' id='word_1_203' title='bbox 459 1423 510 1450; x_wconf 90' lang='lat' dir='ltr'><strong>hoc</strong></span> <span class='ocrx_word' id='word_1_204' title='bbox 534 1422 643 1456; x_wconf 86' lang='lat' dir='ltr'><strong>quidem</strong></span> <span class='ocrx_word' id='word_1_205' title='bbox 665 1422 690 1448; x_wconf 89' lang='lat' dir='ltr'><strong>in</strong></span> <span class='ocrx_word' id='word_1_206' title='bbox 719 1421 752 1448; x_wconf 88' lang='lat' dir='ltr'><strong>iis</strong></span> <span class='ocrx_word' id='word_1_207' title='bbox 779 1420 932 1448; x_wconf 85' lang='lat' dir='ltr'><strong>habendum</strong></span> <span class='ocrx_word' id='word_1_208' title='bbox 947 1427 1009 1455; x_wconf 66' lang='lat' dir='ltr'><strong>quae</strong></span> 
     </span>
    </p>
   </div>
   <div class='ocr_carea' id='block_1_30' title="bbox 218 1465 1007 1502">
    <p class='ocr_par' dir='ltr' id='par_1_30' title="bbox 218 1465 1007 1502">
     <span class='ocr_line' id='line_1_30' title="bbox 218 1465 1007 1502; baseline 0 -9"><span class='ocrx_word' id='word_1_209' title='bbox 218 1468 325 1496; x_wconf 91' lang='lat' dir='ltr'><strong>laudem</strong></span> <span class='ocrx_word' id='word_1_210' title='bbox 344 1468 508 1502; x_wconf 81' lang='lat' dir='ltr'><strong>merentur),</strong></span> <span class='ocrx_word' id='word_1_211' title='bbox 524 1467 577 1495; x_wconf 88' lang='lat' dir='ltr'><strong>sed.</strong></span> <span class='ocrx_word' id='word_1_212' title='bbox 589 1467 661 1502; x_wconf 83' lang='lat' dir='ltr'><strong>quod</strong></span> <span class='ocrx_word' id='word_1_213' title='bbox 681 1475 734 1493; x_wconf 90' lang='lat' dir='ltr'><strong>non</strong></span> <span class='ocrx_word' id='word_1_214' title='bbox 752 1466 778 1493; x_wconf 87' lang='lat' dir='ltr'><strong>in</strong></span> <span class='ocrx_word' id='word_1_215' title='bbox 801 1466 917 1494; x_wconf 65' lang='lat' dir='ltr'><strong>caedium</strong></span> <span class='ocrx_word' id='word_1_216' title='bbox 934 1465 1007 1500; x_wconf 86' lang='lat' dir='ltr'><strong>loco,</strong></span> 
     </span>
    </p>
   </div>
   <div class='ocr_carea' id='block_1_31' title="bbox 1056 260 1848 299">
    <p class='ocr_par' dir='ltr' id='par_1_31' title="bbox 1056 260 1848 299">
     <span class='ocr_line' id='line_1_31' title="bbox 1056 260 1848 299; baseline -0.005 -8"><span class='ocrx_word' id='word_1_217' title='bbox 1056 263 1222 299; x_wconf 70' lang='grc' dir='ltr'><strong>ἀνενεχθεὶς,</strong></span> <span class='ocrx_word' id='word_1_218' title='bbox 1235 263 1275 289; x_wconf 77' lang='grc' dir='ltr'>ἔτι</span> <span class='ocrx_word' id='word_1_219' title='bbox 1289 263 1353 294; x_wconf 72' lang='grc' dir='ltr'>τοὺς</span> <span class='ocrx_word' id='word_1_220' title='bbox 1369 262 1453 293; x_wconf 79' lang='grc' dir='ltr'>πόδας</span> <span class='ocrx_word' id='word_1_221' title='bbox 1481 261 1583 297; x_wconf 80' lang='grc' dir='ltr'>σιδήρῳ</span> <span class='ocrx_word' id='word_1_222' title='bbox 1603 260 1764 295; x_wconf 76' lang='grc' dir='ltr'><strong>δεδεμένους</strong></span> <span class='ocrx_word' id='word_1_223' title='bbox 1779 260 1848 295; x_wconf 76' lang='grc' dir='ltr'>ἔχων</span> 
     </span>
    </p>
   </div>
   <div class='ocr_carea' id='block_1_32' title="bbox 1055 306 1850 345">
    <p class='ocr_par' dir='ltr' id='par_1_32' title="bbox 1055 306 1850 345">
     <span class='ocr_line' id='line_1_32' title="bbox 1055 306 1850 345; baseline -0.006 -8"><span class='ocrx_word' id='word_1_224' title='bbox 1055 310 1099 338; x_wconf 74' lang='grc' dir='ltr'><strong>διὰ</strong></span> <span class='ocrx_word' id='word_1_225' title='bbox 1118 310 1148 337; x_wconf 70' lang='grc' dir='ltr'>τὸ</span> <span class='ocrx_word' id='word_1_226' title='bbox 1172 309 1221 345; x_wconf 81' lang='grc' dir='ltr'>τὴν</span> <span class='ocrx_word' id='word_1_227' title='bbox 1243 309 1317 336; x_wconf 82' lang='grc' dir='ltr'><strong>κλεῖν</strong></span> <span class='ocrx_word' id='word_1_228' title='bbox 1343 308 1416 344; x_wconf 84' lang='grc' dir='ltr'>παρὰ</span> <span class='ocrx_word' id='word_1_229' title='bbox 1431 307 1478 334; x_wconf 78' lang='grc' dir='ltr'>τοῦ</span> <span class='ocrx_word' id='word_1_230' title='bbox 1504 307 1619 338; x_wconf 83' lang='grc' dir='ltr'>Λέοντος</span> <span class='ocrx_word' id='word_1_231' title='bbox 1646 306 1850 342; x_wconf 71' lang='grc' dir='ltr'><strong>φυλαττομένην</strong></span> 
     </span>
    </p>
   </div>
   <div class='ocr_carea' id='block_1_33' title="bbox 1057 353 1850 393">
    <p class='ocr_par' dir='ltr' id='par_1_33' title="bbox 1057 353 1850 393">
     <span class='ocr_line' id='line_1_33' title="bbox 1057 353 1850 393; baseline -0.006 -9"><span class='ocrx_word' id='word_1_232' title='bbox 1057 357 1209 393; x_wconf 80' lang='grc' dir='ltr'>ἀσφαλείας</span> <span class='ocrx_word' id='word_1_233' title='bbox 1224 357 1319 383; x_wconf 73' lang='grc' dir='ltr'>ἕνεκεν</span> <span class='ocrx_word' id='word_1_234' title='bbox 1331 355 1400 387; x_wconf 72' lang='grc' dir='ltr'>τέως</span> <span class='ocrx_word' id='word_1_235' title='bbox 1417 353 1487 381; x_wconf 79' lang='grc' dir='ltr'>εῖναι</span> <span class='ocrx_word' id='word_1_236' title='bbox 1506 353 1609 388; x_wconf 71' lang='grc' dir='ltr'>ἀφανῆ,</span> <span class='ocrx_word' id='word_1_237' title='bbox 1628 353 1675 379; x_wconf 77' lang='grc' dir='ltr'>ἐπὶ</span> <span class='ocrx_word' id='word_1_238' title='bbox 1696 353 1742 379; x_wconf 74' lang='grc' dir='ltr'><strong>τὸν</strong></span> <span class='ocrx_word' id='word_1_239' title='bbox 1771 353 1850 389; x_wconf 75' lang='grc' dir='ltr'>βασί-</span> 
     </span>
    </p>
   </div>
   <div class='ocr_carea' id='block_1_34' title="bbox 1056 399 1848 438">
    <p class='ocr_par' dir='ltr' id='par_1_34' title="bbox 1056 399 1848 438">
     <span class='ocr_line' id='line_1_34' title="bbox 1056 399 1848 438; baseline -0.006 -8"><span class='ocrx_word' id='word_1_240' title='bbox 1056 404 1128 430; x_wconf 88' lang='grc' dir='ltr'>λειον</span> <span class='ocrx_word' id='word_1_241' title='bbox 1142 402 1268 430; x_wconf 66' lang='grc' dir='ltr'>ἐκάθισεν</span> <span class='ocrx_word' id='word_1_242' title='bbox 1279 402 1385 438; x_wconf 71' lang='grc' dir='ltr'>θρόνον,</span> <span class='ocrx_word' id='word_1_243' title='bbox 1399 401 1442 437; x_wconf 86' lang='grc' dir='ltr'><strong>[Ρ.</strong></span> <span class='ocrx_word' id='word_1_244' title='bbox 1458 400 1506 437; x_wconf 69' lang='grc'><strong>27]</strong></span> <span class='ocrx_word' id='word_1_245' title='bbox 1518 400 1565 426; x_wconf 70' lang='grc' dir='ltr'>καὶ</span> <span class='ocrx_word' id='word_1_246' title='bbox 1575 399 1650 435; x_wconf 79' lang='grc' dir='ltr'>παρὰ</span> <span class='ocrx_word' id='word_1_247' title='bbox 1671 399 1781 426; x_wconf 77' lang='grc' dir='ltr'>πάντων</span> <span class='ocrx_word' id='word_1_248' title='bbox 1792 399 1848 426; x_wconf 77' lang='grc' dir='ltr'><strong>τῶν</strong></span> 
     </span>
    </p>
   </div>
   <div class='ocr_carea' id='block_1_35' title="bbox 1056 445 1851 483">
    <p class='ocr_par' dir='ltr' id='par_1_35' title="bbox 1056 445 1851 483">
     <span class='ocr_line' id='line_1_35' title="bbox 1056 445 1851 483; baseline -0.005 -6"><span class='ocrx_word' id='word_1_249' title='bbox 1056 451 1125 481; x_wconf 79' lang='grc' dir='ltr'>τέως</span> <span class='ocrx_word' id='word_1_250' title='bbox 1144 449 1229 476; x_wconf 71' lang='grc' dir='ltr'>ὀντων</span> <span class='ocrx_word' id='word_1_251' title='bbox 1240 450 1269 476; x_wconf 79' lang='grc' dir='ltr'>ὲν</span> <span class='ocrx_word' id='word_1_252' title='bbox 1283 448 1322 483; x_wconf 85' lang='grc' dir='ltr'>τῷ</span> <span class='ocrx_word' id='word_1_253' title='bbox 1347 447 1473 482; x_wconf 85' lang='grc' dir='ltr'>παλατίῳ</span> <span class='ocrx_word' id='word_1_254' title='bbox 1495 445 1686 482; x_wconf 78' lang='grc' dir='ltr'>προσεκυνήθη</span> <span class='ocrx_word' id='word_1_255' title='bbox 1712 446 1851 481; x_wconf 79' lang='grc' dir='ltr'>αὐτοκρὰ-</span> 
     </span>
    </p>
   </div>
   <div class='ocr_carea' id='block_1_36' title="bbox 1057 492 1852 531">
    <p class='ocr_par' dir='ltr' id='par_1_36' title="bbox 1057 492 1852 531">
     <span class='ocr_line' id='line_1_36' title="bbox 1057 492 1852 531; baseline -0.008 -8"><span class='ocrx_word' id='word_1_256' title='bbox 1057 505 1116 531; x_wconf 85' lang='grc' dir='ltr'><strong>τωρ</strong></span> <span class='ocrx_word' id='word_1_257' title='bbox 1132 494 1336 530; x_wconf 80' lang='grc' dir='ltr'>ἀναγορευθείς.</span> <span class='ocrx_word' id='word_1_258' title='bbox 1363 494 1434 529; x_wconf 87' lang='grc' dir='ltr'><strong>Ἤδη</strong></span> <span class='ocrx_word' id='word_1_259' title='bbox 1461 493 1488 520; x_wconf 83' lang='grc' dir='ltr'>δὲ</span> <span class='ocrx_word' id='word_1_260' title='bbox 1519 493 1656 528; x_wconf 81' lang='grc' dir='ltr'><strong>μεσούσης</strong></span> <span class='ocrx_word' id='word_1_261' title='bbox 1672 492 1781 528; x_wconf 72' lang='grc' dir='ltr'>ἡμέρας</span> <span class='ocrx_word' id='word_1_262' title='bbox 1801 492 1852 527; x_wconf 74' lang='grc' dir='ltr'>τῆς</span> 
     </span>
    </p>
   </div>
   <div class='ocr_carea' id='block_1_37' title="bbox 1059 539 1852 580">
    <p class='ocr_par' dir='ltr' id='par_1_37' title="bbox 1059 539 1852 580">
     <span class='ocr_line' id='line_1_37' title="bbox 1059 539 1852 580; baseline -0.008 -9"><span class='ocrx_word' id='word_1_263' title='bbox 1059 544 1154 580; x_wconf 82' lang='grc' dir='ltr'><strong>φήμης</strong></span> <span class='ocrx_word' id='word_1_264' title='bbox 1170 542 1310 579; x_wconf 81' lang='grc' dir='ltr'><strong>πανταχοῦ</strong></span> <span class='ocrx_word' id='word_1_265' title='bbox 1326 540 1539 578; x_wconf 77' lang='grc' dir='ltr'><strong>διαδραμούσης,</strong></span> <span class='ocrx_word' id='word_1_266' title='bbox 1558 540 1611 567; x_wconf 83' lang='grc' dir='ltr'><strong>τῶν</strong></span> <span class='ocrx_word' id='word_1_267' title='bbox 1629 540 1738 574; x_wconf 79' lang='grc' dir='ltr'>δεσμῶν</span> <span class='ocrx_word' id='word_1_268' title='bbox 1757 539 1852 576; x_wconf 54' lang='lat' dir='ltr'><strong>«eam</strong></span> 
     </span>
    </p>
   </div>
   <div class='ocr_carea' id='block_1_38' title="bbox 1059 587 1854 626">
    <p class='ocr_par' dir='ltr' id='par_1_38' title="bbox 1059 587 1854 626">
     <span class='ocr_line' id='line_1_38' title="bbox 1059 587 1854 626; baseline -0.006 -8"><span class='ocrx_word' id='word_1_269' title='bbox 1059 590 1230 618; x_wconf 81' lang='grc' dir='ltr'>θλασθέντων</span> <span class='ocrx_word' id='word_1_270' title='bbox 1250 589 1336 626; x_wconf 84' lang='grc' dir='ltr'>μόλις,</span> <span class='ocrx_word' id='word_1_271' title='bbox 1355 588 1385 616; x_wconf 82' lang='grc' dir='ltr'>οὐ</span> <span class='ocrx_word' id='word_1_272' title='bbox 1407 590 1503 625; x_wconf 80' lang='grc' dir='ltr'>χεῖρας</span> <span class='ocrx_word' id='word_1_273' title='bbox 1530 587 1745 622; x_wconf 75' lang='grc' dir='ltr'><strong>ἀπονιψάμενος,</strong></span> <span class='ocrx_word' id='word_1_274' title='bbox 1761 587 1791 614; x_wconf 82' lang='grc' dir='ltr'>οὺ</span> <span class='ocrx_word' id='word_1_275' title='bbox 1806 587 1854 614; x_wconf 68' lang='grc' dir='ltr'>τὸν</span> 
     </span>
    </p>
   </div>
   <div class='ocr_carea' id='block_1_39' title="bbox 1059 634 1853 672">
    <p class='ocr_par' dir='ltr' id='par_1_39' title="bbox 1059 634 1853 672">
     <span class='ocr_line' id='line_1_39' title="bbox 1059 634 1853 672; baseline -0.006 -7"><span class='ocrx_word' id='word_1_276' title='bbox 1059 638 1130 665; x_wconf 85' lang='grc' dir='ltr'>θεῖον</span> <span class='ocrx_word' id='word_1_277' title='bbox 1145 637 1232 672; x_wconf 78' lang='grc' dir='ltr'>φόὸον</span> <span class='ocrx_word' id='word_1_278' title='bbox 1240 636 1311 664; x_wconf 84' lang='grc' dir='ltr'>κατὰ</span> <span class='ocrx_word' id='word_1_279' title='bbox 1327 635 1391 663; x_wconf 77' lang='grc' dir='ltr'>νοῦν</span> <span class='ocrx_word' id='word_1_280' title='bbox 1408 634 1539 670; x_wconf 74' lang='grc' dir='ltr'>εἰληφὼς,</span> <span class='ocrx_word' id='word_1_281' title='bbox 1557 634 1608 665; x_wconf 79' lang='grc' dir='ltr'>οὐκ</span> <span class='ocrx_word' id='word_1_282' title='bbox 1624 634 1688 662; x_wconf 77' lang='grc' dir='ltr'>ἄλλο</span> <span class='ocrx_word' id='word_1_283' title='bbox 1706 634 1783 660; x_wconf 76' lang='grc' dir='ltr'>οὐδὲν</span> <span class='ocrx_word' id='word_1_284' title='bbox 1796 634 1853 660; x_wconf 86' lang='grc' dir='ltr'><strong>τῶν</strong></span> 
     </span>
    </p>
   </div>
   <div class='ocr_carea' id='block_1_40' title="bbox 1058 680 1859 719">
    <p class='ocr_par' dir='ltr' id='par_1_40' title="bbox 1058 680 1859 719">
     <span class='ocr_line' id='line_1_40' title="bbox 1058 680 1859 719; baseline -0.007 -7"><span class='ocrx_word' id='word_1_285' title='bbox 1058 685 1174 712; x_wconf 81' lang='grc' dir='ltr'><strong>δεόντων</strong></span> <span class='ocrx_word' id='word_1_286' title='bbox 1204 684 1332 719; x_wconf 76' lang='grc' dir='ltr'><strong>ποιήσας,</strong></span> <span class='ocrx_word' id='word_1_287' title='bbox 1351 682 1419 718; x_wconf 71' lang='grc' dir='ltr'>πρὸς</span> <span class='ocrx_word' id='word_1_288' title='bbox 1438 682 1484 708; x_wconf 75' lang='grc' dir='ltr'>τὸν</span> <span class='ocrx_word' id='word_1_289' title='bbox 1505 681 1577 708; x_wconf 79' lang='grc' dir='ltr'>θεῖον</span> <span class='ocrx_word' id='word_1_290' title='bbox 1597 680 1644 708; x_wconf 75' lang='grc' dir='ltr'>καὶ</span> <span class='ocrx_word' id='word_1_291' title='bbox 1677 680 1764 716; x_wconf 77' lang='grc' dir='ltr'>μέγαν</span> <span class='ocrx_word' id='word_1_292' title='bbox 1789 680 1859 707; x_wconf 64' lang='lat' dir='ltr'><strong>verba.</strong></span> 
     </span>
    </p>
   </div>
   <div class='ocr_carea' id='block_1_41' title="bbox 1059 727 1853 767">
    <p class='ocr_par' dir='ltr' id='par_1_41' title="bbox 1059 727 1853 767">
     <span class='ocr_line' id='line_1_41' title="bbox 1059 727 1853 767; baseline -0.006 -9"><span class='ocrx_word' id='word_1_293' title='bbox 1059 730 1241 767; x_wconf 77' lang='grc' dir='ltr'><strong>προελήλυθεν</strong></span> <span class='ocrx_word' id='word_1_294' title='bbox 1255 729 1304 756; x_wconf 82' lang='grc' dir='ltr'>τοῦ</span> <span class='ocrx_word' id='word_1_295' title='bbox 1325 729 1441 764; x_wconf 78' lang='grc' dir='ltr'>στέφους</span> <span class='ocrx_word' id='word_1_296' title='bbox 1453 728 1485 755; x_wconf 81' lang='grc' dir='ltr'>ἐκ</span> <span class='ocrx_word' id='word_1_297' title='bbox 1504 728 1554 763; x_wconf 85' lang='grc' dir='ltr'>τῆς</span> <span class='ocrx_word' id='word_1_298' title='bbox 1578 727 1782 762; x_wconf 72' lang='grc' dir='ltr'>πατριαρχικῆς</span> <span class='ocrx_word' id='word_1_299' title='bbox 1797 735 1853 762; x_wconf 85' lang='grc' dir='ltr'>χει-</span> 
     </span>
    </p>
   </div>
   <div class='ocr_carea' id='block_1_42' title="bbox 1061 773 1858 812">
    <p class='ocr_par' dir='ltr' id='par_1_42' title="bbox 1061 773 1858 812">
     <span class='ocr_line' id='line_1_42' title="bbox 1061 773 1858 812; baseline -0.006 -8"><span class='ocrx_word' id='word_1_300' title='bbox 1061 777 1107 812; x_wconf 73' lang='grc' dir='ltr'>ρὸς</span> <span class='ocrx_word' id='word_1_301' title='bbox 1121 777 1167 804; x_wconf 80' lang='grc' dir='ltr'><strong>καὶ</strong></span> <span class='ocrx_word' id='word_1_302' title='bbox 1179 776 1230 812; x_wconf 84' lang='grc' dir='ltr'>τῆς</span> <span class='ocrx_word' id='word_1_303' title='bbox 1243 775 1384 811; x_wconf 73' lang='grc' dir='ltr'>πανδήμου</span> <span class='ocrx_word' id='word_1_304' title='bbox 1399 775 1492 809; x_wconf 84' lang='grc' dir='ltr'>τυχεῖν</span> <span class='ocrx_word' id='word_1_305' title='bbox 1504 773 1647 808; x_wconf 73' lang='grc' dir='ltr'>ἐπιθυμῶν</span> <span class='ocrx_word' id='word_1_306' title='bbox 1662 773 1858 809; x_wconf 67' lang='grc' dir='ltr'>ἀναρρήσεως,</span> 
     </span>
    </p>
   </div>
   <div class='ocr_carea' id='block_1_43' title="bbox 1061 819 1855 858">
    <p class='ocr_par' dir='ltr' id='par_1_43' title="bbox 1061 819 1855 858">
     <span class='ocr_line' id='line_1_43' title="bbox 1061 819 1855 858; baseline -0.006 -8"><span class='ocrx_word' id='word_1_307' title='bbox 1061 823 1183 855; x_wconf 70' lang='grc' dir='ltr'>ἐκείνους</span> <span class='ocrx_word' id='word_1_308' title='bbox 1201 822 1299 858; x_wconf 79' lang='grc' dir='ltr'>μόνους</span> <span class='ocrx_word' id='word_1_309' title='bbox 1324 820 1453 858; x_wconf 79' lang='grc' dir='ltr'>φραγμὸν</span> <span class='ocrx_word' id='word_1_310' title='bbox 1470 820 1517 848; x_wconf 79' lang='grc' dir='ltr'><strong>καὶ</strong></span> <span class='ocrx_word' id='word_1_311' title='bbox 1532 820 1758 856; x_wconf 77' lang='grc' dir='ltr'>περιχαράκωμα</span> <span class='ocrx_word' id='word_1_312' title='bbox 1782 819 1855 854; x_wconf 73' lang='grc' dir='ltr'>ἔχων</span> 
     </span>
    </p>
   </div>
   <div class='ocr_carea' id='block_1_44' title="bbox 1061 865 1854 904">
    <p class='ocr_par' dir='ltr' id='par_1_44' title="bbox 1061 865 1854 904">
     <span class='ocr_line' id='line_1_44' title="bbox 1061 865 1854 904; baseline -0.006 -7"><span class='ocrx_word' id='word_1_313' title='bbox 1061 870 1124 901; x_wconf 76' lang='grc' dir='ltr'>τοὺς</span> <span class='ocrx_word' id='word_1_314' title='bbox 1138 871 1185 897; x_wconf 83' lang='grc' dir='ltr'><strong>τοῦ</strong></span> <span class='ocrx_word' id='word_1_315' title='bbox 1210 869 1291 904; x_wconf 79' lang='grc' dir='ltr'>φόνου</span> <span class='ocrx_word' id='word_1_316' title='bbox 1321 867 1526 904; x_wconf 69' lang='grc' dir='ltr'>μετεσχηκότας</span> <span class='ocrx_word' id='word_1_317' title='bbox 1543 867 1590 893; x_wconf 69' lang='grc' dir='ltr'>καὶ</span> <span class='ocrx_word' id='word_1_318' title='bbox 1620 865 1854 901; x_wconf 75' lang='grc' dir='ltr'>συνομωμοκότας</span> 
     </span>
    </p>
   </div>
   <div class='ocr_carea' id='block_1_45' title="bbox 1027 901 1854 952">
    <p class='ocr_par' dir='ltr' id='par_1_45' title="bbox 1027 901 1854 952">
     <span class='ocr_line' id='line_1_45' title="bbox 1027 901 1854 952; baseline -0.006 -9"><span class='ocrx_word' id='word_1_319' title='bbox 1027 901 1047 928; x_wconf 71' lang='grc' dir='ltr'>Β</span> <span class='ocrx_word' id='word_1_320' title='bbox 1063 915 1149 952; x_wconf 83' lang='grc' dir='ltr'>αὐτῷ.</span> <span class='ocrx_word' id='word_1_321' title='bbox 1166 901 1252 942; x_wconf 50' lang='grc' dir='ltr'>Ἔνθα</span> <span class='ocrx_word' id='word_1_322' title='bbox 1265 915 1311 942; x_wconf 88' lang='grc' dir='ltr'><strong>καί</strong></span> <span class='ocrx_word' id='word_1_323' title='bbox 1322 901 1366 946; x_wconf 74' lang='grc' dir='ltr'><strong>τις</strong></span> <span class='ocrx_word' id='word_1_324' title='bbox 1379 901 1543 948; x_wconf 55' lang='grc' dir='ltr'>ἀμφοτέρων</span> <span class='ocrx_word' id='word_1_325' title='bbox 1569 911 1735 947; x_wconf 73' lang='grc' dir='ltr'>Θαυμάσειεν</span> <span class='ocrx_word' id='word_1_326' title='bbox 1757 911 1787 938; x_wconf 73' lang='grc' dir='ltr'>ἰδ</span> <span class='ocrx_word' id='word_1_327' title='bbox 1802 920 1854 938; x_wconf 82' lang='grc' dir='ltr'>κα-</span> 
     </span>
    </p>
   </div>
   <div class='ocr_carea' id='block_1_46' title="bbox 1063 957 1841 998">
    <p class='ocr_par' dir='ltr' id='par_1_46' title="bbox 1063 957 1841 998">
     <span class='ocr_line' id='line_1_46' title="bbox 1063 957 1841 998; baseline -0.006 -8"><span class='ocrx_word' id='word_1_328' title='bbox 1063 964 1217 998; x_wconf 84' lang='grc' dir='ltr'>κόγνωμον,</span> <span class='ocrx_word' id='word_1_329' title='bbox 1229 962 1276 989; x_wconf 78' lang='grc' dir='ltr'>τοῦ</span> <span class='ocrx_word' id='word_1_330' title='bbox 1292 961 1341 998; x_wconf 77' lang='grc' dir='ltr'>μὲν</span> <span class='ocrx_word' id='word_1_331' title='bbox 1356 962 1429 992; x_wconf 83' lang='grc' dir='ltr'>ὅπως</span> <span class='ocrx_word' id='word_1_332' title='bbox 1446 960 1541 987; x_wconf 77' lang='grc' dir='ltr'>οὐδένα</span> <span class='ocrx_word' id='word_1_333' title='bbox 1565 957 1623 994; x_wconf 78' lang='grc' dir='ltr'>εἶχε</span> <span class='ocrx_word' id='word_1_334' title='bbox 1648 958 1703 985; x_wconf 87' lang='grc' dir='ltr'><strong>τῶν</strong></span> <span class='ocrx_word' id='word_1_335' title='bbox 1725 958 1841 994; x_wconf 79' lang='grc' dir='ltr'>τηλικοῦ</span> 
     </span>
    </p>
   </div>
   <div class='ocr_carea' id='block_1_47' title="bbox 1062 1003 1842 1042">
    <p class='ocr_par' dir='ltr' id='par_1_47' title="bbox 1062 1003 1842 1042">
     <span class='ocr_line' id='line_1_47' title="bbox 1062 1003 1842 1042; baseline -0.008 -6"><span class='ocrx_word' id='word_1_336' title='bbox 1062 1017 1117 1036; x_wconf 84' lang='grc' dir='ltr'><strong>των</strong></span> <span class='ocrx_word' id='word_1_337' title='bbox 1137 1008 1262 1036; x_wconf 85' lang='grc' dir='ltr'>κολάκων</span> <span class='ocrx_word' id='word_1_338' title='bbox 1282 1008 1329 1034; x_wconf 68' lang='grc' dir='ltr'>καὶ</span> <span class='ocrx_word' id='word_1_339' title='bbox 1349 1006 1500 1042; x_wconf 79' lang='grc' dir='ltr'>φιλούντων</span> <span class='ocrx_word' id='word_1_340' title='bbox 1526 1005 1588 1032; x_wconf 83' lang='grc' dir='ltr'>τότε</span> <span class='ocrx_word' id='word_1_341' title='bbox 1613 1004 1644 1040; x_wconf 81' lang='grc' dir='ltr'>δὴ</span> <span class='ocrx_word' id='word_1_342' title='bbox 1662 1003 1770 1040; x_wconf 66' lang='grc' dir='ltr'>βοηθὸν,</span> <span class='ocrx_word' id='word_1_343' title='bbox 1787 1003 1842 1031; x_wconf 82' lang='grc' dir='ltr'>πάν</span> 
     </span>
    </p>
   </div>
   <div class='ocr_carea' id='block_1_48' title="bbox 1061 1051 1854 1090">
    <p class='ocr_par' dir='ltr' id='par_1_48' title="bbox 1061 1051 1854 1090">
     <span class='ocr_line' id='line_1_48' title="bbox 1061 1051 1854 1090; baseline -0.008 -8"><span class='ocrx_word' id='word_1_344' title='bbox 1061 1064 1116 1082; x_wconf 90' lang='grc' dir='ltr'><strong>των</strong></span> <span class='ocrx_word' id='word_1_345' title='bbox 1139 1055 1234 1090; x_wconf 83' lang='grc' dir='ltr'>ῶσπερ</span> <span class='ocrx_word' id='word_1_346' title='bbox 1257 1053 1381 1090; x_wconf 78' lang='grc' dir='ltr'>ἑρπετῶν</span> <span class='ocrx_word' id='word_1_347' title='bbox 1409 1054 1449 1085; x_wconf 85' lang='grc' dir='ltr'><strong>εἰς</strong></span> <span class='ocrx_word' id='word_1_348' title='bbox 1464 1051 1628 1083; x_wconf 83' lang='grc' dir='ltr'>καταδύσεις</span> <span class='ocrx_word' id='word_1_349' title='bbox 1659 1051 1854 1086; x_wconf 68' lang='grc' dir='ltr'><strong>χωρησάντωνιΙ</strong></span> 
     </span>
    </p>
   </div>
   <div class='ocr_carea' id='block_1_49' title="bbox 1061 1099 1849 1137">
    <p class='ocr_par' dir='ltr' id='par_1_49' title="bbox 1061 1099 1849 1137">
     <span class='ocr_line' id='line_1_49' title="bbox 1061 1099 1849 1137; baseline -0.004 -9"><span class='ocrx_word' id='word_1_350' title='bbox 1061 1101 1109 1128; x_wconf 79' lang='grc' dir='ltr'><strong>τοῦ</strong></span> <span class='ocrx_word' id='word_1_351' title='bbox 1123 1100 1250 1136; x_wconf 81' lang='grc' dir='ltr'>δευτέρου</span> <span class='ocrx_word' id='word_1_352' title='bbox 1263 1101 1291 1128; x_wconf 78' lang='grc' dir='ltr'>δὲ</span> <span class='ocrx_word' id='word_1_353' title='bbox 1304 1100 1335 1128; x_wconf 84' lang='grc' dir='ltr'><strong>τὺ</strong></span> <span class='ocrx_word' id='word_1_354' title='bbox 1350 1100 1419 1137; x_wconf 79' lang='grc' dir='ltr'>πρὸς</span> <span class='ocrx_word' id='word_1_355' title='bbox 1435 1100 1541 1133; x_wconf 79' lang='grc' dir='ltr'>πάντας</span> <span class='ocrx_word' id='word_1_356' title='bbox 1559 1099 1661 1135; x_wconf 76' lang='grc' dir='ltr'>ἄφοδον</span> <span class='ocrx_word' id='word_1_357' title='bbox 1676 1099 1724 1126; x_wconf 75' lang='grc' dir='ltr'>καὶ</span> <span class='ocrx_word' id='word_1_358' title='bbox 1739 1100 1849 1135; x_wconf 63' lang='grc' dir='ltr'>αίμοχαι</span> 
     </span>
    </p>
   </div>
   <div class='ocr_carea' id='block_1_50' title="bbox 1064 1144 1850 1184">
    <p class='ocr_par' dir='ltr' id='par_1_50' title="bbox 1064 1144 1850 1184">
     <span class='ocr_line' id='line_1_50' title="bbox 1064 1144 1850 1184; baseline -0.004 -10"><span class='ocrx_word' id='word_1_359' title='bbox 1064 1148 1119 1183; x_wconf 72' lang='grc' dir='ltr'>ρὲς,</span> <span class='ocrx_word' id='word_1_360' title='bbox 1134 1145 1174 1178; x_wconf 70' lang='grc' dir='ltr'>οἷς</span> <span class='ocrx_word' id='word_1_361' title='bbox 1185 1147 1279 1184; x_wconf 86' lang='grc' dir='ltr'>ὥσπερ</span> <span class='ocrx_word' id='word_1_362' title='bbox 1300 1155 1342 1179; x_wconf 87' lang='grc' dir='ltr'><strong>τις</strong></span> <span class='ocrx_word' id='word_1_363' title='bbox 1355 1146 1409 1174; x_wconf 74' lang='grc' dir='ltr'><strong>ἀπὸ</strong></span> <span class='ocrx_word' id='word_1_364' title='bbox 1429 1148 1507 1183; x_wconf 80' lang='grc' dir='ltr'>νίκης</span> <span class='ocrx_word' id='word_1_365' title='bbox 1536 1146 1686 1182; x_wconf 81' lang='grc' dir='ltr'>ἀθλοφόρος</span> <span class='ocrx_word' id='word_1_366' title='bbox 1707 1144 1850 1181; x_wconf 69' lang='grc' dir='ltr'>ὲπανερχδ</span> 
     </span>
    </p>
   </div>
   <div class='ocr_carea' id='block_1_51' title="bbox 1063 1192 1854 1228">
    <p class='ocr_par' dir='ltr' id='par_1_51' title="bbox 1063 1192 1854 1228">
     <span class='ocr_line' id='line_1_51' title="bbox 1063 1192 1854 1228; baseline -0.003 -9"><span class='ocrx_word' id='word_1_367' title='bbox 1063 1201 1143 1228; x_wconf 85' lang='grc' dir='ltr'>μενος</span> <span class='ocrx_word' id='word_1_368' title='bbox 1153 1213 1160 1225; x_wconf 85' lang='grc'><strong>,</strong></span> <span class='ocrx_word' id='word_1_369' title='bbox 1175 1192 1234 1219; x_wconf 80' lang='grc' dir='ltr'>ἀλλ’</span> <span class='ocrx_word' id='word_1_370' title='bbox 1254 1193 1283 1219; x_wconf 77' lang='grc' dir='ltr'>οὐ</span> <span class='ocrx_word' id='word_1_371' title='bbox 1301 1193 1398 1228; x_wconf 82' lang='grc' dir='ltr'>δήμιος</span> <span class='ocrx_word' id='word_1_372' title='bbox 1416 1192 1506 1228; x_wconf 77' lang='grc' dir='ltr'>(τοῦτο</span> <span class='ocrx_word' id='word_1_373' title='bbox 1517 1193 1571 1227; x_wconf 80' lang='grc' dir='ltr'>γὰρ</span> <span class='ocrx_word' id='word_1_374' title='bbox 1590 1193 1643 1219; x_wconf 78' lang='grc' dir='ltr'><strong>ὑπὸ</strong></span> <span class='ocrx_word' id='word_1_375' title='bbox 1656 1193 1705 1227; x_wconf 86' lang='grc' dir='ltr'>τῆς</span> <span class='ocrx_word' id='word_1_376' title='bbox 1721 1192 1756 1218; x_wconf 84' lang='grc' dir='ltr'><strong>τὰ</strong></span> <span class='ocrx_word' id='word_1_377' title='bbox 1768 1192 1854 1218; x_wconf 84' lang='grc' dir='ltr'>πάντα</span> 
     </span>
    </p>
   </div>
   <div class='ocr_carea' id='block_1_52' title="bbox 1061 1236 1851 1272">
    <p class='ocr_par' dir='ltr' id='par_1_52' title="bbox 1061 1236 1851 1272">
     <span class='ocr_line' id='line_1_52' title="bbox 1061 1236 1851 1272; baseline -0.001 -9"><span class='ocrx_word' id='word_1_378' title='bbox 1061 1236 1215 1271; x_wconf 82' lang='grc' dir='ltr'>διοικοΰσης</span> <span class='ocrx_word' id='word_1_379' title='bbox 1223 1237 1356 1272; x_wconf 78' lang='grc' dir='ltr'>Προνοίας</span> <span class='ocrx_word' id='word_1_380' title='bbox 1369 1237 1489 1272; x_wconf 76' lang='grc' dir='ltr'>ἐγένετο)</span> <span class='ocrx_word' id='word_1_381' title='bbox 1497 1237 1623 1272; x_wconf 79' lang='grc' dir='ltr'>κατὰτὴν</span> <span class='ocrx_word' id='word_1_382' title='bbox 1636 1237 1764 1264; x_wconf 79' lang='grc' dir='ltr'>πλατεῖαν</span> <span class='ocrx_word' id='word_1_383' title='bbox 1779 1236 1851 1272; x_wconf 87' lang='grc' dir='ltr'>διήρ-</span> 
     </span>
    </p>
   </div>
   <div class='ocr_carea' id='block_1_53' title="bbox 1062 1279 1853 1319">
    <p class='ocr_par' dir='ltr' id='par_1_53' title="bbox 1062 1279 1853 1319">
     <span class='ocr_line' id='line_1_53' title="bbox 1062 1279 1853 1319; baseline -0.001 -10"><span class='ocrx_word' id='word_1_384' title='bbox 1062 1291 1124 1318; x_wconf 82' lang='grc' dir='ltr'>χετο</span> <span class='ocrx_word' id='word_1_385' title='bbox 1140 1283 1199 1309; x_wconf 80' lang='grc' dir='ltr'>δέον</span> <span class='ocrx_word' id='word_1_386' title='bbox 1214 1282 1435 1317; x_wconf 80' lang='grc' dir='ltr'>ὲγκαλύπτεσθαι</span> <span class='ocrx_word' id='word_1_387' title='bbox 1456 1282 1503 1310; x_wconf 68' lang='grc' dir='ltr'>καὶ</span> <span class='ocrx_word' id='word_1_388' title='bbox 1537 1283 1658 1319; x_wconf 81' lang='grc' dir='ltr'>Θρηνεῖν,</span> <span class='ocrx_word' id='word_1_389' title='bbox 1680 1283 1729 1309; x_wconf 75' lang='grc' dir='ltr'>οὐκ</span> <span class='ocrx_word' id='word_1_390' title='bbox 1755 1283 1796 1316; x_wconf 75' lang='grc' dir='ltr'><strong>ἐφ’</strong></span> <span class='ocrx_word' id='word_1_391' title='bbox 1813 1279 1853 1314; x_wconf 76' lang='grc' dir='ltr'>οἷς</span> 
     </span>
    </p>
   </div>
   <div class='ocr_carea' id='block_1_54' title="bbox 1061 1326 1858 1366">
    <p class='ocr_par' dir='ltr' id='par_1_54' title="bbox 1061 1326 1858 1366">
     <span class='ocr_line' id='line_1_54' title="bbox 1061 1326 1858 1366; baseline -0.004 -10"><span class='ocrx_word' id='word_1_392' title='bbox 1061 1330 1136 1363; x_wconf 75' lang='grc' dir='ltr'>ἄξιον</span> <span class='ocrx_word' id='word_1_393' title='bbox 1150 1326 1220 1366; x_wconf 73' lang='grc' dir='ltr'>αἷμα</span> <span class='ocrx_word' id='word_1_394' title='bbox 1243 1329 1357 1362; x_wconf 84' lang='grc' dir='ltr'>δικαίως</span> <span class='ocrx_word' id='word_1_395' title='bbox 1380 1329 1488 1365; x_wconf 72' lang='grc' dir='ltr'>ἐξέχεεν</span> <span class='ocrx_word' id='word_1_396' title='bbox 1513 1329 1572 1363; x_wconf 78' lang='grc' dir='ltr'>(καί</span> <span class='ocrx_word' id='word_1_397' title='bbox 1591 1329 1632 1356; x_wconf 87' lang='grc' dir='ltr'><strong>τοί</strong></span> <span class='ocrx_word' id='word_1_398' title='bbox 1646 1337 1677 1363; x_wconf 89' lang='grc' dir='ltr'><strong>γε</strong></span> <span class='ocrx_word' id='word_1_399' title='bbox 1693 1328 1755 1355; x_wconf 71' lang='grc' dir='ltr'>οὐδὲ</span> <span class='ocrx_word' id='word_1_400' title='bbox 1775 1327 1858 1354; x_wconf 81' lang='grc' dir='ltr'>τοῦτο,</span> 
     </span>
    </p>
   </div>
   <div class='ocr_carea' id='block_1_55' title="bbox 1062 1373 1855 1412">
    <p class='ocr_par' dir='ltr' id='par_1_55' title="bbox 1062 1373 1855 1412">
     <span class='ocr_line' id='line_1_55' title="bbox 1062 1373 1855 1412; baseline -0.004 -9"><span class='ocrx_word' id='word_1_401' title='bbox 1062 1376 1117 1404; x_wconf 85' lang='grc' dir='ltr'><strong>τῶν</strong></span> <span class='ocrx_word' id='word_1_402' title='bbox 1127 1376 1301 1411; x_wconf 80' lang='grc' dir='ltr'>ἐπαινετῶν),</span> <span class='ocrx_word' id='word_1_403' title='bbox 1316 1375 1375 1404; x_wconf 82' lang='grc' dir='ltr'>ἀλλ’</span> <span class='ocrx_word' id='word_1_404' title='bbox 1390 1376 1432 1412; x_wconf 76' lang='grc' dir='ltr'><strong>ἐφ’</strong></span> <span class='ocrx_word' id='word_1_405' title='bbox 1445 1375 1485 1408; x_wconf 75' lang='grc' dir='ltr'>οἷς</span> <span class='ocrx_word' id='word_1_406' title='bbox 1501 1377 1551 1403; x_wconf 83' lang='grc' dir='ltr'><strong>οὐκ</strong></span> <span class='ocrx_word' id='word_1_407' title='bbox 1564 1377 1593 1404; x_wconf 75' lang='grc' dir='ltr'>ἐν</span> <span class='ocrx_word' id='word_1_408' title='bbox 1601 1375 1670 1411; x_wconf 79' lang='grc' dir='ltr'>ἀξίῳ</span> <span class='ocrx_word' id='word_1_409' title='bbox 1691 1375 1778 1410; x_wconf 84' lang='grc' dir='ltr'>τόπῳ,</span> <span class='ocrx_word' id='word_1_410' title='bbox 1792 1373 1855 1408; x_wconf 73' lang='grc' dir='ltr'>θείω</span> 
     </span>
    </p>
   </div>
   <div class='ocr_carea' id='block_1_56' title="bbox 1060 1419 1856 1456">
    <p class='ocr_par' dir='ltr' id='par_1_56' title="bbox 1060 1419 1856 1456">
     <span class='ocr_line' id='line_1_56' title="bbox 1060 1419 1856 1456; baseline -0.003 -9"><span class='ocrx_word' id='word_1_411' title='bbox 1060 1420 1088 1448; x_wconf 79' lang='grc' dir='ltr'>δὲ</span> <span class='ocrx_word' id='word_1_412' title='bbox 1115 1421 1164 1448; x_wconf 83' lang='grc' dir='ltr'>καὶ</span> <span class='ocrx_word' id='word_1_413' title='bbox 1180 1421 1304 1456; x_wconf 80' lang='grc' dir='ltr'>καθαρῷ,</span> <span class='ocrx_word' id='word_1_414' title='bbox 1319 1423 1368 1447; x_wconf 79' lang='grc' dir='ltr'>καὶ</span> <span class='ocrx_word' id='word_1_415' title='bbox 1383 1421 1462 1456; x_wconf 86' lang='grc' dir='ltr'>μόνον</span> <span class='ocrx_word' id='word_1_416' title='bbox 1484 1420 1550 1448; x_wconf 77' lang='grc' dir='ltr'>ἔνθα</span> <span class='ocrx_word' id='word_1_417' title='bbox 1560 1421 1590 1447; x_wconf 73' lang='grc' dir='ltr'><strong>τὸ</strong></span> <span class='ocrx_word' id='word_1_418' title='bbox 1614 1420 1779 1447; x_wconf 66' lang='grc' dir='ltr'>Δεσποτικὸν</span> <span class='ocrx_word' id='word_1_419' title='bbox 1795 1419 1856 1446; x_wconf 74' lang='grc' dir='ltr'>καθ’</span> 
     </span>
    </p>
   </div>
   <div class='ocr_carea' id='block_1_57' title="bbox 1060 1465 1854 1503">
    <p class='ocr_par' dir='ltr' id='par_1_57' title="bbox 1060 1465 1854 1503">
     <span class='ocr_line' id='line_1_57' title="bbox 1060 1465 1854 1503; baseline -0.004 -9"><span class='ocrx_word' id='word_1_420' title='bbox 1060 1466 1169 1503; x_wconf 76' lang='grc' dir='ltr'>ἡμέραν</span> <span class='ocrx_word' id='word_1_421' title='bbox 1180 1466 1317 1503; x_wconf 78' lang='grc' dir='ltr'>ὲκχέεται,</span> <span class='ocrx_word' id='word_1_422' title='bbox 1332 1467 1392 1500; x_wconf 23' lang='grc' dir='ltr'>,τῶν</span> <span class='ocrx_word' id='word_1_423' title='bbox 1416 1467 1560 1503; x_wconf 81' lang='grc' dir='ltr'>ἡμετέρων</span> <span class='ocrx_word' id='word_1_424' title='bbox 1580 1466 1677 1503; x_wconf 81' lang='grc' dir='ltr'>λύτρον</span> <span class='ocrx_word' id='word_1_425' title='bbox 1699 1465 1854 1502; x_wconf 74' lang='grc' dir='ltr'>ἁμαρτιῶν,</span> 
     </span>
    </p>
   </div>
   <div class='ocr_carea' id='block_1_58' title="bbox 218 1510 1858 1549">
    <p class='ocr_par' dir='ltr' id='par_1_58' title="bbox 218 1510 1858 1549">
     <span class='ocr_line' id='line_1_58' title="bbox 218 1510 1858 1549; baseline -0.002 -7"><span class='ocrx_word' id='word_1_426' title='bbox 218 1514 266 1543; x_wconf 77' lang='lat' dir='ltr'><strong>sed</strong></span> <span class='ocrx_word' id='word_1_427' title='bbox 280 1513 307 1541; x_wconf 93' lang='lat' dir='ltr'><strong>in</strong></span> <span class='ocrx_word' id='word_1_428' title='bbox 326 1513 419 1541; x_wconf 83' lang='lat' dir='ltr'><strong>divino</strong></span> <span class='ocrx_word' id='word_1_429' title='bbox 443 1513 608 1548; x_wconf 64' lang='lat' dir='ltr'><strong>tumidoque,</strong></span> <span class='ocrx_word' id='word_1_430' title='bbox 634 1518 660 1539; x_wconf 84' lang='lat' dir='ltr'><strong>et</strong></span> <span class='ocrx_word' id='word_1_431' title='bbox 680 1512 707 1539; x_wconf 90' lang='lat' dir='ltr'><strong>in</strong></span> <span class='ocrx_word' id='word_1_432' title='bbox 725 1519 780 1546; x_wconf 88' lang='lat' dir='ltr'><strong>quo</strong></span> <span class='ocrx_word' id='word_1_433' title='bbox 799 1510 908 1539; x_wconf 78' lang='lat' dir='ltr'><strong>Domini</strong></span> <span class='ocrx_word' id='word_1_434' title='bbox 930 1511 1066 1539; x_wconf 80' lang='lat' dir='ltr'><strong>duntaxat</strong></span> <span class='ocrx_word' id='word_1_435' title='bbox 1096 1512 1211 1549; x_wconf 82' lang='lat' dir='ltr'><strong>sanguis</strong></span> <span class='ocrx_word' id='word_1_436' title='bbox 1236 1511 1270 1540; x_wconf 82' lang='lat' dir='ltr'><strong>a’d</strong></span> <span class='ocrx_word' id='word_1_437' title='bbox 1288 1515 1446 1540; x_wconf 88' lang='lat' dir='ltr'><strong>nostrorum</strong></span> <span class='ocrx_word' id='word_1_438' title='bbox 1476 1512 1637 1541; x_wconf 85' lang='lat' dir='ltr'><strong>delictorum</strong></span> <span class='ocrx_word' id='word_1_439' title='bbox 1668 1511 1858 1546; x_wconf 73' lang='lat' dir='ltr'><strong>scclerumqm’</strong></span> 
     </span>
    </p>
   </div>
   <div class='ocr_carea' id='block_1_59' title="bbox 219 1559 689 1596">
    <p class='ocr_par' dir='ltr' id='par_1_59' title="bbox 219 1559 689 1596">
     <span class='ocr_line' id='line_1_59' title="bbox 219 1559 689 1596; baseline -0.004 -9"><span class='ocrx_word' id='word_1_440' title='bbox 219 1560 403 1596; x_wconf 78' lang='lat' dir='ltr'><strong>expiationem</strong></span> <span class='ocrx_word' id='word_1_441' title='bbox 419 1559 541 1595; x_wconf 82' lang='lat' dir='ltr'><strong>quotidie</strong></span> <span class='ocrx_word' id='word_1_442' title='bbox 557 1559 689 1587; x_wconf 81' lang='lat' dir='ltr'><strong>funditur.</strong></span> 
     </span>
    </p>
   </div>
   <div class='ocr_carea' id='block_1_60' title="bbox 253 1615 1048 1651">
    <p class='ocr_par' dir='ltr' id='par_1_60' title="bbox 253 1615 1048 1651">
     <span class='ocr_line' id='line_1_60' title="bbox 253 1615 1048 1651; baseline -0.001 -7"><span class='ocrx_word' id='word_1_443' title='bbox 253 1617 281 1644; x_wconf 76' lang='grc'><strong>3.</strong></span> <span class='ocrx_word' id='word_1_444' title='bbox 302 1615 401 1644; x_wconf 86' lang='lat' dir='ltr'><strong>Verum</strong></span> <span class='ocrx_word' id='word_1_445' title='bbox 428 1616 462 1644; x_wconf 90' lang='lat' dir='ltr'><strong>ad</strong></span> <span class='ocrx_word' id='word_1_446' title='bbox 487 1616 547 1651; x_wconf 86' lang='lat' dir='ltr'><strong>ejus</strong></span> <span class='ocrx_word' id='word_1_447' title='bbox 575 1615 693 1651; x_wconf 87' lang='lat' dir='ltr'><strong>patriam</strong></span> <span class='ocrx_word' id='word_1_448' title='bbox 723 1620 850 1644; x_wconf 87' lang='lat' dir='ltr'><strong>recurrat</strong></span> <span class='ocrx_word' id='word_1_449' title='bbox 874 1616 1010 1650; x_wconf 82' lang='lat' dir='ltr'><strong>narratio,</strong></span> <span class='ocrx_word' id='word_1_450' title='bbox 1025 1617 1048 1647; x_wconf 74' lang='grc' dir='ltr'><strong>(Ξ</strong></span> 
     </span>
    </p>
   </div>
   <div class='ocr_carea' id='block_1_61' title="bbox 218 1662 1011 1698">
    <p class='ocr_par' dir='ltr' id='par_1_61' title="bbox 218 1662 1011 1698">
     <span class='ocr_line' id='line_1_61' title="bbox 218 1662 1011 1698; baseline -0.001 -7"><span class='ocrx_word' id='word_1_451' title='bbox 218 1671 280 1692; x_wconf 88' lang='lat' dir='ltr'><strong>eum</strong></span> <span class='ocrx_word' id='word_1_452' title='bbox 294 1663 415 1691; x_wconf 88' lang='lat' dir='ltr'><strong>medium</strong></span> <span class='ocrx_word' id='word_1_453' title='bbox 430 1670 588 1697; x_wconf 84' lang='lat' dir='ltr'><strong>assumens,</strong></span> <span class='ocrx_word' id='word_1_454' title='bbox 603 1662 685 1698; x_wconf 85' lang='lat' dir='ltr'><strong>cujus</strong></span> <span class='ocrx_word' id='word_1_455' title='bbox 699 1669 730 1690; x_wconf 76' lang='lat' dir='ltr'><strong>se</strong></span> <span class='ocrx_word' id='word_1_456' title='bbox 745 1670 792 1691; x_wconf 89' lang='lat' dir='ltr'><strong>res</strong></span> <span class='ocrx_word' id='word_1_457' title='bbox 815 1662 929 1698; x_wconf 77' lang='lat' dir='ltr'><strong>exsequi</strong></span> <span class='ocrx_word' id='word_1_458' title='bbox 946 1669 1011 1698; x_wconf 87' lang='lat' dir='ltr'><strong>pro-</strong></span> 
     </span>
    </p>
   </div>
   <div class='ocr_carea' id='block_1_62' title="bbox 219 1708 1011 1744">
    <p class='ocr_par' dir='ltr' id='par_1_62' title="bbox 219 1708 1011 1744">
     <span class='ocr_line' id='line_1_62' title="bbox 219 1708 1011 1744; baseline -0.001 -7"><span class='ocrx_word' id='word_1_459' title='bbox 219 1710 323 1737; x_wconf 79' lang='lat' dir='ltr'><strong>tltetur.</strong></span> <span class='ocrx_word' id='word_1_460' title='bbox 337 1708 412 1736; x_wconf 84' lang='lat' dir='ltr'><strong>Tulit</strong></span> <span class='ocrx_word' id='word_1_461' title='bbox 423 1708 497 1736; x_wconf 89' lang='lat' dir='ltr'><strong>hunc</strong></span> <span class='ocrx_word' id='word_1_462' title='bbox 510 1708 634 1744; x_wconf 65' lang='lat' dir='ltr'><strong>Phrygiae</strong></span> <span class='ocrx_word' id='word_1_463' title='bbox 646 1708 801 1744; x_wconf 83' lang='lat' dir='ltr'><strong>superioris</strong></span> <span class='ocrx_word' id='word_1_464' title='bbox 811 1709 919 1742; x_wconf 79' lang='lat' dir='ltr'><strong>civitas,</strong></span> <span class='ocrx_word' id='word_1_465' title='bbox 938 1709 1011 1737; x_wconf 84' lang='lat' dir='ltr'><strong>dicta</strong></span> 
     </span>
    </p>
   </div>
   <div class='ocr_carea' id='block_1_63' title="bbox 220 1754 1011 1790">
    <p class='ocr_par' dir='ltr' id='par_1_63' title="bbox 220 1754 1011 1790">
     <span class='ocr_line' id='line_1_63' title="bbox 220 1754 1011 1790; baseline 0.001 -8"><span class='ocrx_word' id='word_1_466' title='bbox 220 1756 374 1783; x_wconf 76' lang='lat' dir='ltr'><strong>Amorium.</strong></span> <span class='ocrx_word' id='word_1_467' title='bbox 391 1754 420 1782; x_wconf 75' lang='lat' dir='ltr'><strong>In</strong></span> <span class='ocrx_word' id='word_1_468' title='bbox 441 1762 473 1782; x_wconf 86' lang='lat' dir='ltr'><strong>ea</strong></span> <span class='ocrx_word' id='word_1_469' title='bbox 488 1754 645 1782; x_wconf 61' lang='lat' dir='ltr'><strong>Iudaeorum</strong></span> <span class='ocrx_word' id='word_1_470' title='bbox 660 1763 810 1790; x_wconf 90' lang='lat' dir='ltr'><strong>eorumque</strong></span> <span class='ocrx_word' id='word_1_471' title='bbox 825 1763 896 1790; x_wconf 89' lang='lat' dir='ltr'><strong>quos</strong></span> <span class='ocrx_word' id='word_1_472' title='bbox 912 1754 1011 1783; x_wconf 78' lang='lat' dir='ltr'><strong>Athin-</strong></span> 
     </span>
    </p>
   </div>
   <div class='ocr_carea' id='block_1_64' title="bbox 219 1799 1009 1836">
    <p class='ocr_par' dir='ltr' id='par_1_64' title="bbox 219 1799 1009 1836">
     <span class='ocr_line' id='line_1_64' title="bbox 219 1799 1009 1836; baseline 0.001 -8"><span class='ocrx_word' id='word_1_473' title='bbox 219 1808 307 1836; x_wconf 81' lang='lat' dir='ltr'><strong>ganos</strong></span> <span class='ocrx_word' id='word_1_474' title='bbox 321 1804 422 1828; x_wconf 86' lang='lat' dir='ltr'><strong>vocant</strong></span> <span class='ocrx_word' id='word_1_475' title='bbox 437 1799 565 1835; x_wconf 80' lang='lat' dir='ltr'><strong>frequens</strong></span> <span class='ocrx_word' id='word_1_476' title='bbox 585 1807 692 1835; x_wconf 84' lang='lat' dir='ltr'><strong>semper</strong></span> <span class='ocrx_word' id='word_1_477' title='bbox 714 1801 861 1828; x_wconf 88' lang='lat' dir='ltr'><strong>multitudo</strong></span> <span class='ocrx_word' id='word_1_478' title='bbox 876 1801 1009 1830; x_wconf 85' lang='lat' dir='ltr'><strong>consedit.</strong></span> 
     </span>
    </p>
   </div>
   <div class='ocr_carea' id='block_1_65' title="bbox 220 1844 1014 1880">
    <p class='ocr_par' dir='ltr' id='par_1_65' title="bbox 220 1844 1014 1880">
     <span class='ocr_line' id='line_1_65' title="bbox 220 1844 1014 1880; baseline 0.004 -9"><span class='ocrx_word' id='word_1_479' title='bbox 220 1844 273 1872; x_wconf 69' lang='lat' dir='ltr'><strong>Sent</strong></span> <span class='ocrx_word' id='word_1_480' title='bbox 290 1849 318 1872; x_wconf 92' lang='lat' dir='ltr'><strong>et</strong></span> <span class='ocrx_word' id='word_1_481' title='bbox 332 1844 390 1871; x_wconf 75' lang='lat' dir='ltr'><strong>alia,</strong></span> <span class='ocrx_word' id='word_1_482' title='bbox 401 1844 526 1880; x_wconf 82' lang='lat' dir='ltr'><strong>quaedam</strong></span> <span class='ocrx_word' id='word_1_483' title='bbox 551 1845 675 1878; x_wconf 83' lang='lat' dir='ltr'><strong>haeresis,</strong></span> <span class='ocrx_word' id='word_1_484' title='bbox 691 1853 723 1873; x_wconf 88' lang='lat' dir='ltr'><strong>ex</strong></span> <span class='ocrx_word' id='word_1_485' title='bbox 739 1846 855 1874; x_wconf 86' lang='lat' dir='ltr'><strong>aliorum</strong></span> <span class='ocrx_word' id='word_1_486' title='bbox 874 1854 935 1874; x_wconf 85' lang='lat' dir='ltr'><strong>cum</strong></span> <span class='ocrx_word' id='word_1_487' title='bbox 950 1847 1014 1874; x_wconf 84' lang='lat' dir='ltr'><strong>aliis</strong></span> 
     </span>
    </p>
   </div>
   <div class='ocr_carea' id='block_1_66' title="bbox 220 1890 1011 1928">
    <p class='ocr_par' dir='ltr' id='par_1_66' title="bbox 220 1890 1011 1928">
     <span class='ocr_line' id='line_1_66' title="bbox 220 1890 1011 1928; baseline 0.005 -11"><span class='ocrx_word' id='word_1_488' title='bbox 220 1890 352 1925; x_wconf 81' lang='lat' dir='ltr'><strong>societate</strong></span> <span class='ocrx_word' id='word_1_489' title='bbox 366 1890 481 1926; x_wconf 79' lang='lat' dir='ltr'><strong>jugique</strong></span> <span class='ocrx_word' id='word_1_490' title='bbox 507 1891 718 1924; x_wconf 83' lang='lat' dir='ltr'><strong>consuetudine,</strong></span> <span class='ocrx_word' id='word_1_491' title='bbox 737 1894 813 1920; x_wconf 76' lang='lat' dir='ltr'><strong>nova‘</strong></span> <span class='ocrx_word' id='word_1_492' title='bbox 833 1900 948 1928; x_wconf 86' lang='lat' dir='ltr'><strong>prorsus</strong></span> <span class='ocrx_word' id='word_1_493' title='bbox 963 1901 1011 1921; x_wconf 78' lang='lat' dir='ltr'><strong>ex-</strong></span> 
     </span>
    </p>
   </div>
   <div class='ocr_carea' id='block_1_67' title="bbox 220 1936 1010 1972">
    <p class='ocr_par' dir='ltr' id='par_1_67' title="bbox 220 1936 1010 1972">
     <span class='ocr_line' id='line_1_67' title="bbox 220 1936 1010 1972; baseline 0.004 -8"><span class='ocrx_word' id='word_1_494' title='bbox 220 1944 276 1972; x_wconf 88' lang='lat' dir='ltr'><strong>que</strong></span> <span class='ocrx_word' id='word_1_495' title='bbox 299 1936 380 1965; x_wconf 86' lang='lat' dir='ltr'><strong>novis</strong></span> <span class='ocrx_word' id='word_1_496' title='bbox 397 1941 424 1965; x_wconf 87' lang='lat' dir='ltr'><strong>et.</strong></span> <span class='ocrx_word' id='word_1_497' title='bbox 451 1936 583 1965; x_wconf 84' lang='lat' dir='ltr'><strong>inauditis</strong></span> <span class='ocrx_word' id='word_1_498' title='bbox 603 1937 721 1966; x_wconf 81' lang='lat' dir='ltr'><strong>decretis</strong></span> <span class='ocrx_word' id='word_1_499' title='bbox 738 1938 856 1966; x_wconf 76' lang='lat' dir='ltr'><strong>conﬂata</strong></span> <span class='ocrx_word' id='word_1_500' title='bbox 887 1940 1010 1972; x_wconf 82' lang='lat' dir='ltr'><strong>emersit,</strong></span> 
     </span>
    </p>
   </div>
   <div class='ocr_carea' id='block_1_68' title="bbox 220 1983 1013 2021">
    <p class='ocr_par' dir='ltr' id='par_1_68' title="bbox 220 1983 1013 2021">
     <span class='ocr_line' id='line_1_68' title="bbox 220 1983 1013 2021; baseline 0.003 -10"><span class='ocrx_word' id='word_1_501' title='bbox 220 1983 302 2019; x_wconf 86' lang='lat' dir='ltr'><strong>cujus</strong></span> <span class='ocrx_word' id='word_1_502' title='bbox 330 1983 390 2018; x_wconf 81' lang='lat' dir='ltr'><strong>ipse</strong></span> <span class='ocrx_word' id='word_1_503' title='bbox 405 1991 518 2019; x_wconf 83' lang='lat' dir='ltr'><strong>quoque</strong></span> <span class='ocrx_word' id='word_1_504' title='bbox 536 1984 649 2012; x_wconf 83' lang='lat' dir='ltr'><strong>Michael</strong></span> <span class='ocrx_word' id='word_1_505' title='bbox 678 1989 790 2020; x_wconf 89' lang='lat' dir='ltr'><strong>accepta</strong></span> <span class='ocrx_word' id='word_1_506' title='bbox 819 1993 834 2012; x_wconf 86' lang='lat' dir='ltr'><strong>a</strong></span> <span class='ocrx_word' id='word_1_507' title='bbox 862 1986 1013 2021; x_wconf 87' lang='lat' dir='ltr'><strong>majoribus</strong></span> 
     </span>
    </p>
   </div>
   <div class='ocr_carea' id='block_1_69' title="bbox 219 2030 1012 2066">
    <p class='ocr_par' dir='ltr' id='par_1_69' title="bbox 219 2030 1012 2066">
     <span class='ocr_line' id='line_1_69' title="bbox 219 2030 1012 2066; baseline 0.003 -8"><span class='ocrx_word' id='word_1_508' title='bbox 219 2030 417 2066; x_wconf 77' lang='lat' dir='ltr'><strong>superstitione</strong></span> <span class='ocrx_word' id='word_1_509' title='bbox 443 2030 581 2066; x_wconf 81' lang='lat' dir='ltr'><strong>particeps</strong></span> <span class='ocrx_word' id='word_1_510' title='bbox 609 2031 671 2059; x_wconf 87' lang='lat' dir='ltr'><strong>l&#39;uit.</strong></span> <span class='ocrx_word' id='word_1_511' title='bbox 697 2031 778 2059; x_wconf 89' lang='lat' dir='ltr'><strong>Secta</strong></span> <span class='ocrx_word' id='word_1_512' title='bbox 804 2033 861 2059; x_wconf 69' lang='lat' dir='ltr'><strong>haec</strong></span> <span class='ocrx_word' id='word_1_513' title='bbox 887 2032 1012 2060; x_wconf 90' lang='lat' dir='ltr'><strong>divinum</strong></span> 
     </span>
    </p>
   </div>
   <div class='ocr_carea' id='block_1_70' title="bbox 219 2077 1012 2113">
    <p class='ocr_par' dir='ltr' id='par_1_70' title="bbox 219 2077 1012 2113">
     <span class='ocr_line' id='line_1_70' title="bbox 219 2077 1012 2113; baseline 0.001 -8"><span class='ocrx_word' id='word_1_514' title='bbox 219 2077 332 2113; x_wconf 89' lang='lat' dir='ltr'><strong>quidem</strong></span> <span class='ocrx_word' id='word_1_515' title='bbox 352 2077 493 2105; x_wconf 83' lang='lat' dir='ltr'><strong>lavacrum</strong></span> <span class='ocrx_word' id='word_1_516' title='bbox 511 2081 542 2104; x_wconf 91' lang='lat' dir='ltr'><strong>ut</strong></span> <span class='ocrx_word' id='word_1_517' title='bbox 560 2078 680 2105; x_wconf 84' lang='lat' dir='ltr'><strong>salutare</strong></span> <span class='ocrx_word' id='word_1_518' title='bbox 707 2081 734 2105; x_wconf 89' lang='lat' dir='ltr'><strong>et</strong></span> <span class='ocrx_word' id='word_1_519' title='bbox 758 2085 774 2105; x_wconf 89' lang='lat' dir='ltr'><strong>a</strong></span> <span class='ocrx_word' id='word_1_520' title='bbox 792 2078 850 2105; x_wconf 87' lang='lat' dir='ltr'><strong>suis</strong></span> <span class='ocrx_word' id='word_1_521' title='bbox 871 2078 1012 2113; x_wconf 86' lang='lat' dir='ltr'><strong>explorate</strong></span> 
     </span>
    </p>
   </div>
   <div class='ocr_carea' id='block_1_71' title="bbox 219 2123 1012 2160">
    <p class='ocr_par' dir='ltr' id='par_1_71' title="bbox 219 2123 1012 2160">
     <span class='ocr_line' id='line_1_71' title="bbox 219 2123 1012 2160; baseline 0.003 -10"><span class='ocrx_word' id='word_1_522' title='bbox 219 2123 347 2158; x_wconf 83' lang='lat' dir='ltr'><strong>agnitum</strong></span> <span class='ocrx_word' id='word_1_523' title='bbox 357 2124 568 2159; x_wconf 75' lang='lat' dir='ltr'><strong>probatumque,</strong></span> <span class='ocrx_word' id='word_1_524' title='bbox 581 2131 629 2152; x_wconf 90' lang='lat' dir='ltr'><strong>eos</strong></span> <span class='ocrx_word' id='word_1_525' title='bbox 642 2123 690 2158; x_wconf 90' lang='lat' dir='ltr'><strong>qui</strong></span> <span class='ocrx_word' id='word_1_526' title='bbox 705 2123 856 2158; x_wconf 85' lang='lat' dir='ltr'><strong>initientur,</strong></span> <span class='ocrx_word' id='word_1_527' title='bbox 872 2125 1012 2160; x_wconf 86' lang='lat' dir='ltr'><strong>percipere</strong></span> 
     </span>
    </p>
   </div>
   <div class='ocr_carea' id='block_1_72' title="bbox 219 2168 1012 2205">
    <p class='ocr_par' dir='ltr' id='par_1_72' title="bbox 219 2168 1012 2205">
     <span class='ocr_line' id='line_1_72' title="bbox 219 2168 1012 2205; baseline 0.003 -9"><span class='ocrx_word' id='word_1_528' title='bbox 219 2169 305 2196; x_wconf 86' lang='lat' dir='ltr'><strong>sinit:</strong></span> <span class='ocrx_word' id='word_1_529' title='bbox 324 2168 352 2196; x_wconf 94' lang='lat' dir='ltr'><strong>in</strong></span> <span class='ocrx_word' id='word_1_530' title='bbox 376 2168 482 2204; x_wconf 89' lang='lat' dir='ltr'><strong>reliquo</strong></span> <span class='ocrx_word' id='word_1_531' title='bbox 499 2173 591 2196; x_wconf 79' lang='lat' dir='ltr'><strong>autem</strong></span> <span class='ocrx_word' id='word_1_532' title='bbox 616 2169 719 2203; x_wconf 84' lang='lat' dir='ltr'><strong>omnia,</strong></span> <span class='ocrx_word' id='word_1_533' title='bbox 737 2174 835 2205; x_wconf 74' lang='lat' dir='ltr'><strong>praeter</strong></span> <span class='ocrx_word' id='word_1_534' title='bbox 850 2178 932 2198; x_wconf 90' lang='lat' dir='ltr'><strong>unam</strong></span> <span class='ocrx_word' id='word_1_535' title='bbox 958 2171 1012 2198; x_wconf 92' lang='lat' dir='ltr'><strong>cir-</strong></span> 
     </span>
    </p>
   </div>
   <div class='ocr_carea' id='block_1_73' title="bbox 220 2213 1011 2250">
    <p class='ocr_par' dir='ltr' id='par_1_73' title="bbox 220 2213 1011 2250">
     <span class='ocr_line' id='line_1_73' title="bbox 220 2213 1011 2250; baseline 0.003 -9"><span class='ocrx_word' id='word_1_536' title='bbox 220 2213 431 2246; x_wconf 85' lang='lat' dir='ltr'><strong>cumcisionem,</strong></span> <span class='ocrx_word' id='word_1_537' title='bbox 445 2221 479 2242; x_wconf 77' lang='lat' dir='ltr'><strong>ex</strong></span> <span class='ocrx_word' id='word_1_538' title='bbox 504 2213 573 2250; x_wconf 80' lang='lat' dir='ltr'><strong>legis</strong></span> <span class='ocrx_word' id='word_1_539' title='bbox 588 2214 716 2242; x_wconf 70' lang='lat' dir='ltr'><strong>Mosaicae</strong></span> <span class='ocrx_word' id='word_1_540' title='bbox 742 2214 796 2242; x_wconf 90' lang='lat' dir='ltr'><strong>ritu</strong></span> <span class='ocrx_word' id='word_1_541' title='bbox 814 2219 914 2243; x_wconf 85' lang='lat' dir='ltr'><strong>servat.</strong></span> <span class='ocrx_word' id='word_1_542' title='bbox 930 2216 1011 2250; x_wconf 88' lang='lat' dir='ltr'><strong>Quis—</strong></span> 
     </span>
    </p>
   </div>
   <div class='ocr_carea' id='block_1_74' title="bbox 1099 1613 1856 1651">
    <p class='ocr_par' dir='ltr' id='par_1_74' title="bbox 1099 1613 1856 1651">
     <span class='ocr_line' id='line_1_74' title="bbox 1099 1613 1856 1651; baseline -0.004 -8"><span class='ocrx_word' id='word_1_543' title='bbox 1099 1614 1134 1650; x_wconf 85' lang='grc' dir='ltr'><strong>γ’.</strong></span> <span class='ocrx_word' id='word_1_544' title='bbox 1157 1614 1227 1642; x_wconf 81' lang='grc' dir='ltr'>Ἀλλ’</span> <span class='ocrx_word' id='word_1_545' title='bbox 1248 1618 1296 1642; x_wconf 84' lang='grc' dir='ltr'><strong>επι</strong></span> <span class='ocrx_word' id='word_1_546' title='bbox 1309 1615 1360 1650; x_wconf 82' lang='grc' dir='ltr'>τὴν</span> <span class='ocrx_word' id='word_1_547' title='bbox 1385 1614 1561 1650; x_wconf 72' lang='grc' dir='ltr'>θρεψαμένην</span> <span class='ocrx_word' id='word_1_548' title='bbox 1585 1613 1682 1642; x_wconf 80' lang='grc' dir='ltr'>τοῦτον</span> <span class='ocrx_word' id='word_1_549' title='bbox 1705 1615 1723 1651; x_wconf 78' lang='grc' dir='ltr'><strong>ἡ</strong></span> <span class='ocrx_word' id='word_1_550' title='bbox 1749 1614 1856 1650; x_wconf 85' lang='grc' dir='ltr'>ιστορία</span> 
     </span>
    </p>
   </div>
   <div class='ocr_carea' id='block_1_75' title="bbox 1062 1661 1851 1697">
    <p class='ocr_par' dir='ltr' id='par_1_75' title="bbox 1062 1661 1851 1697">
     <span class='ocr_line' id='line_1_75' title="bbox 1062 1661 1851 1697; baseline -0.003 -7"><span class='ocrx_word' id='word_1_551' title='bbox 1062 1662 1185 1697; x_wconf 81' lang='grc' dir='ltr'>ἀγέσθω,</span> <span class='ocrx_word' id='word_1_552' title='bbox 1198 1662 1246 1689; x_wconf 75' lang='grc' dir='ltr'>καὶ</span> <span class='ocrx_word' id='word_1_553' title='bbox 1256 1661 1341 1697; x_wconf 79' lang='grc' dir='ltr'>μέσον</span> <span class='ocrx_word' id='word_1_554' title='bbox 1354 1661 1436 1688; x_wconf 78' lang='grc' dir='ltr'>αὑτὸν</span> <span class='ocrx_word' id='word_1_555' title='bbox 1450 1661 1616 1696; x_wconf 75' lang='grc' dir='ltr'>λαμϐανέτω</span> <span class='ocrx_word' id='word_1_556' title='bbox 1627 1661 1661 1688; x_wconf 80' lang='grc' dir='ltr'><strong>τὰ</strong></span> <span class='ocrx_word' id='word_1_557' title='bbox 1672 1661 1755 1689; x_wconf 82' lang='grc' dir='ltr'>αὐτοῦ</span> <span class='ocrx_word' id='word_1_558' title='bbox 1772 1663 1851 1696; x_wconf 80' lang='grc' dir='ltr'>ἐπαγ-</span> 
     </span>
    </p>
   </div>
   <div class='ocr_carea' id='block_1_76' title="bbox 1062 1708 1859 1744">
    <p class='ocr_par' dir='ltr' id='par_1_76' title="bbox 1062 1708 1859 1744">
     <span class='ocr_line' id='line_1_76' title="bbox 1062 1708 1859 1744; baseline -0.001 -7"><span class='ocrx_word' id='word_1_559' title='bbox 1062 1710 1196 1744; x_wconf 84' lang='grc' dir='ltr'>γέλλουσα</span> <span class='ocrx_word' id='word_1_560' title='bbox 1215 1709 1247 1736; x_wconf 69' lang='grc'><strong>⁵⁸.</strong></span> <span class='ocrx_word' id='word_1_561' title='bbox 1266 1709 1385 1743; x_wconf 83' lang='grc' dir='ltr'>Ἥνεγκε</span> <span class='ocrx_word' id='word_1_562' title='bbox 1402 1708 1451 1744; x_wconf 87' lang='grc' dir='ltr'>μὲν</span> <span class='ocrx_word' id='word_1_563' title='bbox 1466 1708 1513 1735; x_wconf 66' lang='grc' dir='ltr'>οὖν</span> <span class='ocrx_word' id='word_1_564' title='bbox 1529 1708 1611 1735; x_wconf 76' lang='grc' dir='ltr'>αὐτὸν</span> <span class='ocrx_word' id='word_1_565' title='bbox 1622 1709 1642 1744; x_wconf 77' lang='grc' dir='ltr'><strong>ἡ</strong></span> <span class='ocrx_word' id='word_1_566' title='bbox 1654 1709 1724 1735; x_wconf 79' lang='grc' dir='ltr'>κατὰ</span> <span class='ocrx_word' id='word_1_567' title='bbox 1738 1708 1787 1743; x_wconf 77' lang='grc' dir='ltr'>τὴν</span> <span class='ocrx_word' id='word_1_568' title='bbox 1802 1708 1859 1736; x_wconf 76' lang='grc' dir='ltr'>ἄνω</span> 
     </span>
    </p>
   </div>
   <div class='ocr_carea' id='block_1_77' title="bbox 1062 1750 1857 1791">
    <p class='ocr_par' dir='ltr' id='par_1_77' title="bbox 1062 1750 1857 1791">
     <span class='ocr_line' id='line_1_77' title="bbox 1062 1750 1857 1791; baseline -0.003 -9"><span class='ocrx_word' id='word_1_569' title='bbox 1062 1756 1183 1790; x_wconf 70' lang='grc' dir='ltr'>ψρυγίαν</span> <span class='ocrx_word' id='word_1_570' title='bbox 1199 1754 1277 1787; x_wconf 86' lang='grc' dir='ltr'>πόλις</span> <span class='ocrx_word' id='word_1_571' title='bbox 1297 1754 1425 1789; x_wconf 75' lang='grc' dir='ltr'>Ἀμόριον</span> <span class='ocrx_word' id='word_1_572' title='bbox 1436 1753 1508 1780; x_wconf 73' lang='grc' dir='ltr'>οὕτω</span> <span class='ocrx_word' id='word_1_573' title='bbox 1532 1753 1699 1789; x_wconf 79' lang='grc' dir='ltr'>καλουμένη,</span> <span class='ocrx_word' id='word_1_574' title='bbox 1716 1755 1745 1779; x_wconf 73' lang='grc' dir='ltr'>ἐν</span> <span class='ocrx_word' id='word_1_575' title='bbox 1809 1754 1857 1780; x_wconf 75' lang='grc' dir='ltr'>καὶ</span> 
     </span>
    </p>
   </div>
   <div class='ocr_carea' id='block_1_78' title="bbox 1069 1799 1856 1835">
    <p class='ocr_par' dir='ltr' id='par_1_78' title="bbox 1069 1799 1856 1835">
     <span class='ocr_line' id='line_1_78' title="bbox 1069 1799 1856 1835; baseline -0.004 -6"><span class='ocrx_word' id='word_1_576' title='bbox 1069 1802 1204 1830; x_wconf 78' lang='grc' dir='ltr'>Ἰουδαίων</span> <span class='ocrx_word' id='word_1_577' title='bbox 1232 1801 1279 1829; x_wconf 85' lang='grc' dir='ltr'>και</span> <span class='ocrx_word' id='word_1_578' title='bbox 1300 1810 1383 1828; x_wconf 86' lang='grc' dir='ltr'>τινων</span> <span class='ocrx_word' id='word_1_579' title='bbox 1412 1801 1582 1835; x_wconf 81' lang='grc' dir='ltr'>’Δθιγγάνων</span> <span class='ocrx_word' id='word_1_580' title='bbox 1609 1799 1711 1835; x_wconf 77' lang='grc' dir='ltr'>πλῆθος</span> <span class='ocrx_word' id='word_1_581' title='bbox 1733 1800 1776 1826; x_wconf 82' lang='grc' dir='ltr'>ἀεί</span> <span class='ocrx_word' id='word_1_582' title='bbox 1797 1809 1856 1832; x_wconf 78' lang='grc' dir='ltr'><strong>πως</strong></span> 
     </span>
    </p>
   </div>
   <div class='ocr_carea' id='block_1_79' title="bbox 1063 1846 1859 1883">
    <p class='ocr_par' dir='ltr' id='par_1_79' title="bbox 1063 1846 1859 1883">
     <span class='ocr_line' id='line_1_79' title="bbox 1063 1846 1859 1883; baseline -0.004 -8"><span class='ocrx_word' id='word_1_583' title='bbox 1063 1849 1284 1883; x_wconf 77' lang='grc' dir='ltr'>ὲγκατοικίζεται</span> <span class='ocrx_word' id='word_1_584' title='bbox 1297 1856 1304 1864; x_wconf 88' lang='grc'><strong>·</strong></span> <span class='ocrx_word' id='word_1_585' title='bbox 1320 1847 1368 1875; x_wconf 83' lang='grc' dir='ltr'><strong>καί</strong></span> <span class='ocrx_word' id='word_1_586' title='bbox 1383 1855 1425 1878; x_wconf 89' lang='grc' dir='ltr'><strong>τις</strong></span> <span class='ocrx_word' id='word_1_587' title='bbox 1445 1847 1474 1874; x_wconf 71' lang='grc' dir='ltr'>δὲ</span> <span class='ocrx_word' id='word_1_588' title='bbox 1489 1847 1596 1882; x_wconf 85' lang='grc' dir='ltr'>αἵρεσις</span> <span class='ocrx_word' id='word_1_589' title='bbox 1609 1847 1641 1873; x_wconf 83' lang='grc' dir='ltr'>ὲκ</span> <span class='ocrx_word' id='word_1_590' title='bbox 1663 1847 1712 1882; x_wconf 85' lang='grc' dir='ltr'><strong>τῆς</strong></span> <span class='ocrx_word' id='word_1_591' title='bbox 1732 1846 1859 1881; x_wconf 76' lang='grc' dir='ltr'>ἀλλήλων</span> 
     </span>
    </p>
   </div>
   <div class='ocr_carea' id='block_1_80' title="bbox 1064 1893 1853 1931">
    <p class='ocr_par' dir='ltr' id='par_1_80' title="bbox 1064 1893 1853 1931">
     <span class='ocr_line' id='line_1_80' title="bbox 1064 1893 1853 1931; baseline -0.006 -8"><span class='ocrx_word' id='word_1_592' title='bbox 1064 1896 1208 1927; x_wconf 82' lang='grc' dir='ltr'>κοινωνίας</span> <span class='ocrx_word' id='word_1_593' title='bbox 1224 1895 1274 1922; x_wconf 74' lang='grc' dir='ltr'>καὶ</span> <span class='ocrx_word' id='word_1_594' title='bbox 1288 1894 1432 1931; x_wconf 75' lang='grc' dir='ltr'>διηνεκοῦς</span> <span class='ocrx_word' id='word_1_595' title='bbox 1441 1894 1552 1929; x_wconf 75' lang='grc' dir='ltr'>ὁμιλίας</span> <span class='ocrx_word' id='word_1_596' title='bbox 1567 1893 1662 1920; x_wconf 90' lang='grc' dir='ltr'>καινδν</span> <span class='ocrx_word' id='word_1_597' title='bbox 1675 1893 1775 1928; x_wconf 74' lang='grc' dir='ltr'>ἔχουσα</span> <span class='ocrx_word' id='word_1_598' title='bbox 1788 1893 1853 1928; x_wconf 86' lang='grc' dir='ltr'>τρό-</span> 
     </span>
    </p>
   </div>
   <div class='ocr_carea' id='block_1_81' title="bbox 1063 1938 1857 1977">
    <p class='ocr_par' dir='ltr' id='par_1_81' title="bbox 1063 1938 1857 1977">
     <span class='ocr_line' id='line_1_81' title="bbox 1063 1938 1857 1977; baseline -0.005 -8"><span class='ocrx_word' id='word_1_599' title='bbox 1063 1951 1114 1969; x_wconf 81' lang='grc' dir='ltr'><strong>πον</strong></span> <span class='ocrx_word' id='word_1_600' title='bbox 1135 1942 1182 1969; x_wconf 77' lang='grc' dir='ltr'>καὶ</span> <span class='ocrx_word' id='word_1_601' title='bbox 1197 1942 1319 1977; x_wconf 84' lang='grc' dir='ltr'>δόγματα</span> <span class='ocrx_word' id='word_1_602' title='bbox 1336 1941 1494 1977; x_wconf 70' lang='grc' dir='ltr'>ἐπιφύεται,</span> <span class='ocrx_word' id='word_1_603' title='bbox 1512 1938 1546 1977; x_wconf 76' lang='grc' dir='ltr'><strong>ἧς</strong></span> <span class='ocrx_word' id='word_1_604' title='bbox 1563 1940 1611 1968; x_wconf 76' lang='grc' dir='ltr'>καὶ</span> <span class='ocrx_word' id='word_1_605' title='bbox 1627 1940 1709 1971; x_wconf 75' lang='grc' dir='ltr'>αὐτὸς</span> <span class='ocrx_word' id='word_1_606' title='bbox 1726 1939 1857 1975; x_wconf 78' lang='grc' dir='ltr'>μετέσχεν</span> 
     </span>
    </p>
   </div>
   <div class='ocr_carea' id='block_1_82' title="bbox 1064 1984 1860 2023">
    <p class='ocr_par' dir='ltr' id='par_1_82' title="bbox 1064 1984 1860 2023">
     <span class='ocr_line' id='line_1_82' title="bbox 1064 1984 1860 2023; baseline -0.006 -8"><span class='ocrx_word' id='word_1_607' title='bbox 1064 1988 1098 2015; x_wconf 76' lang='grc' dir='ltr'>ἐκ</span> <span class='ocrx_word' id='word_1_608' title='bbox 1113 1988 1242 2023; x_wconf 82' lang='grc' dir='ltr'>πατέρων</span> <span class='ocrx_word' id='word_1_609' title='bbox 1266 1987 1470 2023; x_wconf 81' lang='grc' dir='ltr'>διαδεξάμενος.</span> <span class='ocrx_word' id='word_1_610' title='bbox 1493 1985 1569 2021; x_wconf 72' lang='grc' dir='ltr'>Αὕτη</span> <span class='ocrx_word' id='word_1_611' title='bbox 1594 1986 1622 2013; x_wconf 74' lang='grc' dir='ltr'>δὲ</span> <span class='ocrx_word' id='word_1_612' title='bbox 1645 1985 1693 2012; x_wconf 82' lang='grc' dir='ltr'>τοῦ</span> <span class='ocrx_word' id='word_1_613' title='bbox 1716 1985 1765 2020; x_wconf 83' lang='grc' dir='ltr'>μὲν</span> <span class='ocrx_word' id='word_1_614' title='bbox 1782 1984 1860 2011; x_wconf 74' lang='grc' dir='ltr'>θείου</span> 
     </span>
    </p>
   </div>
   <div class='ocr_carea' id='block_1_83' title="bbox 1063 2030 1859 2070">
    <p class='ocr_par' dir='ltr' id='par_1_83' title="bbox 1063 2030 1859 2070">
     <span class='ocr_line' id='line_1_83' title="bbox 1063 2030 1859 2070; baseline -0.005 -9"><span class='ocrx_word' id='word_1_615' title='bbox 1063 2034 1176 2070; x_wconf 84' lang='grc' dir='ltr'>λουτροῦ</span> <span class='ocrx_word' id='word_1_616' title='bbox 1192 2034 1231 2066; x_wconf 88' lang='grc' dir='ltr'><strong>ὡς</strong></span> <span class='ocrx_word' id='word_1_617' title='bbox 1253 2033 1444 2069; x_wconf 76' lang='grc' dir='ltr'>σωτηριώδους</span> <span class='ocrx_word' id='word_1_618' title='bbox 1468 2032 1546 2064; x_wconf 70' lang='grc' dir='ltr'>ὄντος</span> <span class='ocrx_word' id='word_1_619' title='bbox 1575 2032 1621 2058; x_wconf 74' lang='grc' dir='ltr'><strong>καὶ</strong></span> <span class='ocrx_word' id='word_1_620' title='bbox 1636 2031 1703 2066; x_wconf 76' lang='grc' dir='ltr'>παρ’</span> <span class='ocrx_word' id='word_1_621' title='bbox 1721 2031 1819 2063; x_wconf 82' lang='grc' dir='ltr'>αὐτοὺς</span> <span class='ocrx_word' id='word_1_622' title='bbox 1834 2030 1859 2047; x_wconf 67' lang='grc' dir='ltr'>δ’</span> 
     </span>
    </p>
   </div>
   <div class='ocr_carea' id='block_1_84' title="bbox 1063 2077 1860 2115">
    <p class='ocr_par' dir='ltr' id='par_1_84' title="bbox 1063 2077 1860 2115">
     <span class='ocr_line' id='line_1_84' title="bbox 1063 2077 1860 2115; baseline -0.004 -8"><span class='ocrx_word' id='word_1_623' title='bbox 1063 2079 1303 2115; x_wconf 81' lang='grc' dir='ltr'>διωμολογημένον</span> <span class='ocrx_word' id='word_1_624' title='bbox 1342 2079 1406 2110; x_wconf 80' lang='grc' dir='ltr'>τοὺς</span> <span class='ocrx_word' id='word_1_625' title='bbox 1426 2078 1608 2113; x_wconf 80' lang='grc' dir='ltr'>τελουμένους</span> <span class='ocrx_word' id='word_1_626' title='bbox 1638 2077 1860 2113; x_wconf 80' lang='grc' dir='ltr'>μεταλαγχάνει-ι</span> 
     </span>
    </p>
   </div>
   <div class='ocr_carea' id='block_1_85' title="bbox 1063 2123 1858 2162">
    <p class='ocr_par' dir='ltr' id='par_1_85' title="bbox 1063 2123 1858 2162">
     <span class='ocr_line' id='line_1_85' title="bbox 1063 2123 1858 2162; baseline -0.005 -9"><span class='ocrx_word' id='word_1_627' title='bbox 1063 2126 1166 2162; x_wconf 82' lang='grc' dir='ltr'>ἀνίησι,</span> <span class='ocrx_word' id='word_1_628' title='bbox 1178 2123 1263 2152; x_wconf 81' lang='grc' dir='ltr'>τᾶλλα</span> <span class='ocrx_word' id='word_1_629' title='bbox 1275 2125 1304 2152; x_wconf 72' lang='grc' dir='ltr'>δὲ</span> <span class='ocrx_word' id='word_1_630' title='bbox 1318 2123 1407 2151; x_wconf 78' lang='grc' dir='ltr'>πάντα</span> <span class='ocrx_word' id='word_1_631' title='bbox 1431 2123 1512 2156; x_wconf 78' lang='grc' dir='ltr'>σώζει</span> <span class='ocrx_word' id='word_1_632' title='bbox 1530 2123 1706 2158; x_wconf 76' lang='grc' dir='ltr'>φυλάττουσα</span> <span class='ocrx_word' id='word_1_633' title='bbox 1725 2123 1797 2150; x_wconf 78' lang='grc' dir='ltr'>κατὰ</span> <span class='ocrx_word' id='word_1_634' title='bbox 1814 2123 1858 2149; x_wconf 86' lang='grc' dir='ltr'>νύ-</span> 
     </span>
    </p>
   </div>
   <div class='ocr_carea' id='block_1_86' title="bbox 1065 2169 1859 2208">
    <p class='ocr_par' dir='ltr' id='par_1_86' title="bbox 1065 2169 1859 2208">
     <span class='ocr_line' id='line_1_86' title="bbox 1065 2169 1859 2208; baseline -0.003 -9"><span class='ocrx_word' id='word_1_635' title='bbox 1065 2181 1115 2208; x_wconf 88' lang='grc' dir='ltr'><strong>μον</strong></span> <span class='ocrx_word' id='word_1_636' title='bbox 1143 2172 1188 2199; x_wconf 80' lang='grc' dir='ltr'>τὸν</span> <span class='ocrx_word' id='word_1_637' title='bbox 1213 2171 1378 2202; x_wconf 80' lang='grc' dir='ltr'>Μωσαῖκδν,</span> <span class='ocrx_word' id='word_1_638' title='bbox 1414 2170 1485 2206; x_wconf 85' lang='grc' dir='ltr'>πλὴν</span> <span class='ocrx_word' id='word_1_639' title='bbox 1510 2170 1560 2204; x_wconf 87' lang='grc' dir='ltr'>τῆς</span> <span class='ocrx_word' id='word_1_640' title='bbox 1587 2170 1752 2206; x_wconf 83' lang='grc' dir='ltr'>περιτομῆς.</span> <span class='ocrx_word' id='word_1_641' title='bbox 1779 2169 1859 2197; x_wconf 84' lang='grc' dir='ltr'>Διδά-</span> 
     </span>
    </p>
   </div>
   <div class='ocr_carea' id='block_1_87' title="bbox 1065 2213 1858 2252">
    <p class='ocr_par' dir='ltr' id='par_1_87' title="bbox 1065 2213 1858 2252">
     <span class='ocr_line' id='line_1_87' title="bbox 1065 2213 1858 2252; baseline -0.004 -8"><span class='ocrx_word' id='word_1_642' title='bbox 1065 2218 1165 2245; x_wconf 83' lang='grc' dir='ltr'>σκαλον</span> <span class='ocrx_word' id='word_1_643' title='bbox 1188 2217 1217 2244; x_wconf 83' lang='grc' dir='ltr'>δὲ</span> <span class='ocrx_word' id='word_1_644' title='bbox 1232 2216 1279 2243; x_wconf 86' lang='grc' dir='ltr'>καὶ</span> <span class='ocrx_word' id='word_1_645' title='bbox 1293 2213 1348 2243; x_wconf 76' lang='grc' dir='ltr'>οἷον</span> <span class='ocrx_word' id='word_1_646' title='bbox 1366 2216 1481 2251; x_wconf 71' lang='grc' dir='ltr'>ἔξαρχον</span> <span class='ocrx_word' id='word_1_647' title='bbox 1494 2216 1508 2242; x_wconf 82' lang='grc' dir='ltr'><strong><em>ὁ</em></strong></span> <span class='ocrx_word' id='word_1_648' title='bbox 1524 2215 1612 2252; x_wconf 84' lang='grc' dir='ltr'>ταύτῃ</span> <span class='ocrx_word' id='word_1_649' title='bbox 1632 2223 1858 2251; x_wconf 84' lang='grc' dir='ltr'>μεμυσταγωγη-</span> 
     </span>
    </p>
   </div>
   <div class='ocr_carea' id='block_1_88' title="bbox 220 2251 1010 2300">
    <p class='ocr_par' dir='ltr' id='par_1_88' title="bbox 220 2259 1010 2296">
     <span class='ocr_line' id='line_1_88' title="bbox 220 2259 1010 2296; baseline 0.003 -8"><span class='ocrx_word' id='word_1_650' title='bbox 220 2260 283 2296; x_wconf 88' lang='lat' dir='ltr'><strong>quis</strong></span> <span class='ocrx_word' id='word_1_651' title='bbox 303 2260 355 2288; x_wconf 88' lang='lat' dir='ltr'><strong>hac</strong></span> <span class='ocrx_word' id='word_1_652' title='bbox 371 2264 446 2288; x_wconf 80' lang='lat' dir='ltr'><strong>secta</strong></span> <span class='ocrx_word' id='word_1_653' title='bbox 470 2264 514 2289; x_wconf 89' lang='lat' dir='ltr'><strong>est</strong></span> <span class='ocrx_word' id='word_1_654' title='bbox 528 2259 667 2292; x_wconf 76' lang='lat' dir='ltr'><strong>initiatus,</strong></span> <span class='ocrx_word' id='word_1_655' title='bbox 681 2265 876 2295; x_wconf 78' lang='lat' dir='ltr'><strong>praeceptorem</strong></span> <span class='ocrx_word' id='word_1_656' title='bbox 890 2269 923 2289; x_wconf 85' lang='lat' dir='ltr'><strong>ae</strong></span> <span class='ocrx_word' id='word_1_657' title='bbox 937 2262 1010 2290; x_wconf 85' lang='lat' dir='ltr'><strong>velut</strong></span> 
     </span>
    </p>
   </div>
   <div class='ocr_carea' id='block_1_89' title="bbox 1062 2251 1857 2300">
    <p class='ocr_par' dir='ltr' id='par_1_89' title="bbox 1068 2263 1857 2300">
     <span class='ocr_line' id='line_1_89' title="bbox 1068 2263 1857 2300; baseline -0.001 -9"><span class='ocrx_word' id='word_1_658' title='bbox 1068 2265 1148 2300; x_wconf 81' lang='grc' dir='ltr'>μένος</span> <span class='ocrx_word' id='word_1_659' title='bbox 1170 2264 1295 2299; x_wconf 76' lang='grc' dir='ltr'>Ἐϐραῖόν</span> <span class='ocrx_word' id='word_1_660' title='bbox 1309 2263 1396 2300; x_wconf 81' lang='grc' dir='ltr'>τιναῆ</span> <span class='ocrx_word' id='word_1_661' title='bbox 1420 2263 1549 2298; x_wconf 79' lang='grc' dir='ltr'>Ἐὄραῖδα</span> <span class='ocrx_word' id='word_1_662' title='bbox 1559 2263 1704 2299; x_wconf 79' lang='grc' dir='ltr'>κέκτηται,</span> <span class='ocrx_word' id='word_1_663' title='bbox 1719 2263 1772 2291; x_wconf 46' lang='grc' dir='ltr'>τοῦν</span> <span class='ocrx_word' id='word_1_664' title='bbox 1782 2263 1857 2292; x_wconf 76' lang='grc' dir='ltr'>θείου</span> 
     </span>
    </p>
   </div>
   <div class='ocr_carea' id='block_1_90' title="bbox 220 2305 1015 2341">
    <p class='ocr_par' dir='ltr' id='par_1_90' title="bbox 220 2305 1015 2341">
     <span class='ocr_line' id='line_1_90' title="bbox 220 2305 1015 2341; baseline 0.004 -8"><span class='ocrx_word' id='word_1_665' title='bbox 220 2305 383 2341; x_wconf 71' lang='lat' dir='ltr'><strong>praefectum</strong></span> <span class='ocrx_word' id='word_1_666' title='bbox 390 2305 535 2335; x_wconf 71' lang='lat' dir='ltr'><strong>Hebraum</strong></span> <span class='ocrx_word' id='word_1_667' title='bbox 548 2306 695 2341; x_wconf 84' lang='lat' dir='ltr'><strong>quemdam</strong></span> <span class='ocrx_word' id='word_1_668' title='bbox 708 2306 765 2335; x_wconf 80' lang='lat' dir='ltr'><strong>sive</strong></span> <span class='ocrx_word' id='word_1_669' title='bbox 776 2306 921 2336; x_wconf 84' lang='lat' dir='ltr'><strong>Hebraeam</strong></span> <span class='ocrx_word' id='word_1_670' title='bbox 930 2308 1015 2337; x_wconf 83' lang='lat' dir='ltr'><strong>divini</strong></span> 
     </span>
    </p>
   </div>
   <div class='ocr_carea' id='block_1_91' title="bbox 220 2351 1014 2388">
    <p class='ocr_par' dir='ltr' id='par_1_91' title="bbox 220 2351 1014 2388">
     <span class='ocr_line' id='line_1_91' title="bbox 220 2351 1014 2388; baseline 0.003 -9"><span class='ocrx_word' id='word_1_671' title='bbox 220 2360 336 2387; x_wconf 89' lang='lat' dir='ltr'><strong>prorsus</strong></span> <span class='ocrx_word' id='word_1_672' title='bbox 352 2357 493 2388; x_wconf 65' lang='lat' dir='ltr'><strong>expertem</strong></span> <span class='ocrx_word' id='word_1_673' title='bbox 516 2351 690 2386; x_wconf 83' lang='lat' dir='ltr'><strong>baptismatis</strong></span> <span class='ocrx_word' id='word_1_674' title='bbox 705 2352 780 2381; x_wconf 85' lang='lat' dir='ltr'><strong>domi</strong></span> <span class='ocrx_word' id='word_1_675' title='bbox 793 2353 935 2387; x_wconf 88' lang='lat' dir='ltr'><strong>babet,cui</strong></span> <span class='ocrx_word' id='word_1_676' title='bbox 959 2362 1014 2381; x_wconf 87' lang='lat' dir='ltr'><strong>non</strong></span> 
     </span>
    </p>
   </div>
   <div class='ocr_carea' id='block_1_92' title="bbox 220 2397 1016 2435">
    <p class='ocr_par' dir='ltr' id='par_1_92' title="bbox 220 2397 1016 2435">
     <span class='ocr_line' id='line_1_92' title="bbox 220 2397 1016 2435; baseline 0.004 -9"><span class='ocrx_word' id='word_1_677' title='bbox 220 2399 310 2427; x_wconf 86' lang='lat' dir='ltr'><strong>solum</strong></span> <span class='ocrx_word' id='word_1_678' title='bbox 322 2406 354 2427; x_wconf 85' lang='lat' dir='ltr'><strong>ea</strong></span> <span class='ocrx_word' id='word_1_679' title='bbox 364 2406 426 2435; x_wconf 71' lang='lat' dir='ltr'><strong>qua</strong></span> <span class='ocrx_word' id='word_1_680' title='bbox 435 2397 470 2426; x_wconf 81' lang='lat' dir='ltr'><strong>ad</strong></span> <span class='ocrx_word' id='word_1_681' title='bbox 481 2398 605 2426; x_wconf 74' lang='lat' dir='ltr'><strong>animum</strong></span> <span class='ocrx_word' id='word_1_682' title='bbox 619 2406 651 2426; x_wconf 83' lang='lat' dir='ltr'><strong>ae</strong></span> <span class='ocrx_word' id='word_1_683' title='bbox 664 2398 779 2427; x_wconf 80' lang='lat' dir='ltr'><strong>salutem</strong></span> <span class='ocrx_word' id='word_1_684' title='bbox 794 2402 976 2435; x_wconf 86' lang='lat' dir='ltr'><strong>spcctant,sed</strong></span> <span class='ocrx_word' id='word_1_685' title='bbox 989 2407 1016 2429; x_wconf 89' lang='lat' dir='ltr'><strong>et</strong></span> 
     </span>
    </p>
   </div>
   <div class='ocr_carea' id='block_1_93' title="bbox 221 2446 1015 2483">
    <p class='ocr_par' dir='ltr' id='par_1_93' title="bbox 221 2446 1015 2483">
     <span class='ocr_line' id='line_1_93' title="bbox 221 2446 1015 2483; baseline 0.001 -9"><span class='ocrx_word' id='word_1_686' title='bbox 221 2447 260 2475; x_wconf 84' lang='lat' dir='ltr'><strong>rei</strong></span> <span class='ocrx_word' id='word_1_687' title='bbox 270 2447 415 2475; x_wconf 79' lang='lat' dir='ltr'><strong>farniliuis</strong></span> <span class='ocrx_word' id='word_1_688' title='bbox 424 2446 690 2475; x_wconf 78' lang='lat' dir='ltr'><strong>administrationem</strong></span> <span class='ocrx_word' id='word_1_689' title='bbox 702 2447 856 2475; x_wconf 83' lang='lat' dir='ltr'><strong>committat</strong></span> <span class='ocrx_word' id='word_1_690' title='bbox 866 2448 1015 2483; x_wconf 89' lang='lat' dir='ltr'><strong>domuique</strong></span> 
     </span>
    </p>
   </div>
   <div class='ocr_carea' id='block_1_94' title="bbox 220 2491 1011 2528">
    <p class='ocr_par' dir='ltr' id='par_1_94' title="bbox 220 2491 1011 2528">
     <span class='ocr_line' id='line_1_94' title="bbox 220 2491 1011 2528; baseline -0.001 -8"><span class='ocrx_word' id='word_1_691' title='bbox 220 2500 254 2520; x_wconf 79' lang='lat' dir='ltr'><strong>ac</strong></span> <span class='ocrx_word' id='word_1_692' title='bbox 269 2492 431 2520; x_wconf 66' lang='lat' dir='ltr'><strong>substantia</strong></span> <span class='ocrx_word' id='word_1_693' title='bbox 446 2499 510 2520; x_wconf 81' lang='lat' dir='ltr'><strong>eum</strong></span> <span class='ocrx_word' id='word_1_694' title='bbox 531 2492 671 2527; x_wconf 56' lang='lat' dir='ltr'><strong>paelici“.</strong></span> <span class='ocrx_word' id='word_1_695' title='bbox 684 2491 738 2528; x_wconf 62' lang='grc'><strong>43</strong></span> <span class='ocrx_word' id='word_1_696' title='bbox 752 2491 808 2520; x_wconf 85' lang='lat' dir='ltr'><strong>Hac</strong></span> <span class='ocrx_word' id='word_1_697' title='bbox 829 2501 843 2519; x_wconf 89' lang='lat' dir='ltr'><strong>a</strong></span> <span class='ocrx_word' id='word_1_698' title='bbox 859 2500 943 2528; x_wconf 85' lang='lat' dir='ltr'><strong>puero</strong></span> <span class='ocrx_word' id='word_1_699' title='bbox 961 2493 1011 2519; x_wconf 82' lang='lat' dir='ltr'><strong>Mi-</strong></span> 
     </span>
    </p>
   </div>
   <div class='ocr_carea' id='block_1_95' title="bbox 220 2538 1013 2574">
    <p class='ocr_par' dir='ltr' id='par_1_95' title="bbox 220 2538 1013 2574">
     <span class='ocr_line' id='line_1_95' title="bbox 220 2538 1013 2574; baseline -0.001 -7"><span class='ocrx_word' id='word_1_700' title='bbox 220 2540 299 2568; x_wconf 75' lang='lat' dir='ltr'><strong>chael</strong></span> <span class='ocrx_word' id='word_1_701' title='bbox 313 2539 459 2567; x_wconf 80' lang='lat' dir='ltr'><strong>institutus</strong></span> <span class='ocrx_word' id='word_1_702' title='bbox 485 2538 600 2574; x_wconf 69' lang='lat' dir='ltr'><strong>ejusque</strong></span> <span class='ocrx_word' id='word_1_703' title='bbox 618 2539 736 2574; x_wconf 82' lang='lat' dir='ltr'><strong>primum</strong></span> <span class='ocrx_word' id='word_1_704' title='bbox 760 2539 934 2567; x_wconf 82' lang='lat' dir='ltr'><strong>documentis</strong></span> <span class='ocrx_word' id='word_1_705' title='bbox 961 2539 1013 2566; x_wconf 83' lang='lat' dir='ltr'><strong>izn-</strong></span> 
     </span>
    </p>
   </div>
   <div class='ocr_carea' id='block_1_96' title="bbox 221 2585 1012 2621">
    <p class='ocr_par' dir='ltr' id='par_1_96' title="bbox 221 2585 1012 2621">
     <span class='ocr_line' id='line_1_96' title="bbox 221 2585 1012 2621; baseline -0.001 -6"><span class='ocrx_word' id='word_1_706' title='bbox 221 2587 314 2618; x_wconf 80' lang='lat' dir='ltr'><strong>butus,</strong></span> <span class='ocrx_word' id='word_1_707' title='bbox 334 2593 368 2613; x_wconf 83' lang='lat' dir='ltr'><strong>ne</strong></span> <span class='ocrx_word' id='word_1_708' title='bbox 378 2586 420 2614; x_wconf 87' lang='lat' dir='ltr'><strong>sic</strong></span> <span class='ocrx_word' id='word_1_709' title='bbox 435 2585 546 2621; x_wconf 76' lang='lat' dir='ltr'><strong>quidem</strong></span> <span class='ocrx_word' id='word_1_710' title='bbox 569 2593 631 2621; x_wconf 77' lang='lat' dir='ltr'><strong>qua)</strong></span> <span class='ocrx_word' id='word_1_711' title='bbox 650 2586 739 2620; x_wconf 88' lang='lat' dir='ltr'><strong>primo</strong></span> <span class='ocrx_word' id='word_1_712' title='bbox 752 2586 889 2614; x_wconf 80' lang='lat' dir='ltr'><strong>insederat</strong></span> <span class='ocrx_word' id='word_1_713' title='bbox 905 2586 1012 2621; x_wconf 89' lang='lat' dir='ltr'><strong>opinio-</strong></span> 
     </span>
    </p>
   </div>
   <div class='ocr_carea' id='block_1_97' title="bbox 221 2633 1011 2669">
    <p class='ocr_par' dir='ltr' id='par_1_97' title="bbox 221 2633 1011 2669">
     <span class='ocr_line' id='line_1_97' title="bbox 221 2633 1011 2669; baseline 0.001 -9"><span class='ocrx_word' id='word_1_714' title='bbox 221 2641 283 2661; x_wconf 78' lang='lat' dir='ltr'><strong>nem</strong></span> <span class='ocrx_word' id='word_1_715' title='bbox 308 2640 404 2668; x_wconf 83' lang='lat' dir='ltr'><strong>puram</strong></span> <span class='ocrx_word' id='word_1_716' title='bbox 423 2633 546 2666; x_wconf 83' lang='lat' dir='ltr'><strong>retinuit,</strong></span> <span class='ocrx_word' id='word_1_717' title='bbox 575 2634 623 2661; x_wconf 84' lang='lat' dir='ltr'><strong>sed</strong></span> <span class='ocrx_word' id='word_1_718' title='bbox 651 2633 727 2661; x_wconf 68' lang='lat' dir='ltr'><strong>velut</strong></span> <span class='ocrx_word' id='word_1_719' title='bbox 756 2641 849 2668; x_wconf 63' lang='lat' dir='ltr'><strong>prava:</strong></span> <span class='ocrx_word' id='word_1_720' title='bbox 871 2633 1011 2669; x_wconf 85' lang='lat' dir='ltr'><strong>religionis</strong></span> 
     </span>
    </p>
   </div>
   <div class='ocr_carea' id='block_1_98' title="bbox 223 2679 1013 2716">
    <p class='ocr_par' dir='ltr' id='par_1_98' title="bbox 223 2679 1013 2716">
     <span class='ocr_line' id='line_1_98' title="bbox 223 2679 1013 2716; baseline 0.001 -9"><span class='ocrx_word' id='word_1_721' title='bbox 223 2680 371 2714; x_wconf 67' lang='lat' dir='ltr'><strong>notbazque</strong></span> <span class='ocrx_word' id='word_1_722' title='bbox 389 2679 532 2713; x_wconf 81' lang='lat' dir='ltr'><strong>colluvies,</strong></span> <span class='ocrx_word' id='word_1_723' title='bbox 549 2684 608 2707; x_wconf 83' lang='lat' dir='ltr'><strong>tum</strong></span> <span class='ocrx_word' id='word_1_724' title='bbox 641 2688 701 2708; x_wconf 72' lang='lat' dir='ltr'><strong>eam</strong></span> <span class='ocrx_word' id='word_1_725' title='bbox 723 2680 810 2715; x_wconf 84' lang='lat' dir='ltr'><strong>ipsam</strong></span> <span class='ocrx_word' id='word_1_726' title='bbox 842 2679 928 2716; x_wconf 84' lang='lat' dir='ltr'><strong>paulo</strong></span> <span class='ocrx_word' id='word_1_727' title='bbox 951 2687 1013 2715; x_wconf 90' lang='lat' dir='ltr'><strong>post</strong></span> 
     </span>
    </p>
   </div>
   <div class='ocr_carea' id='block_1_99' title="bbox 222 2725 1012 2761">
    <p class='ocr_par' dir='ltr' id='par_1_99' title="bbox 222 2725 1012 2761">
     <span class='ocr_line' id='line_1_99' title="bbox 222 2725 1012 2761; baseline 0 -7"><span class='ocrx_word' id='word_1_728' title='bbox 222 2725 397 2759; x_wconf 77' lang='lat' dir='ltr'><strong>adulteravit,</strong></span> <span class='ocrx_word' id='word_1_729' title='bbox 412 2730 467 2753; x_wconf 91' lang='lat' dir='ltr'><strong>tum</strong></span> <span class='ocrx_word' id='word_1_730' title='bbox 483 2725 670 2755; x_wconf 84' lang='lat' dir='ltr'><strong>Christianam</strong></span> <span class='ocrx_word' id='word_1_731' title='bbox 696 2734 728 2753; x_wconf 86' lang='lat' dir='ltr'><strong>ac</strong></span> <span class='ocrx_word' id='word_1_732' title='bbox 747 2725 889 2754; x_wconf 68' lang='lat' dir='ltr'><strong>Iudaicam</strong></span> <span class='ocrx_word' id='word_1_733' title='bbox 911 2727 1012 2761; x_wconf 87' lang='lat' dir='ltr'><strong>spuriis</strong></span> 
     </span>
    </p>
   </div>
   <div class='ocr_carea' id='block_1_100' title="bbox 221 2773 1012 2809">
    <p class='ocr_par' dir='ltr' id='par_1_100' title="bbox 221 2773 1012 2809">
     <span class='ocr_line' id='line_1_100' title="bbox 221 2773 1012 2809; baseline 0.003 -9"><span class='ocrx_word' id='word_1_734' title='bbox 221 2773 285 2800; x_wconf 87' lang='lat' dir='ltr'><strong>aliis</strong></span> <span class='ocrx_word' id='word_1_735' title='bbox 298 2773 435 2808; x_wconf 86' lang='lat' dir='ltr'><strong>adjunctis</strong></span> <span class='ocrx_word' id='word_1_736' title='bbox 453 2773 561 2809; x_wconf 88' lang='lat' dir='ltr'><strong>polluit.</strong></span> <span class='ocrx_word' id='word_1_737' title='bbox 578 2773 717 2801; x_wconf 83' lang='lat' dir='ltr'><strong>Hactenus</strong></span> <span class='ocrx_word' id='word_1_738' title='bbox 740 2773 853 2807; x_wconf 87' lang='lat' dir='ltr'><strong>quidem</strong></span> <span class='ocrx_word' id='word_1_739' title='bbox 869 2773 944 2801; x_wconf 87' lang='lat' dir='ltr'><strong>illam</strong></span> <span class='ocrx_word' id='word_1_740' title='bbox 968 2782 1012 2802; x_wconf 85' lang='lat' dir='ltr'><strong>se-</strong></span> 
     </span>
    </p>
   </div>
   <div class='ocr_carea' id='block_1_101' title="bbox 220 2819 1012 2862">
    <p class='ocr_par' dir='ltr' id='par_1_101' title="bbox 220 2819 1012 2862">
     <span class='ocr_line' id='line_1_101' title="bbox 220 2819 1012 2862; baseline 0.001 -15"><span class='ocrx_word' id='word_1_741' title='bbox 220 2821 355 2856; x_wconf 82' lang='lat' dir='ltr'><strong>quebatur</strong></span> <span class='ocrx_word' id='word_1_742' title='bbox 375 2820 457 2855; x_wconf 87' lang='lat' dir='ltr'><strong>inque</strong></span> <span class='ocrx_word' id='word_1_743' title='bbox 475 2820 581 2862; x_wconf 77' lang='lat' dir='ltr'><strong>virilem</strong></span> <span class='ocrx_word' id='word_1_744' title='bbox 602 2819 767 2854; x_wconf 80' lang='lat' dir='ltr'><strong>prm&#39;ebehat</strong></span> <span class='ocrx_word' id='word_1_745' title='bbox 785 2823 904 2852; x_wconf 70' lang='lat' dir='ltr'><strong>:ttatcm,</strong></span> <span class='ocrx_word' id='word_1_746' title='bbox 933 2828 1012 2855; x_wconf 82' lang='lat' dir='ltr'><strong>agre-</strong></span> 
     </span>
    </p>
   </div>
   <div class='ocr_carea' id='block_1_102' title="bbox 1065 2309 1859 2346">
    <p class='ocr_par' dir='ltr' id='par_1_102' title="bbox 1065 2309 1859 2346">
     <span class='ocr_line' id='line_1_102' title="bbox 1065 2309 1859 2346; baseline -0.001 -9"><span class='ocrx_word' id='word_1_747' title='bbox 1065 2310 1167 2343; x_wconf 73' lang='grc' dir='ltr'>τελὲως</span> <span class='ocrx_word' id='word_1_748' title='bbox 1191 2310 1379 2346; x_wconf 77' lang='grc' dir='ltr'>βαπτίσματος</span> <span class='ocrx_word' id='word_1_749' title='bbox 1406 2309 1588 2345; x_wconf 82' lang='grc' dir='ltr'>ἀπεχόμενον,</span> <span class='ocrx_word' id='word_1_750' title='bbox 1605 2309 1677 2337; x_wconf 80' lang='grc' dir='ltr'>κατὰ</span> <span class='ocrx_word' id='word_1_751' title='bbox 1693 2310 1738 2336; x_wconf 71' lang='grc' dir='ltr'><strong>τὸν</strong></span> <span class='ocrx_word' id='word_1_752' title='bbox 1760 2310 1859 2337; x_wconf 77' lang='grc' dir='ltr'>ἑαυτοῦ</span> 
     </span>
    </p>
   </div>
   <div class='ocr_carea' id='block_1_103' title="bbox 1066 2353 1860 2392">
    <p class='ocr_par' dir='ltr' id='par_1_103' title="bbox 1066 2353 1860 2392">
     <span class='ocr_line' id='line_1_103' title="bbox 1066 2353 1860 2392; baseline -0.003 -9"><span class='ocrx_word' id='word_1_753' title='bbox 1066 2354 1151 2388; x_wconf 76' lang='grc' dir='ltr'>οἶκον,</span> <span class='ocrx_word' id='word_1_754' title='bbox 1166 2353 1188 2390; x_wconf 85' lang='grc' dir='ltr'><strong>ᾧ</strong></span> <span class='ocrx_word' id='word_1_755' title='bbox 1202 2357 1250 2383; x_wconf 70' lang='grc' dir='ltr'>καὶ</span> <span class='ocrx_word' id='word_1_756' title='bbox 1263 2355 1297 2383; x_wconf 76' lang='grc' dir='ltr'>τὰ</span> <span class='ocrx_word' id='word_1_757' title='bbox 1310 2355 1409 2382; x_wconf 75' lang='grc' dir='ltr'>ἑαυτοῦ</span> <span class='ocrx_word' id='word_1_758' title='bbox 1425 2355 1455 2382; x_wconf 88' lang='grc' dir='ltr'>οὐ</span> <span class='ocrx_word' id='word_1_759' title='bbox 1472 2355 1553 2391; x_wconf 84' lang='grc' dir='ltr'>μόνον</span> <span class='ocrx_word' id='word_1_760' title='bbox 1567 2355 1602 2382; x_wconf 82' lang='grc' dir='ltr'>τὰ</span> <span class='ocrx_word' id='word_1_761' title='bbox 1617 2354 1730 2390; x_wconf 81' lang='grc' dir='ltr'>ψυχικὰ,</span> <span class='ocrx_word' id='word_1_762' title='bbox 1746 2354 1816 2381; x_wconf 76' lang='grc' dir='ltr'>ἀλλὰ</span> <span class='ocrx_word' id='word_1_763' title='bbox 1826 2355 1860 2392; x_wconf 83' lang='grc' dir='ltr'>δὴ</span> 
     </span>
    </p>
   </div>
   <div class='ocr_carea' id='block_1_104' title="bbox 1066 2401 1860 2440">
    <p class='ocr_par' dir='ltr' id='par_1_104' title="bbox 1066 2401 1860 2440">
     <span class='ocr_line' id='line_1_104' title="bbox 1066 2401 1860 2440; baseline -0.003 -8"><span class='ocrx_word' id='word_1_764' title='bbox 1066 2404 1178 2436; x_wconf 78' lang='grc' dir='ltr'>καὶτὰς</span> <span class='ocrx_word' id='word_1_765' title='bbox 1191 2404 1253 2431; x_wconf 83' lang='grc' dir='ltr'>κατ’</span> <span class='ocrx_word' id='word_1_766' title='bbox 1271 2401 1345 2431; x_wconf 79' lang='grc' dir='ltr'>οἷκον</span> <span class='ocrx_word' id='word_1_767' title='bbox 1360 2403 1519 2440; x_wconf 80' lang='grc' dir='ltr'>οἰκονομίας</span> <span class='ocrx_word' id='word_1_768' title='bbox 1538 2402 1712 2439; x_wconf 69' lang='grc' dir='ltr'>ὲμπιστεύει,</span> <span class='ocrx_word' id='word_1_769' title='bbox 1729 2403 1776 2431; x_wconf 82' lang='grc' dir='ltr'>καὶ</span> <span class='ocrx_word' id='word_1_770' title='bbox 1806 2403 1860 2430; x_wconf 70' lang='grc' dir='ltr'><strong>ὑπὸ</strong></span> 
     </span>
    </p>
   </div>
   <div class='ocr_carea' id='block_1_105' title="bbox 1066 2445 1861 2488">
    <p class='ocr_par' dir='ltr' id='par_1_105' title="bbox 1066 2445 1861 2488">
     <span class='ocr_line' id='line_1_105' title="bbox 1066 2445 1861 2488; baseline -0.003 -11"><span class='ocrx_word' id='word_1_771' title='bbox 1066 2451 1147 2486; x_wconf 82' lang='grc' dir='ltr'>χεῖρα</span> <span class='ocrx_word' id='word_1_772' title='bbox 1169 2450 1263 2477; x_wconf 87' lang='grc' dir='ltr'>δίδωσι</span> <span class='ocrx_word' id='word_1_773' title='bbox 1286 2449 1331 2486; x_wconf 86' lang='grc' dir='ltr'><strong>[Ρ.</strong></span> <span class='ocrx_word' id='word_1_774' title='bbox 1352 2448 1406 2488; x_wconf 71' lang='grc'><strong>28]</strong></span> <span class='ocrx_word' id='word_1_775' title='bbox 1425 2449 1475 2485; x_wconf 79' lang='grc' dir='ltr'>τὴν</span> <span class='ocrx_word' id='word_1_776' title='bbox 1502 2448 1597 2476; x_wconf 77' lang='grc' dir='ltr'>αὐτοῦ.</span> <span class='ocrx_word' id='word_1_777' title='bbox 1619 2448 1729 2483; x_wconf 83' lang='grc' dir='ltr'>Ταύτης</span> <span class='ocrx_word' id='word_1_778' title='bbox 1754 2445 1802 2474; x_wconf 72' lang='grc' dir='ltr'>οὖν</span> <span class='ocrx_word' id='word_1_779' title='bbox 1827 2449 1861 2475; x_wconf 76' lang='grc' dir='ltr'>ἐκ</span> 
     </span>
    </p>
   </div>
   <div class='ocr_carea' id='block_1_106' title="bbox 1069 2492 1860 2534">
    <p class='ocr_par' dir='ltr' id='par_1_106' title="bbox 1069 2492 1860 2534">
     <span class='ocr_line' id='line_1_106' title="bbox 1069 2492 1860 2534; baseline -0.003 -11"><span class='ocrx_word' id='word_1_780' title='bbox 1069 2496 1163 2529; x_wconf 87' lang='grc' dir='ltr'>παιδδς</span> <span class='ocrx_word' id='word_1_781' title='bbox 1175 2496 1319 2533; x_wconf 80' lang='grc' dir='ltr'>μετασχὼν</span> <span class='ocrx_word' id='word_1_782' title='bbox 1328 2497 1375 2524; x_wconf 75' lang='grc' dir='ltr'>καὶ</span> <span class='ocrx_word' id='word_1_783' title='bbox 1408 2495 1457 2532; x_wconf 79' lang='grc' dir='ltr'>τὴν</span> <span class='ocrx_word' id='word_1_784' title='bbox 1465 2495 1553 2531; x_wconf 80' lang='grc' dir='ltr'>ψυχὴν</span> <span class='ocrx_word' id='word_1_785' title='bbox 1563 2493 1802 2530; x_wconf 79' lang='grc' dir='ltr'>προκαταληφοεὶς</span> <span class='ocrx_word' id='word_1_786' title='bbox 1808 2495 1860 2521; x_wconf 83' lang='grc' dir='ltr'>οὐκ</span> 
     </span>
    </p>
   </div>
   <div class='ocr_carea' id='block_1_107' title="bbox 1067 2538 1860 2577">
    <p class='ocr_par' dir='ltr' id='par_1_107' title="bbox 1067 2538 1860 2577">
     <span class='ocr_line' id='line_1_107' title="bbox 1067 2538 1860 2577; baseline -0.006 -8"><span class='ocrx_word' id='word_1_787' title='bbox 1067 2540 1141 2577; x_wconf 71' lang='grc' dir='ltr'>εἶχεν</span> <span class='ocrx_word' id='word_1_788' title='bbox 1158 2542 1211 2570; x_wconf 81' lang='grc' dir='ltr'>οὐδ’</span> <span class='ocrx_word' id='word_1_789' title='bbox 1225 2540 1311 2574; x_wconf 67' lang='grc' dir='ltr'>οὕτως</span> <span class='ocrx_word' id='word_1_790' title='bbox 1335 2541 1366 2568; x_wconf 80' lang='grc' dir='ltr'><strong>τὸ</strong></span> <span class='ocrx_word' id='word_1_791' title='bbox 1392 2542 1443 2577; x_wconf 82' lang='grc' dir='ltr'>τῆς</span> <span class='ocrx_word' id='word_1_792' title='bbox 1456 2538 1619 2575; x_wconf 79' lang='grc' dir='ltr'>προλήψεως</span> <span class='ocrx_word' id='word_1_793' title='bbox 1647 2538 1777 2574; x_wconf 83' lang='grc' dir='ltr'>καθαρὸν,</span> <span class='ocrx_word' id='word_1_794' title='bbox 1800 2538 1860 2565; x_wconf 85' lang='grc' dir='ltr'>ἀλλ’</span> 
     </span>
    </p>
   </div>
   <div class='ocr_carea' id='block_1_108' title="bbox 1067 2585 1860 2622">
    <p class='ocr_par' dir='ltr' id='par_1_108' title="bbox 1067 2585 1860 2622">
     <span class='ocr_line' id='line_1_108' title="bbox 1067 2585 1860 2622; baseline -0.006 -6"><span class='ocrx_word' id='word_1_795' title='bbox 1067 2586 1122 2616; x_wconf 71' lang='grc' dir='ltr'>οἷόν</span> <span class='ocrx_word' id='word_1_796' title='bbox 1141 2598 1183 2621; x_wconf 89' lang='grc' dir='ltr'><strong>τις</strong></span> <span class='ocrx_word' id='word_1_797' title='bbox 1197 2589 1326 2620; x_wconf 78' lang='grc' dir='ltr'>ἀπιστίας</span> <span class='ocrx_word' id='word_1_798' title='bbox 1341 2587 1449 2620; x_wconf 84' lang='grc' dir='ltr'>σύνοδος</span> <span class='ocrx_word' id='word_1_799' title='bbox 1464 2586 1585 2622; x_wconf 88' lang='grc' dir='ltr'>γεγονὼς</span> <span class='ocrx_word' id='word_1_800' title='bbox 1610 2586 1679 2621; x_wconf 71' lang='grc' dir='ltr'>ὁμοῦ</span> <span class='ocrx_word' id='word_1_801' title='bbox 1694 2594 1724 2612; x_wconf 84' lang='grc' dir='ltr'><strong>τε</strong></span> <span class='ocrx_word' id='word_1_802' title='bbox 1756 2585 1860 2621; x_wconf 83' lang='grc' dir='ltr'>ταύτην</span> 
     </span>
    </p>
   </div>
   <div class='ocr_carea' id='block_1_109' title="bbox 1067 2632 1860 2672">
    <p class='ocr_par' dir='ltr' id='par_1_109' title="bbox 1067 2632 1860 2672">
     <span class='ocr_line' id='line_1_109' title="bbox 1067 2632 1860 2672; baseline -0.004 -10"><span class='ocrx_word' id='word_1_803' title='bbox 1067 2635 1097 2662; x_wconf 76' lang='grc' dir='ltr'>οὗ</span> <span class='ocrx_word' id='word_1_804' title='bbox 1113 2636 1208 2672; x_wconf 75' lang='grc' dir='ltr'>πόρρω</span> <span class='ocrx_word' id='word_1_805' title='bbox 1223 2636 1369 2671; x_wconf 84' lang='grc' dir='ltr'>γενόμενος</span> <span class='ocrx_word' id='word_1_806' title='bbox 1387 2633 1578 2669; x_wconf 79' lang='grc' dir='ltr'>παρεχάραξεν</span> <span class='ocrx_word' id='word_1_807' title='bbox 1592 2635 1639 2658; x_wconf 80' lang='grc' dir='ltr'>καὶ</span> <span class='ocrx_word' id='word_1_808' title='bbox 1655 2632 1704 2667; x_wconf 86' lang='grc' dir='ltr'>τὴν</span> <span class='ocrx_word' id='word_1_809' title='bbox 1725 2632 1860 2668; x_wconf 78' lang='grc' dir='ltr'>Χριστια-</span> 
     </span>
    </p>
   </div>
   <div class='ocr_carea' id='block_1_110' title="bbox 1067 2678 1860 2718">
    <p class='ocr_par' dir='ltr' id='par_1_110' title="bbox 1067 2678 1860 2718">
     <span class='ocr_line' id='line_1_110' title="bbox 1067 2678 1860 2718; baseline -0.008 -8"><span class='ocrx_word' id='word_1_810' title='bbox 1067 2682 1120 2710; x_wconf 88' lang='grc' dir='ltr'>νῶν</span> <span class='ocrx_word' id='word_1_811' title='bbox 1151 2682 1351 2718; x_wconf 85' lang='grc' dir='ltr'>παρενόθευσεν</span> <span class='ocrx_word' id='word_1_812' title='bbox 1383 2682 1430 2707; x_wconf 66' lang='grc' dir='ltr'>καὶ</span> <span class='ocrx_word' id='word_1_813' title='bbox 1453 2680 1502 2716; x_wconf 84' lang='grc' dir='ltr'>τὴν</span> <span class='ocrx_word' id='word_1_814' title='bbox 1524 2678 1673 2713; x_wconf 84' lang='grc' dir='ltr'>Ἰουδαῖκὴν</span> <span class='ocrx_word' id='word_1_815' title='bbox 1703 2678 1860 2714; x_wconf 65' lang='grc' dir='ltr'>ὲκιϐδὴλευυ</span> 
     </span>
    </p>
   </div>
   <div class='ocr_carea' id='block_1_111' title="bbox 1068 2724 1857 2763">
    <p class='ocr_par' dir='ltr' id='par_1_111' title="bbox 1068 2724 1857 2763">
     <span class='ocr_line' id='line_1_111' title="bbox 1068 2724 1857 2763; baseline -0.009 -7"><span class='ocrx_word' id='word_1_816' title='bbox 1068 2738 1124 2756; x_wconf 81' lang='grc' dir='ltr'>σεν.</span> <span class='ocrx_word' id='word_1_817' title='bbox 1145 2729 1221 2760; x_wconf 78' lang='grc' dir='ltr'>Τέως</span> <span class='ocrx_word' id='word_1_818' title='bbox 1239 2728 1287 2763; x_wconf 81' lang='grc' dir='ltr'>μὲν</span> <span class='ocrx_word' id='word_1_819' title='bbox 1316 2724 1362 2753; x_wconf 81' lang='grc' dir='ltr'>οὖν</span> <span class='ocrx_word' id='word_1_820' title='bbox 1381 2726 1470 2761; x_wconf 74' lang='grc' dir='ltr'>εἴχετο</span> <span class='ocrx_word' id='word_1_821' title='bbox 1495 2725 1590 2759; x_wconf 72' lang='grc' dir='ltr'>αὐτῆς,</span> <span class='ocrx_word' id='word_1_822' title='bbox 1612 2725 1658 2751; x_wconf 75' lang='grc' dir='ltr'><strong>καὶ</strong></span> <span class='ocrx_word' id='word_1_823' title='bbox 1673 2724 1723 2760; x_wconf 83' lang='grc' dir='ltr'>τὴν</span> <span class='ocrx_word' id='word_1_824' title='bbox 1749 2724 1789 2755; x_wconf 80' lang='grc' dir='ltr'>εἰς</span> <span class='ocrx_word' id='word_1_825' title='bbox 1809 2724 1857 2751; x_wconf 88' lang='grc' dir='ltr'><strong>ἄν-</strong></span> 
     </span>
    </p>
   </div>
   <div class='ocr_carea' id='block_1_112' title="bbox 1067 2770 1858 2811">
    <p class='ocr_par' dir='ltr' id='par_1_112' title="bbox 1067 2770 1858 2811">
     <span class='ocr_line' id='line_1_112' title="bbox 1067 2770 1858 2811; baseline -0.008 -8"><span class='ocrx_word' id='word_1_826' title='bbox 1067 2776 1134 2811; x_wconf 86' lang='grc' dir='ltr'>δρας</span> <span class='ocrx_word' id='word_1_827' title='bbox 1148 2775 1278 2802; x_wconf 77' lang='grc' dir='ltr'>τελοῦσαν</span> <span class='ocrx_word' id='word_1_828' title='bbox 1295 2774 1405 2809; x_wconf 77' lang='grc' dir='ltr'>ἠλικίαν</span> <span class='ocrx_word' id='word_1_829' title='bbox 1426 2773 1553 2808; x_wconf 81' lang='grc' dir='ltr'>ἀνήγετο,</span> <span class='ocrx_word' id='word_1_830' title='bbox 1567 2770 1711 2806; x_wconf 77' lang='grc' dir='ltr'>ἀγροικίαν</span> <span class='ocrx_word' id='word_1_831' title='bbox 1722 2771 1769 2797; x_wconf 73' lang='grc' dir='ltr'>καὶ</span> <span class='ocrx_word' id='word_1_832' title='bbox 1783 2771 1858 2805; x_wconf 84' lang='grc' dir='ltr'>ἁμα-</span> 
     </span>
    </p>
   </div>
   <div class='ocr_carea' id='block_1_113' title="bbox 1067 2816 1856 2856">
    <p class='ocr_par' dir='ltr' id='par_1_113' title="bbox 1067 2816 1856 2856">
     <span class='ocr_line' id='line_1_113' title="bbox 1067 2816 1856 2856; baseline -0.008 -7"><span class='ocrx_word' id='word_1_833' title='bbox 1067 2822 1129 2849; x_wconf 81' lang='grc' dir='ltr'>θιαν</span> <span class='ocrx_word' id='word_1_834' title='bbox 1146 2821 1240 2856; x_wconf 84' lang='grc' dir='ltr'>ὥσπερ</span> <span class='ocrx_word' id='word_1_835' title='bbox 1250 2821 1328 2853; x_wconf 78' lang='grc' dir='ltr'>τινὰς</span> <span class='ocrx_word' id='word_1_836' title='bbox 1339 2820 1433 2852; x_wconf 69' lang='grc' dir='ltr'>ἕλικας</span> <span class='ocrx_word' id='word_1_837' title='bbox 1449 2819 1571 2854; x_wconf 79' lang='grc' dir='ltr'>ἄμπελος</span> <span class='ocrx_word' id='word_1_838' title='bbox 1590 2817 1766 2849; x_wconf 76' lang='grc' dir='ltr'>συνανιούσας</span> <span class='ocrx_word' id='word_1_839' title='bbox 1784 2816 1856 2851; x_wconf 71' lang='grc' dir='ltr'>ἔχων</span> 
     </span>
    </p>
   </div>
   <div class='ocr_carea' id='block_1_114' title="bbox 858 2867 1192 2897">
    <p class='ocr_par' dir='ltr' id='par_1_114' title="bbox 858 2867 1192 2897">
     <span class='ocr_line' id='line_1_114' title="bbox 858 2867 1192 2897; baseline 0.003 -3"><span class='ocrx_word' id='word_1_840' title='bbox 858 2867 972 2895; x_wconf 62' lang='grc' dir='ltr'><strong>νΑῐλΙίΕ</strong></span> <span class='ocrx_word' id='word_1_841' title='bbox 991 2867 1192 2897; x_wconf 73' lang='lat' dir='ltr'><strong>LECTIUNES.</strong></span> 
     </span>
    </p>
   </div>
   <div class='ocr_carea' id='block_1_115' title="bbox 256 2912 727 2946">
    <p class='ocr_par' dir='ltr' id='par_1_115' title="bbox 256 2912 727 2946">
     <span class='ocr_line' id='line_1_115' title="bbox 256 2912 727 2946; baseline -0.004 -6"><span class='ocrx_word' id='word_1_842' title='bbox 256 2912 278 2929; x_wconf 83' lang='lat'><strong>&quot;</strong></span> <span class='ocrx_word' id='word_1_843' title='bbox 296 2912 528 2946; x_wconf 71' lang='grc' dir='ltr'>ἀπαγγέλλουσαΐ</span> <span class='ocrx_word' id='word_1_844' title='bbox 580 2912 600 2927; x_wconf 56' lang='grc'><strong>⁸⁷</strong></span> <span class='ocrx_word' id='word_1_845' title='bbox 616 2912 727 2944; x_wconf 77' lang='grc' dir='ltr'>αὺτοίςῖ</span> 
     </span>
    </p>
   </div>
  </div>
