2011 3156
261 197 297 228 ea
828 192 1083 223 THEOPHANES
1101 184 1386 223 CONTINUATUSJ
1856 186 1894 221 et

263 253 369 283 statuit.
386 252 484 280 ludam
501 252 608 286 petulca
627 259 658 279 ac
672 251 766 278 elfreni
783 251 874 285 lingua
900 250 987 278 beatis
1005 257 1051 277 ac-

1110 250 1149 277 τδν
1164 249 1265 277 Ἰούδαν
1279 249 1422 283 ἀκολάστῳ
1448 247 1557 283 γλώσσῃ
1572 247 1747 275 κατατάττων
1761 248 1817 279 τοῖς
1837 256 1892 274 σω-

262 299 414 332 eensebat;
442 298 572 326 salutaris
596 297 708 325 Pascha!
731 296 832 324 festum
859 297 1050 330 cavillabatur,

264 351 393 380 tanquam
408 344 476 371 male
497 351 548 371 nee
563 343 685 378 legitimo
712 347 835 377 tempore
857 343 1051 371 celebraretur.

263 391 449 419 Graecanicam
465 398 498 417 ac
519 390 678 417 szeeularem
695 389 877 416 eruditionem
904 397 951 417 seu
970 389 1052 417 disci-

266 438 366 471 piiuam
384 437 531 471 despuens,
558 441 680 463 nostram
700 443 809 471 quoque
827 444 858 464 ac
876 436 997 464 divinam
1013 437 1053 464 sic

264 485 463 519 aspernabatur
485 488 514 510 ut
535 490 584 510 nec
596 490 697 518 pueros
712 483 757 510 illa
779 483 864 510 imbui
881 483 993 516 sineret,
1019 491 1053 511 ne

265 531 328 565 quis
341 529 487 565 aliquando
503 530 575 557 illius
587 529 700 557 inscitia:
717 531 845 557 resistere
853 535 947 565 posset
957 539 1053 558 eumve

266 583 426 610 coarguere,
445 583 513 603 neve
525 583 620 603 rursus
636 575 781 611 disciplina
800 576 885 611 adjuti
909 577 1052 604 oculorttm

267 621 419 656 lingnteque
432 621 577 648 velocitate
593 621 619 648 in
638 621 752 655 legendo
764 621 824 656 ejus
836 622 874 649 rei
891 622 1007 656 palmam
1029 623 1054 651 ei

266 667 454 702 praeriperent.
471 667 547 694 Adeo
562 667 634 694 enim
653 667 680 694 in
693 668 890 702 componendis
907 668 1006 696 litteris
1020 670 1055 696 le-

267 713 417 748 gendisque
433 713 545 749 syllabis
560 713 655 741 tardus
666 718 734 746 erat,
752 719 781 741 ut
795 714 894 741 librum
911 715 972 750 quis
985 715 1055 744 alius

267 758 375 786 facilius
394 763 566 793 percurreret
586 767 667 794 quam
701 759 743 786 sui
770 760 890 788 nominis
921 759 1056 789 elementa

270 812 327 839 pra:
356 804 458 832 mentis
475 805 603 832 tarditate
627 805 651 832 is
679 809 841 832 recenseret.
869 804 968 833 Verum
999 807 1056 834 haec

268 850 353 877 missa
367 854 449 877 sunto
465 854 495 877 ut
514 857 575 885 qua:
600 850 649 877 viri
677 851 763 878 sancti
790 850 848 884 ejus
861 852 949 880 :etatis
965 853 1054 887 palam

268 895 465 930 exagitaverint
481 904 488 923 :
505 900 613 924 exstant
626 897 699 923 enim
716 896 779 924 libri
795 897 855 932 ejus
870 903 997 926 notantes
1024 907 1056 927 ac

270 941 442 970 traducentes
457 941 600 970 dedecora.
618 941 673 970 Nos
687 951 754 971 vero
768 944 900 978 reliquam
913 945 1056 973 historiam

270 995 477 1023 prosequamur,
496 997 529 1016 ac
544 997 604 1024 qua:
622 990 691 1017 mala
712 991 847 1025 pepererit
873 991 946 1019 illius
962 992 1058 1027 impie-

270 1039 312 1062 tas
328 1043 337 1060 \
345 1034 477 1062 ideatuus.

303 1124 331 1152 9.
342 1123 394 1151 Per
413 1125 466 1152 hoc
484 1129 590 1159 tempus
616 1125 716 1152 bellum
732 1125 813 1152 civile
829 1125 863 1153 ab
887 1125 1000 1153 Oriente
1017 1128 1058 1153 in-

268 1175 377 1205 ceptum
390 1171 481 1198 omnis
491 1171 599 1206 generis
613 1171 693 1199 malis
716 1170 874 1199 Romanum
893 1172 988 1199 orbem
1004 1173 1058 1199 im-

269 1218 363 1253 plevit,
391 1218 518 1252 intraque
542 1219 682 1254 angustias
712 1218 876 1253 brevemque
900 1227 1057 1252 numerum,

269 1271 331 1291 cum
351 1263 454 1299 ingenti
475 1263 566 1291 fusum
589 1265 666 1298 copia
685 1269 768 1297 esset.
793 1266 948 1293 mortalium
972 1274 1058 1301 genus

269 1309 368 1344 coegit,
384 1309 437 1345 5o
451 1317 550 1344 nempe
568 1315 672 1337 armata
686 1314 795 1345 patrum
808 1311 834 1338 in
850 1311 919 1338 illios
934 1311 1056 1343 dextera,

269 1353 441 1389 fratrumque
449 1354 476 1381 in
496 1354 594 1382 fratres
605 1355 700 1382 eodem
719 1355 795 1383 fusos
812 1361 897 1389 utero,
920 1356 964 1383 fidi
981 1357 1058 1382 deni-

269 1407 323 1433 que
337 1407 369 1426 ac
386 1400 542 1434 przestantis
567 1400 648 1427 amici
674 1400 700 1426 in
725 1407 788 1427 eum
803 1401 848 1435 qui
866 1401 924 1436 ipse
943 1401 984 1428 vel
1001 1409 1058 1428 ma-

269 1447 342 1474 xime
356 1446 483 1474 amicitia:
504 1446 565 1481 jura
581 1450 677 1473 sancta
696 1447 785 1474 vellet.
802 1446 906 1473 llnrum
923 1447 1057 1474 malorum

268 1492 393 1527 inceptor
407 1497 557 1527 auctorque
577 1491 708 1524 Thomas,
723 1492 756 1519 de
775 1500 831 1527 quo
855 1493 953 1527 duplex
972 1492 1058 1520 fertur

269 1539 373 1574 opinio.
395 1538 461 1566 Nam
479 1547 541 1566 cum
555 1539 643 1566 simus
659 1539 795 1570 homines,
818 1539 969 1575 audituque
991 1540 1058 1567 dun-

1105 295 1239 331 ζομένοις,
1251 295 1298 322 καὶ
1309 295 1358 330 τὴν
1375 294 1470 329 ἑορτὴν
1481 294 1528 320 τοῦ
1541 294 1677 329 σωτηρίου
1694 293 1788 328 Πάσχα
1801 293 1893 326 κακῶς

1105 343 1152 369 καὶ
1164 343 1239 378 παρὰ
1256 341 1350 376 καιρὸν
1361 340 1502 376 χλευάζων
1511 339 1655 374 τιμᾶσθαι,
1669 339 1715 366 καὶ
1733 340 1782 374 τὴν
1798 339 1893 374 Ἐλλη-

1104 389 1183 423 νικὴν
1203 388 1342 414 παίδευσιν
1373 386 1520 419 διαπτύων,
1547 387 1593 413 καὶ
1618 386 1666 419 τῆς
1685 385 1823 420 ἡμετέρας
1846 385 1893 412 καὶ

1106 434 1180 467 θείας
1207 433 1336 461 τοσοῦτον
1362 433 1542 468 καταφρονῶν
1559 432 1600 468 [Ρ.
1617 431 1663 468 52]
1689 431 1727 463 ὡς
1744 431 1811 469 μηδὲ
1830 432 1894 463 τοὺς

1105 481 1183 514 νέους
1201 480 1434 516 παιδοτριὸεταθαί
1455 489 1505 507 που
1522 481 1683 515 συγχωρεῖν,
1702 480 1746 506 ἵνα
1768 479 1836 514 μήτε
1859 479 1895 514 τῇ

1106 528 1189 556 αὐτοῦ
1203 528 1300 564 ἀλογίᾳ
1315 528 1371 564 ἔχοι
1386 537 1427 560 τις
1440 527 1597 562 ἀντιστῆναι
1612 535 1675 553 ποτε
1688 527 1734 554 καὶ
1748 526 1894 560 διελέγξαι,

1108 575 1177 610 μήτε
1198 574 1280 602 πάλιν
1308 574 1347 609 τῷ
1372 574 1450 609 τάχει
1473 573 1528 600 τῶν
1554 573 1703 607 ὀφθαλμῶν
1725 573 1771 599 καὶ
1790 573 1827 608 τῇ
1847 572 1896 607 τῆς

1106 620 1230 655 γλώττης
1242 620 1316 656 ῥύμῃ
1333 620 1481 655 φερόμενος
1490 619 1535 646 διὰ
1546 619 1596 654 τῆς
1609 619 1777 649 παιδεύσεως
1787 618 1823 644 τὰ
1837 618 1898 644 δευ-

1105 668 1198 703 τερεῖα
1221 666 1316 693 τοῦτον
1337 666 1359 683 ⁸⁸
1385 666 1479 700 φέρειν
1497 665 1749 699 καταναγκάσειεν·
1768 663 1897 691 τοσοῦτον

1106 713 1161 748 γὰρ
1180 712 1261 748 ἡργει
1283 711 1352 747 πρὸς
1363 711 1411 746 τὴν
1437 711 1510 746 μῖξιν
1527 711 1581 738 τῶν
1596 710 1769 745 γραμμάτων
1793 710 1898 741 ἐκεῖνος

1106 758 1153 785 καὶ
1167 757 1216 793 τὴν
1232 757 1287 784 τῶν
1305 757 1444 784 συλλαΰῶν
1461 756 1625 790 ἀνάγνωσιν,
1645 755 1683 787 ὡς
1710 755 1776 790 ῥᾷον
1797 754 1830 781 ἄν
1854 763 1897 786 τις

1105 803 1198 838 διῆλθε
1213 803 1341 839 βιϐλίονῆ
1359 803 1441 834 αὐτὸς
1462 804 1494 838 τῇ
1514 802 1662 838 βραδύτητι
1679 801 1725 828 τοῦ
1742 800 1788 827 νοῦ
1802 800 1836 827 τὰ.
1848 800 1897 828 τοῦ

1106 850 1207 876 οἰκείου
1225 850 1345 884 στοιχεῖα
1366 849 1505 884 ὀνόματος.
1528 848 1608 875 ’Λλλά
1632 847 1719 874 ταῦτα
1738 847 1787 882 μὲν
1801 846 1838 879 ὡς
1851 847 1900 874 καὶ

1107 898 1164 928 τοῖς
1180 897 1239 923 κατ’
1257 897 1344 923 ἐκεῖνο
1355 895 1451 932 καιροῦ
1462 894 1687 930 κεκωμῳδημένα
1703 893 1785 925 θείοις
1798 893 1900 929 ἀνδρά-

1110 951 1152 969 σιν
1166 943 1258 969 ὲατὲον
1269 950 1276 956 ·
1294 942 1408 978 πλήρεις
1423 942 1477 976 γὰρ
1493 941 1579 976 βίϐλοι
1605 941 1640 967 τὰ
1654 940 1760 966 ἐκείνου
1772 939 1900 974 ὲκστηλι-

1108 988 1249 1015 τεύουσαι·
1266 989 1347 1024 ἡμεῖς
1365 987 1394 1014 δὲ
1416 988 1486 1023 πρὸς
1509 986 1543 1013 τὰ
1559 985 1638 1020 [Ἑξῆς
1660 985 1825 1021 προσσῶμεν
1850 986 1901 1020 τῆς

1109 1034 1241 1070 ἱστορίας,
1254 1034 1288 1061 τὰ
1298 1033 1507 1068 ἀποτελέσματα
1518 1032 1571 1059 τῶν
1580 1031 1667 1059 ἀθέων
1679 1031 1760 1058 ixi-“:06
1774 1031 1900 1067 πράξεων

1109 1081 1267 1116 ἐνορῶντες.

1145 1127 1177 1154 0'.
1193 1127 1271 1153 Κατά
1285 1125 1338 1161 γὰρ
1358 1125 1403 1152 τὸν
1413 1125 1510 1160 καιρδν
1522 1124 1617 1151 τοῦτον
1632 1123 1720 1159 ἀρχὴν
1738 1123 1829 1150 λαϐὼν
1851 1123 1900 1158 ἐμ»

1109 1173 1203 1207 φύλιος
1216 1173 1333 1208 πόλεμος
1344 1171 1532 1205 ὲξἊνατολῆς
1549 1171 1682 1197 παντοίων
1699 1170 1830 1204 ἐνέπλησε
1852 1169 1903 1205 τὴν

1108 1220 1271 1255 οἰκουμένην
1292 1219 1386 1246 κακῶν
1405 1219 1450 1246 καὶ
1474 1220 1506 1245 ὲκ
1529 1217 1634 1245 πολλῶν
1649 1217 1757 1251 ὀλίγους
1775 1217 1839 1248 τοὺς
1851 1216 1903 1243 ἁν-

1109 1266 1234 1302 ορῶπους
1258 1266 1417 1302 εἰργάσατο,
1451 1265 1578 1300 πατέρων
1595 1264 1716 1300 δηλονότι
1731 1264 1781 1295 τὰς
1807 1262 1900 1295 δεξιὰς

1109 1313 1181 1340 κατὰ
1200 1312 1254 1338 τῶν
1282 1312 1347 1338 υἱῶν
1360 1311 1544 1344 ὁπλισάντων,
1561 1311 1609 1337 καὶ
1627 1309 1748 1343 ἀδελφῶν
1760 1309 1831 1336 κατὰ
1845 1308 1901 1335 τῶν

1109 1360 1141 1386 ἐκ
1153 1358 1201 1393 τῆς
1218 1358 1304 1393 αὐτῆς
1322 1357 1431 1392 φύντων
1446 1357 1564 1392 γαστρὸς
1576 1377 1583 1390 ,
1604 1356 1653 1383 καὶ
1671 1356 1747 1390 φίλου
1772 1354 1802 1381 τδ
1824 1353 1905 1386 τέλος

1109 1405 1180 1431 κατὰ
1191 1404 1237 1431 τοῦ
1258 1403 1400 1438 φιλοῦντος
1424 1403 1458 1430 τὰ
1487 1403 1613 1438 μάλιστα.
1639 1402 1740 1436 Omni;
1753 1396 1857 1427 τούτων
1868 1399 1905 1436 ἦν

1109 1450 1234 1484 ἔξαρχος,
1250 1449 1314 1484 περὶ
1330 1445 1360 1476 οὗ
1380 1448 1468 1480 διττὸς
1488 1448 1568 1482 λόγος
1594 1448 1718 1482 φέρεται.
1737 1446 1858 1482 ’Λνάγκῃ
1874 1445 1906 1473 δὲ

1109 1496 1263 1532 ἀνθρώποις
1273 1495 1348 1523 οὖσιν
1361 1496 1438 1531 ἡμῖν,
1452 1495 1498 1522 καὶ
1510 1495 1589 1530 ἀκοῇ,
1598 1493 1654 1521 ἀλλ’
1665 1495 1714 1521 οὐκ
1733 1493 1793 1528 ὕψει
1810 1494 1842 1520 ἐκ
1853 1492 1906 1527 τῆς

1109 1543 1236 1570 τοσούτου
1262 1543 1358 1578 χρόνου
1383 1542 1523 1578 παρολκῆς
1548 1541 1581 1568 τὰ
1598 1541 1709 1568 τοιαῦτα
1724 1539 1907 1574 κατειληφόσι

269 1590 342 1612 taxat
353 1589 474 1620 accepta,
490 1593 543 1612 non
561 1585 626 1620 ipsis
642 1585 731 1613 oculis
746 1589 888 1619 usurpata.
902 1590 964 1620 post
975 1585 1055 1621 longa

1110 1591 1158 1625 τῆς
1173 1589 1304 1624 ἱστορίας,
1327 1589 1369 1615 ἵνα
1385 1588 1416 1623 δὴ
1430 1587 1568 1623 πανταχοῦ
1594 1588 1643 1622 τὴν
1671 1587 1801 1622 ἀλήθειαν
1820 1586 1906 1618 σωζο-

268 1632 338 1660 adeo
353 1636 475 1666 tempora
499 1632 649 1658 habeamus
673 1631 840 1666 ejusccmodi
859 1630 978 1659 historia:
1001 1640 1060 1660 mo-

269 1683 413 1711 numenta,
431 1682 460 1705 ut
474 1679 500 1705 in
522 1677 651 1705 omnibus
669 1683 772 1704 sartam
797 1682 895 1705 tectam
919 1678 1058 1705 veritatem

269 1732 422 1757 servemus,
438 1731 551 1752 necesse
568 1729 608 1751 est
624 1725 664 1752 sic
676 1724 717 1751 vel
731 1724 772 1752 sic
789 1725 850 1752 aliis
863 1724 982 1759 aliisque
1004 1730 1060 1752 tra-

269 1771 324 1797 dita
341 1770 429 1805 (alios
439 1769 542 1798 Scilicet
558 1770 682 1804 aliosque
702 1769 847 1805 rtunores)
866 1770 1059 1804 consuibere;

269 1823 330 1850 qua:
347 1815 428 1850 plane
443 1815 609 1850 ambiguitas
621 1823 653 1842 ac
668 1823 748 1844 error
773 1816 847 1847 huic.
874 1817 946 1851 quod
965 1821 1062 1843 tracta-

271 1869 343 1892 mus,
360 1860 426 1888 nihil
440 1860 524 1888 officit
535 1867 697 1896 argumento
711 1871 718 1889 :
735 1862 792 1890 imo
813 1863 878 1890 inde
893 1862 1019 1890 futurum
1033 1867 1062 1890 ut

269 1907 373 1934 veritas
388 1908 552 1935 certioribus
578 1909 656 1936 nobis
676 1909 823 1936 momentis
849 1910 961 1942 nitatur,
980 1916 1061 1944 quam

271 1954 316 1981 his
327 1954 374 1988 qui
389 1961 498 1988 semper
518 1954 702 1990 digladiautur
715 1956 793 1983 sicne
806 1955 847 1982 vel
874 1956 913 1983 sie
936 1963 996 1983 sese
1020 1963 1062 1982 res

270 2000 408 2028 habuerit.
424 2000 506 2028 Foret
521 2001 632 2036 quidem
650 2002 676 2028 id
693 2003 839 2036 optimum,
854 2007 882 2029 ut
896 2006 924 2029 et
943 2009 995 2030 nos
1013 2003 1064 2029 bo-

270 2046 358 2074 inines
391 2048 464 2074 nuda
494 2048 607 2075 veritate
635 2048 766 2082 nulloque
803 2048 946 2075 involnero
969 2049 1061 2075 omnia

269 2098 412 2127 perspecta
441 2093 607 2121 haberemus
633 2103 639 2120 :
660 2095 725 2128 quia
759 2102 824 2121 vero
851 2095 923 2129 quod
949 2094 1060 2129 longum

269 2139 372 2166 (-liluxit
389 2144 506 2174 tempus,
522 2148 571 2167 eeu
594 2141 730 2175 quoddam
755 2141 928 2176 interjectum
953 2142 1053 2174 velum,

269 2186 429 2213 debiliorem
446 2190 567 2213 nostram
585 2187 770 2220 cognitionem
785 2187 859 2220 facit,
883 2195 973 2223 opera:
997 2196 1059 2223 prc-

1112 1636 1196 1670 μένην
1215 1635 1334 1670 ἔχοιμεν,
1361 1636 1408 1660 καὶ
1436 1635 1498 1665 τοὺς
1520 1633 1632 1660 τοιῶσδε
1647 1633 1717 1670 ἀλλὰ
1738 1633 1775 1668 μὴ
1792 1632 1909 1659 τοιῶσδε

1112 1669 1191 1718 nam
1207 1681 1439 1716 παραδιδομένους
1456 1679 1553 1714 λόγους
1569 1669 1749 1714 ἀναγρᾶφειν,
1777 1678 1854 1706 οὐδὲν
1872 1678 1910 1706 ἐκ

1109 1729 1160 1762 τῆς
1175 1727 1303 1762 τοιαύτης
1323 1726 1489 1761 ἀμφιϐολίας
1506 1725 1553 1752 καὶ
1573 1725 1678 1760 πλάνης
1701 1725 1912 1761 λυμαινομένης

1110 1774 1158 1808 τῆς
1180 1773 1366 1809 προκειμένης
1388 1773 1454 1807 ἡμῖν
1482 1771 1649 1803 ὑποθέσεως.
1678 1772 1776 1807 μᾶλλον
1793 1772 1842 1806 μὲν
1857 1771 1911 1799 οὖν

1110 1820 1158 1845 καὶ
1185 1818 1390 1852 ἀσφαλεστέρας
1416 1817 1606 1852 τυγχανούσης
1633 1818 1690 1848 τοῖς
1715 1826 1746 1851 γε
1762 1818 1799 1852 μὴ
1816 1816 1913 1849 οὕτως

1111 1864 1184 1899 ἔχειν
1201 1864 1260 1890 ἀλλ’
1292 1858 1379 1894 οὕτως
1406 1862 1678 1897 διαπληκτιζομένοις
1703 1863 1758 1889 ἀεί.
1774 1863 1916 1898 Ἀριστον

1114 1911 1163 1945 μὲν
1180 1910 1234 1944 γὰρ
1252 1907 1297 1945 ἦν,
1314 1910 1339 1936 εἰ
1367 1909 1474 1944 γυμνῆς
1490 1907 1666 1944 ὑπαρχούσης
1692 1909 1741 1942 τῆς
1773 1908 1917 1942 ἀληθείας

1112 1957 1158 1983 καὶ
1175 1957 1256 1991 ἡμεῖς
1270 1956 1349 1988 ἐκτὸς
1369 1955 1620 1991 παραπετάσματος
1632 1955 1682 1990 τὴν
1698 1954 1858 1990 πανείδησιν
1887 1957 1919 1984 οἱ

1115 2003 1254 2038 ἅνθρωποι
1281 2003 1391 2038 εἴχομεν
1403 2010 1410 2016 ·
1430 2002 1491 2028 ἐπεὶ
1502 2002 1535 2028 δὲ
1550 2002 1564 2027 ὁ
1580 2000 1663 2032 πολὺς
1683 2001 1784 2036 ῥεύσας
1809 2001 1922 2036 χρόνος

1115 2047 1170 2076 οἷόν
1186 2058 1211 2076 τι
1240 2049 1373 2084 κάλυμμα
1390 2050 1456 2084 ἡμῖν
1472 2047 1622 2083 προστεθὲν
1635 2047 1832 2083 ἀσθενεστέραν
1858 2048 1919 2084 τὴν

1115 2098 1215 2131 γνῶσιν
1231 2096 1389 2132 ἐργάζεται,
1406 2095 1447 2121 δεῖ
1461 2096 1494 2129 τῇ
1511 2103 1542 2128 γε
1556 2094 1636 2129 φήμῃ
1652 2095 1700 2120 καὶ
1723 2094 1830 2129 κληδόνι
1847 2103 1919 2122 πει-

1113 2143 1243 2178 θομένους
1268 2144 1307 2174 εἰς
1328 2142 1385 2176 φῶς
1403 2141 1480 2175 ἄγειν
1507 2139 1598 2171 ποσῶς
1619 2139 1653 2166 τὰ
1670 2140 1831 2176 πράγματα,
1850 2142 1920 2169 ἀλλ’

1113 2190 1173 2225 οὖχὶ
1192 2188 1230 2223 τῷ
1247 2188 1361 2223 ποταμῷ
1387 2187 1437 2221 τῆς
1451 2187 1535 2221 λήθης
1553 2186 1721 2220 παραδοῦναι
1737 2187 1918 2224 ὁλοσχερῶς.

271 2232 337 2258 tium
359 2231 395 2259 sit
415 2236 444 2259 ut
465 2231 543 2260 fama:
567 2233 748 2268 obsequentes
783 2242 816 2261 ac
843 2235 1009 2270 conjectum
1034 2236 1077 2263 vel
1100 2238 1175 2264 tenui
1199 2236 1295 2264 saltem
1317 2235 1394 2262 radio
1421 2241 1465 2261 res
1497 2234 1522 2260 in
1554 2233 1641 2260 lucem
1669 2234 1857 2269 producamus
1891 2238 1920 2263 et

270 2287 325 2306 non
357 2280 465 2314 penitus
496 2280 641 2309 oblivionis
674 2281 777 2310 vortice
810 2284 970 2318 mergendas
1002 2284 1153 2312 tradamus.

307 2323 350 2351 10.
368 2324 424 2351 Una
441 2332 526 2360 eaque
539 2327 626 2361 prima
643 2327 744 2362 opinio,
761 2329 787 2354 in
803 2336 884 2363 quam
900 2335 926 2356 et
943 2337 992 2364 ego
1006 2338 1057 2357 ma-

1148 2334 1174 2357 t'.
1197 2331 1226 2357 '0
1243 2330 1292 2365 μὲν
1307 2327 1353 2356 οὖν
1376 2326 1417 2360 εἷς
1442 2327 1488 2355 καὶ
1514 2327 1623 2363 πρῶτος
1642 2323 1768 2362 λόγος,’ᾦ
1787 2328 1836 2354 καὶ
1853 2329 1923 2364 ἐγὼ

271 2369 351 2396 nibus
372 2369 540 2405 pedibusque
555 2380 599 2404 eo,
628 2373 739 2408 scriptis
765 2373 931 2408 quibusdam
962 2383 1061 2402 monu-

270 2415 371 2443 mentis
389 2415 553 2445 facientibus
570 2418 661 2452 lidem,
688 2420 746 2447 haec
769 2423 822 2452 est,
851 2429 947 2456 nempe
970 2427 1061 2448 ortum

270 2462 405 2490 Thomam
427 2471 460 2491 ex
476 2464 604 2493 obscuris
622 2466 817 2501 tenuibusque
839 2468 1009 2501 parentibus,
1028 2467 1061 2495 ad

271 2510 329 2538 lucc
359 2509 520 2538 Sclavorum
550 2513 618 2540 satis
643 2511 789 2547 prosapia,
822 2514 868 2547 qui
905 2513 1004 2548 sacpius
1034 2514 1060 2541 in

271 2555 383 2584 Oriente
394 2562 420 2585 et
430 2558 499 2585 Asia
515 2559 699 2586 colueserunt.
718 2559 801 2594 Egre
812 2560 903 2594 itaque
913 2567 1061 2594 pauperem

271 2602 354 2630 vitam
365 2609 524 2631 sustentans
534 2604 760 2640 fortunarumque
772 2605 872 2639 aliquid
885 2606 1061 2640 quaesiturus,

271 2649 365 2677 relicta
383 2649 433 2685 ει
450 2651 537 2686 patria
554 2651 661 2685 Cpolim
683 2652 768 2679 venit.
797 2652 846 2679 Ubi
871 2652 930 2679 viro
953 2651 1062 2679 cuidam

271 2696 377 2724 ordinis
393 2697 524 2724 senatorii
541 2697 695 2730 adluerens,
708 2699 824 2733 ejusque
840 2698 966 2725 addictus
981 2698 1063 2726 obse—

272 2742 346 2777 quiis
360 2751 393 2770 ac
409 2743 537 2770 minister
552 2743 673 2777 eﬂectus,
694 2752 726 2772 eo
740 2745 863 2772 libidinis
881 2752 912 2772 ac
931 2743 1063 2774 foeditatis

272 2790 408 2824 processit
429 2794 459 2816 ut
473 2790 569 2818 etlicri
585 2791 675 2819 cubile
698 2796 845 2825 torumque
866 2791 989 2826 polluere
1011 2791 1059 2820 οδε

273 2840 354 2864 natus
370 2837 416 2864 sit.
433 2836 491 2870 Qua
505 2845 533 2865 re
547 2838 652 2867 detecta
664 2846 725 2867 cum
739 2840 870 2875 probrum
883 2839 978 2874 ingens
989 2839 1061 2865 ferre

1111 2377 1241 2410 πείθομαι
1259 2375 1288 2408 ἐξ
1308 2374 1456 2410 ἐγγράφων
1473 2373 1555 2401 τινῶν
1574 2374 1644 2410 ἔχων
1660 2375 1691 2400 τὸ
1712 2373 1834 2409 βέσαιον,
1850 2375 1923 2402 τοῦ·

1110 2431 1156 2449 τον
1173 2421 1309 2457 ὁρμᾶσθαι
1327 2430 1394 2456 φησι
1407 2421 1452 2447 τὸν
1465 2421 1567 2455 Θωμᾶν
1579 2420 1608 2454 ἐξ
1628 2420 1742 2455 ἀσήμων
1759 2428 1788 2446 τε
1804 2421 1924 2455 γονέων

1111 2470 1158 2496 καὶ
1171 2468 1318 2504 πενιχρῶν,
1337 2468 1425 2500 ἄλλως
1435 2467 1463 2494 δὲ
1479 2468 1526 2494 καὶ
1540 2466 1744 2500 Σκλαόογενῶν,
1767 2465 1823 2492 τῶν
1842 2469 1924 2494 πολ-

1110 2513 1189 2545 λάκις
1217 2513 1451 2547 ὲγκισσευθέντων
1480 2511 1550 2538 κατὰ
1568 2510 1617 2546 τὴν
1639 2509 1794 2545 Ἀνατολήν.
1825 2509 1925 2547 Πενίᾳ

1112 2561 1178 2595 γοῦν
1194 2560 1304 2592 ἀποζῶν
1320 2560 1367 2587 καὶ
1393 2560 1442 2594 τὴν
1455 2558 1540 2593 τύχην
1559 2557 1601 2594 [Ρ.
1619 2557 1665 2593 53]
1684 2556 1927 2592 ἐμπορευόμενος

1112 2607 1161 2644 τὴν
1175 2607 1274 2635 ἑαυτοῦ
1300 2608 1350 2643 μὲν
1371 2607 1487 2641 ἀπέδρα,
1511 2604 1580 2639 πρὸς
1606 2604 1633 2630 δὲ
1657 2603 1707 2636 τὴν
1724 2601 1928 2637 μεγαλόπολιν

1112 2653 1214 2688 ταύτην
1234 2648 1409 2688 εἰσέφρησενζ
1440 2651 1495 2676 Καὶ
1516 2650 1547 2684 δή
1569 2657 1622 2675 τινι
1645 2648 1699 2674 τῶν
1716 2648 1928 2682 συγκλητικῶν

1113 2700 1292 2734 ἐξυπηρετεῖν
1317 2706 1347 2724 τε
1363 2697 1411 2723 καὶ
1425 2696 1595 2730 λειτουργεῖν
1619 2691 1763 2727 κολληθεὶς
1779 2692 1930 2727 αἰσχῦναι

1114 2746 1145 2773 δι’
1159 2744 1307 2773 ἀκολασίαν
1331 2743 1379 2770 καὶ
1393 2741 1559 2776 καθυῦρίσαι
1581 2739 1630 2774 τὴν
1647 2737 1812 2772 δεσποτικὴν
1827 2739 1931 2774 εὐνὴν

1115 2793 1162 2819 καὶ
1179 2791 1214 2818 τὰ
1230 2790 1332 2825 λέκτρα
1359 2789 1455 2816 τούτου
1473 2787 1612 2821 ἠπείγετο.
1656 2784 1733 2811 Ἐπεὶ
1752 2781 1800 2811 οὖν
1814 2793 1931 2821 φωρα-

1116 2837 1172 2869 θεὶς
1196 2837 1245 2872 οὐχ
1271 2834 1326 2867 οἷός
1342 2843 1372 2862 τε
1395 2831 1429 2870 ἦν
1445 2833 1490 2860 τὸν
1507 2832 1591 2859 πολίδν
1617 2831 1720 2858 ὃνειδον
1739 2830 1785 2857 καὶ
1797 2829 1850 2862 τὰς
1872 2832 1929 2857 διὰ

927 2883 1042 2911 κἈιιιΑΕ
1063 2882 1267 2911 LEC'I‘IONES.

325 2930 349 2946 ”
365 2930 468 2959 τούτων
481 2931 512 2960 Ρ.
