2011 3156
126 218 161 246 τις
647 212 721 242 LIB.
739 211 780 240 ιι.
794 223 827 229 -
844 210 1015 241 MlCHAEL
1031 209 1277 242 AMORIENSIS.
1729 215 1764 247 ss

125 271 203 299 τοῦτο
221 270 369 304 ὑπομεῖναι
381 268 498 303 πληγὰς,
516 266 604 302 φυγὰς
622 267 691 302 πρὸς
705 266 768 296 τοὺς
784 265 813 299 ἐξ
829 266 919 300 ’Λγαρ

979 273 1026 292 ton
1039 270 1133 299 posset
1152 273 1184 293 ac
1199 270 1330 300 prmterea
1344 273 1439 302 pinnas
1460 267 1526 295 talia
1552 267 1676 297 facinora
1706 278 1764 298 mo—

125 317 243 351 γίνεται,
260 316 308 342 καὶ
319 314 427 345 τούτοις
441 313 532 340 πίστιν
548 313 644 347 ἱκανὴν
655 312 687 338 ἐκ
703 320 734 338 τε
751 311 805 337 τῶν
819 311 921 337 καταλ-

125 363 214 398 λήλων
230 361 314 389 αὐτοῦ
340 361 403 392 δοὺς
416 360 542 395 πράξεων
570 358 613 386 διὰ
630 357 735 385 πολλῶν
750 357 801 393 ἥδη
817 357 922 392 χρόνων

127 409 195 444 (ἔτος
211 408 269 444 γάρ
282 416 335 434 που
350 407 473 443 διηνύετο
485 406 571 442 τούτῳ
584 406 712 442 πέμπτον
727 405 774 432 καὶ
787 403 921 438 εἰκοστὸν)

127 454 171 479 καὶ
188 454 223 479 ἐκ
240 452 289 478 τοῦ
302 452 348 479 τὸν
369 452 487 487 Χριστὸν
509 451 555 478 καὶ
577 451 644 478 Θεὸν
675 450 810 486 ἠρνῆσθαι
830 449 919 485 ἡμῶν,

127 498 284 534 πολεμικῆς
300 506 372 529 τινος
387 498 525 532 φάλαγγος
535 498 640 532 γίνεται
651 497 771 533 ἀρχηγὸς
787 496 834 524 καὶ
850 496 922 523 κατὰ

126 545 304 581 Χριστιανῶν
329 545 483 577 ὸπλίζεται,
500 544 687 580 κραταιοτάτῃ
714 543 787 579 χειρὶ
802 543 851 579 τὴν
866 542 921 569 τῶν

133 591 282 626 Ῥωμαίων
310 590 448 625 βασιλείαν
475 590 526 616 ὑπὸ
540 589 591 625 τὴν
607 590 696 616 αὐτῶν
717 590 795 624 χεῖρα
808 588 920 622 ποιῆσαι

127 637 382 672 καθυποσχόμενος.
412 636 467 662 Καὶ
487 636 531 662 ἵνα
558 636 599 671 μή
626 644 686 661 τινα
702 634 828 670 ἐμποδὼν
845 635 919 669 παρὰ

131 680 282 718 Ῥωμαίοις
299 682 441 717 γινόμενος
464 683 526 717 σχῇ,
550 682 653 712 πάντας
668 681 697 708 δὲ
713 680 920 714 συνεφαπτομέ-

127 738 188 761 νους
222 730 272 756 καὶ
296 728 393 756 τούτου
418 727 689 763 προκινδυνεύοντας,
716 726 919 753 Κωνσταντῖνον

127 774 194 803 εἶναι
214 775 299 803 αὑτὸν
314 775 363 809 τῆς
378 774 496 809 Εἰρήνης
511 773 652 808 διετράνου
669 772 717 799 καὶ
737 771 916 806 ἐπεφήμιζεν,

127 823 153 848 ὃν
165 823 183 857 ἡ
202 822 285 849 ἄνοεα
309 822 357 848 καὶ
382 821 413 846 τὸ
426 820 472 847 τοῦ
498 819 579 855 ἡθους
594 819 668 854 ὠμὸν
684 818 767 845 πάλαι
782 818 831 854 μὲν
848 818 918 853 μετά

127 869 173 904 τῆς
191 867 335 903 βασιλείας
359 866 484 901 ἀφείλετο
500 867 547 893 κα)⁴
570 866 634 897 τοὺς
656 864 825 900 ὀφθαλμοὺς,
842 873 917 899 τηνι-

128 913 217 940 καῦτα
234 913 263 939 δὲ
281 911 387 939 καὶτὸν
402 911 458 946 βίον
474 910 649 947 μετηλλαχὼς
660 908 705 945 ἦν.
729 910 806 937 Ἐπεὶ
816 909 844 936 δὲ
870 911 916 936 καὶ

127 961 155 986 τὶ
169 959 226 986 τῶν
240 958 368 992 πράξεων
381 957 496 993 μέγεθος
511 957 559 984 καὶ
570 957 597 984 αἱ
609 957 753 993 βόσκουσαι
768 956 861 982 τοῦτον
877 957 920 982 ἐλ-

129 1006 204 1038 πίδες
217 1005 346 1032 κοινωνόν
357 1013 418 1031 τινα
432 1005 487 1031 τῶν
499 1004 671 1040 πραγμάτων
682 1003 802 1039 ἀπῄτουν
815 1003 855 1039 (οὐ
867 1003 922 1039 γὰρ

130 1053 164 1079 ἂν
177 1052 267 1087 ἄλλως
282 1050 353 1086 αὐτῷ
377 1051 411 1077 τὰ
426 1050 497 1077 κατὰ
511 1050 562 1086 γῆν
580 1051 627 1076 καὶ
651 1049 785 1076 θάλατταν
802 1049 923 1084 ὑπελάμ-

129 1100 195 1126 ϐανε
213 1099 435 1135 κριταιοῦσθαι),
459 1099 506 1126 καὶ
529 1099 588 1125 υἱόν
603 1107 664 1125 τινα
688 1098 851 1124 ἐπείσακτον
861 1098 922 1124 εἰσ-

131 1146 260 1178 ποιεῖται,
280 1146 312 1180 1f]
344 1144 392 1171 τοῦ
417 1143 543 1180 σώματος
575 1143 790 1180 μεταμορφώσει
805 1144 855 1178 τὴν
872 1143 923 1178 τῆς

131 1191 217 1226 ψυχῆς
231 1191 365 1226 δηλοῦντα
376 1191 516 1223 ἀπόνοιαν,
538 1188 559 1224 ᾧ
571 1191 618 1217 καὶ
632 1191 764 1225 δυνάμεις
785 1190 922 1224 ἀρκούσας

138 1235 282 1270 παρασχὼν
299 1236 348 1262 καὶ
368 1234 559 1263 Κωνστάντιον
586 1236 774 1271 μετονομάσας
801 1235 922 1268 ἄλλοθεν,

136 1281 225 1308 ἑαυτὸν
238 1281 267 1308 δὲ
283 1281 418 1317 ἑτέρωθεν
441 1281 491 1317 τὴν
513 1281 568 1308 τῶν
596 1281 742 1317 Ῥωμαίων
756 1282 860 1317 κείρειν
876 1281 924 1308 καὶ

134 1327 313 1362 κατατρέχειν
329 1327 461 1354 ἐπέταττε
486 1327 547 1363 γῆν.
569 1327 646 1354 Λέων
668 1327 729 1354 τότε
754 1327 853 1362 καιροῦ
867 1328 881 1354 ὁ
894 1327 924 1360 ἐξ

140 1373 290 1408 ’Δρμενίων
303 1374 352 1405 τὰς
367 1375 416 1409 τῇς
431 1373 568 1409 βασιλείας
582 1374 763 1409 ἐκεκρατήκει
782 1375 874 1409 ἡνίας,
895 1374 924 1401 ἐν

136 1417 239 1454 ὑστέρῳ
252 1418 359 1454 καιρῷ·
372 1418 400 1450 ὃς
414 1418 527 1454 δύναμίν
541 1427 602 1446 τινα
617 1419 677 1445 κατ’
690 1419 772 1445 αὑτοῦ
788 1419 925 1454 συστήσας

135 1465 182 1491 οὐκ
199 1464 345 1498 ἀξιόλογον
362 1465 445 1500 αὐτὴν
477 1465 526 1500 μὲν
552 1465 688 1500 σφαλῆναι
702 1465 830 1500 ἐποίησεν
855 1464 926 1500 (ἅμα

134 1510 186 1545 γὰρ
202 1512 237 1546 τῇ
257 1511 328 1546 πρὸς
346 1510 492 1545 πρόσωπον
523 1510 675 1545 ἀπαντήσει
701 1510 832 1545 ἐτρέπετο
857 1510 925 1546 πρὸς

135 1555 247 1590 φυγὴν),
281 1554 376 1582 τοῦτον
403 1554 432 1582 δὲ
463 1555 631 1591 θρασύτερον
656 1556 704 1581 καὶ
721 1555 833 1590 πλέονῆ
850 1553 883 1591 ἦν
893 1556 926 1583 τὰ.

976 310 1105 338 lientibus
1117 311 1288 340 constitutas
1305 317 1449 346 metueret,
1463 314 1497 340 ad
1512 313 1656 348 Agarenos
1671 316 1765 350 profu-

975 357 1033 391 git;
1051 357 1151 391 quibus
1165 365 1227 384 cum
1246 365 1275 385 sc
1294 358 1361 386 satis
1378 359 1526 387 multorum
1549 361 1609 396 jam
1629 369 1764 390 annorum

974 403 1096 437 periculo
1113 404 1217 438 (annos
1234 404 1306 431 enim
1321 405 1442 440 quinque
1461 414 1544 441 supra
1561 407 1655 443 viginti
1667 416 1765 443 exege-

974 447 1034 483 rat)
1051 456 1082 475 ac
1092 453 1148 476 tum
1162 457 1194 476 ex
1211 457 1318 477 morum
1332 452 1533 486 convenientia,
1546 457 1602 480 tttm
1616 461 1649 480 ex
1663 453 1766 482 Christi

974 495 1022 522 Dei
1040 496 1130 523 .nostri
1154 496 1259 531 ejurata
1276 497 1329 524 title
1347 498 1498 532 probasset,
1525 500 1637 527 militari
1659 500 1765 528 cohorti

975 541 1009 568 ab
1025 541 1066 568 eis
1089 542 1241 576 praeficitur
1261 550 1294 570 ac
1315 549 1411 570 contra
1435 544 1606 572 Christianos
1630 550 1764 579 armatur,

973 586 1165 615 robustissima
1181 595 1262 615 manu
1282 588 1438 617 Romanum
1454 590 1599 625 imperium
1613 591 1722 619 illorutn
1736 600 1766 620 se

973 634 1085 661 ditionis
1102 634 1238 662 facturttm
1263 635 1411 670 pollicitus.
1439 637 1479 664 Ac
1498 645 1532 664 ne
1554 637 1670 672 quisilli
1694 639 1766 674 apud

974 680 1116 708 Romanos
1140 682 1279 717 negotium
1292 682 1385 715 faciat,
1399 683 1446 710 sed
1461 683 1485 711 ei
1501 684 1593 718 potius
1605 686 1698 712 cuncti
1717 686 1767 714 ad-

969 726 1120 762 jungantur
1129 735 1234 763 suoque
1246 729 1367 764 periculo
1376 730 1519 757 tutandum
1530 738 1590 758 eutn
1604 731 1766 767 suscipiant,

973 780 1035 801 esse
1053 781 1082 801 se
1098 774 1311 802 Constantinum
1331 775 1424 804 lrenes
1444 776 1530 804 tilium
1552 777 1711 806 manifestat
1726 786 1766 807 .ac

973 819 1045 846 fama
1058 820 1161 855 vulgat,
1182 829 1264 856 quem
1284 821 1420 849 dementia
1438 830 1602 859 morumque
1617 825 1765 853 crudelitas

972 873 1025 892 una
1039 873 1100 892 cum
1115 865 1230 901 imperio
1240 867 1392 894 luminibus
1404 876 1513 903 quoque
1528 869 1592 896 olim
1603 870 1766 904 privaverat,

972 912 1073 947 quique
1090 918 1153 939 tunc
1173 915 1255 940 etiam
1276 913 1302 940 in
1320 913 1448 941 humanis
1465 923 1525 942 esse
1536 916 1665 944 desierat.
1693 917 1763 950 Quia

976 966 1039 986 vero
1056 966 1118 986 cum
1134 960 1274 987 actionum
1289 960 1460 995 magnitudo,
1485 965 1541 989 tum
1558 970 1618 997 quae
1635 971 1698 991 enm
1716 972 1766 998 pa-

977 1005 1089 1033 scebant
1108 1014 1182 1041 spes,
1199 1014 1289 1034 rerum
1311 1007 1457 1042 quemdam
1474 1016 1506 1036 ac
1523 1010 1694 1043 negotiorum
1719 1018 1767 1038 so-

975 1051 1048 1079 cium
1063 1052 1208 1087 exigebant
1223 1053 1298 1088 (non
1313 1053 1385 1080 enim
1404 1054 1482 1081 aliter
1500 1062 1529 1082 se
1551 1059 1630 1082 terra:
1643 1056 1768 1090 marique

976 1096 1108 1124 victorem
1124 1096 1184 1124 fore
1199 1098 1416 1134 arbitrabatur),
1434 1105 1596 1127 extraneum
1620 1101 1767 1135 quemdam

975 1142 1028 1169 sibi
1055 1142 1142 1170 filium
1166 1143 1289 1179 adoptat,
1317 1144 1454 1172 hominem
1480 1146 1582 1173 θείω-ει
1609 1147 1654 1182 qui
1681 1147 1767 1176 totius

977 1190 1331 1224 corporiseonformatione
1346 1191 1446 1219 mentis
1462 1192 1617 1219 vecordiam
1630 1194 1766 1227 proderet.

978 1236 1047 1264 Huic
1064 1245 1173 1272 quoque
1185 1245 1265 1272 pares
1273 1246 1328 1273 .pro
1339 1238 1511 1272 expeditione
1523 1239 1618 1274 copias
1633 1241 1766 1275 assignat.

978 1291 1011 1311 ac
1027 1283 1181 1311 Constantii
1203 1285 1288 1311 indito
1303 1286 1416 1312 nomine
1428 1294 1460 1313 ex
1477 1293 1526 1313 sua
1543 1294 1679 1321 quemque
1693 1291 1769 1321 parte

978 1328 1130 1356 Romanam
1147 1329 1282 1356 ditionem
1298 1329 1352 1365 52
1368 1331 1491 1365 populari
1507 1339 1538 1358 ac
1564 1332 1705 1359 incursare
1724 1332 1769 1367 ju-

979 1374 1032 1401 bet.
1046 1374 1102 1402 Leo
1115 1375 1259 1402 Armenius
1279 1376 1315 1402 rei
1335 1376 1449 1410 publica:
1467 1377 1589 1405 habenas
1600 1382 1665 1404 tunc
1676 1378 1768 1404 mode-

980 1421 1102 1452 rabatur,
1116 1417 1166 1448 srib
1176 1422 1285 1456 imperii
1297 1422 1338 1449 sui
1354 1428 1476 1450 extrema
1490 1428 1622 1458 tempora.
1636 1423 1660 1451 ls
1671 1431 1766 1458 parum

980 1466 1077 1494 validis
1091 1467 1222 1494 adversus
1239 1467 1313 1494 ilium
1330 1468 1454 1496 conﬂatis
1468 1469 1566 1503 copiis,
1582 1469 1640 1496 suis
1656 1468 1767 1504 quidem

980 1512 1066 1546 cladis
1087 1517 1185 1540 auctor
1206 1513 1266 1545 fuit,
1288 1515 1377 1548 utqui
1404 1515 1493 1549 primo
1509 1515 1633 1542 hostium
1653 1516 1768 1543 incursu

980 1562 1056 1593 terga
1068 1559 1200 1591 dederint,
1220 1559 1296 1586 illum
1315 1561 1571 1589 veroaudaciorcm
1585 1561 1650 1590 fecit
1662 1571 1693 1590 ac
1710 1571 1768 1590 ma—

132 1601 195 1628 καθ’
210 1600 319 1628 ’ἑαυτὸν
332 1601 451 1636 φρονεῖν.
477 1601 531 1628 Καὶ
547 1601 561 1627 ὁ
578 1601 627 1636 μὲν
647 1601 755 1636 πρῶτος
772 1602 819 1628 καὶ
842 1601 926 1633 πολὺς

135 1646 189 1657 _.'._,
213 1655 222 1657 Α
246 1647 265 1657 I,
282 1654 319 1657 -.η
348 1646 426 1657 ΧΙ..-.
446 1655 478 1657 --
488 1646 507 1657 _\
526 1646 555 1657 -ἵ
567 1655 573 1657 .
594 1647 701 1657 --....⁹Αμ
714 1656 719 1657 γ
733 1655 747 1657 _.
762 1647 788 1657 ηε
801 1655 846 1657 __,,
881 1656 884 1657 ν
902 1648 922 1657 ,\

979 1605 1038 1640 jora
1056 1613 1137 1640 quam
1154 1613 1203 1640 pro
1221 1607 1263 1633 sui
1285 1607 1390 1634 ratione
1413 1615 1510 1642 sapere
1536 1609 1655 1644 impulit.
1675 1607 1767 1637 Prima

133 1646 222 1678 οὕτως
245 1647 320 1682 ἔχειν
348 1646 427 1679 λόγος
446 1646 573 1682 περὶτῆς
592 1647 719 1682 τοιαύτης
733 1647 864 1682 κινήσεως
879 1648 927 1674 καὶ

136 1690 259 1723 στάσεώς
273 1699 340 1726 φησι
356 1691 406 1727 τὴν
421 1692 520 1727 ἀρχήν.

170 1742 217 1765 ια’.
233 1738 349 1773 Ἀτερος
359 1738 386 1764 δὲ
397 1737 491 1764 τοῦτον
502 1735 573 1765 εἶναι
583 1737 627 1764 τὸν
639 1738 750 1773 Θωμᾶν,
769 1738 852 1774 μηδὲν
863 1739 928 1775 περὶ

135 1785 183 1820 τῆς
199 1785 327 1819 κλήσεως
349 1784 567 1820 διενηνεγμένος,
593 1785 638 1812 τὸν
657 1785 696 1821 τῷ
712 1786 852 1821 Βαρδανίῳ
877 1786 927 1821 μὲν

131 1832 220 1859 πάλαι
251 1831 378 1864 συνόντα,
409 1831 485 1868 παρὰ
507 1833 554 1859 τοῦ
569 1833 745 1868 ἡγησαμένου
760 1834 789 1860 δὲ
814 1834 928 1865 Λέοντος

134 1878 287 1914 τιμηθέντα
297 1886 303 1892 ·
318 1877 347 1909 ὃς
360 1877 409 1913 τὴν
418 1877 472 1904 τῶν
481 1878 646 1913 φοιδεράτωυ
657 1880 806 1913 τηνικαῦτα
819 1880 929 1908 διοικῶν

135 1923 234 1959 ἀρχὴν,
253 1923 326 1949 κατὰ
342 1923 387 1949 τὸν
409 1923 582 1950 Ἀνατολικὸν
603 1924 791 1960 ἐνδιατρίϐων,
808 1925 869 1951 ἐπεὶ
884 1926 929 1952 τὸν

135 1970 247 2005 Μιχαὴλ
264 1969 329 2006 ἄρτι
343 1969 469 2005 διήκουεν
485 1970 645 2006 ἀνῃρηκότα
662 1970 706 1996 τὶν
719 1970 832 2003 Λέοντα,
856 1971 930 1997 ἐκδι-

137 2018 202 2049 κῶν,
218 2017 290 2052 ὁμοῦ
304 2017 333 2043 δὲ
347 2018 392 2044 καὶ
406 2017 490 2053 θυμὸν
505 2017 570 2044 ἴδιον
583 2017 771 2053 ἁποπιμπλῶν
785 2017 930 2053 (ἐτύγχανε

135 2065 189 2100 γὰρ
207 2073 261 2091 που
280 2063 420 2100 πόρρωθεν
432 2064 462 2097 ἐξ
478 2064 630 2100 ῄλιςιιωτῶν
651 2064 847 2100 διαφερόμενος
862 2065 930 2099 πρὸς

131 2111 242 2147 αὐτὸν),
259 2110 310 2137 καὶ
327 2110 384 2145 ἃμα
397 2110 446 2146 τὴν
458 2109 479 2125 ⁵¹
497 2110 562 2145 περὶ
575 2109 658 2137 αὑτοῦ
671 2109 718 2136 τοῦ
732 2110 760 2136 ὲν
772 2109 822 2145 [Ρ.
833 2109 880 2146 54]
893 2110 930 2146 τῷ

135 2157 296 2193 Φιλομηλίῳ
315 2157 434 2192 μοναχοῦ
462 2155 614 2192 πρόρρησιν
641 2155 818 2192 φιϐούμενος,
851 2159 932 2192 χεῖρα

135 2203 264 2230 ὲναντίαν
281 2204 361 2234 κινεῖ,
373 2203 420 2229 καὶ
431 2204 510 2238 χεῖρα
520 2203 549 2229 οὺ
567 2202 667 2238 μικράν
679 2210 739 2228 τινα
757 2203 804 2229 καὶ
819 2202 928 2238 ἀσθενῆ,

129 2249 251 2285 βαρεῖαν
261 2250 291 2276 δὲ
308 2250 356 2276 καὶ
368 2248 489 2284 ἀνδρώδη
509 2249 556 2275 καὶ
570 2248 706 2284 νεανικὴν,
721 2249 812 2275 πᾶσαν
824 2248 932 2284 ἡλικίαν

979 1652 1036 1680 haec
1056 1657 1099 1680 est
1122 1652 1258 1688 longeque
1273 1653 1389 1681 celebris
1411 1662 1443 1682 ac
1465 1655 1574 1690 vulgata
1599 1656 1680 1690 primi
1709 1657 1769 1692 ejus

978 1703 1069 1726 motus
1079 1706 1111 1727 ac
1123 1699 1282 1727 defectionis
1301 1700 1432 1728 narratio.

1014 1744 1167 1772 tl.Altera
1197 1745 1269 1772 hunc
1297 1745 1430 1772 Thomam
1459 1753 1522 1773 eum
1551 1753 1612 1774 esse
1641 1746 1767 1780 afﬁrmat,

979 1790 1053 1818 nulla
1064 1790 1185 1818 nominis
1201 1790 1375 1822 diversitate,
1388 1791 1434 1826 qui
1448 1790 1475 1817 in
1491 1791 1618 1819 Bardanii
1629 1793 1768 1826 quondam

979 1837 1082 1864 familia
1098 1836 1187 1864 fuerat
1199 1844 1231 1864 ac
1246 1845 1329 1872 quem
1343 1836 1399 1865 Leo
1418 1838 1567 1872 imperator
1591 1844 1700 1866 creatus
1717 1839 1768 1866 lto—

980 1884 1093 1911 noribus
1105 1888 1228 1911 auxerat.
1242 1883 1270 1911 ls
1287 1889 1353 1911 tunc
1368 1883 1565 1911 foederatorum
1581 1885 1683 1919 agmini
1699 1892 1769 1919 prae-

981 1929 1086 1963 positus
1099 1930 1125 1956 in
1142 1928 1320 1956 Orientalium
1333 1930 1452 1956 themate
1466 1930 1591 1965 degebat.
1608 1930 1660 1957 Ubi
1676 1930 1770 1964 itaque

981 1973 1139 2000 Micliaeieiu
1165 1981 1179 1999 a
1204 1972 1296 2000 Leone
1319 1973 1399 2007 paulo
1424 1978 1487 2000 ante
1508 1974 1645 2001 sublatum
1670 1974 1768 2006 audiit,

981 2020 1041 2055 ejus
1058 2020 1167 2047 ulturus
1181 2027 1286 2052 manes,
1304 2020 1386 2046 simul
1400 2026 1464 2047 vero
1477 2019 1559 2046 etiam
1579 2020 1634 2047 iras
1648 2020 1691 2047 ille
1704 2028 1769 2048 suas

981 2065 1261 2101 exsatiaturus(natn
1287 2066 1320 2093 ab
1347 2065 1530 2093 adolescentia
1552 2066 1623 2094 haud
1652 2066 1718 2094 satis
1745 2067 1769 2094 ei

982 2121 1044 2141 cum
1055 2112 1186 2140 lilichaele
1202 2111 1397 2146 convenerat),
1413 2112 1496 2139 simul
1507 2119 1617 2146 quoque
1634 2112 1770 2139 Philome-

982 2160 1079 2188 liensis
1106 2159 1233 2187 monachi
1255 2159 1287 2185 de
1313 2165 1342 2186 se
1361 2158 1489 2186 vaticinia
1519 2156 1628 2188 timens,
1658 2159 1684 2185 in
1707 2166 1769 2185 cum

985 2210 1088 2238 movet,
1105 2214 1154 2234 nec
1167 2213 1230 2233 vero
1247 2205 1363 2233 modicis
1376 2205 1464 2239 copiis
1485 2212 1516 2231 ac
1536 2204 1702 2235 imbellibus,
1723 2204 1770 2231 sed

983 2252 1142 2288 iungentibus
1167 2250 1293 2286 viriliq'ue
1317 2251 1478 2278 fortitudine
1499 2258 1532 2278 ac
1559 2256 1654 2286 vegeto
1673 2251 1772 2278 robore

134 2295 190 2322 τῶν
201 2295 267 2331 δόρυ
283 2294 440 2330 δυναμένων
457 2296 541 2321 κινεῖν
556 2294 625 2330 ἔχων
642 2294 702 2330 μεθ’
715 2294 823 2321 ἑαυτοῦ.
836 2294 926 2329 Ἐτύγ-

985 2297 1119 2324 instructo
1132 2297 1265 2329 exercitu,
1281 2304 1342 2324 cum
1359 2297 1432 2323 nulla
1445 2300 1510 2323 retas
1522 2296 1555 2324 ad
1579 2304 1655 2323 arma
1675 2297 1771 2324 idonea

135 2351 203 2378 χανε
217 2342 274 2377 γάρ
286 2351 344 2373 πως
363 2341 409 2368 καὶ
421 2341 508 2372 ἄλλως
525 2341 539 2368 ὁ
554 2341 664 2377 Μιχαὴλ
682 2341 735 2368 ὑπὸ
760 2342 870 2368 πάντων
887 2351 932 2377 μι-

137 2389 285 2424 σούμενος,
313 2388 360 2415 ἆτε
375 2387 407 2423 δὴ
421 2387 510 2422 κακῆς
530 2387 580 2422 μὲν
605 2387 737 2422 αἱρέσεως
758 2387 934 2424 μετεσχηκὼς

137 2435 187 2470 τῆς
207 2434 265 2461 τῶν
281 2433 462 2468 ’Λθιγγάνων,
488 2433 526 2465 ὼς
542 2433 661 2468 εῐρηται,
677 2433 725 2459 καὶ
749 2433 790 2459 ὃτι
807 2432 933 2467 γλῶσσαν

137 2480 315 2515 χωλεύουσαν
332 2480 400 2515 ἔχων
417 2481 457 2511 εἰς
470 2479 616 2515 ἀνανδρίαν
634 2480 680 2506 καὶ
695 2479 832 2514 μαλακίαν
848 2479 935 2506 διεδε-

139 2527 233 2562 ᾶόητο,
252 2526 346 2562 πολλῷ
361 2526 389 2553 δὲ
406 2526 516 2561 μᾶλλον,
532 2526 574 2552 ὅτι
583 2525 631 2562 τὴν
646 2525 734 2561 ψυχὴν
747 2526 795 2560 τῆς
811 2525 934 2561 γλώττης

141 2573 191 2608 οὐχ
206 2570 291 2609 ἦττον
305 2572 478 2608 χωλεύουσαν
504 2572 612 2607 ἔφερεν,
636 2571 810 2598 meracam
840 2580 871 2598 τε
889 2572 935 2599 καὶ

142 2620 182 2650 εἰς
200 2620 300 2655 φόρτον
317 2618 458 2653 λελόγιστο
472 2619 528 2650 τοῖς
547 2617 665 2649 πολλοῖς.
693 2617 722 2644 ’0
737 2617 838 2652 Θωμᾶς
853 2618 891 2650 δὲ,
911 2619 935 2644 εἰ

140 2667 192 2692 καὶ
204 2666 235 2692 τὺ
262 2666 359 2698 σκέλος
377 2665 577 2701 πεπηρωμένος
602 2665 649 2691 καὶ
665 2665 703 2700 τῷ
714 2664 787 2698 γένει
800 2664 937 2699 βάρϐαρος

142 2708 188 2746 ἦν,
203 2711 259 2737 ἀλλ’
273 2711 322 2738 οὖν
337 2711 370 2747 τῇ
391 2720 423 2746 γε
436 2711 517 2746 πολιᾷ
532 2711 681 2745 αἰδέσιμος,
709 2710 756 2737 καὶ
776 2710 877 2745 μᾶλλον
891 2719 935 2744 φι-

141 2756 276 2792 λούμενος
284 2757 445 2792 ἐτύγχανεν,
455 2757 495 2783 ὅτι
506 2756 536 2783 τδ
545 2757 749 2792 εὐπροσήγορον
760 2758 807 2783 καὶ
816 2757 932 2788 ἀστεῖον,

144 2799 189 2828 οἷα
206 2803 238 2838 δὴ
253 2803 327 2837 φιλεῖ
340 2804 354 2830 ὁ
370 2803 538 2839 στρατιώτης
565 2803 652 2839 ὕχλος,
677 2803 751 2837 αὐτῷ
776 2811 827 2829 που
840 2811 935 2829 συνου-

147 2848 226 2876 σίωτο
242 2850 276 2877 ἐκ
293 2850 400 2884 παιδὸς,
413 2850 522 2878 καὶτῶν
537 2851 605 2878 κατὰ
619 2851 796 2886 γενναιότητα
810 2849 935 2883 σώματος

983 2344 1195 2372 desideraretur.
1212 2343 1322 2377 Alioqui
1339 2342 1412 2370 enim
1434 2342 1515 2370 etiam
1534 2342 1648 2370 Michael
1665 2344 1772 2371 cunctis

983 2389 1040 2417 fere
1053 2390 1116 2417 odio
1133 2389 1296 2421 habebatur,
1311 2393 1367 2416 tum
1385 2390 1456 2424 quod
1477 2389 1696 2424 Athinganorum
1721 2397 1771 2416 nc-

985 2436 1073 2464 fanda'.
1094 2436 1218 2469 haeresis,
1232 2436 1269 2462 uti
1285 2435 1387 2462 dictum
1400 2440 1451 2468 est,
1469 2436 1635 2463 commercio
1651 2436 1772 2470 pollutus

984 2486 1067 2514 esset,
1085 2487 1140 2508 tum
1156 2481 1230 2516 quod
1246 2481 1422 2508 balbutientis
1446 2480 1546 2515 lingua:
1562 2480 1627 2507 vitio
1643 2481 1772 2509 laborans

984 2528 1102 2556 imbellis
1114 2528 1259 2562 mollisque
1271 2534 1369 2554 nomen
1386 2526 1516 2559 haberet;
1531 2530 1588 2553 tum
1602 2527 1683 2554 etiam
1698 2527 1772 2561 quod

986 2582 1041 2601 non
1067 2573 1161 2601 minus
1176 2573 1270 2600 animo
1285 2580 1368 2607 quam
1398 2571 1491 2607 lingua
1518 2572 1664 2607 impeditus
1688 2576 1773 2605 esset,

985 2621 1068 2649 homo
1091 2620 1197 2648 scilicet
1215 2619 1350 2654 perversis
1373 2619 1506 2652 moribus,
1523 2619 1705 2646 exsecrationt
1720 2618 1773 2654 53

985 2671 1044 2695 erat
1063 2673 1095 2693 ac
1123 2665 1204 2700 vulgo
1226 2665 1357 2692 tnolestus
1385 2664 1542 2700 putabatur.
1567 2659 1687 2691 Thomas
1707 2671 1773 2690 vero

988 2720 1144 2749 quanquam
1161 2719 1241 2739 crure
1254 2711 1354 2739 oblazso
1376 2719 1407 2738 ac
1425 2718 1523 2746 genere
1545 2710 1679 2738 barbarus
1703 2715 1773 2742 erat.

989 2758 1089 2785 canitie
1099 2761 1189 2784 tamen
1204 2756 1380 2788 venerabilis,
1395 2757 1537 2790 magisque
1550 2763 1566 2782 a
1583 2756 1689 2783 cunctis
1702 2763 1764 2783 ama

988 2804 1080 2834 batur,
1102 2801 1177 2838 quod
1191 2809 1289 2837 nempe
1316 2802 1349 2829 ad
1373 2808 1551 2837 congressum
1574 2800 1662 2828 facilis
1692 2805 1773 2835 atque

990 2850 1111 2876 urbanus
1127 2853 1201 2879 erat;
1219 2855 1287 2882 quas
1301 2847 1394 2882 utique
1408 2847 1484 2875 dotes
1496 2847 1639 2875 ordinibus
1650 2847 1772 2883 gratissi-

794 2906 910 2934 V'Alitr‘E
926 2905 1128 2934 LECTIUNES.

185 2943 206 2958 "
219 2943 270 2976 τὰς
279 2942 311 2970 Ρ.
