2011 3156
253 217 288 248 67
803 217 1057 248 THEOPHANES
1077 217 1356 249 CONTINUATUS.
1848 220 1883 251 68

254 281 313 302 mas
329 281 344 301 a
355 281 441 309 puero
455 273 510 308 jam
524 273 576 301 sibi
592 272 738 308 ase'werat,
754 275 932 310 corporisque
945 275 1043 302 rabere

1099 276 1125 301 οὐ
1141 275 1171 310 δή
1188 283 1260 306 τινος
1275 275 1400 310 ἐφαίνετο
1414 275 1551 311 δεύτερος.
1563 272 1648 308 Οὗτος
1658 275 1704 303 οὖν
1718 276 1781 308 τοὺς
1796 277 1884 312 δημω-

254 319 321 346 nulli
336 319 459 346 cedebat.
486 317 579 354 Itaque
596 320 769 355 publicarunt
787 320 961 355 vectigalium
976 328 1042 347 exa-

254 364 376 392 ctoribus
394 364 420 391 in
440 372 506 393 suas
522 369 612 400 partes
625 366 760 399 adductis,
774 367 926 401 vulgusque
936 367 1043 401 magni-

254 411 312 439 licis
327 410 519 445 largitionibus
539 411 590 439 sibi
607 412 740 439 demereri
760 412 882 445 studens,
907 412 998 440 clarus
1010 419 1041 440 ex

254 459 327 486 tenui
342 459 516 493 obscuroque
537 457 626 486 evasit
643 466 730 493 exque
750 466 830 485 manu
857 459 968 486 minima
982 466 1043 486 ma-

253 513 334 541 gnus.
361 505 438 533 Alios
455 505 601 532 verborum
618 504 755 531 lenocinio
776 504 954 539 amicitiaeque
977 511 1045 540 qua-

258 553 321 579 dam
355 552 447 586 specie
468 551 519 579 sibi
549 551 724 583 conciliabat,
752 555 887 586 quotquot
914 551 1043 578 nimirum

254 606 386 626 novarum
414 605 505 625 rermn
533 597 747 632 divitiarumque
773 604 851 624 amor
875 596 1042 630 incesserat;

254 645 324 672 alios
341 645 366 672 vi
383 652 415 671 ac
428 644 561 671 renitente
570 643 672 676 animo,
689 650 758 677 quos
777 642 910 669 bellorum
923 642 1043 669 civilium

254 691 326 718 mala
342 691 399 727 jam
415 690 512 717 doctos
533 690 655 724 periculo
672 697 726 716 non
741 689 871 716 latebant.
900 689 939 715 Eo
966 688 1044 715 initio

254 741 406 772 eruperunt
420 736 489 763 bella
506 735 608 768 civilia,
625 735 770 770 instarque
784 734 952 762 Niliacorum
970 738 1046 761 cata-

254 787 393 809 ractarum
406 787 510 817 aperta,
524 789 578 808 non
592 789 675 816 aqua,
692 781 738 808 sed
750 788 848 808 cruore
860 785 959 807 terram
973 781 1046 815 large

255 829 416 864 irrigarunt.
433 827 502 854 Hinc
515 828 586 854 servi
602 827 735 854 adversus
751 827 842 858 heros,
855 826 933 853 miles
948 826 1044 854 statio-

255 877 350 904 narius
380 875 512 902 adversus
545 874 723 906 cobortalem,
759 872 885 900 centurio
913 873 1045 900 adversus

259 923 398 950 exercitus
410 922 508 949 ducem
524 925 639 948 cruento
654 921 726 947 ferro
739 921 849 947 dextras
857 925 1044 947 armaverunt.

255 968 449 1002 Haetenusque
463 967 554 993 omnis
574 966 639 993 Asia
659 966 741 993 malis
760 965 858 992 obruta
880 966 971 992 dirum
1001 973 1046 1000 ge—

255 1014 355 1041 mebat.
372 1012 521 1039 Civitatum
546 1011 616 1039 Asiae
635 1011 760 1046 integrm,
781 1019 813 1039 ac
827 1015 936 1046 quanta:
957 1015 1045 1043 erant,

210 1068 214 1074 ι
256 1063 414 1087 exterrente
443 1063 518 1085 metu
543 1058 711 1085 deditionem
740 1057 852 1084 Thomas
882 1056 1046 1091 faciebant;

254 1112 315 1140 qua:
328 1110 418 1132 autem
431 1098 588 1138 imperatori
605 1103 685 1131 ﬁdem
701 1108 842 1131 servantes
860 1103 907 1131 diu
928 1103 1046 1138 smpius~

255 1159 308 1186 que
320 1151 488 1183 restiterant,
507 1150 599 1177 multis
616 1150 737 1177 caedibus
754 1149 959 1184 praedarumque
974 1150 999 1176 vi
1015 1157 1048 1177 ac

255 1195 455 1230 direptionibus
470 1195 644 1229 postmodum
661 1201 687 1221 et
708 1194 773 1230 ipsa:
787 1194 887 1221 collum
905 1195 1048 1222 submitte‘

255 1241 330 1269 bant.
352 1240 475 1276 Denique
492 1245 549 1267 tota
570 1240 634 1268 Asia
651 1240 677 1266 in
695 1241 755 1274 ejus
778 1244 869 1275 partes
899 1241 1047 1273 concessit,

255 1288 377 1324 exceptis
391 1289 523 1316 duntaxat
538 1288 665 1324 Catacyla
693 1287 796 1323 Opsicii
819 1294 846 1316 et
862 1288 978 1316 Olbiano
996 1291 1049 1315 Ar—

255 1334 445 1362 meniacorum
478 1334 605 1362 ducibus.
631 1332 685 1370 54
703 1334 734 1361 lli
759 1334 814 1361 duo
838 1334 889 1362 soli
917 1335 943 1362 in
974 1339 1049 1362 tanta

255 1381 390 1409 exercitus
410 1381 511 1408 ducum
533 1381 708 1408 multitudine
722 1381 846 1408 lilicbaeli
866 1381 951 1420 palam
969 1381 1047 1408 ﬁdem

255 1434 410 1454 servavere.
439 1426 544 1454 ideirco
578 1428 659 1454 etiam
696 1426 806 1454 Michael
835 1428 950 1462 gratiam
977 1427 1048 1455 rel‘e-

255 1479 330 1506 rens,
351 1473 423 1508 quod
440 1474 500 1508 ejus
522 1480 635 1500 causam
651 1481 706 1499 non
724 1472 916 1507 prodidissent,
945 1474 1048 1500 nummi

255 1519 339 1546 unius
361 1519 483 1554 argentei
507 1519 535 1546 in
552 1520 680 1546 aerarium
699 1519 831 1554 principis
854 1519 949 1546 inferri
975 1519 1048 1546 soliti

257 1564 305 1600 (ac
317 1565 466 1592 fumarium
482 1565 616 1592 tributum
628 1565 795 1600 vocabatur)
809 1564 915 1592 veniam
925 1565 964 1592 eis
973 1563 1047 1592 fecit.

1095 322 1169 354 σίους
1180 322 1280 357 φόρους
1295 322 1508 359 εἰσπράττοντας
1527 323 1565 355 εἰς
1581 323 1676 352 ἑαυτὸν
1687 324 1883 359 εἰσποιησάμε-

1095 377 1149 401 νος,
1167 369 1214 395 καὶ
1227 369 1259 395 ἐκ
1273 365 1475 404 μεγαλόφρονος
1491 369 1637 401 ἐπιδόσεως
1662 369 1820 402 σπουδάζων
1837 369 1886 404 ὑφ’

1094 413 1191 440 ἑαυτὸν
1206 414 1293 440 ποιεῖν
1305 414 1369 446 τοὺς
1384 413 1508 446 πολλοὺς,
1520 414 1605 445 πολὺς
1614 413 1727 448 γέγονεν
1743 414 1774 440 ὲκ
1784 413 1883 449 μικροῦ

1096 459 1144 486 καὶ
1160 460 1247 495 μέγας
1273 459 1302 492 ἐξ
1322 459 1466 501 ἐλαχίστης
1494 460 1601 495 χειρός·
1615 460 1678 492 τοὺς
1694 460 1744 495 μὲν
1759 459 1812 495 γὰρ
1832 457 1884 494 ἦγε

1094 505 1187 532 πειθοῖ
1202 504 1248 532 καί
1265 514 1318 532 τινι
1337 505 1425 541 φιλίᾳ,
1441 506 1515 537 ὅσοις
1533 506 1565 542 δὴ
1588 507 1602 533 ό
1613 505 1667 533 τῶν
1679 506 1780 533 καινῶν
1795 514 1885 540 πραγ-

1097 551 1190 586 μάτων
1208 551 1254 578 καὶ
1269 552 1299 578 τὸ
1317 551 1505 586 φιλοπλουτεῖν
1515 552 1584 589 ἔρως
1599 552 1662 587 ὲνῆν
1676 553 1710 586 ⁵³,
1722 551 1785 583 τοὺς
1795 551 1822 578 δὲ
1838 551 1885 587 βίᾳ

1096 597 1143 624 καί
1157 597 1254 634 γνώμῃ
1277 598 1431 633 ἀϐουλήτῳ,
1458 599 1531 630 ὅσοις
1557 598 1589 634 δὴ
1616 599 1650 625 τὰ
1666 598 1720 625 τῶν
1744 598 1886 633 ἐμφυλίων

1097 644 1218 670 στάσεων
1233 644 1306 671 κακὰ
1317 644 1345 671 ὲν
1357 644 1440 680 πείρᾳ
1452 644 1503 680 ἤδη
1521 644 1829 680 γεγένηντο.,Ἔντεῦοεν
1837 643 1886 671 οὗν

1095 690 1119 716 οί
1139 690 1266 725 ἐμφύλιοι
1283 690 1520 726 ἀναρρηγνύμενοι
1536 691 1660 726 πόλεμοι,
1677 691 1724 717 καὶ
1744 687 1798 717 οἷόν
1813 699 1885 721 τινες

1095 737 1210 773 Νειλῷοι
1226 738 1414 773 καταρράκται
1427 737 1664 773 ἀνοιγόμενοι,οὑχ
1675 737 1760 769 ῦδατι,
1773 737 1831 764 ἀλλ’
1841 737 1885 764 αἴ-

1098 792 1164 818 ματι
1176 783 1225 819 τὴν
1237 783 1289 818 γῆν
1300 783 1489 815 κατεποτιζον.
1506 782 1645 810 Ἐντεῦθεν
1657 783 1702 809 καὶ
1714 783 1801 809 δοῦλοι
1814 782 1886 810 κατὰ

1095 830 1235 856 δεσποτῶν
1251 830 1298 856 καὶ
1322 830 1492 866 στρατιώτης
1513 829 1585 856 κατὰ
1595 828 1731 861 ταξεὼτου
1746 829 1791 855 καὶ
1805 828 1886 863 λοχα-

1097 876 1144 911 γὸς
1157 876 1229 903 κατὰ
1242 876 1428 912 στρατηγέτου
1443 875 1492 911 τὴν
1511 876 1589 910 χεῖρα
1605 874 1729 911 φονῶσαν
1746 874 1886 901 καθώπλι-

1098 923 1154 956 ζεν,
1169 924 1215 950 καὶ
1230 923 1305 950 πᾶσα
1317 922 1387 953 τέως
1400 923 1417 958 ἡ
1437 922 1514 948 Ἀσία
1537 920 1700 957 βυθιζομένη
1713 921 1884 947 κατέστενεν.

1097 969 1130 995 Αἱ
1148 960 1197 1004 μὲν
1221 968 1276 1003 γὰρ
1301 968 1457 1002 αὐτάνδρους
1487 967 1541 994 τῶν
1567 966 1670 993 πόλεων
1692 965 1828 1001 ἀνῄρηντο
1847 965 1886 1001 τῷ

1097 1014 1194 1050 Θωμᾷ,
1206 1013 1244 1049 τῷ
1261 1013 1336 1048 φόϐῳ
1356 1013 1510 1039 πεισθεῖσαι
1522 1020 1528 1027 '
1544 1013 1572 1039 αἰ
1591 1012 1618 1039 δὲ
1638 1011 1767 1043 πολλάκις
1779 1011 1887 1038 ἀντιπί-

1098 1067 1224 1090 πτουσαι,
1240 1059 1273 1085 τὰ
1287 1058 1369 1085 πιστὰ
1388 1058 1427 1092 τῷ
1450 1067 1482 1091 γε
1495 1057 1638 1093 κρατοῦντι
1653 1056 1796 1092 τηροῦσαι,
1816 1057 1887 1093 μετὰ

1099 1103 1203 1130 πολλῶν
1220 1103 1308 1138 φόνων
1323 1103 1370 1130 καὶ
1389 1103 1616 1138 ἀνδραποδισμῶν
1643 1103 1780 1138 ὑπήγοντο
1794 1103 1888 1130 δεύτε-

1099 1159 1155 1185 ραι.
1174 1150 1245 1185 Πλὴν
1272 1150 1341 1176 ἀλλὰ
1356 1150 1432 1176 πᾶσα
1460 1150 1538 1175 Ἀσία
1553 1150 1641 1176 ὀπίσω
1654 1151 1749 1176 τούτου
1766 1149 1886 1184 ἐγένετο,

1099 1198 1177 1228 tm;
1191 1195 1235 1222 τοῦ
1248 1197 1278 1223 τὸ
1297 1196 1418 1230 Ὀψίκιον
1439 1196 1588 1223 Κατάκυλα
1605 1196 1822 1232 στρατηγοῦντος
1840 1197 1887 1223 καὶ

1105 1242 1242 1269 Ὀλὸιανοῦ
1269 1241 1316 1268 τοῦ
1336 1241 1391 1269 τῶν
1418 1241 1623 1277 Ἀρμενιακῶν·
1653 1238 1725 1268 οὗτοι
1740 1242 1793 1277 γὰρ
1807 1242 1838 1277 δὴ
1857 1243 1887 1268 ὲν

1099 1290 1237 1321 τοσούτοις
1253 1288 1328 1323 μόνοι
1354 1288 1553 1323 στρατηγέταις
1579 1288 1614 1315 τὰ
1643 1288 1725 1315 πιστὰ
1739 1289 1887 1324 τηροῦντες

1099 1334 1168 1370 προς
1179 1333 1288 1368 Μιχαὴλ
1303 1333 1486 1368 ἀνεφάνησαν.
1506 1330 1553 1364 Οἷς
1568 1334 1615 1359 καὶ
1629 1332 1678 1368 τὴν
1695 1333 1771 1369 χάριν
1787 1332 1889 1359 ἅπονέ-

1101 1390 1170 1417 μων,
1185 1381 1222 1412 ὡς
1240 1379 1277 1416 μὴ
1289 1379 1485 1415 προδεδωκόσιν
1502 1379 1592 1411 αὑτὸν,
1610 1379 1640 1405 τὺ
1654 1379 1694 1410 εἰς
1705 1379 1734 1405 τὸ
1749 1378 1889 1414 βασιλικὸν

1100 1427 1260 1462 τελούμενον
1278 1426 1400 1460 ταμιεῖον
1415 1425 1544 1460 δημόσιον
1569 1425 1702 1452 καπνικδν
1722 1424 1793 1452 οὕτω
1808 1425 1888 1458 λεγό-

1102 1481 1180 1509 μενον
1202 1471 1365 1507 μιλιαρίσιον
1379 1470 1408 1497 ἓν
1423 1470 1649 1506 συγκεχώρηται·
1665 1471 1718 1497 τῶν
1731 1471 1784 1506 γὰρ
1799 1471 1888 1498 ἄλλων

1100 1519 1210 1545 πάντων
1227 1518 1278 1544 ἀνὰ
1302 1517 1349 1543 δύο
1374 1516 1522 1543 τελούντων
1540 1517 1672 1544 ἀνέκαθεν
1700 1517 1888 1553 μιλιαρισίων,

1101 1564 1144 1601 [Ρ.
1162 1563 1208 1600 55]
1225 1563 1293 1590 ἀλλὰ.
1308 1563 1356 1589 καὶ
1380 1562 1471 1590 αὐτῶν
1497 1562 1610 1597 τούτων,
1625 1563 1687 1590 τότε
1700 1562 1730 1589 τὸ
1745 1563 1773 1589 ἒν
1787 1563 1888 1599 ἀφείθη

254 1611 323 1638 Nam
336 1619 395 1638 eum
410 1611 455 1638 alii
467 1618 561 1638 omnes
571 1610 734 1646 jampridem
748 1611 757 1646 (
769 1611 876 1646 ipsique
890 1611 1002 1646 perinde
1017 1618 1047 1638 ac

1101 1612 1145 1638 διὰ
1164 1612 1212 1647 τὴν
1230 1611 1347 1638 εὔνοιαν.

255 1657 363 1692 caeteri)
380 1664 509 1684 nummos
523 1657 591 1684 duos
609 1656 792 1683 miliarienscs
808 1657 969 1691 penderent,
992 1657 1188 1686 benevolentia;
1203 1665 1307 1685 memor
1321 1667 1404 1685 unum
1419 1659 1473 1687 illis
1486 1658 1604 1686 remisit.

292 1704 336 1731 12.
358 1704 407 1731 Ubi
433 1711 466 1731 eo
493 1707 565 1731 statu
591 1705 756 1738 compositas
781 1703 968 1732 Romanorum
1001 1713 1046 1733 res

256 1749 373 1785 Agareni
398 1749 563 1782 didicerunt,
586 1749 742 1784 gratissime
766 1749 846 1784 plane
877 1757 908 1776 ac
933 1757 1047 1785 prorsus

255 1796 377 1831 jucunde
402 1796 566 1823 habuerunt.
596 1794 679 1823 Suam
703 1795 776 1822 enim
798 1803 859 1823 eam
873 1796 1047 1824 occasionem

255 1842 399 1874 facientes,
428 1850 525 1869 omnes
552 1849 648 1869 secure
666 1842 821 1876 provincias
838 1846 921 1876 atque
944 1842 1049 1870 insulas

256 1889 365 1916 nemine
396 1888 547 1915 obsistente
587 1887 791 1915 incursionibus
818 1893 924 1916 vastare
954 1896 1050 1924 aggre-

256 1934 380 1961 diuntur.
406 1932 513 1967 Quibus
530 1933 631 1961 auditis
649 1932 781 1966 Thomas,
796 1939 920 1961 metuens
935 1941 969 1961 ne
986 1934 1050 1969 quid

257 1979 300 2007 sui
318 1987 410 2006 rerum
427 1987 561 2007 novarum
585 1979 749 2007 molirentur
770 1984 797 2007 et
820 1980 855 2007 ab
875 1981 934 2014 ipso
950 1980 1050 2008 delice—

256 2029 326 2059 rent,
346 2026 369 2053 si
383 2026 441 2060 ipse
460 2033 556 2053 eorum
577 2025 624 2060 qui
642 2025 719 2052 domi
735 2030 925 2053 remanserant
941 2031 968 2053 et
987 2027 1052 2053 reli-

255 2073 303 2105 qui
332 2071 452 2099 Orientls
478 2071 579 2098 nullam
596 2078 692 2098 curam
715 2075 832 2106 gereret,
853 2071 900 2098 sed
924 2071 1048 2107 ipsorum

258 2118 329 2144 lilios
352 2122 434 2151 atque
459 2124 562 2143 uxores
575 2116 657 2151 diripi
674 2117 793 2151 ducique
816 2117 843 2144 in
862 2117 1049 2151 captivitatem

257 2164 368 2195 sineret.
391 2170 481 2197 opera
499 2162 618 2198 pretium
634 2163 739 2197 putavit
758 2163 890 2190 hactenus
908 2164 1048 2198 Agareno~

1138 1705 1182 1741 ιβ’,
1202 1706 1235 1733 Ἀ
1263 1705 1310 1733 καὶ
1336 1706 1452 1742 μαθοῦσι
1475 1708 1532 1738 τοῖς
1554 1707 1717 1742 ’Δγαρηνοτς
1746 1705 1890 1741 ἀγαπητὸν

1102 1751 1281 1787 κατεφαίνετο
1289 1754 1336 1779 καὶ
1346 1752 1412 1783 ὅλως
1425 1752 1586 1788 ὲντρύφημα
1599 1759 1606 1766 '
1631 1751 1727 1786 καιροῦ
1741 1751 1795 1787 γὰρ
1807 1751 1890 1778 λαϐό-

1104 1805 1179 1832 μενοι
1197 1797 1289 1823 πᾶσαν
1305 1796 1397 1832 χώραν
1409 1797 1457 1824 καὶ
1470 1798 1550 1832 νῆσον
1563 1797 1727 1832 κατέτρεχον
1742 1797 1839 1829 ἀδεῶς,
1850 1797 1890 1833 μή

1102 1850 1173 1874 τινος
1186 1842 1312 1877 ἐμποδὼν
1327 1844 1474 1877 ἱσταμένου
1501 1844 1602 1874 αὐτοῖς.
1617 1836 1663 1869 Διί)
1678 1843 1726 1870 καὶ
1742 1843 1828 1870 ταῦτα
1851 1844 1893 1880 τῷ

1100 1888 1186 1924 Θωμᾷ
1200 1888 1366 1924 διακηκοότι,
1379 1889 1439 1916 ὲπεί
1453 1898 1512 1916 τινα
1537 1889 1642 1924 κίνησιν
1662 1891 1694 1916 ὲκ
1719 1889 1774 1916 τῶν
1791 1890 1891 1917 ἑαυτοῦ

1100 1932 1169 1968 ῷετο
1187 1934 1233 1960 καὶ
1247 1934 1441 1970 νεωτερισμὸν,
1456 1934 1484 1961 εἴ
1505 1934 1536 1969 γέ
1559 1943 1622 1961 τινα
1635 1935 1764 1970 φροντίδα
1784 1935 1821 1970 μὴ
1833 1935 1890 1961 τῶν

1101 1980 1146 2007 ἐπ’
1160 1980 1236 2007 οἴκου
1254 1982 1394 2017 ποιήσοιτο
1409 1982 1457 2009 καὶ
1471 1982 1521 2017 τῆς
1545 1982 1631 2017 ἄλλης
1650 1981 1805 2016 Ἀνατολῆς,
1821 1982 1892 2008 ἀλλὰ

1103 2027 1276 2062 συγχωρήσοι
1290 2027 1354 2059 τούς
1370 2036 1399 2054 τε
1417 2027 1515 2059 παῖδας
1532 2027 1580 2054 καὶ
1604 2029 1735 2062 γυναῖκας
1763 2027 1894 2063 καταληῖ-

1104 2072 1200 2108 σθῆναι
1227 2073 1274 2099 καὶ
1290 2073 1543 2108 αἰχμαλωτισθῆναι
1565 2073 1666 2106 αὐτῶν,
1691 2074 1829 2109 συμφέρον
1846 2074 1894 2100 κέ-

1103 2127 1182 2152 κρικε
1210 2118 1279 2150 τέως
1305 2118 1354 2153 μὲν
1382 2118 1567 2153 ἐπικρατῆσαι
1583 2118 1632 2153 τὴν
1649 2118 1739 2145 αὐτῶν
1753 2119 1841 2155 ὁρμὴν
1857 2119 1892 2146 δι’

1103 2165 1263 2199 ἐπιφανείας
1285 2165 1365 2191 αὑτοῦ
1383 2164 1430 2191 καὶ
1450 2164 1489 2199 τῷ
1502 2163 1600 2199 πλήθει
1612 2164 1668 2191 τῶν
1683 2164 1826 2199 δυνάμεων
1844 2166 1893 2191 ὲκ-

257 2216 320 2235 rum
344 2208 475 2243 impetum
498 2207 639 2241 cohibere,
663 2207 827 2243 objectoque
853 2207 906 2235 illis
934 2208 1047 2242 copioso

1103 2211 1203 2246 πλῆξαι
1226 2220 1255 2238 τε
1276 2211 1323 2238 καὶ
1340 2210 1407 2246 πρδς
1422 2211 1534 2246 εἰρήνην
1561 2210 1722 2246 πανούργως
1739 2210 1893 2237 ἐκκαλέσα-

257 2253 380 2282 exercitu
400 2257 502 2281 metum
517 2254 652 2287 incutere,
677 2257 760 2288 atque
774 2253 808 2280 ad
826 2255 919 2288 pacem
940 2259 1047 2282 vetera-

259 2300 330 2328 toria
347 2303 405 2327 arte
420 2307 527 2336 cogere.
550 2300 659 2335 Resque
675 2300 746 2327 adeo
768 2307 801 2327 ex
823 2305 887 2327 voto
904 2300 1049 2328 successit.

258 2347 326 2375 Nam
352 2355 416 2375 cum
433 2348 459 2375 in
480 2348 621 2383 regionem
642 2355 738 2375 eorum
760 2347 906 2382 irrupisset
928 2352 955 2375 et
969 2347 1051 2375 Sara-

258 2393 320 2421 ceni
346 2393 421 2421 illius
437 2394 568 2429 impetum
586 2394 724 2422 sustinere
740 2401 794 2420 non
815 2397 938 2428 possent,
957 2393 1050 2421 habito

258 2449 320 2469 cum
339 2441 379 2469 eis
403 2440 544 2476 colloquio
571 2448 667 2476 pacem
697 2440 840 2475 componit
865 2440 973 2475 sibique
987 2440 1050 2468 belli

257 2488 347 2515 socios
364 2487 501 2523 adjungit,
517 2487 570 2514 hoe
588 2491 685 2522 pactus
699 2487 795 2521 eisque
814 2487 966 2522 pollicitus,
976 2486 1049 2522 quod

258 2538 286 2560 et
311 2535 438 2569 superius
455 2534 596 2561 diximus:
618 2533 785 2569 proditurum
807 2533 932 2560 nimirum
951 2532 1049 2560 Romu-

256 2587 352 2605 norum
366 2580 431 2614 ﬁnes
451 2587 593 2614 eorumque
609 2580 752 2614 imperium
776 2579 831 2606 illis
858 2579 1049 2614 subiecturum.

258 2624 395 2658 Quocirca
412 2632 462 2652 nec
475 2625 592 2652 consilio
618 2633 670 2653 suo
693 2625 842 2653 frustratus
859 2632 911 2659 esu;
936 2625 1002 2660 quin
1024 2629 1052 2653 et

259 2678 402 2704 coronam,
419 2670 527 2705 imperii
541 2669 593 2706 55
610 2671 728 2706 insigne,
750 2671 939 2706 consequitur,
955 2675 982 2697 ct
997 2670 1049 2697 im-

260 2721 370 2751 perator
389 2716 424 2743 ab
438 2715 616 2744 Antiochense
632 2721 697 2744 tunc
710 2716 840 2744 Ecclesiae
854 2716 980 2752 prmsulc,
1004 2715 1050 2743 Ja-

261 2763 331 2790 cobo
363 2762 493 2796 nomine,
519 2763 716 2797 proclamatur.
748 2762 883 2797 Cogitque
910 2761 1048 2796 ingentem

257 2808 421 2841 exercitum,
437 2808 502 2844 quin
524 2808 615 2843 potius
637 2809 769 2836 collatum
792 2807 908 2842 accepit,
939 2807 973 2835 ad
990 2814 1052 2834 eor-

263 2854 451 2883 roborandum
478 2854 530 2883 sibi
548 2855 705 2890 imperium,
727 2862 779 2882 nec
792 2861 824 2882 ex
848 2854 902 2882 illis
917 2853 1050 2881 duntaxat

1103 2256 1173 2284 σθαι,
1195 2256 1228 2283 Ὃ
1253 2256 1300 2283 καὶ
1323 2255 1440 2291 συνέϐη·
1463 2256 1500 2287 ὡς
1525 2256 1579 2291 γάρ
1598 2256 1688 2287 αὐτοῖς
1710 2256 1816 2292 ἄρτιδὴ
1833 2257 1894 2288 τοῖς

1101 2303 1270 2338 Σαρακηνοῖς
1284 2303 1323 2334 είς
1335 2302 1386 2338 τὴν
1401 2302 1492 2329 αὐτῶν
1509 2301 1660 2329 εῑσὸάλλων
1676 2301 1705 2335 ἐξ
1716 2302 1893 2337 ὑποστροφῆς

1102 2348 1262 2380 ὰνύποιστος
1275 2348 1463 2382 κατεφαίνετο,
1475 2349 1515 2380 εἰς
1527 2347 1623 2383 λόγους
1634 2347 1665 2383 δὴ
1677 2347 1816 2383 προελθὼν
1825 2347 1895 2382 βαρ-

1102 2394 1233 2429 ϐαρικοὺς
1255 2395 1371 2426 σπονδάς
1399 2403 1430 2421 τε
1456 2395 1576 2421 ἐποιεῖτο
1596 2394 1739 2430 εἰρηνικὰς
1762 2394 1894 2429 καὶπρὸς

1102 2439 1262 2475 συμμαχίαν
1282 2440 1438 2473 ἐξεκαλεῖτο
1461 2440 1571 2475 αὐτοὺς,
1599 2440 1790 2475 συντιθέμενός
1801 2448 1831 2466 τε
1844 2439 1894 2466 καὶ

1103 2485 1318 2521 ὑπισχνούμενος
1343 2486 1360 2514 ἃ
1383 2488 1431 2514 καὶ
1456 2486 1589 2523 πρότερον
1610 2486 1734 2522 εἴρηται,
1758 2486 1795 2513 τὰ
1820 2485 1894 2513 Ῥω-

1098 2531 1195 2567 μαίων
1205 2540 1238 2559 τε
1255 2532 1420 2567 προδοῦναι
1445 2533 1510 2568 ὅρια
1527 2533 1577 2559 καὶ
1592 2532 1650 2567 τὴν
1663 2531 1765 2559 αὐτῶν
1788 2532 1894 2566 αὐτοῖς

1101 2580 1162 2606 ὑπὸ
1179 2578 1282 2613 χεῖρας
1296 2579 1420 2614 ποιῆσαι
1435 2578 1543 2614 ἀρχήν.
1558 2578 1639 2605 Ὅθεν
1654 2577 1702 2604 τοῦ
1719 2578 1767 2613 μὲν
1781 2577 1894 2613 βουλεύ-

1104 2634 1188 2662 ματος
1202 2627 1233 2653 οῠ
1258 2627 1408 2663 διήμαρτεν
1429 2626 1477 2653 τοῦ
1501 2626 1615 2659 οἰκείου,
1631 2625 1699 2653 ἀλλὰ
1715 2625 1763 2652 καὶ
1777 2625 1894 2660 στέφους

1104 2672 1305 2708 μεταλαγχάνει
1332 2673 1380 2699 καὶ
1405 2672 1584 2708 αὐτοκράτωρ
1603 2671 1798 2707 ἀναγορεύεται
1815 2671 1894 2707 παρά

1102 2717 1148 2744 τοῦ
1159 2717 1204 2744 τὸν
1225 2719 1255 2744 ὲν
1271 2718 1421 2754 Ἀντιοχείᾳ
1437 2717 1530 2753 θρόνον
1549 2717 1700 2753 τηνικαῦτα
1729 2724 1894 2753 μεταποιου-

1104 2763 1185 2798 μένου
1207 2763 1316 2796 Ἰακὼϐ,
1331 2765 1378 2791 καὶ
1391 2765 1470 2800 χεῖρα
1482 2764 1607 2799 συλλέγει
1623 2763 1735 2799 πολλὴν,
1749 2762 1852 2799 μᾶλλον
1864 2763 1894 2790 δὲ

1102 2809 1236 2844 λαμϐάνει
1256 2810 1324 2846 πρὸς
1338 2811 1387 2846 τὴν
1402 2811 1484 2838 αὑτοῦ
1497 2811 1683 2846 κραταιωσινσ
1697 2810 1727 2836 οὗ
1741 2811 1795 2845 γάρ
1808 2809 1893 2844 ’Δγα-

1105 2855 1194 2890 ρηνῶν
1209 2856 1289 2891 μόνον
1311 2857 1414 2884 τούτων
1434 2857 1466 2892 δὴ
1481 2856 1534 2883 τῶν
1552 2857 1617 2892 ἡμῖν
1633 2856 1828 2891 γει-πονούντων
1847 2856 1891 2884 καὶ

891 2900 1010 2928 VARI/IS
1026 2900 1227 2930 LECTIONES.

289 2949 402 2992 f’épw;
413 2949 487 2986 ὲνῇν]
504 2950 546 2979 bis
565 2950 654 2986 aptior
680 2955 743 2985 post
763 2948 933 2984 πραγμάτων
960 2949 1048 2977 ἰοί-υς.
