2011 3156
246 193 284 227 τι

796 194 1053 225 THEOPHANES
1070 193 1351 227 CONTINUATUS.

1849 198 1884 232 Ἠ

248 257 300 284 tari
321 255 446 292 contigit,
462 260 491 283 ut
504 263 552 283 nec
565 255 655 284 verbis
667 254 777 290 quidem
794 255 849 283 illis
864 254 956 282 induci
972 262 1035 290 opus

1093 254 1160 290 μηδὲ
1177 255 1258 290 λόγου
1271 256 1412 292 δεηθῆναι,
1430 257 1477 284 καὶ
1489 257 1548 293 ἅμα
1558 258 1790 294 συστρατεύεσθαι
1801 260 1885 296 ἡγου-

247 303 340 336 l'uerit,
360 310 444 338 seque
459 302 531 330 ultro
547 302 580 329 ad
601 301 814 337 expugnandam
836 301 932 329 urbem
953 309 1039 337 augu-

245 355 316 378 stam
331 350 356 378 ei
370 350 461 377 socios
475 348 664 384 adjunxerint.

282 395 328 422 14.
348 394 412 422 Haec
423 395 507 422 citius
522 401 605 430 quam
622 401 670 428 par
684 397 744 421 erat
761 393 923 428 imperatori
939 393 1039 420 delata:

248 442 352 470 idcirco
365 441 448 468 etiam
461 441 613 468 exercitum
629 447 662 467 ex
678 439 797 467 residuis
811 447 845 467 ex
859 439 935 472 Asia,
952 439 975 467 si
993 439 1040 474 qui

245 489 301 524 jam
315 486 505 521 suppetebant,
525 485 728 520 nonnullasque
745 485 840 520 copias
859 485 994 520 Catacylae
1011 490 1041 512 et

249 533 358 561 Olbiani
380 540 461 568 opera
485 533 573 567 cogit,
602 533 659 567 jam
687 532 739 559 sibi
762 531 797 559 de
820 539 911 559 rerum
932 539 1040 559 summa

247 579 401 615 periculum
418 579 486 606 verti
504 580 638 606 sentiens.
661 577 697 606 At
719 586 809 613 neque
823 578 922 605 classis
943 585 1038 605 curam

247 626 371 661 negligit,
380 625 521 660 multaque
532 625 673 652 celeritate
685 625 830 652 adversum
847 624 953 651 hostem
968 629 1040 651 terra

246 673 372 707 marique
385 671 488 698 educit.
516 669 545 697 In
563 675 652 699 tantas
668 675 760 698 autem
777 670 918 706 angustias
933 678 1039 698 rerum-

246 724 300 752 que
317 716 491 744 diﬂicultates
507 715 651 751 eonjectus
664 720 716 748 est,
743 720 772 743 ut
787 720 814 743 et
833 716 950 743 ferream
966 722 1040 743 cate-

246 770 309 790 nam
325 763 359 790 ab
375 770 437 789 arce
458 761 492 789 ad
520 762 676 797 appositum
693 769 709 789 e
735 762 848 797 regione
868 762 1038 796 oppidulum,

245 809 279 837 ad
295 809 399 837 hostem
415 809 449 836 ab
461 809 590 836 interiore
608 816 686 836 muro
702 808 863 841 arcendum,
876 808 1038 836 extenderit.

246 855 362 884 Vivebat
379 860 444 883 tunc
464 855 491 882 in
504 855 600 891 Scyro,
617 863 679 890 quae
702 863 756 882 una
776 859 818 882 est
833 855 980 892 Cycladum
997 855 1040 882 ἰη-

246 902 383 935 sularum,
397 902 440 928 vir
455 901 567 936 quidam
585 902 674 933 exsul,
690 901 792 936 saepius
808 901 886 929 ducis
901 901 1039 929 exercitus

245 947 357 975 functus
372 955 496 980 munere,
508 947 620 982 jamque
631 947 738 975 infenso
750 948 776 974 in
788 947 946 975 Michaelem
959 952 1036 975 actus

244 995 350 1026 animo,
366 993 518 1030 Gregorius
536 994 664 1021 Pterotus
687 994 809 1026 nomine,
832 993 932 1022 Leonis
948 994 1037 1029 impe-

244 1041 346 1068 ratoris
370 1040 566 1074 censobrinus,
587 1040 658 1067 haud
676 1040 713 1067 ita
730 1040 834 1075 pridem
860 1040 906 1068 illo
929 1041 1036 1068 sublato

243 1087 380 1122 relegatus
404 1094 437 1114 eo
453 1087 687 1122 quodlsilentium
708 1087 760 1114 sibi
782 1087 916 1122 imperare
930 1087 1037 1115 noluis-

244 1138 295 1165 set,
311 1134 358 1161 sed
376 1141 431 1168 pra:
444 1133 552 1161 fervore
569 1134 654 1160 animi
665 1141 698 1161 ac
710 1133 809 1161 Leonis
822 1141 916 1160 amore
931 1133 1036 1161 saluta-

243 1183 302 1206 tum
327 1178 486 1207 Michaelern
521 1179 664 1215 ingressus
688 1179 783 1207 multis
812 1187 874 1207 eum
904 1179 1036 1207 conviciis

244 1225 407 1260 aspersisset
429 1233 460 1253 ac
477 1225 532 1261 58
547 1226 649 1253 caedem
666 1226 870 1260 exprobrasset.
899 1226 941 1253 Ad
953 1233 1034 1261 quem

245 1276 309 1298 tunc
321 1270 434 1298 Michael
448 1279 455 1298 :
481 1270 560 1305 Novi,
581 1271 680 1306 inquit,
694 1272 779 1298 animi
792 1272 832 1298 tui
846 1272 977 1300 "lautitia:
990 1280 1036 1307 pe-

243 1317 320 1351 lagus
335 1324 366 1342 ac
384 1317 504 1343 tristitia:
521 1317 742 1352 magnitudinem;
761 1317 916 1352 jubensque
930 1318 1037 1353 patien-

243 1367 284 1389 ter
311 1361 383 1390 l'erre
403 1369 464 1397 quae
485 1363 667 1398 contigerant,
699 1366 762 1397 post
781 1362 901 1390 triduum
925 1362 952 1390 in
974 1371 1034 1390 eam

242 1407 392 1444 Cycladum
415 1408 533 1435 insulam
560 1415 623 1435 cum
646 1408 789 1443 relegavit.
810 1408 889 1436 Hunc
907 1409 970 1436 belli
987 1416 1035 1437 so—

242 1454 315 1482 cium
326 1454 443 1482 ascitum
454 1453 574 1482 Thomas
583 1454 727 1482 duodecim
736 1454 851 1482 millium
864 1455 1035 1483 terrestrium

242 1501 383 1536 copiarum
407 1501 508 1535 agmini
529 1500 662 1535 praefecit.
685 1500 807 1529 Classem
823 1509 934 1537 quoque
952 1509 1034 1536 quam

242 1547 377 1574 habuerat
389 1546 537 1579 adornans,
554 1546 694 1582 aliumque
713 1547 738 1574 ei
759 1547 857 1575 ducem
874 1547 1035 1582 praeﬁciens,

242 1594 339 1622 ambos
363 1600 495 1630 tanquam
517 1601 705 1629 praecursores
728 1595 831 1630 regiam
860 1595 1034 1622 Constantini

245 1639 342 1666 urbem
363 1643 517 1666 tentaturos
536 1639 686 1674 praemittit,
703 1648 719 1667 e
742 1647 772 1668 re
793 1648 843 1668 sua
864 1640 923 1668 fore
942 1641 1038 1668 existi-

244 1693 334 1717 mans,
355 1685 378 1713 si
393 1689 465 1712 terra
480 1685 563 1713 simul
578 1686 704 1721 marique
718 1694 778 1714 eam
795 1687 960 1714 adoriretur.
978 1687 1036 1715 Hoc

242 1732 288 1759 ubi
306 1732 346 1759 sic
358 1736 465 1767 gestum
483 1735 536 1765 est,
556 1731 694 1768 simulque
710 1733 822 1761 navales
837 1741 869 1761 ac
886 1738 1035 1761 terrestres

241 1776 326 1812 copia:
351 1777 384 1804 ad
405 1776 620 1805 Blachernarum
646 1778 737 1805 sinum
754 1783 941 1813 apparuerunt
956 1779 1035 1815 (nihil

242 1823 318 1849 enim
333 1826 443 1850 extenta
464 1823 551 1851 ferrea
568 1829 666 1851 catena
691 1823 888 1858 impedimento
911 1825 964 1852 fuit
989 1829 1036 1852 ant

242 1869 336 1896 urbem
355 1869 451 1906 juvit),
469 1869 547 1897 nihili
571 1870 624 1898 illm
639 1874 687 1897 aut
701 1875 776 1899 certe
791 1871 884 1907 exigui
904 1873 1035 1900 momenti

241 1915 306 1942 visa:
322 1919 403 1948 sunt;
422 1915 496 1942 unde
510 1922 561 1943 nec
580 1915 693 1951 dignum
712 1915 815 1951 aliquid
833 1917 964 1944 memoria
975 1925 1036 1953 ges‘

241 1966 348 1989 serunt.
362 1960 498 1989 Caeterum
516 1961 637 1989 Thomas
651 1962 710 1997 ipse
723 1962 869 1997 arietibus,
889 1963 1035 1991 testudini-

240 2007 292 2034 bus
309 2007 427 2041 aliisque
455 2007 602 2040 machinis,
617 2008 717 2043 quibus
727 2016 822 2036 muros
839 2010 1036 2037 concutiendus

240 2053 440 2087 arbitrabatur,
466 2061 514 2088 per
542 2054 676 2088 quosdam
704 2061 799 2081 eorum
823 2055 941 2082 artiﬁces
967 2063 1035 2082 con-

240 2099 367 2131 slructis,
396 2099 429 2126 ad
458 2100 515 2127 haec
542 2104 633 2126 autem
660 2100 809 2128 Anastasio
828 2101 957 2135 quodam,
987 2102 1034 2136 qui

240 2145 349 2179 egeram
366 2143 493 2171 monachi
519 2145 646 2172 instituto
664 2145 744 2180 paulo
764 2152 828 2173 ante
852 2146 885 2174 ad
901 2151 1034 2176 veterato-

242 2191 312 2217 riam
339 2196 370 2216 ac
395 2190 555 2217 saecularem
582 2191 667 2217 vitam
685 2191 842 2223 transierat,
863 2193 916 2219 atri
935 2193 1035 2222 coloris

244 2240 330 2270 atque
351 2235 436 2262 animi
455 2235 482 2262 in
498 2231 583 2263 nmtm
606 2237 736 2271 adoptato
747 2242 775 2265 et
794 2243 923 2267 consorte
944 2244 1036 2276 tyran-

1093 301 1167 336 μένῳ
1183 302 1253 329 κατὰ
1273 303 1323 338 τὴν
1340 303 1545 338 βασιλεύουσαν.

1129 391 1170 420 ιδ’.
1188 393 1245 420 οὐκ
1268 394 1364 421 ἔλαθεν
1391 392 1438 422 οὖν
1454 397 1541 423 ταῦτα
1557 397 1655 423 Θᾶττον
1671 397 1688 432 ἦ
1705 396 1756 423 ἔδει
1772 398 1818 425 τὸν
1834 398 1884 433 βα-

1091 438 1168 465 σιλέα
1183 447 1190 454 ·
1210 439 1271 466 ὅθεν
1285 441 1332 467 καὶ
1347 442 1462 476 στρατόν
1475 451 1535 469 τινα
1549 445 1580 469 ὲκ
1592 444 1646 469 τῶν
1659 443 1708 479 ἤδη
1728 453 1779 471 που
1798 452 1884 472 καται

1090 484 1278 520 λελειμμένων
1292 488 1323 513 ἐκ
1340 488 1390 523 τῆς
1412 489 1504 520 Ἀσίας
1516 490 1675 524 ἐπισυνάγει
1690 492 1737 517 καὶ
1752 492 1883 526 δυνάμεις

1090 531 1167 563 τινὰς
1183 531 1228 558 διὰ
1239 532 1286 559 τοῦ
1300 534 1447 561 Κατάκυλα
1468 536 1515 562 καὶ
1536 536 1675 563 Ὀλϐιανοῦ
1696 538 1882 573 συναοροίζει,

1091 577 1137 604 τὸν
1157 578 1221 614 περὶ
1237 579 1287 614 τῆς
1313 580 1452 614 βασιλείας
1466 581 1516 617 ἤδη
1534 582 1657 609 κίνδυνον
1678 583 1780 614 δεδιώς.
1812 585 1884 611 Ἀλλ’

1091 624 1152 651 οὐδὲ
1173 624 1221 651 τοῦ
1245 626 1316 652 κατὰ
1335 626 1474 654 θάλασσαν
1503 628 1599 663 ἡμέλει
1616 630 1744 664 στρατοῦ,
1758 632 1834 665 τάχει
1853 631 1883 657 δὲ

1091 670 1183 706 πολλῷ
1199 670 1270 706 πρὸς
1284 672 1335 707 τὴν
1351 673 1457 700 ἐκείνου
1473 674 1544 700 κατὰ
1557 674 1610 709 γῆν
1625 684 1653 700 τε
1680 677 1726 702 καί
1745 676 1883 703 θάλατταν

1092 715 1134 751 [Ρ.
1151 716 1198 753 57]
1215 718 1500 753 ἀντιπαρεσκευάζετο
1517 719 1640 754 δύναμιν.
1657 721 1703 752 Εἰ;
1728 721 1839 748 τοσοῦτο
1853 723 1883 749 δὲ

1090 759 1142 798 ἧκε
1169 763 1317 799 δυσεργίας
1347 765 1395 791 καὶ
1418 765 1609 800 περιστάσεως
1632 766 1669 797 ὡς
1698 769 1744 794 καὶ
1770 768 1883 803 σιδηρᾶν

1091 809 1187 836 ἅλυσιν
1208 809 1239 841 ἐξ
1258 810 1433 845 ἀκροπόλεως
1456 811 1495 842 είς
1509 812 1540 838 τὸ
1559 814 1727 848 καταντικρὺ
1745 803 1883 849 πολίχνιον

1090 855 1259 889 ιπικτετναι,
1276 857 1325 892 τὴν
1346 857 1446 884 ἔσωθεν
1462 858 1563 885 ἄϐατον
1580 860 1673 896 τηρῶν
1690 861 1759 888 ὁδόν.
1780 858 1835 887 Ἦν
1851 862 1882 889 δὲ

1090 910 1133 934 τις
1153 903 1181 929 ὲν
1207 902 1304 939 Σκὺρῳ
1327 905 1403 940 νήσῳ
1430 905 1484 931 τῶν
1509 906 1657 933 Κυκλάδων
1677 908 1726 943 μιᾷ
1747 908 1882 941 πολλάκις

1055 937 1074 964 Β
1090 937 1305 984 ἐστρατηγηκὼς
1319 937 1393 986 ἀνὴρ.
1403 950 1560 987 ὑπερόριος,
1587 953 1651 988 ἄρτι
1669 937 1696 980 δὲ
1770 937 1882 991 Μιχαὴλ

1089 995 1130 1026 είς
1145 996 1259 1030 πικρίαν
1273 995 1363 1031 ψυχῆς
1377 997 1544 1032 ἀφικόμενος
1561 1006 1569 1014 ο
1591 998 1677 1034 ὄνομα
1701 999 1789 1035 τούτῳ
1808 1001 1882 1037 Γρη-

1089 1039 1182 1075 γόριος
1197 1042 1210 1067 ὁ
1231 1041 1302 1068 οὕτω
1321 1042 1467 1077 λεγόμενος
1487 1044 1638 1079 Πτερωτδς,
1665 1045 1694 1077 ὃς
1721 1046 1881 1081 ἀδελφιδοῦς

1091 1085 1141 1120 μὲν
1157 1086 1290 1122 ὑπάρχων
1302 1088 1348 1114 τοῦ
1370 1089 1495 1123 Λέοντος,
1519 1090 1581 1126 ἄρτι
1606 1091 1634 1117 δὲ
1654 1092 1750 1119 τούτου
1769 1094 1880 1130 ἀναιρε-

1090 1132 1182 1164 θέντος
1199 1133 1344 1168 ὑπερόριος
1354 1134 1470 1169 γίνεται,
1488 1136 1529 1162 ὅτι
1544 1136 1582 1172 μὴ
1595 1139 1674 1173 σιγῇ,
1691 1138 1788 1175 ζεούσῃ
1803 1140 1830 1167 δὲ
1845 1142 1880 1177 τῇ

1089 1179 1188 1215 καρδίᾳ
1198 1180 1245 1206 καὶ¹
1262 1180 1338 1216 φιλίᾳ
1346 1181 1393 1208 τοῦ
1405 1181 1531 1216 Λέοντος,
1549 1185 1748 1222 προσκυνήσων
1763 1187 1807 1214 τὸν
1827 1186 1882 1215 Μι-

1089 1225 1159 1260 χαὴλ
1183 1226 1377 1261 εἰσερχόμενος
1393 1227 1502 1260 πολλοῖς
1521 1230 1684 1266 ὀνειδισμοῖς
1704 1233 1786 1261 αὺτδν
1800 1243 1880 1270 περι-

1089 1271 1194 1306 έϐαλεν,
1206 1274 1252 1299 τὸν
1265 1273 1344 1307 φόνον
1361 1274 1452 1309 φέρων
1467 1275 1521 1302 τῶν
1545 1276 1701 1312 λεγομένων
1714 1281 1877 1315 κατήγορον.

1089 1315 1125 1354 ᾯ
1139 1319 1249 1354 Μιχαὴλ
1262 1320 1322 1346 τότε
1343 1320 1394 1355 μὲν
1408 1321 1509 1354 εἰπὼν,
1527 1323 1601 1349 Οἶδά
1612 1332 1671 1351 σου
1686 1325 1737 1358 τῆς
1750 1326 1878 1361 ἀθυμίας

1089 1363 1122 1390 τὸ
1150 1363 1281 1399 πέλαγος
1303 1365 1353 1391 καὶ
1378 1366 1433 1400 τῆς
1457 1368 1558 1401 λύπης
1585 1369 1619 1396 τὸ
1630 1370 1767 1406 μέγεθος,
1783 1372 1880 1407 φέρειν

1089 1409 1224 1446 ἐπέτρεπε
1251 1410 1286 1437 τά
1313 1411 1448 1447 γενόμενα
1472 1422 1479 1429 ·
1498 1414 1594 1451 τρίτης
1621 1415 1649 1442 δὲ
1679 1418 1880 1453 παρῳχηκυὶας

1089 1457 1195 1492 ἡμέρας
1207 1457 1277 1484 κατὰ
1288 1457 1333 1485 τὸν
1344 1459 1489 1494 εἰρημένον
1504 1460 1586 1489 τόπον
1601 1462 1655 1489 τῶν
1669 1463 1819 1491 Κυκλάδων
1829 1474 1880 1492 πε-

1089 1503 1204 1538 ποίηκεν
1217 1504 1373 1540 ὑπερόριον.
1399 1505 1499 1533 Τοῦτον
1518 1508 1726 1544 ἑταιρισάμενος
1740 1511 1754 1536 ὁ
1777 1512 1881 1547 Θωμᾶς

1091 1548 1296 1584 στρατεύματός
1317 1559 1390 1583 τινος
1406 1552 1452 1578 τοῦ
1478 1553 1548 1580 κατὰ
1564 1554 1616 1589 γῆν
1629 1554 1693 1581 ὡσεὶ
1708 1556 1743 1593 ⁸⁶Ι
1756 1556 1883 1592 χιλιάδας

1090 1594 1156 1622 δέκα
1172 1596 1307 1629 ἀνέδειξεν
1326 1599 1490 1633 στρατηγόν.
1514 1600 1567 1627 Καὶ
1582 1600 1628 1627 τὸν
1645 1602 1715 1629 κατὰ
1740 1603 1882 1632 θάλασσαν

1086 1642 1114 1669 δὲ
1126 1643 1219 1670 στόλον
1227 1644 1301 1679 αὐτῷ
1313 1645 1460 1680 γενόμενον
1473 1647 1706 1684 εὐτρεπισάμενος
1717 1650 1776 1686 [καὶ
1785 1652 1883 1688 ἕτερον

1087 1688 1162 1723 αὐτῷ
1179 1689 1332 1725 ἐπιστήσας
1352 1691 1517 1728 στρατηγὸν]
1535 1691 1590 1720 οἷόν
1606 1703 1680 1727 τινας
1708 1697 1883 1734 προδρόμους

1087 1734 1251 1770 ἐξέπεμψεν,
1269 1736 1409 1772 ὠφέλιμον
1422 1736 1491 1765 εἶναι
1513 1740 1610 1776 κρίνας
1625 1741 1671 1768 τοῦ
1692 1745 1762 1770 κατὰ
1778 1745 1831 1780 γῆν
1847 1754 1881 1773 τε

1087 1781 1134 1808 καὶ
1151 1781 1288 1809 θάλασσαν
1306 1782 1365 1818 ἅμα
1385 1785 1521 1812 ποιεῖσθαι
1538 1786 1588 1819 τὰς
1613 1789 1778 1823 προσϐολάς.
1796 1790 1882 1818 Γενο-

1088 1827 1169 1862 μένου
1183 1828 1211 1855 δὲ
1226 1829 1324 1856 τούτου
1340 1831 1387 1857 καὶ
1403 1832 1476 1858 κατὰ
1491 1833 1590 1860 ταυτὸν
1605 1834 1799 1869 ἀναφανέντων
1823 1837 1885 1865 τῶν

1087 1874 1224 1900 ναυτικῶν
1239 1874 1286 1901 καὶ
1302 1875 1424 1908 πεζικῶν
1443 1876 1585 1912 δυνάμεων
1601 1879 1629 1905 ὲν
1654 1879 1692 1914 τῷ
1713 1881 1784 1916 πρὸς
1806 1882 1885 1908 Βλα-

1087 1921 1197 1955 χέρναις
1214 1920 1307 1957 κόλπῳ
1320 1922 1390 1958 (οὐδὲ
1410 1923 1464 1958 γάρ
1479 1924 1607 1960 οὐδεμίαν
1622 1925 1741 1954 κώλυσιν
1769 1928 1786 1964 ἢ
1812 1928 1883 1964 βοή-

1087 1965 1163 1992 θειαν
1175 1967 1192 2002 ὴ
1205 1966 1397 2003 ὲξαρτισθεῖσα
1420 1970 1520 2006 σιδηρᾶ
1537 1972 1617 2007 σειρὰ
1634 1973 1813 2010 ἐπεδέδεικτο)
1837 1976 1885 2008 εἰς

1086 2011 1192 2048 οὐδὲνῆ
1209 2013 1306 2049 μικρὸν
1321 2015 1337 2050 ἡ
1353 2014 1456 2042 τούτων
1473 2018 1610 2052 παρουσία
1631 2018 1770 2054 λελόγιστο
1782 2029 1789 2036 ·
1816 2021 1887 2049 ὅθεν

1086 2058 1141 2085 οὐδ’
1161 2058 1303 2094 ἀξιόλογόν
1326 2069 1353 2087 τι
1373 2062 1439 2097 παρ’
1458 2063 1550 2095 αὐτοῖς
1578 2064 1748 2100 ἐπέπρακτο.
1774 2066 1850 2103 Πλὴν
1868 2069 1886 2096 ὁ

1086 2105 1186 2140 Θωμᾶς
1201 2106 1294 2142 κριοὺς
1314 2107 1361 2133 καὶ
1377 2107 1497 2142 χελώνας
1518 2109 1566 2136 καί
1581 2119 1656 2143 τινας
1671 2111 1820 2147 ἑλεπόλεις,
1846 2115 1886 2142 δι’

1086 2147 1123 2177 ὧν
1129 2151 1164 2177 τὰ
1178 2151 1254 2186 τείχη
1263 2150 1330 2185 ᾤετο
1340 2154 1506 2186 κατασείειν,
1518 2153 1562 2180 διά
1570 2163 1651 2183 τινων
1667 2159 1887 2193 κατασκευάσας

1087 2198 1298 2243 μηχανουργῶν,
1318 2198 1386 2232 πρὸς
1400 2198 1428 2225 δὲ
1444 2200 1490 2226 καί
1502 2209 1563 2228 τινα
1581 2201 1758 2231 Ἀναστάσιον
1770 2205 1835 2241 ἄρτι
1850 2207 1889 2243 δὴ

1085 2242 1131 2269 τὸν
1165 2242 1220 2269 τῶν
1248 2243 1374 2279 μοναχῶν
1405 2244 1591 2280 ἁλλαξάμενον
1616 2247 1674 2283 βίον
1700 2249 1748 2276 καὶ
1773 2252 1814 2282 είς
1833 2242 1888 2279 τὸν

241 2282 313 2309 nidis
338 2282 508 2315 renuntiato,
535 2283 690 2319 ingentibus
719 2285 806 2320 copiis
828 2294 1031 2323 numerosoque

1087 2289 1231 2324 ἀγυρτικὸν
1243 2289 1337 2317 τοῦτον
1360 2290 1392 2327 δὴ
1412 2292 1458 2318 καὶ
1486 2293 1625 2321 πολιτικὸν
1653 2296 1888 2332 ὑποστρέψαντα,

240 2327 329 2355 fretus
343 2328 477 2361 exercitu,
494 2329 528 2356 ad
546 2330 647 2365 regiam
662 2331 757 2357 urbem
770 2332 902 2360 advectus
915 2337 968 2365 est,
987 2341 1034 2360 ra-

240 2378 286 2401 tus
299 2374 382 2401 simul
398 2380 480 2408 atque
502 2375 535 2402 ad
553 2376 647 2403 urbem
662 2378 837 2411 accessisset,
865 2385 958 2413 portas
982 2380 1033 2416 ipsi

240 2424 396 2447 reseratum
418 2420 463 2448 iri.
485 2420 537 2448 Ubi
562 2426 654 2448 autem
680 2423 885 2454 nihileventus
909 2425 969 2460 ejus
987 2434 1035 2454 ex-

241 2465 407 2501 spectationi
425 2467 579 2502 respondit,
593 2467 648 2503 59
658 2475 809 2504 eorumque
822 2471 914 2505 potius
927 2472 1035 2506 probris

240 2512 451 2547 compluebatur
467 2520 500 2540 ac
523 2513 686 2547 maledictis,
717 2519 773 2542 tum
797 2516 908 2543 demum
931 2522 1030 2552 praeto-

240 2558 313 2586 rium
330 2559 478 2586 tentorium
496 2559 655 2595 vallumque
671 2561 704 2588 ad
720 2561 826 2589 Paulini
844 2563 925 2595 aedes.
943 2563 988 2591 ubi
1007 2569 1033 2592 et

239 2604 438 2632 venerabilium
459 2606 663 2641 Anargyrorum
677 2607 822 2636 delubrum
835 2609 927 2644 palatii
945 2609 1034 2638 instar

239 2654 415 2678 exstructum
434 2656 486 2685 est,
511 2652 571 2680 ﬂxit
587 2654 750 2690 muniitque.
769 2654 906 2683 Destinata
923 2664 1033 2692 quoque

239 2700 318 2731 parte
330 2697 470 2726 exercitus
485 2705 597 2728 omnem
610 2701 644 2728 ad
656 2700 793 2729 Euxinum
808 2710 894 2737 usque
906 2701 1034 2731 nierum-

241 2750 296 2776 que
322 2744 461 2778 regionem
486 2749 569 2781 atque
600 2747 642 2775 his
660 2747 791 2776 ulteriora
808 2749 906 2784 oppida
922 2750 1032 2782 invasit.

239 2788 273 2814 all
295 2787 478 2818 defectionem
503 2798 618 2828 cogens,
637 2800 671 2820 ne
685 2797 767 2828 quem
783 2801 798 2821 a
826 2797 903 2830 tergo
925 2795 1032 2824 hostem

238 2835 386 2866 pateretur.
413 2834 462 2862 His
490 2835 527 2863 ita
547 2844 580 2865 ex
604 2837 699 2866 animo
716 2840 886 2873 constitutis,
903 2840 968 2868 dum
985 2849 1033 2876 ap-

1084 2335 1188 2370 μέλανα
1207 2336 1258 2371 τὴν
1272 2336 1379 2372 χροιὰν,
1398 2338 1504 2373 μέλανα
1523 2340 1573 2375 τὴν
1589 2340 1689 2376 ψυχὴν,
1715 2344 1890 2379 υίοοετὴσας

1083 2381 1132 2408 καὶ
1144 2382 1324 2416 συγκοινωνὺν
1337 2383 1387 2417 τῆς
1399 2385 1550 2420 άνταρσίας
1566 2387 1753 2423 ἀναγορεύσας
1763 2409 1770 2421 ,
1787 2390 1891 2427 πολλῷ

1084 2426 1192 2463 στρατῷ
1215 2428 1261 2454 καὶ
1281 2427 1397 2464 δυνάμει
1415 2430 1487 2465 ῥέων
1511 2432 1582 2459 κατὰ
1609 2433 1659 2468 τῆς
1681 2426 1889 2473 βασιλευούσης

1084 2473 1291 2509 προσήλαυνεν,
1310 2474 1367 2510 ἅμα
1389 2475 1417 2502 δὲ
1443 2477 1482 2512 τῷ
1505 2478 1545 2510 είς
1564 2478 1626 2513 ὄψιν
1643 2480 1795 2517 έποφθῆναι
1824 2483 1890 2512 τῶν

1086 2519 1202 2545 πολιτῶν
1217 2520 1266 2552 τὰς
1282 2520 1369 2552 πύλας
1381 2522 1456 2557 αὐτῷ
1469 2523 1639 2552 ἀναπετάσαι
1654 2527 1785 2562 οίόμενος,
1801 2529 1889 2564 μίσει

1084 2564 1116 2611 δὴ
1132 2565 1172 2600 τῷ
1189 2566 1258 2602 πρὸς
1284 2567 1404 2604 Μιχαήλ.
1438 2569 1516 2596 Ἐπεὶ
1531 2570 1559 2596 δὲ
1583 2571 1684 2607 ταύτης
1705 2574 1754 2608 τῆς
1769 2574 1889 2611 ἐλπίδος

1085 2610 1221 2646 διέπεσεν,
1238 2613 1338 2648 μᾶλλον
1353 2614 1402 2650 μὲν
1419 2613 1466 2642 οὖν
1477 2617 1525 2643 καὶ
1538 2616 1634 2653 ὕδρεσι
1645 2619 1747 2646 τούτων
1763 2621 1811 2647 καὶ
1825 2610 1890 2650 λοιέ

1086 2657 1189 2694 δορίαις
1218 2658 1359 2693 ἑπλύνετο,
1391 2661 1451 2687 τότε
1483 2661 1534 2696 μὲν
1557 2663 1589 2698 δὴ
1613 2663 1663 2700 τὴν
1692 2669 1890 2706 στρατηγικὴν

1084 2704 1188 2740 σκηνὴν
1198 2705 1245 2731 καὶ
1256 2706 1302 2732 τὸν
1317 2705 1426 2741 χάρακα
1442 2708 1514 2735 κατὰ
1529 2708 1574 2736 τὸν
1586 2710 1631 2736 τοῦ
1643 2711 1778 2739 Παυλίνου
1790 2704 1888 2749 οἷκον,

1083 2749 1148 2776 ἔνθα
1164 2749 1196 2784 δὴ
1213 2751 1259 2776 καὶ
1272 2750 1301 2776 τὸ
1315 2751 1370 2778 τῶν
1394 2751 1552 2788 σεϐασμίων
1568 2754 1745 2791 Ἀναργὺρων
1761 2757 1890 2792 τέμενος

1082 2792 1138 2822 οἶόν
1166 2797 1192 2820 τὶ
1211 2795 1362 2830 ἀνάκτορον
1388 2797 1583 2833 ᾠκοδόμηται,
1607 2800 1800 2837 έγκατὲπηξε,
1829 2805 1890 2832 καὶ

1083 2842 1174 2868 πάντα
1185 2840 1230 2867 τὸν
1249 2841 1313 2877 ἄχρι
1325 2842 1452 2876 Εὐξείνου
1468 2845 1552 2874 τόπον
1568 2847 1616 2875 καὶ
1641 2847 1726 2884 Ἱεροῦ
1744 2848 1791 2876 καὶ
1820 2851 1889 2880 τῶν

901 2886 1019 2916 νΑιιιΑ]
1037 2887 1239 2917 LECTIONES.

274 2925 297 2941 ⁸⁴
310 2925 348 2958 ὡς
360 2927 422 2959 ek?
