2011 3156
149 189 185 221 77
668 192 739 222 LIB.
758 192 800 223 ΙΙ.
817 204 850 211 -
866 192 1036 223 MlClIAEL
1057 193 1305 225 AMORIENSIS.
1752 199 1787 229 78

146 251 180 284 τῇ
197 249 280 276 αὑτοῦ
292 251 399 287 γαμετῇ
416 251 462 277 καὶ
479 252 535 282 τοῖς
546 250 650 283 τέκνοις
668 252 726 287 (καὶ
742 251 797 288 γὰρ
812 251 942 287 ὲτηροῦν-

997 256 1092 288 pleret,
1112 257 1169 281 tum
1186 261 1251 281 vero
1267 258 1297 281 ιιι
1318 254 1368 282 sibi
1388 254 1456 289 ipse,
1472 255 1539 290 quin
1553 260 1580 283 et
1602 257 1681 284 uxori
1706 263 1734 286 et
1753 258 1789 286 li-
1833 273 1836 277 ε

145 305 178 323 το
192 298 223 322 ἐν
236 296 344 332 φυλακῇ
363 297 467 324 ἐκείνου
486 297 524 332 τῷ
539 297 625 333 Θωμᾷ
649 298 849 334 προσθεμένου)
868 298 944 324 6m).-

144 341 236 376 λαγὴν
250 341 298 369 καὶ
315 342 481 379 συγγνώμην
497 344 771 380 πραγματευόμενος,
792 345 863 371 Ἀλλ’
880 344 943 371 οὔτε

144 387 159 413 ὁ
177 387 307 422 βασιλεὺς
331 388 418 415 ταῦτα
446 389 549 424 ἔφθασε
575 389 737 417 διοικοῦσαν
763 392 803 423 είς
816 391 943 419 τοσοῦτον

144 433 203 469 γὰρ
219 435 418 462 ἀπεκέκλειστο
433 436 546 463 καὶτῶν
561 437 672 471 ἔξωθεν,
685 438 739 465 οὐδ’
754 439 779 465 εί
790 439 846 465 τῶν
859 440 944 474 ἐγγὺς

146 481 231 515 μόνον
249 490 302 514 τις,
330 482 389 509 ἀλλ’
413 483 468 510 οὐδ’
496 484 521 510 Et
546 484 602 510 τῶν
626 485 794 520 πορρωτέρω
811 485 844 512 τὰ
860 487 943 513 αὐτοῦ

142 527 286 562 ᾑρημένος
302 527 447 564 ἐτύγχανε.
459 529 516 556 Καὶ
529 531 542 557 ὁ
553 530 653 566 Θωμᾶς
664 531 694 558 τὸ
712 531 749 567 μὴ
764 531 848 559 πολὺν
869 532 944 566 ἐξαί-

141 582 216 608 φνης
231 573 328 600 τοῦτον
344 575 472 608 γενέσθαι
483 577 675 612 κατορῤωδῶν,
690 578 737 604 καὶ
749 577 831 613 φόϐον
847 579 875 605 ἐν
886 580 943 612 τοῖς

141 618 244 645 ἑαυτοῦ
271 619 384 654 ποιῆσαι
410 621 583 657 βουλόμενος,
604 622 653 656 τὴν
670 623 721 658 μὲν
732 624 943 659 στρατοπεδείαν

139 664 195 698 τῆς
209 664 317 696 πόλεως
331 665 381 692 οὐκ
405 666 557 703 ἐξεκίνησε,
586 669 670 695 ταυτδ
683 668 762 696 τοῦτο
781 670 943 706 προμηθού-

142 719 238 745 μενος,
255 712 305 738 καὶ
334 713 458 748 προνοῶν
487 713 518 740 τὸ
538 714 575 750 μὴ
602 715 748 751 διωχθῆναι
780 716 940 750 ἐξόπισθεν·

139 756 251 790 ὀλίγους
269 756 297 782 δέ
313 765 400 789 τινας.
411 757 459 784 καὶ
471 758 551 790 ὅσους
562 759 621 794 ᾔδει
635 760 794 795 ἀξιοχρέους
807 760 859 796 τῆς
874 761 943 797 πρὸς

139 803 187 829 τὸν
202 803 359 838 Γρηγόριον
376 805 466 840 μάχης
483 804 574 838 ὄντας,
595 806 764 841 παραλαῦὼν
781 806 855 843 ἐξῄει
873 808 942 844 πρὸς

141 849 235 880 αὑτὸν,
251 850 299 876 καὶ
315 850 485 884 περιγίνεται
503 851 611 884 τούτου,
639 852 689 879 καὶ
705 853 840 888 φεύγοντα
855 862 941 881 κατα-

139 894 235 921 λαϐὼν
250 896 369 931 ἀναιρεῖ.
387 897 442 923 Καὶ
457 894 535 929 αὖθις
561 897 607 925 διὰ
626 898 732 934 ταχέων
746 900 815 935 πρὸς
829 900 878 933 τὰς
893 901 940 927 δυ-

1000 299 1072 327 beris
1090 299 1162 336 (nam
1183 304 1210 327 et
1236 300 1297 328 illos
1324 300 1449 334 Michael,
1473 308 1529 336 quo
1548 309 1582 329 ex
1607 306 1731 338 tempore
1753 305 1789 332 ad

999 345 1131 373 Thomam
1146 346 1294 378 defecerat,
1306 347 1333 374 in
1349 354 1460 376 carcere
1476 347 1614 384 habebat),
1637 349 1789 385 majestatis

998 393 1103 420 scilicet
1129 401 1203 426 reus,
1226 394 1333 421 veniant
1359 395 1625 431 indulgentiamque‘
1642 397 1788 427 obtineret.

999 438 1051 467 Sed
1074 448 1163 474 neque
1187 441 1334 476 imperator
1359 449 1416 469 rem
1444 442 1534 470 adhuc
1557 443 1682 471 audierat
1710 444 1790 479 (adeo

998 486 1070 513 enim
1096 487 1187 514 omnis
1211 492 1287 524 extra
1310 493 1480 518 commeatus
1494 490 1622 519 ecclusus
1641 491 1723 528 erat),
1738 499 1790 520 nec

998 532 1020 560 si
1038 533 1112 567 quis,
1126 541 1180 561 non
1197 534 1285 561 solum
1303 542 1397 563 eorum
1418 536 1464 571 qui
1480 544 1564 572 prope
1584 542 1677 566 essent
1692 546 1788 567 verum

996 578 1079 606 etiam
1106 580 1153 615 qui
1178 580 1285 616 longius
1311 582 1449 616 abessent,
1474 583 1534 619 ejus
1561 588 1652 619 partes
1677 589 1789 614 secutus

997 632 1079 655 esset.
1107 627 1229 655 Thomas
1258 633 1348 656 autem
1376 629 1480 657 veritus
1509 637 1544 657 ne
1572 631 1663 659 subito
1688 640 1788 667 magna

997 673 1122 709 Gregorii
1155 674 1304 703 auctoritas
1335 675 1423 708 ﬁeret,
1452 675 1532 710 isque
1558 677 1616 704 suis
1643 677 1788 706 ordinibus

996 724 1130 748 terrorem
1156 721 1294 756 injiceret,
1310 722 1380 750 nihil
1397 722 1486 750 soluta
1503 723 1647 751 obsidione
1672 728 1720 752 aut
1741 732 1788 753 ea-

996 767 1062 794 stris
1086 767 1120 794 ab
1139 768 1205 796 urbe
1218 768 1342 801 dimotis,
1362 770 1461 797 timens
1484 777 1517 797 ne
1532 777 1562 798 se
1574 770 1663 798 hostis
1679 778 1694 798 a
1712 775 1789 807 tergo

996 812 1199 847 insequeretur,
1221 821 1324 849 paucos
1350 815 1470 848 aliquos,
1497 823 1529 843 ac
1551 821 1670 851 quantos
1696 817 1790 853 oppri-

996 859 1256 896 mendoGregorio
1279 860 1403 889 suilicere
1427 861 1605 896 exiStimavit,
1632 870 1788 897 assumens,

996 905 1024 934 in
1041 907 1116 934 illum
1131 907 1241 940 educit;
1259 907 1408 942 prmlioque
1427 907 1518 935 lusum
1537 916 1569 936 ac
1586 909 1613 936 in
1631 909 1694 945 fuga
1713 918 1790 938 com-

140 942 242 975 νὰμεις
270 941 320 974 τὰς
348 943 633 980 προσεδρευούσαςτῇ
650 946 727 972 πόλει
750 947 865 980 γίνεται,
895 948 942 974 καὶ

996 952 1161 987 prehensum
1186 953 1305 980 necavit.
1325 952 1447 988 Hincque
1467 954 1593 981 celeriter
1609 955 1642 982 ad
1669 956 1789 991 reliquas

141 988 308 1023 γράμμασιν
316 989 483 1016 ἐπιστέλλων
494 991 527 1017 τὰ
537 991 634 1018 ἐαυτοῦ
652 992 846 1028 περιαγγέλλει
856 994 943 1021 ἀπαν-

141 1035 241 1069 ταχοῦ.
257 1034 295 1067 ὡς
310 1035 352 1070 εἴη
369 1044 399 1062 τε
426 1037 590 1072 νενικηκὼς,
616 1037 686 1073 ὅπερ
710 1038 760 1064 οὐκ
775 1036 825 1074 ἦν,
841 1039 889 1066 καὶ
911 1039 943 1066 τὺ

142 1081 354 1117 προσχωριάζον
383 1082 455 1109 κατὰ
481 1083 533 1118 τὴν
555 1083 668 1111 Ἐλλάδα
693 1086 821 1111 ναυτικὸν
836 1085 943 1120 ταχέως

141 1126 266 1153 κελεύων
292 1127 456 1162 ἀναχθῆναι,
484 1129 522 1160 ὡς
539 1126 617 1160 αὖθις
633 1130 690 1161 τοῖς
707 1129 779 1156 κατὰ
803 1130 942 1159 θάλασσαν

142 1173 309 1208 προσϐάλλοι
342 1175 413 1209 μετὰ
445 1176 627 1212 στερροτέρας
655 1176 798 1211 δυνάμεως
818 1178 940 1214 μέρεσιν.

149 1220 218 1246 Ἄλλο
235 1222 341 1248 ἐκεῖναι
359 1221 408 1256 μὲν
425 1222 465 1253 είς
482 1222 599 1258 ἀριθμὸν
624 1222 751 1250 τελοῦσαι
771 1225 941 1260 πεντήκοντα

146 1267 212 1302 πρὸς
237 1268 301 1299 ταῖς
317 1268 491 1303 τριακοσίαις
507 1269 733 1304 πολεμιστηρίοις
748 1269 807 1304 ἅμα
829 1271 937 1306 διήρεσι

143 1315 186 1339 καὶ
204 1316 374 1348 σιταγωγοῖς
389 1315 427 1351 τῷ
442 1315 496 1342 τῶν
513 1315 635 1351 Βυρίδων
647 1316 670 1332 ⁸⁵
683 1316 755 1342 κατὰ
775 1316 887 1353 Θρᾴκην
901 1317 943 1344 λι-

143 1360 201 1394 μένι
234 1360 495 1396 ἐγκαθορμίζονται,
520 1361 550 1394 ἐξ
573 1361 669 1398 οὐρίας
695 1362 837 1390 πλέουσαι.
853 1364 908 1390 Καὶ
927 1365 942 1391 6

143 1406 284 1440 βασιλικὸς
297 1406 326 1432 δέ
346 1407 488 1442 πυρφόρος
508 1407 602 1440 στόλος
626 1407 732 1440 τούτοις
756 1408 840 1443 μηδὲν
857 1409 942 1442 ἐγνω-

143 1453 216 1480 κόσιν
235 1453 330 1479 ἐκεῖσε
343 1453 480 1485 ἐπιτεθεὶς
496 1454 597 1484 πολλὰς
616 1454 666 1489 μὲν
682 1456 850 1491 αὐτάνδρους
866 1456 943 1490 αίρεῖ

141 1499 193 1525 τῶν
213 1499 301 1535 νηῶν,
313 1499 390 1531 τινὰς
402 1499 430 1526 δέ
448 1501 496 1527 καὶ
511 1500 648 1535 πυρπολεῖ
664 1500 841 1538 δυνατωτάτη
858 1501 939 1536 χειρὶ,

141 1547 241 1581 ὀλίγων
272 1547 416 1579 παντελῶς
440 1547 493 1581 ἔξω
522 1548 677 1583 γενομένων
695 1548 742 1576 τοῦ
771 1548 877 1580 πάθους
893 1549 940 1575 καὶ

994 999 1088 1033 copias
1101 998 1194 1026 urbem
1211 998 1369 1026 obsidentes
1387 1006 1516 1027 reversus
1531 999 1636 1027 litteras
1652 1001 1679 1027 in
1691 1008 1787 1029 omnes

993 1050 1096 1080 partes,
1114 1045 1215 1081 quibus
1230 1045 1283 1073 sibi
1301 1045 1445 1073 victoriam
1462 1045 1523 1081 (etsi
1547 1046 1627 1081 falso)
1644 1047 1789 1075 manifeste

994 1096 1146 1127 arrogaret,
1178 1092 1270 1126 dedit;
1288 1093 1485 1129 fclassemque,
1512 1102 1596 1130 quam
1624 1095 1652 1122 in
1684 1095 1789 1124 Achaia

995 1139 1124 1171 habebat,
1146 1139 1180 1166 ad
1197 1147 1227 1167 se
1242 1147 1324 1175 quam
1347 1140 1466 1175 primum
1491 1140 1590 1169 adduci
1614 1141 1704 1177 jubet,
1733 1150 1789 1178 quo

993 1192 1090 1212 rursus
1105 1185 1329 1213 instructioribus
1342 1187 1428 1221 copiis
1445 1188 1513 1214 mari
1525 1195 1645 1223 pugnam
1660 1195 1790 1216 consere-

992 1236 1044 1259 ret.
1069 1232 1124 1268 64
1144 1232 1296 1261 Constabat
1310 1233 1354 1261 illa
1379 1242 1440 1261 cum
1455 1235 1527 1262 bello
1543 1235 1614 1270 aptis
1629 1236 1788 1269 biremibus,

994 1283 1048 1306 tum
1063 1279 1198 1307 onerariis
1217 1279 1346 1307 trecentis
1362 1281 1562 1315 quinquaginta
1575 1281 1708 1314 navibus;
1729 1289 1791 1318 qua:

992 1329 1020 1353 et
1045 1325 1119 1353 brevi
1139 1326 1268 1353 secundis
1283 1326 1359 1353 auris
1375 1326 1408 1353 ad
1436 1326 1612 1362 Byridensem
1629 1328 1655 1354 in
1671 1327 1790 1357 Thracia

992 1373 1101 1405 portum
1119 1371 1269 1405 appellunt.
1290 1371 1471 1406 lmperatoria
1489 1377 1581 1400 autem
1604 1374 1790 1409 scyphonibus

993 1417 1130 1444 instructa
1155 1417 1262 1451 classis,
1287 1417 1342 1445 illic
1371 1418 1464 1446 hostes
1480 1418 1508 1446 in
1532 1419 1651 1447 statione
1664 1420 1789 1448 incautos

992 1470 1136 1498 aggressa,
1151 1463 1254 1491 multas
1267 1471 1364 1492 eorum
1379 1472 1461 1492 naves
1472 1472 1534 1492 cum
1551 1465 1618 1500 ipsis
1633 1467 1790 1495 vectoribus

992 1509 1075 1543 capit,
1092 1509 1160 1537 alias
1178 1510 1203 1536 vi
1220 1509 1338 1538 maxima
1360 1510 1514 1544 comburit;
1530 1519 1625 1546 paucae
1642 1512 1790 1541 admodum

991 1555 1062 1582 cladi
1076 1556 1239 1591 superstites
1254 1556 1336 1584 celeri
1355 1556 1417 1592 fuga
1433 1562 1543 1592 portum
1559 1557 1788 1587 Blachernensem

142 1594 210 1630 πρὸς
229 1594 277 1621 τὸν
305 1593 361 1621 τῶν
385 1594 549 1630 Πλαχερνῶν
574 1595 675 1622 κόλπον
701 1595 842 1631 καταίρειν
859 1595 938 1630 λόγον

995 1605 1099 1637 petunt,
1121 1602 1146 1629 id
1167 1602 1279 1630 omnino
1292 1607 1448 1638 satagentes
1460 1608 1491 1630 ut.
1504 1604 1677 1632 terrestribus
1689 1604 1788 1640 copiis:

141 1641 315 1675 ποιουμένων
343 1641 437 1674 πολὺν,
463 1641 501 1674 ὡς
516 1641 550 1668 ἂν
578 1640 634 1669 εἷεν
655 1641 723 1676 ὁμοῦ
745 1643 778 1678 τῇ
796 1642 869 1669 κατὰ
887 1643 939 1678 γῆν

143 1688 260 1724 στρατιᾷ
271 1695 278 1702 ·
295 1687 309 1714 ὃ
329 1688 378 1715 καὶ
394 1688 514 1722 γέγονεν.
529 1688 570 1715 Τὰ
595 1689 643 1723 μὲν
656 1688 703 1715 οὖν
718 1688 790 1716 κατὰ
804 1689 940 1716 Θάλατταν

141 1733 237 1761 τοῦτον
257 1734 425 1770 ἐκυδερνᾶτο
442 1736 490 1762 καὶ
516 1735 650 1770 ηὑούνετο
666 1735 711 1763 τὸν
734 1735 836 1772 τρόπον
847 1744 854 1751 ο
869 1735 939 1762 κατὰ

142 1781 194 1815 γῆν
207 1781 237 1808 δὲ
251 1781 298 1808 ἀεί
323 1788 382 1812 πως
405 1781 602 1817 ἁχροῦολισμοί
627 1790 699 1814 τινες
716 1783 748 1809 ἐκ
765 1782 866 1818 μέρους
892 1782 940 1809 καὶ

142 1827 218 1861 φόνοι
232 1827 368 1861 ἐγένοντο,
388 1827 436 1854 νῦν
453 1827 503 1862 μὲν
521 1822 569 1854 ¹ἰοῦ
577 1827 699 1863 Μιχαὴλ,
713 1827 762 1854 νῦν
775 1828 803 1855 δὲ
820 1828 867 1855 τοῦ
879 1827 938 1854 υιοῦ

142 1872 225 1900 αὑτοῦ
252 1873 385 1907 Θεοφίλου
408 1873 500 1904 αὐτοῖς
525 1873 682 1906 ἐπεξιόντος
706 1873 776 1908 μετὰ
797 1873 939 1901 Ὀλϐιανοῦ

143 1917 185 1956 [Ρ.
199 1918 247 1955 41]
261 1920 310 1945 καὶ
330 1919 490 1952 Κατάκυλα,
508 1919 555 1946 καὶ
568 1919 677 1954 πληγὰς
694 1919 751 1946 ἐσθ’
768 1919 813 1946 ὅτε
829 1920 940 1955 καιρίας

142 1964 261 1996 διδόντος
281 1973 311 1991 τε
328 1964 375 1991 καὶ
392 1964 593 2000 λαμϐάνοντος·
611 1965 642 1991 οὺ
665 1964 718 2000 μὴν
737 1964 844 1998 ἀγῶνές
867 1973 940 1997 τινες

143 2011 267 2047 λαμπροὶ
283 2011 331 2038 καὶ
347 2011 467 2038 νεανικοὶ
492 2012 524 2038 ἐκ
539 2011 722 2046 παρατάξεως
738 2012 786 2038 καὶ
800 2011 851 2046 τῆς
865 2012 940 2046 ίσοῤ-

145 2059 229 2094 ρόπου
246 2057 389 2094 δυνάμεως
410 2058 488 2093 ἐσχον
500 2058 531 2085 τὸ
546 2058 642 2093 κῦρος,
664 2057 712 2085 ᾶτε
730 2057 762 2093 δὴ
778 2057 869 2094 πολλῷ
892 2057 940 2085 τοῦ

144 2105 253 2141 Μιχαὴλ
266 2104 466 2139 ἐλαττουμένου
491 2105 539 2131 καὶ
559 2104 596 2140 μὴ
623 2103 693 2139 προς
707 2103 757 2139 τὴν
772 2104 878 2130 ἐκείνου
895 2103 941 2130 εὖ·

143 2151 228 2184 ζωνόν
245 2160 277 2178 τε
304 2151 351 2178 καὶ
367 2151 483 2187 ἱππικὴν
502 2152 633 2188 στρατιὰν
661 2151 874 2178 ἀντιτάσσεσθαι
895 2151 940 2178 δυο

144 2207 174 2225 να
179 2199 264 2233 μένου
269 2218 276 2224 .

179 2243 222 2276 ιζ’.
245 2244 293 2270 Ἔν
304 2243 411 2275 τούτοις
422 2242 469 2270 οὖν
483 2243 568 2270 ὄντων
579 2244 680 2277 αὐτῶν,
696 2244 849 2280 Μορτάγων
865 2245 878 2271 ό
887 2245 941 2272 τῶν

145 2291 311 2326 Βουλγάρων
327 2289 454 2324 βασιλεὺς
471 2290 528 2324 (καὶ
544 2290 598 2325 γὰρ
611 2289 756 2325 ἔφθασενὴ
774 2291 852 2326 φήμη
869 2292 940 2318 κατὰ
958 2283 979 2310 D

145 2338 192 2372 τὴν
207 2336 377 2372 οἰκουμένην
397 2335 443 2362 τὸν
460 2335 573 2371 βασιλέα
596 2336 651 2363 τῶν
672 2336 816 2371 Ῥωμαίων
832 2337 940 2372 πολιορ-

145 2384 280 2418 κούμενον
310 2383 519 2417 διαγγέλλουσα)
548 2383 636 2419 λάθρα
666 2383 741 2414 τινὰς
772 2384 801 2414 ἐς
828 2383 940 2418 βασιλέα

147 2431 258 2466 πέμψας
276 2429 467 2463 ἐξαποστεῖλαι
497 2430 644 2464 αὐτομάτῳ
658 2428 754 2464 γνώμῃ
781 2430 941 2464 συμμαχίαν

147 2476 359 2511 καθυπισχνεὴο
385 2475 429 2501 καὶ
450 2473 577 2510 βοήθειαν
592 2474 666 2509 αὑτῷ
683 2474 730 2509 τὴν
747 2473 886 2509 ἀρκοῦσαν
903 2475 943 2501 δι·

147 2523 218 2549 δόναι
234 2521 437 2556 καθωμολόγει.
458 2520 528 2547 Ἀλλ’
540 2520 554 2546 ὃ
567 2529 599 2554 γε
615 2519 737 2555 Μιχαὴλ,
761 2521 816 2547 εἴτε
830 2523 862 2556 τῇ
879 2521 944 2557 ἀλη-

149 2569 206 2606 θείᾳ
219 2569 251 2596 τὸ
268 2568 326 2594 τῶν
341 2567 485 2602 ὁμοφύλων
500 2566 603 2602 πλῆθος
624 2566 839 2603 καταιδούμενος
853 2578 882 2595 τε
897 2571 944 2596 καὶ

149 2615 238 2648 ἐλεῶν,
256 2614 314 2641 εἴτε
330 2613 376 2640 καὶ
386 2613 539 2649 χρημάτων
557 2613 717 2648 φειδόμενος
730 2613 873 2650 (ἐτύγχανε
889 2615 943 2653 γὰρ

149 2663 194 2689 ἐπὶ
207 2662 276 2689 πολὺ
290 2661 340 2692 τὰς
353 2662 448 2696 χεῖρας
461 2660 515 2686 τῶν
534 2660 622 2688 ἄλλων
636 2660 770 2695 βασιλέων
786 2661 831 2695 ὑφ’
845 2662 942 2690 ἐαυτὸν

150 2709 216 2743 ἔχων
230 2709 263 2734 ἐκ
280 2707 448 2742 φειδωλίας),
463 2706 512 2742 τὴν
525 2706 573 2742 μὲν
587 2705 699 2741 γνώμην
713 2707 789 2742 ἠξίου
806 2708 943 2744 ἀποδοχῆς

149 2756 253 2788 τούτου,
270 2755 422 2790 παρῃτεῖτο
433 2753 521 2789 δὲτὴν
537 2753 618 2780 αὐτοῦ
633 2752 771 2789 βοήθειαν,
794 2755 841 2780 καὶ
856 2754 906 2781 οὐκ
918 2755 945 2782 εί

151 2811 174 2829 τι
185 2803 291 2836 γένοιτο
309 2801 385 2835 παρὰ
400 2799 446 2826 τοῦ
464 2799 630 2831 ἁποστόιτου,
647 2798 792 2834 βούλεσθαι
814 2799 864 2836 τὴν
881 2802 943 2827 ἐπι-

153 2850 261 2885 κουρίαν
278 2847 355 2883 αὐτῷ
371 2847 553 2882 κατεμήνυεν.
578 2846 648 2873 Ἀλλ’
661 2846 674 2872 ὅ
689 2855 720 2881 γε
733 2848 886 2883 Μορτάγων
897 2849 944 2876 καὶ

991 1649 1064 1684 quod
1094 1653 1121 1676 ct
1152 1648 1189 1676 ita
1214 1649 1338 1685 contigit,
1364 1649 1554 1685 iungerentur.
1581 1650 1627 1679 Sic
1650 1659 1694 1679 res
1720 1652 1791 1680 mari

991 1694 1148 1729 gerebatur,
1167 1694 1293 1730 ielicique
1315 1695 1382 1723 adeo
1405 1695 1493 1723 exitu.
1509 1695 1593 1724 Terra
1612 1705 1676 1725 vero
1699 1697 1790 1725 conti-

991 1748 1054 1768 num
1073 1748 1158 1776 prope
1182 1740 1320 1775 sigillatiui
1346 1745 1424 1768 erant
1446 1741 1618 1770 velitationes
1645 1743 1791 1779 caedesque

990 1787 1154 1818 edebantur,
1180 1786 1262 1814 modo
1279 1785 1422 1821 Michaele,
1442 1787 1524 1815 modo
1547 1787 1607 1823 ejus
1623 1787 1678 1816 ﬁlio
1695 1787 1790 1818 Theo-

991 1833 1066 1869 philo
1092 1840 1154 1861 cum
1176 1832 1292 1861 Olbiano
1317 1838 1345 1861 et
1362 1834 1491 1870 Catacyla
1522 1834 1653 1863 adversus
1681 1836 1790 1864 hostem

991 1887 1057 1908 suos
1083 1880 1226 1908 educenle.
1251 1879 1354 1908 Horum
1384 1881 1539 1916 praeliorum
1569 1882 1663 1909 varius
1687 1882 1788 1915 exitus,

991 1926 1117 1961 dataeque
1146 1930 1173 1953 et
1205 1931 1322 1961 acceptae
1355 1935 1434 1962 ecquo
1458 1935 1526 1962 pene
1550 1933 1638 1956 marte
1673 1929 1791 1957 subinde

992 1977 1108 2007 strages.
1139 1972 1219 2000 Justa
1247 1976 1337 2000 tamen
1366 1980 1455 2007 pugna
1473 1981 1614 2008 nunquam
1643 1979 1788 2007 certatum,

992 2025 1025 2046 eo
1040 2018 1113 2053 quod
1128 2018 1277 2053 imperator
1301 2026 1364 2046 cum
1381 2019 1470 2050 hoste,
1487 2019 1567 2053 cujus
1582 2024 1675 2047 essent
1691 2028 1790 2048 utime-

991 2065 1114 2092 rosiores
1145 2065 1332 2100 cxpeditaeque
1368 2072 1400 2092 ac
1430 2069 1575 2100 equestres
1609 2064 1705 2101 copiae,
1735 2065 1789 2094 arti

993 2111 1122 2147 congredi
1142 2119 1195 2139 non
1215 2114 1318 2146 posset.

1031 2243 1076 2270 17.
1092 2243 1131 2270 Eo
1155 2250 1246 2270 rerum
1274 2247 1361 2275 statu,
1380 2242 1522 2278 Mortagon
1538 2243 1718 2279 Bulgarorum
1736 2245 1788 2272 im-

995 2284 1116 2325 perator,
1136 2288 1207 2317 fama
1228 2289 1344 2322 excitus,
1359 2297 1420 2324 quae
1433 2290 1490 2325 jam
1511 2294 1599 2317 totum
1616 2290 1709 2318 orbem
1728 2299 1790 2327 per-

997 2341 1116 2370 vaserat,
1154 2336 1339 2364 Romanorum
1374 2337 1566 2372 imperatorem
1594 2337 1665 2364 intra
1697 2346 1789 2366 muros

997 2384 1141 2411 obsessum
1157 2383 1254 2415 teneri,
1275 2383 1360 2410 misso
1378 2383 1447 2410 clam
1465 2383 1498 2410 ad
1513 2383 1672 2411 Michaelem
1693 2385 1790 2411 nuntio

997 2430 1069 2457 ultro
1097 2438 1127 2458 se
1157 2428 1258 2456 auxilia
1284 2429 1433 2457 missurum
1461 2429 1606 2464 pollicetur
1635 2437 1667 2457 ac
1695 2430 1789 2465 copias

995 2481 1104 2512 quantae
1131 2476 1263 2504 adversus
1290 2476 1397 2504 hostem
1422 2475 1590 2504 sufﬁcerent.
1606 2476 1640 2503 At
1657 2475 1711 2511 65
1732 2476 1786 2509 illo,

994 2524 1052 2552 sive
1081 2530 1177 2551 revera
1204 2521 1404 2556 Romanorum,
1426 2522 1453 2549 in
1473 2521 1586 2549 Thom-.e
1617 2521 1715 2548 castris
1735 2522 1789 2548 mi-

994 2569 1144 2602 litantium,
1160 2569 1312 2596 reverentia
1336 2569 1420 2603 inque
1449 2575 1496 2595 eos
1522 2567 1708 2600 miseratione,
1731 2568 1789 2596 sive

994 2616 1064 2643 alias
1090 2615 1256 2650 parcendum
1281 2614 1438 2649 sumptibus
1453 2613 1572 2641 ducebat
1594 2613 1698 2649 (nullus
1715 2614 1788 2641 enim

998 2669 1119 2696 unquam
1143 2661 1339 2696 imperatorum
1362 2660 1409 2687 illo
1428 2659 1480 2687 fuit
1497 2660 1661 2694 sordidior),
1679 2659 1789 2687 laudato

998 2708 1108 2743 Bulgari
1132 2707 1271 2743 proposito
1289 2707 1389 2734 auxilia
1414 2706 1561 2739 recusavit,
1585 2715 1634 2734 nec
1655 2707 1788 2741 quidquid

997 2754 1107 2782 demum
1125 2759 1256 2789 tyrannus
1275 2753 1442 2788 praestiterit,
1459 2752 1500 2779 eis
1529 2760 1558 2780 se
1574 2760 1687 2779 usurum
1703 2751 1788 2787 signi-

998 2799 1100 2828 ﬁcavit.
1113 2799 1254 2835 Mortagon
1269 2803 1370 2832 tamen,
1389 2803 1418 2826 ut
1439 2798 1486 2833 qui
1502 2798 1605 2833 alioqui
1619 2798 1698 2826 bellis
1717 2805 1788 2834 prac-

998 2848 1087 2882 daque
1116 2855 1148 2874 ac
1171 2846 1265 2881 spoliis
1292 2846 1435 2881 gauderet,
1468 2844 1612 2879 foedusque
1639 2845 1788 2873 trieennate

805 2905 921 2934 VARUS
944 2905 1148 2934 LECTIONES.

202 2943 223 2959 “
241 2943 288 2972 alii
306 2940 448 2978 Brlpti8wv.
464 2948 558 2976 margo
584 2940 707 2969 Combcf.
