2011 3156
219 177 255 208 '79
781 172 1038 204 THEOPHANES
1053 172 1152 204 CONT
1158 173 1340 204 INUATUS.
1831 172 1867 204 80

219 242 283 263 curn
313 233 407 263 Leone
437 233 498 269 eius
527 233 672 261 decessore
707 235 817 267 pactum
860 231 1023 260 conﬁrmare

1078 231 1163 263 άλλως
1180 231 1309 266 πολέμοις
1337 230 1441 268 χαίρων
1463 231 1510 259 καὶ
1536 231 1586 263 τὰς
1611 231 1643 258 ὲκ
1665 231 1768 258 τούτων
1793 230 1870 265 λείας

224 282 366 319 magisque
392 281 515 309 stabilire
539 284 686 315 quareret,
713 279 848 307 adversus
873 283 1022 314 tyrannum

222 329 374 356 exercitum
387 333 476 363 parat.
494 326 679 360 Quamobrem
697 325 883 353 Romanorum
898 325 965 353 lines
975 333 1025 353 au-

221 376 317 404 dacter
339 376 481 409 ingressus
505 374 540 401 ad
567 374 658 401 locum
678 373 722 400 cui
746 372 886 400 Ceductus
912 380 1023 407 nomen,

222 425 313 450 castra
345 421 434 456 ponit.
467 418 711 447 Percrebrescebat
742 427 853 452 rumor;
884 426 934 446 nec
966 418 1022 445 ﬁeri

221 471 331 503 poterat
347 471 377 494 ut
402 466 520 502 irruptio
540 470 687 502 tyrannum
710 465 829 492 falleret.
855 465 954 492 Merito
974 465 1024 492 ita-

223 520 276 549 que
290 512 477 547 perturbatur,
493 512 640 546 animoque
656 511 738 547 plane
753 511 888 538 attonitus
902 515 954 538 est.
971 509 1023 539 Ubi

223 564 314 588 tamen
339 560 452 586 emersit
475 566 565 593 exque
594 565 626 585 ea
654 565 685 586 se
712 558 876 586 a‘stuatione
901 558 1023 593 collegit,

223 607 358 635 adversus
372 605 449 633 illum
466 606 518 634 sibi
539 605 705 633 movendum
722 605 876 633 constituit.
889 605 1023 638 Quoniam

224 657 315 681 autem
330 652 420 680 diviso
436 651 559 679 exercitu
573 658 602 678 se
616 658 732 686 prorsus
749 651 866 678 debilem
885 649 943 678 fore
968 651 1024 678 cla-

209 698 308 734 -diquc
334 698 485 726 obnoxium
509 697 618 724 videbat
638 697 712 732 (nam
738 702 765 724 et
791 697 819 724 in
842 698 1023 732 expugnanda

224 745 293 774 urbe
314 745 437 780 Augusta
464 751 517 771 non
542 743 642 779 exiguo
666 743 713 771 scd
740 751 889 771 numeroso
905 743 1024 778 fortique

223 791 349 820 exercitu
367 799 437 826 opus
460 795 530 823 erat,
553 797 640 825 eoque
660 790 749 825 magis
767 790 840 825 quod
863 790 1023 824 janrimpe-

225 842 303 866 rator
327 837 479 866 exercitum
504 837 578 864 haud
603 837 834 864 contemnendum
868 841 1022 872 paraverat.

225 885 329 920 quique
346 885 414 912 adeo
428 887 555 911 conserto
569 882 636 918 pede
652 890 774 918 pugnare
788 887 882 918 posset
896 889 947 910 nec
962 889 1025 908 raro

226 931 348 960 hostium
361 936 479 965 stragem
492 929 572 962 dare;
592 936 643 956 nec
655 936 719 956 vero
732 933 828 956 contra
841 928 1024 963 Bulgarorum

227 977 322 1013 copias
345 976 424 1004 aliter
442 983 524 1011 quam
550 982 649 1009 magno
672 973 819 1008 validoque
834 973 958 1001 exercitu
975 980 1025 1008 pu-

228 1030 281 1059 gna
297 1021 396 1049 instrui
411 1019 542 1056 poterat),
557 1028 596 1047 ne
607 1019 690 1055 igitur
706 1019 782 1046 velut
795 1018 906 1053 rapidus
914 1018 1026 1053 quidam

229 1074 338 1096 torrens
354 1068 381 1095 in
404 1067 473 1094 duos
491 1066 627 1100 quosdam
650 1065 785 1093 deductus
808 1065 922 1098 rivulos,
943 1073 1026 1099 quatn

228 1122 278 1151 pro
294 1113 377 1149 priori
401 1113 502 1140 virtute
526 1112 582 1148 66
596 1111 723 1139 hostibus
747 1111 912 1138 imbecillior
939 1118 1024 1147 appa-

228 1164 312 1191 reret,
326 1163 353 1186 et
366 1158 413 1193 qui
427 1157 507 1184 facile
528 1157 653 1184 edomari
675 1161 779 1192 posset.
800 1157 876 1184 urbis
900 1156 1025 1185 obsidio-

228 1211 292 1232 nem
320 1203 347 1231 in
373 1208 459 1231 totum
487 1203 578 1235 solvit.
603 1203 686 1238 inque
706 1201 850 1237 Bulgaros,
873 1203 974 1238 quibus
996 1211 1027 1231 se

227 1257 323 1286 parem
352 1256 413 1277 esse
445 1249 641 1281 arbitrabatur,
671 1248 800 1281 educens,
829 1249 855 1276 in
881 1256 914 1276 eo
943 1256 1024 1284 quem

228 1296 351 1325 diximus
364 1295 476 1323 Ceducti
491 1294 563 1328 loco,
588 1301 651 1322 cunt
672 1294 712 1322 eis
728 1302 847 1330 pugnam
865 1294 1023 1322 committit.

265 1432 309 1461 18.
322 1431 455 1461 Caeterum
473 1435 605 1467 tyrannus
620 1431 648 1458 in
670 1437 703 1458 eo
727 1430 822 1466 prmlio
838 1437 936 1464 magna
960 1438 1025 1458 suo-

229 1485 291 1508 rum
311 1483 402 1513 strage
419 1477 546 1510 vincitur,
564 1485 613 1504 nec
631 1476 700 1504 adeo
722 1476 816 1504 hostes
830 1477 907 1504 clade
932 1476 1023 1509 allicit,

231 1524 280 1554 sed
299 1524 358 1560 ipse
386 1523 421 1551 ab
446 1523 486 1551 eis
512 1523 617 1558 ingenti
646 1523 723 1550 clade
748 1522 874 1550 amt-itur.
899 1522 1024 1557 Cumque

1074 277 1249 313 καρποῦσθαι
1266 277 1362 312 φιλῶν,
1379 277 1487 309 καὶτὰς
1504 278 1573 314 πρὸς
1587 277 1668 304 αὑτὸν
1688 277 1717 304 δὲ
1733 285 1866 313 τριακον-

1073 323 1178 355 τούτεις
1197 323 1314 356 σπονδὰς
1329 324 1517 359 γεγενημένας
1541 323 1618 360 παρὰ
1653 323 1701 351 τοῦ
1725 332 1868 360 προκατα-

1075 369 1185 404 σχόντος
1200 370 1315 401 Λέοντος
1329 369 1527 398 ὲπιϐεϐαιῶσαι
1537 370 1585 398 καὶ
1597 370 1774 406 ἰσχυροτέρας
1787 370 1869 404 ποιῆ-

1075 424 1120 442 σαι
1136 415 1236 450 ζητῶν,
1255 416 1305 450 τὴν
1317 416 1388 443 κατὰ
1404 416 1452 443 τοῦ
1473 416 1604 452 τυράννου
1627 416 1760 451 στρατιὰν
1773 415 1870 451 εὐτρέ-

1075 461 1164 495 πιζεν,
1182 461 1230 488 καὶ
1254 461 1287 497 δὴ
1307 461 1362 489 τῶν
1395 461 1539 498 Ῥωμαίων
1564 462 1636 498 ὅρων
1662 461 1772 489 ἔντοσθε
1799 461 1871 497 μετὰ

1076 509 1233 546 παρρησίας
1254 509 1401 545 γενόμενος
1426 509 1499 537 κατὰ
1520 510 1566 537 τὴν
1593 508 1751 545 Κηδούκτου
1779 507 1870 544 χῶρον

1074 557 1147 584 οὕτω
1171 556 1342 592 καλούμενον
1368 555 1626 592 ἐστρατοπέδευσεν.
1661 554 1807 593 Ἣκούρντο
1829 554 1871 587 δὲ,

1075 603 1122 629 καὶ
1149 601 1243 629 λαθεῖν
1259 601 1345 629 ταῦτα
1368 600 1415 629 τὸν
1434 600 1595 635 ἀποστάτην
1608 600 1658 627 οὒκ
1676 597 1726 636 ἦν·
1746 599 1872 636 περιεδο-

1075 647 1145 683 νήθη
1163 647 1224 683 μὲν⁹
1237 647 1274 680 ὡς
1288 647 1373 680 εἰκὸς,
1388 647 1434 674 καὶ
1447 646 1497 678 τὰς
1508 646 1609 682 φρένας
1623 645 1828 681 κατεκτυπήθη,
1842 646 1873 673 ἑν

1075 693 1149 729 αὐτῷ
1169 694 1199 721 δὲ
1215 694 1298 721 πάλιν
1313 694 1460 729 γενόμενος
1476 693 1526 729 τὴν
1556 693 1616 721 κατ’
1632 692 1714 721 αὑτοῦ
1741 692 1873 728 στρατιὰν

1076 740 1234 773 ὲξώπλιζεν.
1250 741 1305 767 Καὶ
1326 741 1389 767 ἐπεὶ
1400 741 1439 772 εἰς
1450 739 1498 768 δύο
1513 739 1766 776 καταμεριζόμενος
1778 739 1870 766 ἐδόκει

1076 785 1216 818 παντελῶς
1236 786 1353 822 ἀσθενής
1365 794 1395 813 τε
1410 784 1480 813 εἶναι
1501 786 1548 813 καὶ
1560 785 1700 817 εὕπτωτος
1715 785 1742 820 (ἦ
1759 793 1788 813 τε
1814 785 1871 820 γὰρ

1075 831 1130 859 τῶν
1145 831 1250 858 πόλεων
1260 831 1495 866 βασιλεύουσαούκ
1509 831 1706 867 εὖαριθμήτου,
1719 830 1787 858 ἀλλὰ
1795 830 1870 857 πλεί-

1077 887 1140 905 στου
1153 878 1295 913 ἀξιολόγου
1323 878 1441 913 στρατοῦ
1463 879 1554 905 ἐδέετο
1577 877 1806 913 πολιορκουμένη,
1819 877 1873 913 ἤδη

1078 925 1125 952 καὶ
1139 924 1186 951 τοῦ
1214 924 1325 961 Μιχαὴλ
1338 925 1467 960 δυνάμεις
1483 925 1534 951 οὐκ
1558 924 1681 959 ἀγεννεῖς
1697 923 1873 958 συλλέγοντος

1078 971 1125 998 καὶ
1140 971 1211 998 κατὰ
1238 971 1322 1003 πόδας
1343 970 1470 998 ἵστασθαι
1487 970 1651 1005 δυναμένου,
1667 970 1715 998 καὶ
1741 969 1873 1000 πολλάκις

1078 1010 1189 1054 όλεθρον
1216 1019 1370 1053 ἐπαγαγεῖν
1397 1018 1490 1050 αὐτοῖς
1507 1018 1687 1052 δυνηθὲντος’
1710 1017 1758 1044 καὶ
1775 1017 1793 1052 ἡ
1818 1015 1874 1042 τῶν

1078 1064 1242 1100 Βουλγάρων
1256 1065 1285 1092 δὲ
1308 1065 1426 1100 δύναμις
1448 1065 1479 1091 οὺ
1497 1065 1600 1099 μικρᾶς
1619 1071 1692 1096 τινος
1704 1063 1808 1095 τάξεως
1825 1061 1876 1090 καὶ

1079 1112 1220 1147 στρατιᾶς,
1237 1111 1338 1146 πολλῆς
1349 1110 1378 1138 δὲ
1395 1111 1443 1138 καὶ
1457 1111 1487 1138 οὺ
1505 1111 1554 1146 τῆς
1568 1110 1705 1146 τυχούσης
1718 1109 1809 1137 ἐδέετο
1821 1117 1875 1135 πα-

1079 1155 1283 1192 ρατάξεως),-
1297 1156 1335 1192 μὴ
1349 1155 1395 1183 οὖν
1409 1157 1449 1188 εἰς
1465 1155 1512 1182 δύο
1526 1155 1588 1182 τινὰ
1601 1154 1790 1190 διαιρούμενος
1801 1153 1875 1181 κατά

1077 1212 1138 1230 τινα
1153 1202 1254 1238 λάϐρον
1273 1203 1440 1239 χειμάρρουν
1467 1202 1663 1238 ἀσθενέστερος
1683 1201 1748 1237 παρ’
1765 1201 1780 1228 δ
1799 1201 1822 1217 ⁶⁶
1838 1198 1874 1236 ἦν

1077 1248 1141 1285 δόξῃ
1154 1257 1184 1275 τε
1198 1249 1254 1280 τοῖς
1268 1248 1375 1284 ἐχθροῖς
1388 1248 1434 1275 καὶ
1451 1248 1615 1284 εὐχείρωτος
1625 1248 1748 1282 γένηται,
1759 1247 1874 1282 ἀπαίρει

1078 1295 1128 1330 μὲν
1150 1294 1219 1325 ὅλως
1247 1294 1298 1330 τῆς
1315 1294 1429 1327 πόλεως,
1442 1294 1510 1330 προς
1524 1294 1570 1321 τὸν
1587 1294 1742 1329 Βούλγαρον
1754 1294 1780 1321 δὲ
1795 1293 1871 1327 ἀξιό-

1077 1348 1164 1375 μαχον
1177 1339 1272 1374 κρίνας
1285 1339 1366 1366 αὐτὸν
1380 1339 1452 1366 κατὰ
1462 1339 1507 1366 τὸν
1522 1339 1667 1374 εἰρημένον
1680 1338 1762 1365 τόπον
1779 1345 1871 1372 παρα-

1075 1385 1205 1412 τάσσεται
1219 1386 1265 1412 καὶ
1280 1385 1508 1420 ἀνταγωνίζεται.

1112 1434 1157 1467 ιη’.
1174 1431 1229 1458 Καὶ
1249 1431 1309 1458 ἐπεὶ
1324 1431 1352 1463 ἐς
1371 1433 1466 1467 χεῖρας
1480 1431 1565 1467 ᾔεσαν
1582 1431 1643 1458 κατ’
1663 1429 1799 1465 ἀλλήλων,
1824 1428 1874 1464 ἠτ-

1076 1479 1155 1506 sint
1171 1478 1333 1514 dqlaxupt‘b;
1349 1479 1363 1505 ό
1377 1477 1518 1513 τύραννος,
1534 1479 1580 1505 καὶ
1595 1478 1675 1512 φόνον
1690 1477 1721 1504 οὐ
1736 1477 1809 1504 ποιεῖ
1822 1477 1874 1511 μὲν

1077 1526 1177 1560 πάσχει
1191 1525 1220 1551 δὲ
1237 1525 1313 1560 παρὰ
1328 1524 1382 1551 τῶν
1398 1524 1514 1560 ἐχθρῶν.
1532 1525 1586 1551 Καὶ
1601 1524 1663 1551 ἐπεὶ
1679 1524 1717 1560 μὴ
1735 1523 1823 1555 ἄλλως
1838 1520 1876 1559 ἧν

231 1572 311 1599 aliter
340 1578 394 1598 non
422 1570 527 1600 liceret,
556 1568 618 1604 fuga
645 1569 764 1597 salutem
783 1568 932 1604 expediunt
949 1568 1025 1602 quie

1078 1571 1128 1606 τῆς
1156 1571 1294 1606 σωτηρίας
1311 1570 1453 1603 λαϐέσθαι,
1475 1569 1517 1607 [Ρ.
1533 1569 1579 1606 42]
1605 1569 1741 1605 φυγαδείᾳ
1769 1567 1876 1604 ταύτην

231 1617 327 1654 praelia
352 1616 504 1643 incolumes
521 1614 641 1648 fuerant,
671 1615 811 1650 arduoque
826 1614 946 1649 quodam
966 1614 1027 1641 loco

232 1671 283 1692 nec
306 1662 378 1690 facili
399 1670 514 1690 accessu
529 1660 646 1695 dispersi
664 1669 758 1689 secum
784 1661 940 1696 cogilabant
960 1669 1028 1696 quo-

230 1710 315 1739 modo
334 1717 431 1736 rursus
454 1709 560 1736 coirent
581 1715 613 1736 ac
638 1715 735 1743 agtnen
752 1707 947 1734 instaurarent.
964 1706 1028 1733 Bul-

231 1762 316 1791 garus
337 1759 428 1781 autem
442 1753 534 1781 statim
561 1753 696 1787 captivos,
715 1752 761 1787 qni
779 1755 910 1778 venerant
927 1751 953 1778 in
979 1759 1028 1786 po-

232 1804 371 1832 testatem,
398 1806 554 1830 assumens,
585 1796 758 1832 ingentisque
789 1797 887 1831 praedm
916 1803 1028 1832 compos

231 1845 358 1878 effectus,
378 1845 492 1872 victoria
512 1843 586 1871 ferox
607 1850 695 1878 eaque
713 1842 876 1877 superhiens
901 1843 973 1870 redit
1000 1843 1027 1870 in

231 1893 361 1929 patriam.
388 1889 492 1918 Classis
517 1889 551 1917 ad
579 1889 758 1917 obsidendam
793 1889 889 1916 urbem
921 1889 1027 1922 relicta,

233 1938 326 1965 audita
351 1944 464 1964 suorutn
480 1941 581 1970 strage,
604 1939 662 1962 tota
679 1934 710 1962 ad
729 1934 920 1969 imperatorem
936 1935 1028 1963 deficit

231 1983 326 2018 illique
339 1982 507 2018 adjungitur.
521 1980 643 2009 Thomas
658 1989 741 2016 porro
756 1981 881 2009 desertor
897 1989 930 2010 eo
944 1987 1029 2009 teme-

230 2030 320 2059 ritatis
336 2030 436 2064 erupit,
450 2029 618 2061 daemonum,
635 2032 665 2055 ut
691 2028 809 2061 videtur,
827 2028 865 2055 itli
892 2029 955 2056 belli
980 2036 1026 2056 so-

231 2077 338 2104 ciorum
374 2075 476 2108 afﬂatu,
505 2080 534 2103 ut
557 2079 584 2102 et
612 2074 737 2102 cladibus
770 2074 891 2109 undique
917 2075 1027 2103 attritus

230 2127 373 2155 casusque
389 2124 470 2154 atque
493 2127 525 2145 ex
541 2119 720 2154 amplissimis
735 2119 817 2146 rebus
837 2120 862 2146 in
884 2120 1027 2155 angustias

233 2166 405 2201 compulsus,
425 2172 476 2192 nec
497 2165 572 2199 justo
593 2171 713 2199 unquam
736 2165 829 2200 praelio
847 2165 960 2193 victoria
979 2174 1028 2201 pos

234 2215 300 2243 titus
321 2213 363 2240 vel
383 2215 511 2240 conserta
527 2211 617 2246 palam
631 2211 694 2238 acie
710 2211 752 2238 vel
774 2219 806 2238 ex
828 2216 903 2240 tanto
921 2212 1024 2240 machi-

234 2266 332 2288 narum
358 2257 481 2293 quotidie
504 2256 566 2284 urbi
589 2257 760 2285 admotarum
773 2262 906 2292 apparatu
928 2266 1025 2286 censu~
1044 2252 1066 2279 ι)

234 2314 298 2342 que,
314 2305 438 2333 collectis
462 2304 562 2331 iterum
584 2303 672 2338 copiis
692 2304 717 2330 in
733 2311 830 2339 campo
856 2305 902 2332 cui
926 2312 1027 2332 nomen

233 2351 371 2384 Diabasis,
397 2351 502 2386 aliquot
530 2349 565 2377 ab
590 2349 657 2376 urbe
681 2349 776 2377 stadiis
795 2349 902 2384 dissito,
930 2351 1029 2379 castris

234 2398 371 2428 metandis
386 2402 443 2425 lum
465 2404 498 2423 ex
521 2395 579 2431 agri
602 2395 744 2424 feracitate
760 2401 817 2423 tum
838 2404 872 2424 ex
898 2404 1031 2431 aquarum

233 2445 338 2481 irriguo
354 2443 435 2479 longe
458 2441 694 2474 commodissime,
712 2442 879 2470 consederit.
894 2441 959 2470 lnde
973 2449 1032 2469 om-

233 2499 296 2520 nem
312 2490 534 2519 suburbanorum
545 2488 707 2523 elegantiam
718 2487 930 2516 excursionibus
941 2495 1033 2516 vasra-

233 2540 280 2568 bat
294 2546 326 2566 ac
338 2537 393 2573 67
410 2537 465 2571 igni
482 2535 655 2563 incendebat.
665 2533 743 2562 Haud
757 2539 847 2562 tamen
864 2535 939 2562 velut
956 2535 1032 2570 prius

234 2593 264 2614 se
279 2584 383 2612 civitati
400 2583 428 2610 in
451 2585 628 2616 conspectum
652 2582 743 2609 dabat.
769 2581 885 2609 Michael
904 2589 968 2609 vero
987 2581 1032 2618 ubi

233 2639 292 2660 rem
315 2629 459 2661 intellexit,
484 2627 582 2655 idoneo
611 2628 767 2662 conscripto
790 2627 922 2660 exercitu,
940 2627 1032 2654 Olbia-

232 2684 301 2705 num
324 2682 436 2710 quoque
462 2678 490 2701 et
516 2673 670 2710 Catacylam
699 2682 761 2701 cum
779 2673 839 2701 suis
869 2674 1032 2709 legionibus,

233 2725 307 2751 viros
330 2720 535 2749 strenuissimos
557 2728 590 2748 ac
617 2721 731 2755 integra:
753 2719 827 2753 fidei,
854 2720 956 2747 habens
984 2721 1032 2748 ad-

233 2775 331 2796 versus
349 2766 426 2793 illum
441 2764 542 2793 educit.
561 2765 680 2793 Oili-ndit
709 2770 798 2791 autent
827 2772 880 2791 non
901 2765 1028 2800 pavidum

233 2820 280 2843 aut
319 2813 359 2842 rei
390 2811 594 2848 exspectatione
629 2818 806 2846 suspensum,
841 2810 888 2838 sed
922 2810 1028 2839 fortiter

1079 1616 1263 1652 εὑρίσκουσιν,
1281 1617 1327 1643 καὶ
1345 1616 1373 1643 ἔν
1384 1625 1437 1643 τινι
1453 1615 1533 1652 χώρῳ
1549 1615 1675 1651 δυσϐάτῳ
1689 1615 1876 1650 σκεδαννύμε-

1079 1670 1118 1689 νοι
1128 1663 1263 1689 ἐσκόπουν
1278 1661 1336 1694 πῶς
1353 1662 1534 1696 συνάγωνται.
1553 1661 1622 1688 Ἀλλ’
1636 1662 1650 1687 ὁ
1667 1661 1716 1696 μὲν
1727 1661 1781 1688 τῶν
1789 1661 1877 1687 Βουλ-

1079 1709 1173 1746 γάρων
1189 1709 1312 1745 ἀρχηγὸς
1331 1708 1413 1740 εὐθὺς
1428 1708 1462 1735 τά
1474 1717 1504 1735 τε
1519 1710 1635 1744 σώματα
1652 1707 1878 1743 προσλαϐόμενος

1079 1754 1116 1783 ὧν
1130 1755 1239 1790 ἐγένετο
1254 1755 1365 1790 κύριος,
1382 1754 1429 1781 καὶ
1448 1754 1523 1787 λείας
1546 1753 1574 1781 δὲ
1601 1754 1703 1789 πολλῆς
1727 1753 1878 1789 γενόμενος

1078 1802 1227 1838 ἐγκρατὴς,
1257 1801 1324 1837 πρὸς
1341 1801 1392 1836 τὴν
1404 1800 1501 1828 ἑαυτοῦ
1518 1799 1681 1836 ὑπέστρεψε,
1702 1801 1734 1835 τῇ
1751 1799 1812 1827 κατ’
1825 1800 1880 1826 αὺ-

1079 1848 1127 1876 τοῦ
1145 1849 1207 1886 νίκῃ
1225 1847 1409 1884 ἐπαιρόμενός
1423 1855 1453 1874 τε
1469 1846 1516 1874 καὶ
1535 1846 1670 1882 ταυριῶν.
1686 1845 1723 1872 Τὸ
1733 1845 1762 1872 δὲ
1787 1853 1880 1874 κατα-

1079 1894 1188 1930 λειφθὲν
1201 1896 1324 1922 ναυτικὸν
1342 1893 1379 1926 ὡς
1393 1893 1473 1920 τοῦτο
1496 1893 1626 1928 ἀκήκοεν,
1654 1891 1736 1919 τοῦτο
1751 1891 1774 1908 "
1785 1892 1817 1927 δὴ
1836 1893 1876 1928 τῇ

1079 1941 1157 1968 πόλει
1175 1939 1366 1976 προσεδρεῦον,
1383 1939 1540 1974 προσχωρεί
1554 1937 1593 1973 τῷ
1609 1937 1716 1973 βασιλεῖ
1734 1937 1782 1964 καὶ
1811 1936 1878 1972 μετ’

1080 1987 1162 2015 αὑτοῦ
1181 1988 1296 2022 γίνεται.
1318 1987 1347 2014 Ὁ
1362 1986 1385 2014 δ’
1398 1985 1432 2014 αὖ
1457 1986 1614 2020 ἀποστάτης
1640 1985 1679 2016 είς
1695 1984 1807 2011 τοσοῦτο
1819 1981 1881 2021 ἦκα

1080 2033 1210 2070 θάρρους,
1228 2033 1304 2069 παρὰ
1320 2032 1375 2059 τῶν
1398 2031 1472 2066 αὑτῷ
1488 2030 1716 2066 συμμαχούντων,
1732 2030 1770 2062 ὡς
1788 2029 1880 2063 ἔοικε,

1079 2080 1215 2115 δαιμόνων
1232 2078 1380 2115 ἐγκρατὴς,
1400 2077 1470 2105 ὥστε
1498 2077 1633 2104 πάντοθεν
1662 2076 1882 2112 συντριϐόμενος

1079 2127 1127 2154 καὶ
1144 2126 1328 2162 πληττόμενος
1354 2125 1403 2151 καὶ
1430 2124 1521 2158 ὀλίγος
1544 2124 1576 2150 ὲκ
1593 2122 1700 2149 πολλῶν
1714 2122 1881 2158 γενόμενος,

1079 2173 1202 2209 καθαρᾶς
1216 2180 1246 2198 τε
1261 2170 1339 2205 νίκης
1349 2169 1379 2196 οὕ
1389 2178 1454 2196 ποτε
1468 2168 1646 2205 μετεσχηκὼς
1654 2168 1711 2195 οὒτ’
1719 2167 1775 2196 άπδ
1787 2175 1883 2203 παρα-

1079 2219 1183 2252 τάξεως
1214 2217 1276 2244 οὗτε
1300 2216 1353 2252 μὴν
1367 2216 1420 2243 ἀπὸ
1435 2215 1490 2242 τῶν
1503 2215 1564 2242 καθ’
1574 2216 1682 2251 ἡμέραν
1697 2214 1883 2251 προσαγομέ-
1900 2217 1903 2219 ’

1080 2273 1133 2292 νων
1145 2263 1190 2291 διὰ
1205 2263 1383 2298 πολυχειρίας
1401 2261 1610 2298 μηχανημάτων
1625 2261 1697 2288 κατὰ
1711 2261 1765 2288 τῶν
1776 2260 1883 2297 τειχῶν

1079 2310 1129 2346 τῆς
1144 2309 1257 2341 πόλεως,
1265 2307 1348 2343 ,αὖθις
1363 2308 1556 2343 ὲπισυναχθεὶς
1571 2307 1642 2336 κατά
1652 2316 1678 2335 τι
1693 2307 1796 2339 πεδίον,
1811 2307 1883 2334 Διά-

1081 2356 1160 2383 ϐασιν
1175 2355 1247 2382 οὕτω
1265 2355 1445 2391 καλούμενον,
1460 2354 1584 2386 σταδίους
1597 2354 1697 2389 ἀπέχον
1705 2353 1756 2387 τῆς
1769 2353 1882 2385 πόλεως

1083 2401 1192 2432 ἱκανοὺς
1212 2401 1259 2428 καὶ
1275 2401 1343 2436 πρὸς
1370 2401 1585 2436 στρατοπεδείαν
1603 2399 1702 2435 εὐφυὲς
1721 2399 1753 2426 ἐκ
1772 2407 1803 2426 τι
1817 2399 1882 2427 τῶν

1082 2446 1223 2481 φυομένων
1238 2446 1285 2472 καὶ
1300 2446 1404 2473 ὑδάτων
1421 2445 1577 2482 ὲπιρρύτων
1592 2445 1632 2477 ὃν,
1651 2443 1881 2480 συναθροίζεται.

1082 2491 1216 2518 Κάκεῖθεν
1230 2492 1279 2524 τὰς
1295 2493 1436 2528 προνομὰς
1451 2491 1535 2519 ποιῶν
1550 2492 1639 2518 πάντα
1652 2490 1702 2526 μὲν
1718 2489 1772 2525 πρὸ
1786 2490 1810 2506 ⁸⁸
1827 2491 1886 2523 τῆς

1081 2536 1184 2567 πόλεως
1197 2536 1288 2573 ἔκειρε
1304 2537 1406 2571 κόσμον
1425 2537 1471 2564 καὶ
1485 2536 1645 2572 ὲτιυρπόλει,
1661 2534 1835 2570 ὲνεφανίζετο
1847 2536 1884 2563 δὲ

1081 2582 1138 2613 τοῖς
1153 2582 1224 2609 κατὰ
1240 2582 1328 2614 πόλιν,
1344 2582 1382 2614 ὡς
1401 2582 1430 2609 τὸ
1453 2582 1597 2617 πρότερον,
1617 2580 1754 2616 οὐδαμῶς.
1779 2581 1812 2607 ⁵⁸0
1826 2582 1885 2608 καὶ

1082 2628 1172 2660 συνεὶς
1198 2628 1213 2654 ὁ
1227 2629 1338 2664 Μιχαὴλ
1363 2629 1409 2655 καὶ
1423 2628 1562 2662 ἀξιόλογον
1590 2628 1727 2662 συστήσας
1744 2626 1884 2662 στρατὸν,

1082 2674 1162 2701 αὐτόν
1185 2684 1213 2701 τε
1236 2675 1372 2702 Ὀλϐιανὸν
1388 2674 1434 2701 καὶ
1450 2674 1617 2700 Κατάκυλαν
1643 2673 1713 2709 ἔχων
1731 2673 1802 2708 μετὰ
1818 2672 1884 2700 τῶν

1081 2721 1179 2748 ἑαυτοῦ
1195 2721 1321 2756 ἀκμῆτας
1339 2721 1488 2755 ταγμάτων
1506 2720 1553 2746 καὶ
1575 2720 1733 2755 ἀκεραίους,
1749 2720 1810 2746 κατ’
1823 2720 1885 2746 αὺ-

1082 2768 1128 2794 τοῦ
1146 2767 1323 2803 ἐκστρατεύει
1336 2775 1342 2783 ⁸
1360 2768 1406 2794 καὶ
1421 2767 1515 2794 τοῦτον
1531 2767 1562 2794 οὐ
1581 2767 1804 2804 κατορῤωδοῦντα
1817 2765 1886 2794 οὐδ’

1082 2811 1295 2848 ὲκφοϐούμενον,
1307 2813 1364 2840 ἀλλ’
1375 2813 1450 2849 αὐτῷ
1461 2813 1696 2850 προσυπαντῶντα
1706 2814 1775 2849 μετὰ
1787 2822 1884 2841 σπου-

873 2856 990 2885 VARI/Ii
1012 2858 1213 2886 LECTIONES.

268 2908 291 2924 “
305 2907 332 2940 ὃ]
346 2905 376 2934 οὗ
391 2907 420 2936 Ρ.
459 2909 481 2924 ⁸⁷
502 2906 594 2941 τοῦτο]
605 2905 654 2932 τόῖ
667 2913 701 2932 an
717 2903 796 2930 τοῦτο
806 2902 840 2938 δὴ
854 2902 908 2929 τδῚ
943 2903 966 2918 ⁸⁸
985 2904 1035 2938 μὲν
1050 2903 1080 2930 τὸ
1097 2903 1172 2938 πρδϊ
