2011 3156
131 216 163 247 ει
643 215 717 247 LIB.
735 215 778 246 II.
798 229 828 233 -
847 216 1019 246 MICHAEL
1038 216 1286 249 AMORIENSIS.
1739 220 1776 252 82

129 275 178 310 δῆς
192 274 318 309 ὲφευρὼν
327 264 456 311 συνῆλθεν
476 275 516 307 είς
536 275 636 312 χειρῶν
650 276 775 312 δύναμιν,
787 278 877 313 κρῖναι
894 277 924 304 τὸ

985 275 1114 304 sustinere
1136 279 1474 314 paratum;quamobrem
1497 277 1605 306 collatis
1626 277 1711 314 signis
1726 279 1775 305 de-

129 322 185 349 πᾶν
202 320 357 356 βουληθείς.
372 321 456 349 Ἔνθα
474 322 507 358 δὴ
522 322 570 349 καὶ
592 325 856 360 καταστρατηγῆσαι
880 325 925 351 τὸν

131 366 246 402 βασιλέα
262 366 425 402 βουλόμενος
436 368 518 399 αὐτὸς
532 370 565 403 τῇ
581 368 679 396 ἑαυτοῦ
693 372 926 406 καταστρατηγεῖ-

129 421 175 439 ται
187 412 272 448 βουλῇ
288 413 336 439 καὶ⁵
354 413 402 439 τοῦ
431 413 530 445 παντὸς
555 414 738 449 διαμαρτάνει
762 415 876 442 σκοποῦ.
896 414 925 442 '0

132 459 184 494 μὲν
198 459 254 495 γὰρ
271 459 331 494 ἃμα
354 459 392 494 τῷ
409 460 580 496 συρραγῆναι
594 460 640 487 τὸν
656 461 777 497 πόλεμον
798 462 872 489 νῶτα
887 462 925 489 δι-

130 505 207 531 δόναι
223 505 263 540 τῷ
276 504 383 539 βασιλεῖ
394 505 548 539 ἐκέλευσεν,
566 506 596 532 οὒ
611 506 661 540 τὴν
675 506 728 532 τῶν
751 506 849 533 ἑαυτοῦ
878 507 925 533 δυ-

131 551 244 586 νάμεων
253 550 368 586 γνώμην
379 551 531 584 κατανοῶν,
543 550 695 587 ἀνθρώπων
706 551 824 579 ἔκπαλαι
832 561 927 587 γυναι-

131 597 189 624 κῶν
202 596 252 624 καὶ
261 597 364 624 τέκνων
378 597 566 632 στερουμένων
579 597 612 624 δι’
625 597 706 624 αὐτὸν
716 597 763 625 καὶ
775 598 824 630 τὰς
832 599 926 634 χεῖρας

130 644 171 680 τῷ
199 642 338 679 ἀδελφικῷ
364 643 455 679 λύθρῳ
487 643 742 678 καταμιαινόντων·
765 645 791 672 οῖ
815 647 927 680 ταχεῖαν

131 689 244 717 ἔσεσθαι
261 690 309 716 καί
322 689 372 716 οὐκ
395 689 435 722 είς
454 690 584 717 τοσοῦτον
603 690 700 726 χρόνον
714 691 864 726 ικταθῆναι
878 691 927 728 τὴν

131 737 224 764 αὐτῶν
238 737 268 763 ὲν
283 737 341 768 τοῖς
356 735 501 771 ὑπαίθροις
517 736 662 772 διατριὸὴν
687 738 928 773 προσδοκήσαντες

130 782 202 819 πρὸς
226 783 283 810 πᾶν
310 783 360 818 μὲν
375 779 447 818 ἦσαν
461 781 524 810 κατ’
539 783 628 819 ἀρχὰς
653 783 801 817 εὐπειθεῖς,
823 785 884 812 ἐπεὶ
899 785 929 812 δὲ

132 830 180 856 καὶ
195 830 210 856 ὁ
221 829 319 864 χρόνος
328 829 379 864 ήδη
391 838 443 855 που
455 828 599 862 ὲξετέτατο
610 829 713 866 (τρίτος
724 831 779 866 γὰρ
789 831 928 867 ἑξηνύςτο)

131 875 180 901 καὶ
195 873 341 906 ἀνηνύτοις
351 875 384 901 ἐκ
394 873 449 901 τῶν
459 873 521 901 καθ’
534 873 642 911 ήμᾶραν
656 876 807 911 γινομένων
819 876 929 904 ἐδόκουν

130 921 298 955 ἐπιχειρεῖν,
321 918 416 955 ἀνδρὸς
442 919 500 951 ἑνὸς
525 919 658 956 ἐπιθυμίᾳ
678 920 725 947 καὶ
741 921 856 957 ἀπονοίᾳ
869 922 928 949 δου-

130 966 270 998 λεύοντες,
285 965 437 1002 τηνικαῦτα
448 966 479 993 το
496 966 644 994 κελευσθὲν
667 967 704 999 ὡς
715 968 831 1003 ἕρμαιόν
841 977 867 995 τι
881 968 928 996 λα-

133 1011 229 1043 ϐόντες
243 1011 292 1048 οὐχ
304 1011 400 1048 ὥσπερ
415 1012 520 1044 ἐκεῖνος
535 1011 662 1040 ἐϐούλετο
673 1012 849 1049 ἐξεπλήρουν,
860 1014 929 1041 ἀλλὰ

133 1059 173 1090 ὡς
189 1058 282 1090 αὐτοῖς
293 1059 379 1085 ἐδόκει
391 1057 485 1086 καλόν.
503 1059 532 1085 '0
547 1058 598 1094 μὲν
611 1059 666 1095 γὰρ
686 1059 810 1094 ἐγκλῖναι
824 1060 929 1093 τούτοις

132 1106 174 1137 εἰς
186 1104 315 1132 τοσοῦτον
329 1104 483 1140 ἐπέτρεπεν
497 1105 560 1132 ὅσον
574 1106 623 1140 τὴν
633 1105 679 1132 τοῦ
689 1105 823 1141 βασιλέως
837 1107 928 1144 παρά-

132 1150 210 1184 ταξιν
243 1150 371 1178 διαλῦσαι
387 1151 434 1177 καὶ
457 1151 537 1183 αὖθις
551 1151 722 1187 ὑποστρέψαι
739 1153 862 1189 στερρῶς
882 1162 930 1188 φο-

135 1197 262 1229 νεύοντας
273 1206 281 1212 ·
298 1196 341 1233 [Ρ.
353 1196 400 1233 45]
414 1197 439 1224 οι
454 1197 481 1224 δὲ
493 1197 589 1232 κόσμῳ
602 1198 650 1225 καὶ
664 1200 782 1234 τακτικῇ
799 1200 931 1237 ιμπειρίᾳ

136 1245 184 1280 τὴν
192 1243 239 1271 τοῦ
256 1243 392 1279 βασιλέως
407 1243 537 1278 στρατιὰν
555 1244 673 1271 κατόπιν
684 1244 809 1278 θέουσαν,
822 1247 870 1272 καὶ
881 1246 930 1282 οὐχ

135 1291 170 1322 ὡς
184 1290 265 1326 ᾠήθη
279 1289 446 1322 εὐδιαλύτως
460 1290 493 1322 ⁸⁸,
513 1290 614 1322 ειδότες
630 1291 828 1326 ἀσχηματίστῳ
842 1291 931 1327 χρῶν-

134 1346 175 1364 ται
197 1338 288 1372 φυγῇ.
316 1337 364 1363 καὶ
386 1336 466 1368 ἄλλος
487 1336 556 1372 ἄλλῃ
572 1336 746 1364 διεσκέδαστό
762 1346 792 1364 τε
815 1337 863 1364 καὶ
891 1338 931 1364 δι-

135 1383 340 1418 ιφέρετοΩᾹλὶὲ
352 1383 377 1409 οι
392 1383 441 1418 μὲν
458 1381 543 1414 ἄλλοι,
561 1382 609 1409 νῦν
630 1382 680 1418 μὲν
693 1383 778 1418 ὀλίγοι
789 1384 837 1410 καὶ
851 1382 932 1417 αὖθις

135 1430 235 1465 ἕτεροι,
250 1429 291 1464 τῷ
309 1428 416 1464 βασιλεῖ
430 1429 622 1465 προσχωροῦσι
638 1430 685 1455 καὶ
700 1429 931 1464 καθομολογοῦσιν

134 1475 208 1510 αὐτῷ
220 1484 228 1492 ⁸
246 1475 331 1506 αὐτὸς
343 1475 372 1502 δὲ
400 1475 449 1502 σὺν
464 1475 566 1510 ὀλίγοις
589 1475 646 1503 τισὶ
660 1475 730 1511 πρὸς
744 1475 794 1511 τὴν
825 1476 932 1512 ’Δδριαη

135 1521 264 1550 νοὺπολιν
279 1522 397 1554 σώζεται
421 1522 535 1549 κάκεῖσε
547 1522 598 1557 τῆς
611 1522 703 1557 φυγῆς
716 1523 836 1550 ἵσταται.
858 1523 888 1551 '0
902 1523 930 1551 δέ

135 1575 165 1602 γε
182 1568 285 1595 τούτου
303 1568 381 1599 νόθος
395 1576 424 1594 τε
441 1568 487 1594 καὶ
498 1567 714 1603 παρέγγραπτος
729 1569 787 1601 υἱὸς
805 1569 932 1597 Ἀναστά-

978 323 1146 351 cernendum
1172 325 1278 352 statuit.
1309 324 1457 361 Tyrannus
1487 333 1549 352 cum
1582 329 1776 359 stratagematc

978 369 1172 404 imperatorem
1199 371 1282 398 vellet
1306 371 1440 406 decipere,
1457 372 1553 399 eodem
1570 372 1627 406 ipse
1641 370 1777 405 decipitur

978 421 1007 443 et
1028 416 1062 443 ab
1086 423 1171 451 scopo
1191 425 1304 452 prorsus
1320 417 1440 444 aberrat.
1460 417 1540 445 Jubet
1564 417 1695 445 nimirum
1711 424 1776 444 suos

978 462 1069 496 primo
1099 470 1248 497 congressu
1277 468 1352 498 terga
1381 463 1539 498 imperatori
1571 463 1647 495 dare,
1679 469 1775 497 parum

977 508 1133 543 intelligens
1153 517 1205 544 qua
1231 509 1268 536 illi
1297 509 1323 536 in
1350 517 1412 537 eum
1438 514 1529 536 mente
1555 508 1642 536 affecti
1670 503 1788 536 essent.'

978 552 1028 579 viri
1057 553 1162 580 scilicet
1186 553 1245 588 ejus
1268 553 1434 589 jampridem
1453 561 1536 581 causa
1554 554 1647 581 liberis
1665 558 1691 581 et
1706 560 1776 580 uxo-

977 599 1057 626 ribus
1082 599 1194 634 privati,
1211 604 1240 627 ut
1265 599 1387 627 fraterno
1410 607 1509 627 cruore
1531 600 1643 627 dextras
1669 599 1776 633 pollue-

979 649 1060 678 rent;
1074 645 1121 679 qui
1140 645 1219 672 initio
1236 645 1358 679 quidem,
1372 653 1434 673 cum
1450 645 1560 673 brevem
1573 645 1776 680 expeditionem

980 691 1039 718 fore
1060 698 1111 718 nec
1134 698 1164 719 se
1182 692 1275 719 tandiu
1301 691 1353 718 sub
1378 691 1424 718 dio
1453 696 1608 718 moraturos
1633 697 1695 718 esse
1711 697 1775 725 spe-

979 740 1097 768 rassent,
1127 737 1160 763 ad
1177 736 1269 763 omnia
1283 743 1314 764 se
1327 736 1510 771 obsequentes
1522 736 1706 771 praebuerant.
1722 733 1775 763 Ubi

980 787 1070 809 autem
1096 780 1153 816 jam
1169 785 1278 817 tempus
1296 782 1469 814 trahebatur,
1484 782 1585 817 quippe
1604 789 1666 810 cum
1686 788 1777 808 annus

978 826 1034 861 jam
1053 827 1151 854 tertius
1174 826 1309 860 ﬂuxisset,
1329 835 1417 863 exque
1432 828 1591 862 quotidiana
1606 826 1777 862 experientia

979 881 1012 901 ea
1036 881 1067 900 se
1091 877 1196 900 tentare
1208 872 1444 908 lsenserantAquaa
1467 874 1544 901 nullo
1569 873 1673 901 absolvi
1701 873 1775 901 exitu

981 924 1106 955 possent,
1123 920 1187 946 dum
1211 920 1294 948 unius
1319 920 1368 947 viri
1394 920 1500 948 libidini
1517 928 1549 948 ac
1560 921 1776 950 dementiae‘ser-

981 966 1082 998 virent,
1097 966 1207 993 tandem
1232 966 1260 994 id
1274 966 1347 1001 quod
1369 966 1438 1001 ipsis
1455 966 1618 1002 imperatum
1645 971 1715 997 erat.
1731 967 1776 994 ln-

980 1013 1081 1049 sperati
1096 1013 1164 1040 lucri
1181 1012 1243 1040 loco
1259 1013 1437 1048 accipientes,
1453 1021 1506 1040 non
1534 1021 1568 1040 ex
1591 1013 1664 1040 illius
1685 1017 1777 1040 mente

981 1059 1027 1087 sed
1054 1066 1088 1086 ex
1115 1058 1174 1086 suis
1197 1058 1320 1093 ipsorum
1350 1058 1505 1086 rationibus
1529 1058 1698 1093 implendum
1722 1058 1774 1086 sibi

980 1108 1121 1140 putavere.
1139 1103 1240 1139 Nempe
1263 1103 1334 1139 jussi
1350 1109 1428 1132 erant
1442 1109 1472 1131 ut
1487 1104 1620 1140 tantisper
1637 1104 1774 1136 cederent.

980 1150 1046 1177 dum
1072 1149 1146 1185 regia
1167 1149 1242 1177 acies
1268 1149 1438 1184 insequendo
1460 1150 1571 1178 ordines
1597 1151 1724 1183 solveret,
1742 1158 1775 1179 ae

981 1200 1039 1224 tum
1072 1197 1179 1224 demum
1216 1196 1341 1223 conversi
1373 1196 1465 1224 hostes
1495 1196 1602 1224 fortiter
1628 1197 1774 1224 caederent.

982 1242 1082 1270 Verum
1104 1242 1142 1269 illi
1157 1241 1223 1269 dum
1241 1242 1391 1277 composite
1406 1250 1494 1277 exque
1515 1242 1612 1269 bellica
1630 1247 1697 1276 arte,
1722 1250 1777 1271 ncn

981 1293 1086 1316 temere
1119 1287 1218 1316 solutis
1247 1288 1402 1321 ordinibus,
1429 1292 1460 1316 ut
1488 1288 1545 1323 ipse
1574 1293 1727 1324 putaverat,
1761 1297 1777 1316 a

983 1339 1059 1370 tergo
1082 1334 1233 1362 irruentem
1259 1335 1462 1369 imperatoriam
1480 1335 1537 1370 68
1560 1335 1646 1362 aciem
1673 1335 1776 1365 vident.

981 1388 1075 1408 veram
1103 1381 1192 1415 reipsa
1207 1380 1331 1416 nihilque
1341 1380 1502 1409 simulantes
1515 1385 1662 1416 capessunt
1673 1381 1776 1416 fugam;

981 1427 1085 1462 aliique
1109 1427 1164 1454 alio
1189 1426 1315 1462 dissipati
1345 1434 1376 1454 ac
1401 1426 1565 1460 dilabentes,
1582 1427 1663 1454 modo
1686 1427 1777 1462 pauci,

982 1473 1065 1501 modo
1098 1473 1201 1509 plures,
1218 1472 1252 1500 ad
1278 1472 1476 1507 imperatorem
1504 1473 1669 1508 confugiunt
1695 1479 1779 1508 seque

982 1518 1023 1545 illi
1052 1523 1227 1546 sacramento
1253 1519 1419 1553 astringunt.
1435 1517 1581 1553 Tyrannus
1606 1526 1668 1546 cum
1684 1519 1779 1554 paucis

982 1564 1146 1600 quibusdam
1168 1563 1374 1598 Adrianopolim
1385 1584 1392 1597 ,
1409 1564 1501 1591 evadit
1518 1565 1664 1592 incolumis
1686 1564 1779 1600 ibique

136 1622 192 1645 αιος
205 1613 255 1640 τοῦ
269 1614 320 1647 τῆς
348 1613 438 1649 Βύζης
471 1613 581 1648 φεύγων
597 1614 815 1649 ἐπιλαμϐάνεται
837 1615 930 1642 πτολί-

985 1609 1075 1645 fugam
1101 1610 1193 1638 sistit:
1209 1609 1270 1645 ejus
1289 1617 1354 1637 vero
1378 1610 1481 1637 nothus
1504 1618 1536 1637 ac
1559 1610 1684 1638 factieius
1707 1611 1779 1638 ﬁlius

136 1667 251 1695 σματος.
268 1660 324 1686 Καὶ
338 1659 369 1685 οὐ
386 1659 457 1686 κατὰ
473 1658 568 1694 τύχην,
580 1656 666 1693 οἶμαι,
683 1659 754 1686 κατὰ
763 1659 791 1687 δὲ
803 1661 932 1696 πρόνοιάν

136 1714 206 1736 τινα..
221 1705 255 1732 ἶν’
270 1705 389 1737 ἕκαστος
402 1705 506 1732 τούτων
521 1706 589 1741 πρὸς
600 1706 697 1734 ἑαυτὸν
706 1706 811 1733 ἑλκύων
825 1706 875 1742 τὴν
885 1707 932 1735 τοῦ

138 1751 272 1784 βασιλέως
295 1751 458 1787 προσεδρίαν
484 1751 525 1786 τῷ
538 1751 625 1787 ἑτέρῳ
642 1752 709 1779 διδοῖ
723 1753 817 1780 ἄνεσίν
830 1762 860 1781 τε
885 1755 933 1782 καὶ

138 1798 236 1833 καιρὸν
253 1799 296 1830 εἰς
310 1797 358 1833 τὴν
373 1798 526 1834 προνομήν.

173 1887 216 1914 ιϐ’.
241 1886 312 1914 Ἀλλ’
327 1887 342 1914 ὃ
357 1896 388 1922 γε
408 1887 536 1922 βασιλεὺς
545 1889 578 1915 ὲκ
593 1890 671 1922 ποδὸς
681 1891 787 1923 τούτοις
802 1892 935 1928 ἑπόμενος

140 1933 248 1969 πρῶτον
273 1933 347 1968 ἔγνω
358 1934 403 1960 τὶν
421 1934 522 1969 θωμᾶν
537 1935 694 1971 πολιορκεῖν
708 1937 754 1963 καὶ
768 1937 817 1973 τὴν
831 1946 935 1973 προγε-

140 1981 295 2015 γενημένην
310 1981 351 2011 εἰς
366 1980 446 2007 αὐτὸν
463 1981 609 2010 ἀποδοῦναι
628 1982 717 2019 τούτῳ
731 1985 837 2019 ποινήν.
854 1984 936 2011 Ὅθεν

140 2026 238 2060 ἐπάγει
252 2026 329 2062 αὐτῷ
345 2026 515 2063 πολιορκίαν,
531 2027 562 2054 οὐ
573 2028 617 2055 διὰ
637 2029 871 2065 μηχανημάτωνῆ
887 2029 936 2057 ἆλ-

139 2072 192 2099 λων
209 2073 296 2100 τινῶν
316 2073 476 2106 σπουδάζων
491 2074 572 2101 αὑτὸν
596 2074 733 2107 καθελεῖν,
751 2076 809 2111 ἅμα
825 2075 875 2110 μὲν
890 2076 936 2103 τὸν

139 2118 274 2153 ἐμφύλιον
289 2119 498 2154 ἀποδιδράσκων
522 2121 651 2156 πόλεμον,
670 2121 728 2156 ἅμα
740 2122 770 2149 δὲ
781 2122 820 2158 τῷ
836 2123 859 2138 ⁷⁵
873 2123 937 2155 τοὺς

138 2165 314 2199 τὴνΣκυοίαν
327 2165 470 2197 οἰκοῦντας
481 2165 535 2193 τῶν
546 2167 675 2194 τοιούτων
686 2167 845 2204 ἀμαθήτους
851 2177 937 2196 κατα-

139 2211 247 2238 σκευῶν
281 2211 426 2246 βούλεσθαι
441 2211 591 2248 διαμένειν,
609 2213 678 2241 ἀλλὰ
688 2213 761 2249 λιμῷ
772 2214 819 2242 καὶ
830 2215 938 2251 ἀνάγκῃ

138 2258 193 2284 τῶν
207 2257 384 2293 ἐπιτηδείων,
400 2256 441 2290 οἷς
461 2259 490 2286 ὲν
506 2259 602 2286 σπάνει
630 2259 678 2286 καὶ
702 2260 792 2297 ἐνδείᾳ
816 2261 873 2287 ἀλλ’
888 2261 938 2288 οὐκ

138 2303 402 2340 ἁποθησαυρίζουσα
415 2305 430 2340 ὴ
444 2305 522 2337 πόλις
537 2305 688 2333 ἐδείκνυτο.
704 2306 845 2340 Ἕγνωστο
871 2306 935 2341 γοῦν

139 2348 230 2377 ταῦτα
241 2350 327 2384 αὐτῷ,
344 2350 391 2378 καὶ
407 2350 496 2386 ἀρχὴν
510 2351 527 2386 ἠ
541 2351 642 2386 πρᾶξις
664 2351 829 2386 ἐλάμϐανεν.
863 2352 893 2380 '0
907 2353 935 2379 δέ

139 2403 175 2429 γε
187 2395 420 2432 πολιορκούμενος
444 2397 546 2430 παντὸς
571 2397 622 2433 μὲν
639 2397 710 2430 ζώου
727 2398 836 2434 πρῶτον
864 2399 936 2426 ίδέαν

140 2440 291 2476 ᾇχρηστον,
311 2443 408 2469 ἔπειτα
420 2443 449 2470 δὲ
465 2444 512 2470 καὶ
531 2444 622 2470 πᾶσαν
635 2444 744 2480 ἡλικίαν
757 2444 808 2479 τῆς
832 2445 936 2477 πόλεως

140 2487 248 2520 ἐξωθεῖ,
261 2488 293 2515 οὐ
310 2489 536 2525 παρακλητικοῖς,
551 2489 588 2521 ὼς
601 2489 633 2517 ἃν
645 2490 717 2517 είποι
733 2499 785 2524 τις,
798 2491 889 2525 λόγοις
903 2491 938 2519 τὰ

142 2534 230 2562 πολλὰ
243 2535 298 2563 τῶν
313 2536 442 2571 πράξεων
457 2537 579 2571 διοικῶν,
594 2538 720 2573 τυράννῳ
735 2537 763 2564 δὲ
779 2538 876 2574 γνώμῃ
891 2539 937 2566 καὶ

139 2581 305 2617 αὐθεκάστῳ
314 2591 321 2598 ·
334 2582 349 2609 ὅ
366 2583 452 2610 καὶτὸ
468 2584 527 2610 κατ’
540 2583 624 2610 αὑτοῦ
636 2584 716 2611 ἁνεθυ
722 2584 803 2620 μίασὲ
816 2593 845 2612 τε
858 2586 938 2620 μῖσος

139 2629 196 2655 καὶ
223 2629 384 2657 ἀνενέωσεν.
405 2630 522 2657 Ἔπειτα
539 2630 577 2662 ὡς
604 2631 656 2666 ἥδη
673 2630 798 2666 ἢκμαζεν
815 2631 829 2657 6
845 2631 936 2667 λιμὸς,

141 2675 285 2710 σωτηρίας
299 2677 321 2692 ⁷³
339 2676 419 2708 ἐλπὶς
435 2677 566 2711 οὐδαμοῦ,
591 2676 732 2712 ἠνάγκαζε
750 2678 779 2704 δὲ
806 2678 853 2705 καὶ
874 2679 938 2711 τοὺς

139 2721 247 2756 ἑαυτῆς
263 2721 363 2757 φόρους
388 2721 541 2754 ἀνελλιπεῖς
556 2722 656 2758 ἀπῄτει
675 2723 707 2758 δὴ
725 2723 741 2756 ή
769 2723 887 2759 γαστὴρ,
913 2725 938 2751 οί

138 2767 201 2802 μὲν
216 2767 302 2804 λάθρα
315 2768 361 2795 διά
373 2777 454 2795 τινων
467 2769 584 2796 πυλίδων
598 2770 622 2796 οἱ
634 2769 662 2796 δὲ
684 2769 728 2796 διὰ
754 2769 853 2805 τειχῶν
872 2770 940 2797 καθ-

141 2824 150 2839 ι
156 2813 291 2848 μνώμενοι,
307 2815 331 2841 οἱ
346 2814 396 2849 μὲν
410 2815 538 2851 φέροντες
550 2815 589 2852 τῷ
601 2815 706 2851 βασιλεῖ
716 2816 831 2848 ἑαυτοὺς
847 2817 938 2844 ἐπεδί-

139 2859 224 2891 δκινι.
240 2861 264 2888 ot
278 2861 307 2888 δὲ
323 2861 391 2897 πρὸς
402 2862 449 2888 τὸν
465 2862 523 2890 υἱὸν
540 2864 611 2890 κατὰ
634 2863 664 2889 τὸ
679 2863 767 2898 Βύζης
781 2863 940 2894 πτολίεθρον

984 1656 1147 1684 Anastasius
1171 1663 1204 1684 ex
1222 1655 1285 1690 fuga
1303 1655 1381 1691 Byza:
1404 1660 1523 1683 castrum
1546 1661 1672 1692 occupat.
1688 1656 1780 1693 Neque

985 1703 1011 1731 id
1035 1710 1113 1735 casu,
1139 1701 1187 1730 sed
1210 1706 1286 1730 certa
1302 1701 1350 1729 Dei
1367 1701 1537 1737 providentia
1556 1702 1658 1730 factum
1683 1703 1780 1731 existi~

985 1757 1067 1782 mem,
1086 1753 1116 1777 ut
1137 1749 1213 1784 ;dum
1245 1749 1363 1784 quisque
1389 1749 1499 1776 illorum
1524 1749 1714 1784 imperatorem
1744 1751 1779 1778 ad

985 1796 1165 1824 obsidendum
1192 1795 1285 1829 trahit,
1309 1795 1387 1824 alteri
1406 1795 1530 1823 inducias
1546 1800 1706 1832 tempusque
1731 1805 1779 1832 pw-

986 1843 1097 1870 bulandi
1123 1842 1268 1878 praeberet.

1022 1889 1066 1917 19.
1088 1888 1174 1917 Porro
1200 1889 1349 1925 imperator
1366 1896 1382 1917 e
1404 1889 1521 1926 vestigio
1548 1889 1611 1918 illos
1636 1890 1780 1919 insecutus

986 1935 1105 1970 primum
1120 1934 1255 1962 Thomam
1282 1935 1464 1963 obsidendum
1479 1943 1511 1963 ac
1527 1936 1658 1963 vicariam
1683 1937 1707 1964 ei
1721 1944 1781 1972 pce-

987 1989 1050 2008 nam
1079 1981 1245 2009 reddendam
1269 1981 1424 2008 constituit.
1457 1980 1572 2009 Obsidet
1590 1986 1694 2015 autem,
1723 1989 1779 2010 non

988 2028 1142 2060 machinas,
1162 2035 1217 2056 non
1233 2031 1370 2055 tormenta
1385 2027 1532 2061 adhibens,
1548 2031 1605 2055 tum
1625 2027 1699 2062 quod
1716 2027 1781 2055 belli

987 2074 1076 2102 civilis
1087 2074 1188 2102 damna
1204 2075 1292 2101 vitare
1308 2078 1432 2108 cuperet,
1459 2078 1518 2100 tum
1533 2073 1608 2109 quod
1625 2074 1729 2102 vicinos
1742 2074 1781 2101 illi

989 2120 1094 2149 civitati
1109 2114 1240 2155 'Scythas
1265 2127 1298 2147 ea
1326 2120 1510 2148 instrumenta
1536 2121 1635 2148 docere
1658 2120 1779 2154 nolebat,

987 2167 1090 2203 quibus
1103 2167 1186 2194 urbes
1197 2166 1348 2202 expugnari
1363 2167 1454 2194 solent
1467 2166 1532 2194 :sed
1546 2167 1617 2195 l'ame
1634 2174 1783 2203 rerumque

991 2213 1025 2241 ad
1041 2212 1144 2241 victum
1174 2213 1395 2240 necessariarum
1413 2213 1539 2248 penuria,
1554 2221 1618 2241 raro
1631 2213 1658 2240 in
1672 2213 1783 2241 civitate

991 2263 1146 2287 commeatu
1161 2265 1212 2286 nec
1229 2259 1341 2293 copiosa
1355 2266 1466 2286 annona
1491 2259 1518 2286 in
1532 2266 1565 2286 ea
1587 2260 1718 2295 reposita.
1736 2259 1783 2288 Sic

990 2306 1084 2340 itaque
1100 2305 1139 2332 illi
1153 2305 1347 2338 constitutum,
1364 2304 1447 2340 inque
1464 2312 1526 2332 eum
1541 2305 1653 2333 modum
1668 2306 1786 2335 ductum

989 2352 1030 2379 rei
1050 2351 1205 2379 exordium.
1218 2349 1355 2378 Obsessus
1373 2350 1495 2378 Thomas
1517 2351 1544 2378 in
1570 2351 1668 2386 primis
1696 2360 1782 2388 genus

990 2405 1073 2425 omne
1084 2396 1244 2424 animalium
1258 2396 1293 2423 ad
1307 2396 1410 2424 bellum
1424 2397 1533 2430 inutile,
1546 2405 1698 2433 omnesque
1713 2399 1782 2426 adeo

991 2444 1093 2487 quibus
1117 2450 1166 2478 per
1186 2447 1295 2471 aetatem
1327 2450 1381 2470 non
1408 2443 1503 2471 liceret
1527 2451 1602 2471 arma
1619 2443 1700 2476 ferre.
1714 2445 1782 2473 urbe

991 2491 1074 2526 ejicit,
1095 2489 1225 2525 pleraque
1251 2497 1358 2525 gerens,
1372 2494 1403 2517 ut
1416 2489 1479 2524 quis
1493 2490 1577 2523 dicat,
1601 2497 1657 2517 non
1673 2491 1781 2519 lenibus

993 2536 1084 2564 verbis
1097 2541 1125 2563 et
1137 2536 1171 2563 ad
1181 2535 1380 2563 obsecrandum
1396 2536 1568 2570 compositis,
1577 2537 1625 2564 sed
1638 2538 1782 2573 tyrannica

991 2584 1084 2612 animo
1102 2591 1134 2611 ac
1146 2583 1250 2619 rigido;
1263 2583 1339 2618 quod
1354 2588 1380 2610 et
1395 2583 1451 2619 69
1465 2583 1664 2618 oppidanorum
1677 2585 1705 2612 in
1718 2592 1780 2612 eum

991 2629 1119 2659 conﬂavit
1148 2630 1279 2664 auxitque
1311 2629 1416 2659 odium.
1444 2629 1547 2657 Deinde
1575 2630 1783 2666 ingravescente

989 2676 1046 2712 jam
1062 2675 1144 2708 fame,
1160 2683 1192 2704 ac
1211 2675 1298 2702 salute
1313 2675 1455 2710 desperata
1466 2696 1473 2709 ,
1490 2683 1552 2703 eum
1570 2680 1666 2704 venter
1681 2676 1783 2704 niliiio-

994 2724 1085 2750 minus
1100 2726 1210 2757 cogeret
1227 2729 1333 2757 suaque
1351 2721 1451 2749 tributa
1464 2722 1551 2750 durus
1565 2726 1677 2750 exactor
1695 2722 1781 2759 depo-

993 2773 1093 2801 sceret,
1109 2768 1158 2804 qui
1174 2767 1245 2795 intra
1263 2768 1341 2796 urbis
1355 2772 1432 2803 septa
1451 2768 1626 2801 tenebantur,
1645 2769 1691 2797 alii
1702 2770 1783 2798 cacis

993 2815 1159 2851 quibusdam
1187 2815 1274 2850 portis
1305 2814 1400 2842 furtim
1423 2815 1534 2846 dilapsi,
1566 2815 1613 2843 alii
1640 2815 1707 2844 loris
1733 2824 1782 2851 per

996 2870 1091 2891 annos
1107 2861 1249 2895 submissi,
1266 2869 1330 2896 pars
1349 2869 1411 2889 sesc
1422 2862 1581 2898 imperatori
1597 2862 1783 2898 dedunt,pars

797 2907 915 2938 VARIE
936 2907 1141 2939 LEGTIONES.

197 2953 217 2969 "
228 2954 388 2988 ῖνδιαλύτως
406 2957 436 2985 Ρ.
458 2965 523 2986 mox
536 2957 628 2986 malim
647 2958 758 2991 ἰδόντες.
797 2959 820 2976 ⁷ο
836 2958 876 2995 τῷ
893 2967 946 2988 om.
959 2959 989 2988 P.
1029 2958 1049 2975 τ’
1064 2956 1201 2992 σωτηρίας
1218 2955 1242 2984 δ’
1254 2953 1288 2992 ἦν
1302 2956 1378 2989 ἐλπὶς
1394 2957 1405 2984 2
