2011 3156
132 216 164 248 85
625 219 698 249 LIB.
718 219 758 250 ΙΙ.
779 232 814 237 -
831 220 928 251 MICII

984 221 1003 251 L
1022 221 1269 252 AMORIENSIS.
1729 220 1767 250 δῦ

131 273 185 306 ἄρα
203 271 283 307 μῖσος
299 271 370 299 κατὰ
382 271 429 299 τοῦ
443 271 553 308 Μιχαὴλ
575 273 659 300 πᾶσιν
671 273 751 308 ἐνέφυ
769 274 816 300 καὶ
830 274 860 306 ἐξ
874 274 921 301 ἆλ-

984 274 1059 302 :haeli
1085 274 1269 302 resistebant:
1286 277 1391 301 tantum
1412 273 1540 301 nimirum
1568 274 1689 302 omnium
1704 277 1764 302 ani-

129 318 185 345 λων
204 317 256 353 μὲν
273 317 350 350 ἴσως.
363 318 454 354 πολλῷ
469 319 498 346 δὲ
514 319 595 346 πλέον
611 320 644 346 ἐκ
658 319 705 347 τοῦ
725 320 763 356 μὴ
781 320 924 355 βούλεσθαι

130 363 176 390 τὸν
192 364 216 380 ’⁵
228 364 301 391 κατὰ
317 364 372 392 τῶν
397 364 439 401 [Ρ.
462 365 508 402 45]
530 365 611 394 θείων
642 367 754 394 εἰκόνων
777 367 925 404 ἀναρριπι-

130 409 231 437 σθέντα
249 410 409 439 καταλῦσαι.
421 411 494 447 Πλὴν
505 412 619 445 ταύταις
629 413 794 449 πλησιάσας,
807 414 854 440 τοῦ
875 414 925 449 μὲν

130 456 250 492 σεισμοῦ
271 457 464 493 ἐπιγινομένου
479 458 502 474 ⁷⁵
518 459 566 486 καὶ
584 458 631 486 τοῦ
645 459 751 495 τείχους
765 459 812 486 τοῦ
825 460 924 486 Πανίου

130 502 356 538 καταϐληθέντος
369 504 386 539 ὴ
398 505 439 536 είς
449 504 515 532 αὐτὸ
524 504 643 540 πάροδος
658 504 764 541 ἁκμητὶ
779 504 875 540 γέγονε
886 505 925 541 τῷ

130 547 246 583 Μιχαήλ
257 555 263 561 ·
276 548 293 583 ἡ
301 547 324 574 δ’
341 548 490 584 Ἡράκλεια
507 549 554 576 καὶ
562 548 601 582 ὣς
612 548 772 584 ἁντέχουσα,
783 549 858 584 ὅμως
870 549 925 576 τῶν

130 595 166 621 ἐκ
179 594 231 629 τῆς
248 594 384 630 θαλάττης
400 594 495 631 μερῶν
509 594 769 631 κατακυριευθεῖσα,
782 595 925 622 ἁλίσκεται

130 638 183 667 ἰαὶ
198 640 268 676 αὕτη
285 641 431 676 ἀναιμωτὶ,
450 641 498 668 καὶ
517 641 564 668 τοῦ
584 642 696 677 φρονεῖν
716 642 750 669 τὰ
762 641 810 668 τοῦ
823 641 925 677 τυράν-

130 694 180 713 νου
196 686 412 718 ἀπαλλάττεται,
430 687 537 718 πίστεις
551 686 684 714 δεδωκυῖα
699 687 738 723 τῷ
751 686 864 723 βασιλεῖ.

170 733 227 759 Καὶ
251 733 286 760 τὰ
302 732 353 768 μὲν
376 732 446 761 κατὰ
470 733 571 768 Θωμᾶν
596 733 790 769 συμϐεϐηκότα
807 734 927 761 τοιοῦτον

131 778 198 813 ἔσχε
218 779 296 809 τέλος
311 778 342 805 ἐκ
356 778 405 814 τῆς
420 778 569 814 εἰρημένης
590 778 689 814 ἀρχῆς,
714 779 760 806 καὶ
779 779 850 806 οὓτω
865 788 927 816 τρο-

131 825 287 861 παιοφόρος
300 825 314 852 ὁ
331 825 459 860 βασιλεὺς
484 825 516 852 ἐκ
534 825 588 852 τῶν
606 826 667 852 κατ’
688 826 802 861 ἤπειρον
816 826 927 862 ἔρχεται

133 872 252 905 πόλεων,
265 872 342 899 οὐδὲν
351 871 445 908 ἓτερον
460 871 514 899 ἀπὺ
530 871 689 899 στασιωτῶν
704 872 837 908 ἐννοήσας
852 872 868 908 ἢ
881 873 927 900 ἐπὶ

131 918 182 953 τῆς
199 916 400 952 ἅμιλλητηρίου
413 917 476 949 Θέας
488 917 533 943 ἐπὶ
545 916 633 952 τούτῳ
644 917 830 953 γεγενημένης
839 917 927 944 ὀπίσω

132 964 172 991 τὼ
185 965 262 1000 χεῖρε
276 963 435 1000 δεδεμένους
447 964 560 999 ποιῆσαι
573 963 689 992 διελθεῖν
701 964 748 990 καὶ
762 963 927 999 ὑπερορίους

133 1012 200 1043 τοὺς
219 1011 399 1042 αἰτιωτάτους
416 1010 557 1045 γενέσθαι.

175 1057 279 1091 Λύτίκα
293 1055 360 1090 γοῦν
384 1057 433 1083 καὶ
452 1057 522 1092 πρὸς
539 1056 670 1092 Χοιρέαν,
685 1056 726 1084 ἔτι
753 1065 784 1091 γε
804 1057 858 1093 μὴν
881 1058 928 1084 καὶ

138 1101 210 1134 πρὸς
227 1099 385 1135 Γαζαρηνὸν
408 1100 454 1127 τὸν
482 1100 670 1136 Κολωνιάτην,
690 1100 851 1137 ἀνθρώπους
878 1101 928 1137 μὲν

134 1147 215 1178 ὄντας
230 1146 278 1173 καὶ
292 1145 377 1173 πιστὰ
393 1146 580 1180 φυλάττοντας
598 1147 637 1183 τῷ
650 1147 746 1183 Θωμᾷ,
762 1147 928 1183 κατέχοντας

135 1193 162 1220 δὲ
180 1192 228 1220 τὸν
243 1192 296 1228 μὲν
320 1192 369 1228 τὴν
392 1192 523 1219 Καΰάλαν
540 1192 587 1219 τοῦ
607 1192 719 1229 Χοιρέα,
739 1193 786 1221 τοῦ
803 1193 929 1229 Γαζαρη-

138 1239 182 1266 νοῦ
196 1239 225 1266 δὲ
236 1239 288 1275 τὴν
309 1238 456 1270 Σανιάναν,
470 1239 517 1265 καὶ
534 1238 634 1271 πολλὰς
655 1239 761 1266 ἐκεῖθεν
780 1240 928 1268 ποιούντων

137 1285 325 1320 καταδρομὰς,
341 1285 390 1312 καὶ
405 1284 561 1321 λῃστρικῶς
578 1284 682 1317 ζῶντάς
697 1294 727 1312 τε
747 1285 794 1312 καὶ
804 1294 929 1321 τυραννι-

135 1331 201 1363 κῶς.
217 1330 430 1367 χρυσοϐούλλιον
446 1331 585 1366 ἐκπέμπει
600 1332 614 1358 ό
635 1331 758 1368 Μιχαὴλ,
779 1333 864 1368 τιμὰς
881 1342 929 1368 με-

136 1378 223 1413 γάλας
242 1378 294 1410 τὰς
319 1377 374 1404 τῶν
396 1377 556 1414 μαγίστρων
583 1377 853 1413 καθυπισχνούμενος
883 1380 929 1406 καὶ

136 1423 296 1460 ἀμνηστίαν
312 1423 418 1456 κακῶν,
436 1423 484 1450 καὶ
495 1423 577 1458 δῆλον
594 1423 639 1450 τὸν
651 1422 699 1450 τοῦ
720 1423 806 1458 Θωμᾶ
815 1423 929 1452 θάνατον

137 1470 242 1503 τούτοις
272 1470 370 1497 ποιῶν.
405 1469 475 1497 Ἀλλ’
503 1470 625 1502 ἐκείνους
646 1470 696 1506 μὲν
717 1470 767 1496 οὐκ
793 1469 929 1498 ἐπεισενό

135 1516 315 1549 ἀποσταλεὶς.
333 1515 468 1548 ἀλαζόνας
490 1515 571 1548 ὄντας
595 1525 625 1543 τε
651 1516 700 1543 καὶ
719 1516 868 1544 ἁτίθασσον
883 1526 929 1545 κε-

136 1564 293 1600 κτημένους
307 1563 398 1599 ψυχήν
410 1571 417 1579 ·
435 1563 546 1598 ἐτέρους
569 1562 597 1589 δέ
620 1571 697 1595 τινας
716 1563 770 1590 τῶν
791 1564 929 1601 6:06.561]-

136 1611 225 1637 κάτων
236 1610 342 1646 κλέψας
353 1610 401 1637 καὶ
415 1611 483 1646 πρὸς
495 1611 546 1645 τὴν
558 1609 606 1636 τοῦ
623 1608 757 1645 βασιλέως
775 1609 865 1636 πίστιν
880 1618 928 1645 με-

135 1657 231 1687 ταθεὶς
260 1656 372 1682 ἔπεισεν
396 1654 554 1688 ἐξελθόντας
582 1655 605 1672 ⁷⁸
628 1655 697 1691 πρὸς
728 1655 778 1687 τὰς
806 1654 933 1690 συνήθεις

135 1702 268 1738 λῃστείας
282 1701 445 1729 ἀποκλεῖσαι
462 1701 568 1733 τούτοις
585 1701 635 1733 τὰς
649 1701 714 1728 ⁴τῶν
729 1701 828 1737 τειχῶν
844 1701 933 1734 πύλας

137 1751 183 1776 καὶ
202 1748 286 1783 λόγου
304 1747 533 1775 καταλελοιπέναι
554 1747 650 1783 χωρίς.
676 1748 765 1783 Ὅπερ
788 1747 837 1774 καὶ
853 1747 934 1782 γέγο-

135 1802 192 1821 νεν.
216 1794 334 1820 Ἐκεῖνοι
361 1793 412 1829 μὲν
434 1790 481 1820 οὖν
509 1793 547 1825 ὼς
574 1789 653 1828 εὖρον
667 1793 864 1829 κεκλεισμένας
884 1793 934 1826 τὰς

138 1840 239 1873 πύλας,
267 1838 317 1875 τὴν
330 1839 378 1866 ἐπὶ
392 1839 492 1874 Συρίαν
513 1838 650 1866 ἔσπευσαν
668 1838 792 1866 διανῦσαι
808 1840 878 1872 ὁδὸν,
894 1839 934 1875 τῷ

138 1886 216 1921 φόδῳ
243 1885 417 1921 βαλλόμενοι.
431 1886 537 1917 Ζῶντες
547 1885 576 1912 δὲ
594 1885 670 1921 ὅμως
687 1885 797 1917 ἁλόντες
811 1886 850 1921 τῷ
862 1886 934 1921 ξύλῳ

137 1933 306 1969 ἐξήρτηνται
332 1933 380 1959 καὶ
392 1932 440 1959 τοῦ
458 1931 517 1968 βίου
532 1932 632 1964 ἔξωθεν
646 1932 777 1966 γίνονται.
796 1933 888 1966 ’Ἄξιον
905 1933 934 1959 δὲ

140 1978 209 2014 μηδὲ
226 1978 309 2006 τοῦτο
329 1977 533 2013 παραδραμεῖν,
548 1978 622 2010 ὅπως
637 1978 651 2004 ό
664 1977 820 2013 Γαζαρηνὸς
836 1977 934 2013 προδέ-

140 2026 202 2052 Coro
228 2024 278 2052 καὶ
307 2023 364 2051 τῶν
387 2024 487 2059 τειχῶν
511 2023 721 2050 ἀπεκέκλειστο.
749 2024 853 2059 Ἀνδρα
874 2023 935 2050 τινὰ

139 2072 270 2108 ἄγροικον
284 2072 298 2098 ὁ
322 2070 487 2102 ἀποσταλεὶς
503 2069 703 2104 δεξιωσάμενος
723 2070 816 2105 φωνῆς
834 2070 934 2103 ἐπιμε-

138 2118 274 2154 λούμενον
294 2118 342 2145 καὶ
366 2117 428 2148 ταῖς
447 2116 530 2152 ᾠδαῖς
552 2116 721 2151 τερπόμενον
736 2115 863 2151 ἐμμελῶς
875 2116 935 2147 ταῖς

139 2164 301 2199 ἀνειμέναις
310 2163 426 2195 ταύταις
437 2163 485 2189 καὶ
493 2163 679 2198 ἅγροικικαῖς,
692 2162 773 2197 μέλος
785 2171 811 2188 τι
822 2161 934 2193 ἐπλεξεν

141 2212 210 2246 πρὸς
221 2211 269 2238 τὸν
291 2210 399 2237 ἐκείνου
419 2209 562 2244 οἰκονόμον
580 2208 641 2244 ἔχον
656 2207 703 2244 τὴν
715 2207 866 2243 ἀναφοράν.
880 2204 934 2234 Ἦν

140 2257 169 2284 δὲ
187 2257 288 2288 αὑταῖς
299 2255 405 2287 λέξεσιν
419 2255 506 2281 οὕτω·
525 2254 689 2288 Ἄκουσον,
702 2254 770 2289 κῦρι
785 2255 934 2288 οἱκονόμε,

976 319 1029 347 mis
1039 319 1112 347 illius
1124 319 1262 348 insederat
1274 319 1378 353 odium,
1391 324 1448 347 tum
1460 319 1530 347 forte
1539 319 1600 347 aliis
1611 327 1644 347 ex
1660 321 1762 351 causis.

977 371 1035 393 tum
1060 365 1196 401 praecipue
1217 365 1292 401 quod
1322 365 1482 393 suscitatam
1508 366 1640 394 adversus
1670 373 1764 394 sacras

977 412 1110 448 imagines
1121 412 1339 447 persecutionem
1360 414 1452 448 sopire
1465 413 1586 441 nolebat.
1600 413 1652 441 Ubi
1670 418 1764 441 tamen

976 457 1011 485 ad
1026 457 1090 485 illas
1101 458 1227 490 accessit,
1242 458 1366 492 disjectis
1386 463 1466 486 terrae
1486 463 1558 486 motu
1574 458 1652 487 Panii
1667 459 1765 491 muris,

978 504 1053 532 nullo
1067 504 1177 540 negotio
1199 504 1226 531 in
1244 505 1333 540 ipsum
1354 505 1480 533 Michaeli
1505 505 1646 541 ingressus
1668 505 1765 540 patuit.

978 549 1109 578 Heraclea
1134 558 1200 578 vero
1219 559 1376 586 quanquam
1400 551 1562 584 resistebat,
1582 559 1597 579 a
1621 552 1766 579 maritimis

979 596 1037 630 ipsa
1065 596 1188 631 partibus
1202 602 1369 632 expugnata,
1391 597 1467 625 nulla
1489 598 1590 625 civium
1615 601 1707 633 strage
1720 605 1767 625 ca-

978 641 1073 676 pitur,
1108 642 1226 678 dataque
1251 643 1409 678 imperatori
1434 643 1487 671 ﬁde
1508 643 1619 671 studere
1650 647 1767 679 tyranno

977 688 1090 716 desinit.

1014 734 1065 762 Hic
1082 742 1174 762 rerum
1200 734 1313 762 Thomas.
1332 734 1395 763 ﬁnis
1419 741 1453 763 ex
1476 735 1522 762 tali
1539 735 1677 770 principio
1694 734 1765 766 fuit;

979 781 1074 816 sicque
1100 780 1213 808 Michael
1231 781 1402 816 triumphans
1416 789 1450 808 ex
1465 781 1633 809 continentis
1652 780 1767 808 urbibus

978 828 1070 856 rediit.
1100 828 1130 855 ln
1145 827 1236 856 socios
1264 832 1355 856 autem
1379 827 1543 856 defectionis
1564 827 1678 855 Thomas
1700 827 1767 855 nihil

979 874 1103 903 acerbius
1122 874 1219 902 statuit
1231 882 1314 909 quam
1341 874 1415 910 quod
1426 874 1596 903 Circensium
1611 874 1769 910 spectaculo

979 920 1006 948 in
1023 913 1084 948 eam
1099 928 1159 948 rem
1183 921 1335 948 constituto
1358 921 1486 949 manibus
1502 929 1516 949 ιι
1540 926 1617 956 tergo
1638 921 1768 949 revinctis

981 974 1028 995 eos
1042 966 1224 998 circumduci.
1251 974 1284 995 ac
1301 967 1348 1002 qui
1367 967 1552 995 maximorum
1568 968 1607 994 rei
1633 967 1767 995 scelerum

981 1017 1084 1047 essent,
1100 1013 1197 1041 exsilio
1212 1013 1301 1041 solum
1313 1017 1422 1041 vertere
1434 1013 1528 1048 jussit.

1017 1058 1077 1086 Mox
1090 1065 1200 1094 quoque
1213 1059 1245 1086 ad
1257 1058 1413 1092 Cliteream,
1425 1066 1530 1087 necnon
1555 1059 1588 1085 ad
1598 1058 1769 1086 Gazarcnum

980 1104 1165 1138 Coloniatem,
1196 1104 1307 1133 Thomte
1331 1105 1470 1140 quondam
1498 1105 1665 1133 domesticos
1689 1105 1770 1140 eique

981 1155 1141 1179 constantior
1150 1155 1292 1179 servantes
1304 1151 1383 1178 ﬁdem
1391 1150 1601 1186 (tenebatalter,
1611 1151 1665 1186 ⁸12
1673 1157 1770 1185 nempe

981 1196 1123 1229 Climreas,
1142 1196 1269 1231 praesidio
1280 1196 1421 1229 Cabalam,
1434 1196 1514 1227 alter,
1540 1203 1639 1230 nempe
1653 1195 1772 1223 Gaure-

982 1251 1044 1275 nus.
1077 1243 1228 1277 occupabat
1257 1241 1424 1276 Sanianam;
1449 1250 1484 1270 ex
1515 1243 1618 1277 quibus
1637 1242 1771 1278 praesidiis

982 1289 1094 1316 crebras
1119 1287 1158 1315 illi
1190 1287 1368 1315 excursiones
1404 1287 1552 1318 habebant,
1578 1287 1771 1320 latronumque

982 1341 1059 1362 more
1069 1341 1102 1361 ac
1115 1334 1257 1369 tyrannice
1271 1333 1409 1368 vivebant)
1420 1340 1535 1360 auream
1550 1333 1663 1365 bullam,
1680 1332 1769 1366 impe—

982 1382 1117 1409 ratorium
1148 1380 1254 1408 scilicet
1268 1380 1401 1414 diploma,
1428 1379 1512 1406 mittit
1528 1379 1657 1412 Michael,
1684 1377 1770 1412 magi-

983 1432 1102 1456 strorum
1123 1427 1227 1455 honore
1239 1426 1376 1462 prtecipuo
1389 1433 1419 1453 se
1437 1426 1500 1453 illos
1517 1429 1676 1454 evecturum
1690 1424 1770 1460 polli-

983 1475 1054 1502 citus
1084 1481 1117 1501 ac
1143 1473 1335 1508 impunitatem
1369 1473 1520 1504 daturum,
1555 1472 1690 1499 Thomam
1713 1471 1770 1507 jam

983 1520 1149 1548 exstinctum
1168 1518 1336 1553 signiﬁcans.
1355 1517 1455 1546 Verum
1468 1518 1584 1545 nuntius
1606 1517 1640 1545 ab
1652 1518 1771 1551 impera-

983 1571 1043 1594 tore
1075 1566 1178 1594 missus
1213 1565 1340 1593 homines
1373 1568 1534 1600 arrogantes
1562 1571 1595 1591 ac
1626 1563 1772 1598 praefracto

984 1613 1075 1641 animo
1094 1613 1127 1640 ad
1147 1612 1266 1640 oﬂicium
1282 1619 1413 1640 revocare
1432 1619 1487 1639 non
1509 1610 1599 1646 potuit
1614 1619 1621 1638 ε
1635 1609 1773 1645 corruptis

984 1665 1076 1688 tamen
1092 1660 1257 1696 quibusdam
1274 1659 1509 1695 praesidiariorum
1531 1658 1583 1685 sub
1595 1657 1648 1685 illis
1663 1664 1773 1684 meren-

984 1707 1058 1736 tibus
1073 1707 1156 1742 inque
1171 1705 1346 1741 imperatoris
1367 1705 1445 1733 ﬁdem
1468 1703 1612 1737 traductis,
1628 1703 1726 1731 suadet
1743 1710 1773 1729 ut

984 1752 1019 1780 ad
1030 1753 1127 1780 solitas
1139 1751 1332 1787 populationes
1346 1750 1507 1786 praedasque
1522 1749 1642 1784 agendas
1654 1747 1774 1783 egressis

984 1804 1128 1825 murorum
1140 1801 1235 1832 portas
1244 1795 1375 1824 claudant
1388 1803 1420 1823 ac
1437 1803 1486 1823 nec
1498 1802 1631 1830 responso
1644 1793 1772 1829 dignatas

984 1844 1153 1878 relinquant.
1171 1843 1271 1878 Sicque
1285 1843 1354 1870 adeo
1365 1842 1489 1877 contigit.
1500 1842 1540 1868 Illi
1556 1841 1667 1869 clausas
1679 1843 1774 1876 portas

984 1888 1057 1916 nacti
1072 1888 1191 1923 indeque
1201 1887 1339 1923 perterriti
1351 1887 1379 1915 in
1392 1887 1499 1923 Syriam
1517 1887 1581 1922 fuga
1595 1885 1773 1914 contendunt.

985 1933 1045 1962 Vivi
1061 1938 1151 1962 tamen
1169 1936 1240 1968 capti
1268 1941 1338 1969 eque
1363 1933 1437 1969 ligno
1455 1933 1583 1968 suspensi
1606 1933 1663 1960 vita
1681 1937 1776 1961 extru-

985 1981 1098 2011 duntur.
1119 1980 1212 2015 Neque
1224 1988 1289 2008 vero
1305 1980 1485 2007 omittendum
1501 1987 1573 2010 reor,
1588 1986 1643 2013 quo
1653 1986 1682 2006 se
1694 1978 1775 2006 modo

986 2027 1112 2054 habuerit
1124 2026 1258 2054 Gazarcni
1272 2025 1401 2061 proditio.
1411 2030 1439 2053 et
1449 2030 1479 2052 ut
1492 2025 1527 2052 sit
1539 2024 1626 2052 muris
1633 2023 1773 2052 exclusus.

985 2073 1129 2102 Michaelis
1147 2073 1250 2108 legatus
1264 2073 1398 2101 rusticum
1413 2071 1561 2107 quemdam
1579 2071 1655 2098 vocis
1674 2070 1775 2098 modu-

985 2120 1098 2148 lantiam
1120 2119 1293 2147 atiectantem
1307 2118 1461 2153 solutisque
1484 2125 1517 2145 ac
1534 2117 1677 2145 rusticano
1696 2124 1775 2144 more

986 2165 1147 2201 compositis
1164 2165 1279 2194 canticis
1293 2172 1354 2192 sese
1369 2164 1549 2192 obiectantem
1566 2171 1630 2191 cum
1647 2163 1775 2191 Immani-

986 2217 1028 2239 ter
1052 2212 1215 2245 excepisset,
1237 2217 1351 2238 carmen
1377 2209 1514 2245 quoddam
1540 2209 1691 2242 contexuit,
1720 2216 1776 2243 quo

987 2257 1120 2285 Gazareni
1145 2263 1319 2284 teconomum
1342 2255 1543 2290 alloqueretur,
1564 2255 1644 2290 cujus
1665 2255 1712 2285 hic
1741 2256 1775 2282 ad

141 2303 168 2330 tl
190 2303 276 2338 λέγει
291 2301 421 2336 Γυσέριν
433 2309 441 2316 ⁸
461 2300 528 2328 Ἐάν
542 2309 593 2335 μοι
610 2299 670 2333 δῷς
692 2299 749 2334 τὴν
770 2299 931 2332 Σαγιάναν,

988 2304 1100 2331 verbum
1120 2307 1208 2331 tenor.
1225 2303 1306 2335 Audi,
1334 2303 1441 2330 domine
1456 2310 1597 2335 manante,
1624 2302 1687 2338 quid
1704 2301 1777 2329 dicat

138 2348 369 2384 μητροπολίτην
393 2354 431 2374 σε
469 2345 586 2380 ποιήσω
626 2345 677 2373 καὶ
701 2345 937 2380 Νεοκαισάρειάν

140 2392 184 2430 ΙΡ.
197 2393 245 2431 46]
263 2402 315 2421 σοι
330 2393 426 2420 δώσω.
441 2392 527 2419 Τοῦτο
550 2392 680 2424 πολλάκις
708 2391 837 2427 ᾀδόμενον
849 2393 877 2419 ἐν
894 2392 936 2419 ai-

145 2441 242 2477 σθήσει
270 2440 365 2467 τοῦτον
393 2438 521 2474 γενέσθαι
547 2438 593 2466 τὸν
606 2439 750 2474 οἰκονόμον
776 2439 935 2474 πεποίηκεν.

146 2488 225 2515 Ὀθεν
242 2487 282 2520 ὡς
295 2486 367 2520 ἔγνω
381 2486 428 2513 τὸν
441 2484 503 2513 νοῦν
517 2494 547 2512 τε
560 2485 606 2512 καὶ
620 2484 670 2520 τὴν
694 2484 748 2511 τῶν
764 2485 937 2521 πραγμάτων

146 2535 297 2571 ἀναφορὰν,
314 2533 471 2567 ἐξελθόντος
488 2532 554 2559 ποτὲ
576 2531 624 2559 τοῦ
640 2531 801 2568 Γαζαρηνοῦ
815 2531 938 2559 ἔκλεισεν

147 2581 205 2608 κατ’
222 2580 307 2607 αὑτοῦ
323 2579 372 2611 τὰς
389 2578 478 2610 πύλας
493 2580 541 2605 καὶ
553 2576 649 2604 τοῦτον
669 2576 770 2611 ἔξωθεν
796 2577 938 2611 ἐγκατέλι-

149 2635 208 2654 πεν.
226 2625 283 2653 Καὶ
299 2624 388 2652 ταῦτα
419 2625 468 2660 μὲν
495 2625 560 2660 περ)⁴
582 2624 637 2651 τῶν
664 2623 826 2659 ὑπερνεφῶν
836 2623 940 2650 τούτων

150 2672 305 2707 πολιχνίων,
317 2671 365 2698 καὶ
382 2671 454 2698 οὕτω
465 2671 570 2698 τούτων
581 2671 597 2706 ὴ
612 2669 693 2697 πάλιν
708 2669 760 2696 ὑπὸ
771 2669 819 2696 τοῦ
829 2670 940 2706 Μιχαὴλ

149 2719 311 2754 κατάληψις.

183 2768 236 2791 κα’.
252 2764 311 2791 Ούκ
336 2763 433 2799 ἔμελλε
451 2763 480 2790 δὲ
498 2763 564 2798 ἄχρι
582 2762 687 2789 τούτων
716 2762 733 2796 ή
749 2761 820 2798 φορὰ
842 2761 940 2798 στήσε-

153 2809 212 2837 σθαι
218 2810 273 2836 τῶν
286 2810 391 2842 κακῶν,
400 2808 468 2836 ἀλλὰ
475 2809 529 2836 τῶν
539 2809 586 2836 δύο
597 2808 731 2844 ἠπείρων,
745 2808 837 2840 Ἀσίας
849 2808 939 2844 φαμὲν

154 2857 196 2882 καὶ
209 2856 355 2892 Εὐρώπης.
378 2856 406 2882 ὲν
423 2855 501 2891 eum
529 2855 630 2891 Κυρίου
652 2852 708 2890 οἷόν
728 2864 801 2887 τινος
818 2855 940 2890 κεφαλῆς

989 2349 1094 2385 Gyben‘.
1104 2348 1135 2377 Si
1152 2348 1301 2377 Senianum
1310 2348 1424 2381 dederis,
1438 2348 1538 2383 faciam
1550 2353 1574 2376 te
1583 2348 1778 2383 metropolitam

987 2400 1013 2423 et
1028 2394 1232 2423 Neocaesaream
1247 2394 1296 2422 tibi
1313 2393 1481 2422 coheredum.
1504 2394 1571 2421 Dum
1599 2394 1656 2421 haec
1678 2394 1778 2428 saepius

988 2441 1123 2474 cantillat,
1138 2448 1283 2468 ωοοιιοωο
1297 2445 1414 2467 mentem
1430 2440 1530 2475 aperit,
1547 2444 1577 2467 ut
1594 2447 1650 2467 rem
1675 2439 1778 2466 intelli-

989 2492 1045 2523 gat.
1061 2487 1129 2514 Cum
1147 2487 1231 2521 igitur
1242 2494 1355 2514 sensum
1370 2486 1557 2521 perspexisset
1570 2493 1602 2513 ac
1612 2485 1680 2520 quid
1695 2485 1778 2512 verba

991 2533 1035 2561 illa
1051 2533 1226 2568 designarent
1240 2532 1490 2564 animadvertisset,
1503 2531 1556 2567 73
1568 2537 1680 2567 egresso
1692 2538 1779 2565 quan-

989 2580 1080 2614 doque
1095 2578 1237 2606 Gazareno
1262 2584 1357 2614 portas
1375 2578 1478 2606 claudit
1506 2582 1534 2605 et
1555 2577 1624 2605 foris
1638 2577 1777 2605 hominem

991 2625 1133 2660 relinquit.
1147 2624 1285 2653 Hactenus
1300 2624 1373 2660 quod
1387 2625 1485 2652 attinet
1498 2624 1532 2652 ad
1549 2624 1603 2652 duo
1617 2625 1663 2652 illa
1679 2623 1777 2659 oppida

990 2669 1057 2704 ipsis
1085 2669 1283 2704 propemodum
1307 2669 1428 2698 nubibus
1446 2669 1613 2702 minitantia,
1634 2673 1661 2697 et
1682 2673 1712 2697 ut
1733 2669 1780 2696 illa

991 2721 1089 2742 rursus
1103 2722 1120 2742 a
1134 2713 1267 2742 Micbaele
1278 2714 1304 2742 in
1317 2714 1397 2743 ﬁdem
1414 2721 1523 2750 recepta
1538 2715 1603 2743 sint.

1027 2761 1073 2789 21.
1089 2759 1183 2796 Neque
1201 2768 1267 2789 vero
1278 2761 1416 2789 malorum
1435 2762 1477 2790 vis
1495 2766 1578 2797 atque
1594 2761 1712 2796 impetus
1730 2759 1782 2788 hoc

992 2807 1104 2836 cardine
1115 2812 1174 2835 erat
1192 2807 1351 2843 sistendus:
1368 2809 1416 2836 scd
1435 2816 1499 2837 cum
1514 2809 1574 2837 duae
1596 2807 1779 2838 continentes.

993 2854 1058 2882 Asia
1069 2848 1180 2881 scilicet
1192 2858 1218 2881 et
1236 2853 1355 2889 Europa,
1369 2854 1453 2882 veluti
1464 2858 1548 2889 caput
1558 2860 1584 2882 ct
1596 2854 1682 2883 cauda
1694 2854 1781 2882 divini

805 2903 924 2932 νΛΒιΑῑ
945 2901 1149 2931 LECTIONES.

203 2953 225 2968 "
236 2953 313 2982 dccst
327 2952 447 2988 διωγμὸν
465 2954 506 2982 vel
527 2952 655 2988 πόλεμον.
673 2953 798 2981 Cotnbei.
837 2952 860 2968 ⁷⁵
874 2952 908 2987 τῇ
926 2950 976 2986 μὲν
991 2947 1103 2984 σεισμοῦ
1120 2949 1340 2984 ὲπιγενομένουῖ

1380 2962 1383 2964 >
1415 2949 1581 2983 ἐξελθόντων
1594 2950 1605 2978 ’ί
