2011 3156
242 203 278 235 e7
805 199 1060 230 TIIEOPHANES
1074 200 1355 232 CONTINUATUS.
1837 202 1875 234 88

244 258 368 287 numinis
385 258 572 293 indignatione
595 264 762 292 \quanquam
779 257 831 292 ipsi
844 265 900 285 non
919 257 1026 284 intelle-

1083 258 1128 284 κιὶ
1140 258 1235 292 οὐρᾶς,
1251 259 1275 285 εἰ
1288 258 1335 285 καὶ
1350 257 1387 293 μὴ
1400 257 1535 290 συνίεσαν,
1554 255 1753 283 παιδευθέντων
1769 257 1874 290 φόνοις,

243 305 352 339 xerunt)
366 303 496 335 cadibns,
511 303 656 335 incendiis.
673 307 752 330 teme
767 303 898 333 motibus.
918 303 1033 338 rapinis,

243 352 364 379 civilium
374 355 498 379 motuum
512 350 624 384 iniuria,
632 350 844 378 excursionibus
855 357 887 377 ac
896 351 1034 381 vastitate,

245 397 393 434 insperatis
409 397 519 425 urbium
535 396 745 430 mutationibus,
760 396 847 432 signis
862 403 877 423 e
893 397 975 429 cosio,
997 396 1033 423 si-

244 443 306 478 gnis
327 450 361 470 ex
381 449 444 469 aere
463 442 605 476 castigatae
618 441 746 474 fuissent,
764 446 901 477 postremo
918 442 1034 470 miseras

243 497 354 525 quoque
378 489 493 520 insulas,
520 489 591 515 velut
620 488 795 516 instrumenti
823 488 922 516 musici
940 495 1033 516 mesen

244 535 403 571 quamdam,
417 539 446 562 ut
461 535 545 562 totius
555 534 678 569 corporis
692 534 769 570 plaga
782 535 938 563 communis
950 540 1032 567 esset,

244 581 316 608 mala
347 581 515 608 invaserunt.
536 579 637 608 Verum
654 580 755 616 corrigi
772 588 826 607 non
842 584 967 615 poterant
986 580 1033 615 qui

244 626 292 654 Dei
320 626 439 654 hominis
461 625 576 661 efﬁgiem
594 625 737 653 colendam
767 626 952 661 negavissent.
973 626 1033 659 Quo

244 674 329 710 igitur
349 677 474 709 tempore
496 672 617 700 Thomas
632 679 677 700 res
693 679 778 700 novas
794 672 884 699 moliri
900 677 1032 707 ets-perat,

245 720 285 748 rei
307 719 379 747 fama
391 720 418 747 in
432 726 530 747 omnes
544 719 599 747 late
611 723 703 754 partes
718 719 823 754 perlata
850 719 971 754 Agarcni
986 726 1032 746 oc.-

243 766 317 794 cidui
333 765 429 794 Iberia:
450 759 662 798 siuus‘ineohn,
683 764 794 793 Oceano
812 765 932 797 ﬁnitimi,
962 772 1032 800 quos

241 811 405 848 jampridem
426 815 531 838 mutata
562 810 684 838 nominis
697 810 880 846 appellatione
896 810 1031 845 Hispanos

244 862 353 889 vocant,
369 857 480 892 copiosa
493 857 564 884 aucti
578 856 720 884 hominum
735 856 921 889 multitudine,
937 863 1032 883 suum-

243 911 296 938 que
310 904 377 931 illud
392 902 553 939 Hesperium
570 902 643 930 latus
656 903 758 938 gracile
769 910 924 938 parumque
941 902 1031 929 fertile

243 957 276 977 uc
291 949 451 985 opulentum
479 949 640 981 sentientes,
667 949 711 975 cui
735 948 856 984 denique
881 948 1030 983 plurimum

242 997 277 1022 tle
291 996 340 1023 soli
357 996 481 1024 ubertate
491 1003 523 1023 ac
540 995 661 1023 bonitate
672 994 796 1027 deesset;
812 995 878 1030 quin
893 1002 921 1022 et
936 996 1031 1023 eodem

243 1043 311 1070 \itio
332 1043 459 1070 laborare
484 1042 644 1069 orientalem
663 1049 772 1076 quoque
795 1042 890 1069 Iberia:
905 1050 937 1070 ac
951 1043 1032 1070 meri-

242 1089 379 1116 dionalem
395 1089 500 1123 plagam
516 1096 523 1114 :
542 1095 598 1115 non
609 1088 682 1115 enim
695 1092 752 1115 tota
770 1088 848 1116 bonis
866 1092 946 1116 terra:
961 1088 1032 1116 do'i-

242 1135 293 1162 hus
306 1134 390 1170 pollet
405 1138 452 1161 aut
462 1134 530 1162 satis
547 1133 623 1161 ferax
641 1139 683 1161 est
695 1143 701 1161 ε
711 1135 825 1161 occidua
836 1139 928 1162 tamen
940 1135 1029 1170 plaga,

242 1181 282 1207 uti
297 1180 427 1212 diximus,
442 1180 547 1215 reliqua
561 1181 725 1215 squallidior
747 1184 790 1208 est
814 1182 961 1217 minusque
978 1181 1032 1217 74

242 1225 318 1254 ferax
336 1234 368 1254 ac
381 1226 520 1261 graeilior,
535 1226 651 1261 ideoque
666 1226 734 1262 ipsis
757 1227 863 1255 alendis
880 1235 912 1255 ac
931 1235 1031 1263 procu-

242 1274 337 1302 randis
350 1280 404 1301 non
424 1273 577 1305 suiliciens,
590 1273 664 1308 justa
677 1274 800 1308 corporis
815 1274 885 1301 mole
898 1275 1030 1309 przeditis,

241 1327 276 1348 ac
288 1327 359 1354 quos
376 1327 489 1347 necesse
512 1319 549 1346 sit
573 1324 745 1346 commeatus
759 1319 925 1347 abundantia
940 1320 1032 1348 adole-

241 1373 329 1397 scere.
345 1373 399 1394 non
416 1366 477 1401 ejus
491 1365 616 1400 penuria.
638 1365 671 1393 lii
689 1365 772 1401 igitur
788 1366 821 1393 ad
836 1366 1030 1401 Apochapsum

241 1412 330 1446 ειιιιιὶε
345 1418 535 1439 amerumnam
553 1411 715 1438 accedentes
733 1412 875 1446 rogabant,
901 1411 936 1438 Ut
959 1412 1032 1438 colo—

243 1458 316 1484 m'am
328 1457 396 1492 ipsis
411 1457 506 1484 ducere
520 1457 611 1484 liceret
626 1461 705 1491 atque
717 1456 771 1483 alio
782 1459 968 1493 commigrare,
986 1459 1031 1493 qui

242 1504 274 1530 ob
287 1503 486 1530 multitudinem
501 1508 612 1538 anguste
628 1503 777 1530 habitarent
788 1523 795 1535 ,
813 1512 843 1530 ac
860 1512 925 1538 quoa
943 1512 1031 1531 neces-

242 1549 378 1577 sariarum
400 1557 489 1577 rerum
518 1549 608 1584 inopia
628 1555 765 1584 premeret.
792 1549 921 1586 Princeps
936 1550 1028 1578 statim

1086 305 1277 339 ὲμπρησμοῖς,
1299 305 1433 339 σεισμοῖς,
1452 303 1602 339 ἁρπαγαῖς,
1620 298 1763 338 ἰμφιῆείοις
1789 312 1876 330 κατα.

1085 350 1211 386 δρομαῖς,
1235 351 1340 377 πόλεων
1361 350 1534 382 ἀνελπίστοις
1561 349 1733 385 μεταϐολαῖς,
1750 350 1876 385 σημείοις

1085 396 1115 429 ἐξ
1132 397 1260 433 οὐρανοῦ,
1278 397 1404 433 σημείοις
1423 397 1454 430 ἐξ
1471 397 1563 433 ἀέρος,
1589 396 1665 428 τέλος
1682 395 1729 423 καὶ
1754 398 1813 429 ταῖς
1828 406 1877 423 τα-

1085 443 1236 479 λαιπώροις
1252 444 1347 480 νήσοις
1361 441 1416 470 οἶόν
1431 452 1492 471 τινα
1508 443 1603 479 μέσην,
1626 443 1660 470 ἶν’
1677 443 1814 478 ὁλόσωμος
1832 443 1875 478 εἴη

1084 490 1229 526 ήπληγὴ,
1248 489 1386 525 ἐπέδραμε
1413 489 1447 517 τὰ
1471 490 1554 517 δεινά.
1577 490 1647 516 Ἀλλ’
1675 489 1725 520 οὐκ
1748 487 1783 525 ἦν
1810 498 1876 515 παι-

1083 537 1178 564 δεῦσαι
1191 537 1256 569 τοὺς
1281 537 1332 573 τὴν
1351 537 1526 573 θεάνορωπον
1548 537 1750 572 ὲξηρνημένους
1768 535 1877 572 μορφὴν

1085 584 1261 619 προσκυνεῖν.
1278 583 1361 610 Ὅθεν
1375 584 1437 619 ἀρτι
1449 583 1481 618 δὴ
1495 582 1542 609 τοῦ
1558 582 1629 610 κατὰ
1643 582 1689 609 τὸν
1710 582 1811 617 Θωμᾶν
1829 581 1878 617 ἀρ-

1085 629 1179 662 ξαντος
1187 629 1384 666 νεωτερισμοῦ,
1394 630 1456 656 επεὶ
1465 628 1551 656 ταῦτα
1563 628 1678 664 ἠκούετο
1691 629 1713 644 ⁷⁷
1724 627 1876 663 πανταχοῦ,

1082 676 1108 702 oi
1122 675 1169 702 τὸν
1191 674 1323 711 ,ἑσπέριον
1352 675 1452 702 κόλπον
1479 675 1529 710 τῆς
1550 674 1669 709 Ἰϐηρίας
1689 674 1728 709 τῷ
1756 673 1878 708 Ὠκεανῷ

1084 721 1272 755 γειτονοῦντες
1313 720 1460 757 ’Δγαρηνοὶ
1497 720 1691 752 κατοικοῦντες
1717 719 1878 755 (Ὶσπάνους

1082 767 1196 800 τούτους
1212 768 1226 794 ὸ
1244 767 1329 799 πολὺς
1345 767 1445 803 ῥεύσας
1471 766 1568 802 χρόνος
1594 765 1810 801 μετωνόμασεν),
1836 766 1878 798 εἰς

1083 814 1186 849 πλῆθος
1205 814 1339 849 σωμάτων
1352 814 1400 841 καὶ
1419 813 1548 849 εὐθηνίαν
1560 812 1608 840 τοῦ
1630 812 1726 847 γένους
1745 811 1879 847 ἐξηλακό-

1081 869 1137 893 τες,
1155 859 1204 895 τὴν
1216 861 1276 887 κατ’
1292 859 1391 892 αὐτοὺς
1404 860 1532 894 ἑσπέριον
1545 858 1667 895 πλευρὰν
1677 858 1782 894 λυπρὰν
1793 856 1877 885 οὖσαν

1084 907 1131 933 καὶ
1145 906 1264 942 μετρίως
1277 906 1426 941 εὐδαίμονα
1436 905 1563 941 ὁρῶντες,
1581 905 1628 932 καὶ
1642 904 1807 940 λειπομένην
1826 904 1877 940 μὲν

1083 953 1133 988 τῆς
1158 952 1227 988 πρὸς
1242 952 1294 988 γῆν
1309 952 1413 987 ἀρετῆς
1437 952 1486 979 καὶ
1505 951 1634 986 ἀφθονίας
1653 951 1724 978 κα.τά
1739 951 1816 983 πολὺ,
1834 952 1877 977 ὲν-

1083 999 1199 1026 δέουσαν
1214 999 1242 1025 δὲ
1254 998 1300 1025 καὶ
1314 998 1383 1034 πρὸς
1395 998 1461 1025 αὐτὸ
1476 998 1556 1025 τοῦτο
1568 998 1592 1014 ’⁸
1606 997 1673 1032 ὲῷον
1688 997 1738 1032 τῆς
1756 996 1876 1033 Ἰϐηρίας

1083 1045 1131 1071 καὶ
1147 1045 1233 1072 νότιον
1258 1044 1299 1080 (οὺ
1317 1044 1371 1080 γὰρ
1385 1044 1479 1072 ἅπασα
1505 1044 1574 1079 πρὸς
1598 1044 1690 1070 πᾶσαν
1704 1042 1757 1078 γῆς
1775 1042 1877 1078 ἀρετὴν

1083 1089 1225 1124 ἐπιτηδεία
1244 1090 1292 1116 καὶ
1305 1088 1432 1124 εὔφορος,
1448 1087 1517 1115 ἀλλά
1529 1088 1559 1115 τὺ
1572 1088 1622 1123 τῆς
1646 1086 1776 1122 ἑσπερίου
1794 1085 1877 1112 πλευ-

1083 1136 1143 1172 ρᾶς,
1170 1135 1209 1168 ὡς
1229 1136 1348 1171 είρηται,
1363 1135 1505 1170 αὐχμηρόν
1520 1143 1549 1160 τε
1567 1133 1615 1161 καὶ
1643 1133 1811 1170 λυπρότερον
1826 1132 1877 1167 τῆς

1082 1181 1200 1218 λοιπῆς),
1214 1182 1262 1209 καὶ
1270 1182 1400 1216 διὰμοῦτο
1410 1181 1472 1208 οὔτε
1485 1181 1596 1217 τρέφειν
1612 1180 1764 1215 δυναμένης
1775 1179 1877 1210 αὐτοὺς

1082 1230 1131 1256 καὶ
1149 1229 1260 1256 διοικεῖν
1277 1229 1377 1264 ἀνδρας
1394 1228 1518 1263 σώμασιν
1540 1227 1704 1263 εὐμεγέθεσι
1717 1226 1876 1262 χρωμένους

1082 1275 1130 1302 καὶ
1143 1275 1254 1309 ἀγαθῶν
1263 1275 1379 1310 εὑφορῐᾳ
1389 1274 1446 1301 ἀλλ’
1459 1274 1510 1300 οὐκ
1525 1272 1615 1308 ἐνδείᾳ
1628 1272 1827 1307 αὐξανομένους
1838 1270 1872 1303 ’⁹,

1081 1319 1154 1350 οὗτοι
1170 1322 1235 1357 γοῦν
1249 1321 1446 1357 προσελθόντες
1468 1320 1594 1355 Ἀπόχαψ
1608 1320 1647 1356 τῷ
1669 1319 1774 1346 ἑαυτῶν
1787 1319 1876 1353 ἁμερ-

1083 1371 1192 1405 μουμνῇ
1200 1369 1343 1396 ἀποικίαν
1351 1367 1416 1395 τινὰ
1426 1367 1474 1394 καὶ
1484 1366 1771 1402 γῆςμετανάστασιν
1781 1364 1877 1399 ᾔτουν

1081 1415 1185 1448 αὐτοῖς
1211 1415 1363 1450 γενέσθαι,
1390 1412 1499 1447 πλήθει
1523 1421 1555 1439 τε
1581 1409 1877 1446 στενοχωρουμένας

1082 1462 1130 1489 καὶ
1148 1461 1322 1496 ἀναγκαίων
1338 1460 1449 1488 σπάνει
1473 1458 1668 1494 πιεζομένοις.
1698 1457 1728 1483 ὐ
1744 1457 1772 1483 δὲ
1795 1455 1887 1497 πλοῖά.

1081 1517 1141 1535 τινα
1153 1507 1338 1538 ἐπισκευάσας
1355 1506 1459 1542 μακρὰ,
1471 1505 1520 1532 καὶ
1531 1504 1647 1540 δύναμιν
1663 1504 1714 1530 οὐκ
1731 1503 1825 1537 ὀλίγην
1846 1501 1876 1535 ἐξ

1081 1554 1171 1581 αὐτῶν
1184 1552 1287 1580 τούτων
1295 1552 1459 1588 ἐμϐιϐάσας,
1476 1552 1522 1579 ἐπὶ
1533 1551 1661 1589 λῃστείαν
1675 1550 1754 1583 τέως,
1769 1548 1870 1575 λανθά-

243 1596 352 1632 magnis
366 1596 507 1624 instructis
520 1596 637 1624 navibus
652 1596 788 1632 justisque
803 1595 843 1625 eis
862 1597 949 1632 copiis
975 1597 1028 1625 im-

1083 1608 1178 1627 νουσαν
1197 1600 1267 1635 ἔχων
1284 1599 1332 1635 τὴν
1349 1599 1464 1631 ἔννοιαν,
1480 1598 1534 1625 τῶν
1547 1598 1663 1634 πρὸς,τῇ
1675 1597 1712 1631 ἕῳ
1738 1595 1875 1631 κειμένων

242 1642 351 1678 positis,
369 1643 457 1670 celato
477 1643 568 1670 adhuc
585 1642 711 1674 consilio,
731 1643 764 1670 ad
778 1642 898 1671 Orientis
913 1643 1027 1675 insulas,

241 1697 304 1725 qua:
317 1695 419 1718 nostrae
441 1689 554 1717 ditionis
568 1694 658 1723 erant,
678 1689 787 1716 interim
802 1689 951 1724 praedatum
963 1689 1030 1716 edu-

240 1736 289 1769 cit,
308 1739 366 1763 tum
382 1735 502 1763 subditis
518 1742 575 1762 rem
588 1739 693 1770 gratam
710 1735 895 1770 praestiturus,
911 1743 1028 1770 quorum

241 1780 420 1816 cupiditatem
441 1780 539 1808 alienis
556 1781 657 1815 opibus
676 1781 800 1813 satiaret,
826 1785 883 1808 tum
896 1781 964 1809 adeo
979 1788 1029 1808 ex-

247 1829 405 1864 ploraturus
423 1837 488 1856 num
513 1836 574 1863 quae
597 1828 680 1856 fertili
703 1829 762 1856 solo
777 1836 809 1856 ac
828 1829 920 1864 opimo
939 1828 1029 1856 insula

240 1879 408 1908 occurreret,
433 1875 462 1902 in
479 1882 561 1910 quam
586 1875 729 1902 commode
752 1882 864 1902 suorum
893 1874 1029 1902 coloniam

241 1921 364 1949 duceret.
381 1920 530 1956 Postquam
548 1920 631 1955 igitur
648 1920 681 1947 ad
696 1920 798 1948 multas
812 1919 917 1948 insulas
931 1919 1029 1955 appul-

240 1975 289 1995 sus
305 1967 443 1995 neminem
458 1967 510 1994 sibi
532 1966 706 1994 resistentem
719 1966 872 2001 majoresve
883 1971 929 1994 aut
940 1967 1030 1993 miuo~

240 2023 286 2044 res
302 2022 386 2042 naves
401 2018 584 2049 opponentem
608 2013 712 2042 invenit
738 2014 846 2050 (omnes
867 2014 938 2041 enim
953 2014 1028 2041 omni

240 2062 343 2089 orbata:
358 2060 486 2096 praesidio
516 2064 605 2092 erant,
620 2067 653 2087 eo
668 2060 744 2095 quod
760 2060 851 2087 omnis
867 2060 965 2087 classis
983 2067 1029 2087 ca-

239 2114 301 2135 rum
315 2106 442 2142 prazsidio
459 2106 609 2132 constituta
622 2104 761 2139 suppetias
774 2104 886 2133 Thoma:
897 2105 1029 2134 adversus

239 2152 345 2186 Cpolim
369 2149 568 2184 adnavigarat),
593 2149 751 2184 ingentique
767 2149 857 2184 praeda
885 2157 917 2177 ex
935 2151 1028 2178 omni-

239 2197 304 2228 bus,
320 2196 354 2223 ad
373 2203 443 2231 quas
468 2195 602 2230 appulsus
620 2194 720 2228 fuerat,
747 2195 846 2223 insulis
865 2197 978 2231 potitus,
999 2197 1027 2224 in

239 2242 348 2269 Cretam
364 2248 473 2276 quoque
494 2241 578 2273 venit,
594 2248 677 2275 quam
702 2240 875 2275 depraedatus
892 2249 924 2270 ac
942 2250 1028 2278 popu-

1083 1648 1173 1683 νήσων
1195 1646 1242 1674 καὶ
1264 1645 1409 1682 ἡμετέρων
1420 1644 1610 1680 τυγχανόντων
1635 1643 1781 1678 ἐτράπετο,
1806 1639 1876 1676 ὁμοῦ

1085 1692 1134 1729 μὲν
1150 1693 1179 1719 τὺ
1194 1693 1287 1724 αὐτοῖς
1303 1691 1524 1727 ὲπιθυμούμενον
1536 1689 1681 1725 ἐκπληρῶν
1699 1689 1747 1716 καὶ
1769 1688 1802 1714 ἐκ
1819 1686 1876 1713 τῶν

1083 1740 1233 1776 ἀλλοτρίων
1248 1739 1361 1770 τούτους
1374 1738 1589 1774 προσκορεννὺς,
1601 1736 1668 1771 ὁμοῦ
1693 1736 1721 1763 δὲ
1737 1742 1876 1762 κατασκε-

1083 1787 1201 1822 ψόμενος
1214 1786 1237 1802 ³⁸
1251 1785 1278 1812 εἴ
1295 1794 1338 1817 τις
1364 1785 1439 1812 ἐστιν
1455 1784 1541 1816 οὕτως
1563 1783 1677 1818 εὔφορος
1705 1782 1760 1809 τῶν
1785 1781 1877 1815 νήσων

1084 1834 1131 1860 καὶ
1145 1832 1248 1869 λιπαρά
1263 1833 1303 1864 εἰς
1317 1832 1456 1867 μετοικίαν
1471 1831 1568 1858 αὐτῶν.
1587 1829 1628 1865 [Ρ.
1641 1828 1686 1864 47]
1711 1828 1787 1854 Ἐπεὶ
1808 1827 1876 1862 γοῦν

1083 1879 1196 1911 πολλαῖς
1215 1879 1269 1906 τῶν
1295 1879 1385 1914 νήσων
1401 1877 1560 1913 πλησιάζων
1575 1876 1621 1903 τὸν
1638 1874 1876 1909 ἀντιπαραταττό-

1085 1934 1165 1961 μενον
1186 1924 1277 1961 μικρῷ
1301 1924 1318 1960 ῆ
1346 1924 1457 1959 μεγάλῳ
1480 1922 1564 1958 πλοίῳ
1582 1922 1631 1956 οὐχ
1647 1920 1773 1957 εὕρισκεν
1796 1920 1875 1955 (ἐχη-

1085 1971 1182 2008 ροῦντο
1193 1970 1249 2006 γὰρ
1263 1971 1350 1997 πᾶσαι
1366 1970 1415 2003 τῆς
1433 1968 1524 1995 αὐτῶν
1554 1967 1692 2003 βοηθείας,
1715 1965 1777 2001 ἄρτι
1801 1964 1875 1991 κατά

1082 2018 1133 2053 τῆς
1150 2015 1463 2045 Κωνσταντινουπόλεως
1476 2013 1666 2049 ὲκϐοηθουσῶν
1676 2012 1723 2038 καὶ
1734 2010 1875 2037 πλεουσῶν

1085 2063 1156 2100 μετά
1180 2062 1227 2090 τοῦ
1243 2061 1351 2097 Θωμᾶ).
1371 2060 1492 2095 μεγάλας
1508 2060 1536 2086 δὲ
1561 2058 1694 2093 ὠφελείας
1712 2058 1743 2084 ἐκ
1768 2055 1874 2088 πασῶν,

1084 2107 1130 2140 αἶς
1143 2107 1191 2135 καὶ
1208 2105 1413 2143 προσώρμιζεν,
1428 2104 1583 2139 ὲκαρποῦτό
1596 2112 1625 2129 τε
1644 2102 1690 2130 καὶ
1708 2101 1874 2137 ἐλάμϐανεν,

1082 2153 1134 2191 ἧκε
1150 2154 1197 2181 καὶ
1213 2153 1280 2188 πρὸς
1291 2152 1354 2183 τοὺς
1367 2152 1388 2177 Κ
1394 2151 1527 2187 ρηταιεῖς,
1541 2151 1588 2177 καὶ
1605 2149 1719 2181 τούτους
1734 2147 1874 2183 καταδρα-

1084 2201 1143 2234 μὼν
1163 2200 1210 2226 καὶ
1232 2198 1308 2225 λείαν
1331 2197 1449 2233 ποιήσας
1472 2197 1519 2223 καὶ
1534 2195 1813 2232 ἀνδραποδισάμενος,
1836 2193 1875 2225 ὥς

1083 2247 1157 2283 ἐνῆν,
1173 2246 1220 2273 καὶ
1234 2244 1366 2272 πάντοθεν
1379 2242 1547 2279 καταμαθὼν
1560 2243 1609 2278 τὴν
1626 2242 1675 2277 τῆς
1695 2242 1745 2276 γῆς
1762 2240 1875 2276 ἀρετὴν,

240 2287 314 2315 latus
327 2291 460 2322 quantum
486 2286 512 2314 ei
536 2286 645 2319 licebat.
668 2294 730 2314 cum
745 2287 820 2314 omni
836 2294 869 2315 ex
883 2293 961 2323 parte
976 2290 1029 2317 soli

1085 2294 1131 2320 καλ⁴
1147 2292 1205 2324 πῶς
1223 2291 1266 2326 εἴη
1288 2291 1355 2326 πρὸς
1369 2291 1461 2318 πᾶσαν
1479 2289 1559 2325 χάριν
1572 2289 1619 2315 καὶ
1633 2287 1745 2322 ἀγαθῶν
1758 2287 1875 2323 εὔφορος

241 2333 391 2363 bonitatem
408 2332 643 2368 deprehendisset,
654 2337 682 2361 et
696 2338 865 2369 quantopere
876 2335 909 2362 ad
921 2343 1031 2363 omnem

240 2384 413 2408 venustatem
436 2379 601 2414 frugumque
626 2380 780 2408 ubertatem
807 2380 907 2409 fertilis
936 2386 1030 2409 esset:

241 2427 293 2461 En,
308 2427 356 2460 ait,
376 2435 429 2453 non
450 2430 489 2453 est
503 2426 559 2452 Ilaec
576 2425 633 2452 alia
645 2434 726 2461 quam
742 2431 813 2452 terra
826 2426 911 2461 ﬂuens
927 2426 995 2454 lacte
1007 2431 1032 2454 et

241 2473 328 2500 nulle.
343 2472 382 2499 Ac
395 2477 451 2499 tum
464 2471 575 2506 quidem
586 2471 703 2498 navibus
717 2471 808 2498 omnis
820 2472 929 2506 generis
940 2472 1031 2506 praeda

240 2519 361 2546 oneratis
378 2518 431 2554 75
449 2518 560 2545 domum
576 2517 674 2550 rediit;
703 2524 885 2553 reversusque
909 2519 1028 2546 validam

239 2571 274 2591 ac
290 2563 425 2598 ingentem
440 2563 555 2590 classem
572 2562 692 2589 instruit.
708 2562 829 2590 Exeunte
842 2570 925 2598 porro
941 2564 1031 2591 hieme

240 2616 360 2644 vereque
382 2609 503 2639 ineunte,
528 2608 707 2643 quadraginta
725 2609 835 2636 navium
850 2610 939 2637 classe
954 2610 1032 2637 belli-

241 2655 317 2683 cosis
353 2653 510 2682 hominibus
548 2658 680 2685 onerata.
716 2659 881 2690 captatoque
909 2656 1031 2684 secundo

241 2707 334 2733 vento,
353 2706 427 2728 recta
447 2701 475 2728 in
491 2701 612 2733 Cretam,
641 2701 701 2728 aliis
726 2701 825 2737 spretis
842 2702 951 2734 insulis,
966 2710 1032 2730 cou-

242 2748 338 2776 tendit.
352 2747 412 2775 1am
425 2755 489 2783 ergo
505 2748 637 2783 appulsus
648 2753 718 2781 erat,
728 2753 754 2776 et
766 2747 799 2775 ad
810 2749 1030 2783 promontorium

241 2795 315 2830 quod
332 2796 480 2823 Characem
507 2800 607 2823 vocant
630 2802 793 2823 exsceusum
822 2794 934 2824 fecerat.
961 2795 1030 2823 Cum

1084 2339 1225 2373 ἀφθονίαν,
1253 2337 1354 2369 Τοῦτο,
1370 2337 1433 2372 ἔφη,
1451 2336 1489 2370 in";
1509 2336 1565 2363 οὐκ
1584 2335 1664 2368 ἄλλη
1684 2334 1703 2368 ἢ
1718 2334 1736 2368 ἡ
1758 2333 1877 2368 ῥέουσα

1080 2385 1151 2420 μέλι
1167 2384 1215 2411 καὶ
1234 2383 1321 2419 γάλα.
1350 2383 1404 2410 Καὶ
1421 2382 1481 2409 τότε
1500 2381 1551 2417 μὲν
1567 2380 1702 2407 παντοίων
1727 2380 1877 2415 γενόμενος

1083 2431 1196 2466 ἀγαθῶν
1208 2432 1229 2447 ⁸¹
1249 2430 1336 2466 ἀπῄει
1349 2430 1399 2466 τὴν
1414 2429 1516 2462 οἴκαδε,
1532 2430 1579 2456 καὶ
1594 2428 1667 2463 πάσῃ
1685 2427 1757 2462 χειρὶ
1776 2427 1825 2454 καὶ
1835 2426 1878 2453 δυ-

1083 2478 1163 2513 νάμει
1177 2477 1303 2505 ναυτικὸν
1313 2476 1446 2512 ἐξὴρτυεν
1458 2485 1464 2491 ·
1478 2475 1515 2507 ὡς
1526 2475 1548 2502 δ’
1560 2475 1573 2501 ὀ
1583 2473 1687 2510 χειμὼν
1702 2472 1878 2500 ἐτετελείωτο

1085 2523 1133 2551 καὶ
1142 2523 1173 2550 τὸ
1187 2523 1237 2558 ἔαρ
1247 2523 1421 2557 ὑπέλαμπεν,
1433 2522 1636 2557 τεσσαράκοντα
1649 2518 1796 2555 πληρώσας
1810 2519 1878 2552 ναῦς

1086 2569 1192 2604 ἀνδρῶν
1207 2568 1334 2604 μαχίμων
1357 2569 1404 2594 καὶ
1423 2565 1575 2602 ἐπιτήδειον
1590 2566 1690 2599 ἄνεμον
1705 2566 1879 2601 ἐπιτηρήσας

1083 2616 1134 2652 τὴν
1151 2615 1198 2642 ἐπὶ
1226 2616 1340 2650 Κρήτην
1365 2614 1506 2641 ἐστέλλετο
1531 2612 1703 2647 εὐθυπορῶν,
1721 2612 1771 2643 τὰς
1793 2612 1879 2643 ἄλλας

1084 2662 1139 2689 τῶν
1153 2662 1243 2697 νήσων
1256 2661 1370 2695 θέμενος
1385 2661 1425 2691 εἰς
1440 2659 1528 2685 οὐδέν.
1545 2659 1623 2693 Ἀρτι
1634 2658 1699 2692 γοῦν
1714 2658 1877 2692 ἐπλησίαζε,

1086 2706 1132 2732 καὶ
1151 2705 1190 2740 τῷ
1205 2704 1372 2740 ἀκρωτηρίῳ
1387 2703 1426 2738 τῷ
1443 2703 1552 2738 Χάρακι
1568 2703 1729 2738 καλουμένῳ
1742 2703 1879 2738 κατήγετό

1085 2759 1115 2778 τε
1130 2751 1177 2778 καὶ
1200 2748 1419 2785 προσωρμίζετο.
1447 2748 1492 2780 Ὠς
1513 2748 1538 2775 δ’
1554 2748 1629 2774 οὐδὲν
1655 2747 1718 2774 οὒτε
1739 2748 1811 2775 κατά
1828 2749 1879 2784 τὴν

1085 2797 1252 2832 καταγωγὴν
1266 2795 1329 2823 οὕτε
1345 2796 1417 2823 κατὰ
1440 2796 1490 2830 τὴν
1508 2794 1644 2822 ἀπόϐασιν
1660 2795 1746 2829 ἐφάνη
1769 2795 1879 2828 τούτοις

895 2853 1012 2882 νΑἰὶΙίΕ
1036 2855 1239 2883 LECTIONES.

283 2903 305 2918 "
319 2902 435 2939 ἥκουστο
448 2909 543 2939 margo
558 2901 682 2939 Combcf.
720 2903 741 2919 ⁷⁸
759 2901 846 2937 τοῦτο]
862 2901 904 2928 τὴν
945 2903 965 2918 7“
984 2902 1150 2939 αἰλξπιμὲνους
1167 2901 1196 2931 Ρ.
1236 2903 1257 2919 ⁵³
1275 2901 1518 2937 κατασκγζιὰμενος
1532 2899 1563 2928 Ρ-

242 2937 389 2974 πιπληκὼς
400 2937 518 2977 ἀγαθῶν
525 2937 675 2965 Cedrcnus.

1609 2900 1630 2916 ⁶¹
1642 2899 1686 2927 τὶν
1708 2900 1800 2927 στόλον
1823 2902 1860 2937 ἐμ
1867 2917 1875 2922 -
