2011 3156
181 232 183 237 ι
220 213 258 244 95
774 209 981 240 THEOPHAN
985 209 1030 240 ES
1042 208 1323 239 CONTINUATUS.
1829 205 1866 236 96

218 269 305 298 etiam
322 274 355 294 ex
386 266 433 294 illo
456 271 580 300 tempore
606 265 734 293 roborata
758 266 904 301 multiceps
929 266 1014 302 hydra

1071 265 1245 306 διαμείνασαν
1261 263 1448 299 πολυκέφαλον
1465 262 1559 297 ὕδραν.
1575 263 1664 288 ἐκεῖσε
1680 262 1729 289 καὶ
1743 261 1863 296 ἀλλαχοῦ

222 313 383 346 duraverit;
416 319 479 346 qua
500 319 564 339 cum
595 311 631 338 ibi
659 311 778 346 aliisque
811 311 878 340 locis
911 319 1020 346 semper

221 359 419 391 exscindatur,
451 358 513 386 aliis
548 358 664 385 subinde
710 358 846 393 germinat
884 366 918 386 ac
950 359 1023 387 revi-

223 413 238 433 r
248 406 316 433 scit.

258 452 303 479 26.
321 451 479 479 Secundum
497 452 555 479 haec
575 452 617 479 vir
631 451 745 486 quidam
764 451 804 479 rei
825 452 957 479 militaris
972 460 1022 487 ap-

216 499 315 534 .prime
343 507 447 534 gnarus
470 498 678 533 prudentiaque
697 505 731 525 ac
752 499 912 533 sagacitatis
932 498 1022 527 laudis

177 568 179 574 ι
225 553 280 572 non
289 552 397 579 expers,
405 548 588 579 cognomento
597 543 751 580 Ooryplias,
760 544 1020 580 imperator-isiussu

228 591 380 619 exercitum
395 590 479 626 cogit,
490 590 745 626 Quadragensrium
760 595 826 618 tunc
840 590 1020 625 appellatum,

228 638 301 673 quod
310 637 491 672 quadraginta
503 636 579 664 aurei
590 636 617 664 in
629 636 751 672 singulos
765 636 904 664 distributi
916 641 1020 664 essent.

229 684 257 712 ls
271 684 341 712 alias
355 691 465 719 quaque
481 683 598 716 insulas,
620 690 690 718 quas
717 683 758 710 illi
787 683 888 718 exiguo
904 689 1021 710 numero

229 730 382 766 paucisque
410 730 515 757 colonis
533 729 674 761 tenebant,
704 729 847 762 invadens,
864 729 1020 764 partimque

224 776 323 803 locatis
351 775 460 802 insidiis
475 775 572 808 partim
591 774 686 809 praelia
717 781 896 809 congressus,
919 775 1022 808 Agere-

226 828 279 848 nos
301 821 329 847 in
359 820 400 848 eis
428 819 615 846 internecione
635 818 736 846 delevit
756 826 789 847 ac
799 819 921 846 sustulit.
942 818 1020 846 Hanc

224 874 297 898 vero,
326 866 358 893 de
383 874 435 901 qua
459 866 532 892 nobis
545 873 630 892 sermo
663 870 701 892 est
727 865 764 901 (id
781 869 822 893 est
843 865 964 900 Cretam)
985 867 1020 893 ai

225 921 284 944 nos,
310 917 338 940 stt
375 912 490 944 videtur,
517 912 560 939 lue
580 914 629 939 hac
657 912 822 939 liberandam
857 913 1017 940 transmisit.

1079 312 1128 347 μὲν
1143 311 1369 347 ἀποτεμνομένην
1382 310 1436 342 ἀεὶ,
1448 309 1649 337 ἀιλαθάλλουσαν
1663 308 1690 335 δὲ
1707 308 1835 343 ἀλλαχοῦ.

1110 448 1167 482 κε’.
1188 448 1266 476 Μετὰ
1280 448 1308 475 δὲ
1330 448 1416 475 ταῦτα
1431 449 1500 484 ἀνήρ
1517 456 1560 480 τις
1578 449 1779 484 στρατιωτικῆς
1800 449 1864 475 πεί-

1076 503 1138 530 ρας,
1165 495 1234 530 πρὸς
1264 495 1292 522 δὲ
1316 495 1365 521 καὶ
1386 495 1544 530 φρονήσεως
1574 495 1621 521 καὶ
1647 495 1788 530 ἀγχινοίας
1812 495 1864 522 οὐκ

1074 541 1200 577 ἄμοιρος,
1223 538 1254 568 οὗ
1276 541 1306 567 τὸ
1331 540 1476 576 ἐπώνυμον
1496 540 1642 577 Ὠορύφας,
1669 541 1784 576 στρατόν
1803 550 1864 568 τινα

1072 586 1204 622 ἀθροίσας
1217 587 1263 613 τὸν
1276 586 1326 623 [Ρ.
1341 585 1388 622 5i]
1402 588 1668 621 τεσσαρακοντάριον
1687 588 1747 614 τότε
1763 588 1864 615 καλού-

1074 641 1155 668 μενον
1166 632 1309 669 βασιλικῆς
1320 633 1353 659 ὲκ
1362 632 1547 668 προστάξεως,
1560 633 1593 660 ὲκ
1604 633 1652 660 τοῦ
1665 633 1864 670 διανεμηθῆναι

1072 679 1165 710 αὐτοῖς
1188 678 1241 705 ἀνά
1262 679 1469 713 τεσσαράκοντα
1493 679 1641 714 χρυσίνων,
1656 680 1707 712 τάς
1732 688 1762 706 τε
1778 680 1865 713 ἄλλας

1071 725 1187 760 νήσους,
1214 721 1259 756 αἶς
1279 719 1573 760 ὀλίγιστοιὲφέροντο,
1601 725 1789 761 κατατρέχων,
1815 727 1864 754 καὶ

1071 771 1126 802 τοῖς
1145 769 1194 805 μὲν
1217 770 1312 806 λόχους
1323 771 1445 805 ἐπάγων,
1460 772 1516 802 τοῖς
1534 770 1562 797 δὲ
1576 770 1624 798 καὶ
1638 771 1763 807 φανερῶς
1784 773 1865 799 πολε-

1072 817 1142 852 μῶν,
1155 817 1338 853 ἑξωλόθρευσὲ
1352 826 1382 844 τε
1396 818 1443 844 καὶ
1457 818 1582 854 ἀπωλείᾳ
1596 818 1773 854 παρέδωκεν·
1791 820 1865 847 Ταύ-

1070 871 1127 896 την
1136 863 1159 879 "
1173 862 1218 895 δὲ,
1232 863 1272 896 ὡς
1283 864 1392 897 ἔοικεν,
1404 864 1602 899 παρέπεμψεν
1612 867 1655 898 είς
1668 865 1756 900 ἡμᾶς.
1776 867 1865 894 Ἀλλὰ

1069 909 1106 936 τὰ
1120 908 1180 943 μὲν
1189 909 1255 943 περὶ
1269 908 1366 943 αὐτῆς
1381 909 1443 942 Θεῷ
1457 909 1579 943 πάντως
1585 910 1724 945 μελήσει,
1733 911 1866 946 puderet

228 958 295 991 Qua:
318 967 398 993 porro
416 958 492 985 illum
510 963 641 991 spectant,
666 959 772 985 omnino
801 957 906 984 curabit
931 960 1019 985 Deus:

1071 953 1106 980 δὲ
1121 954 1171 981 καὶ
1194 954 1268 989 ἡμῖν
1292 955 1355 988 τοῖς
1370 956 1486 990 νύκτωρ
1509 956 1558 982 καὶ
1581 957 1646 992 μεθ’
1674 957 1787 993 ἡμέραν
1806 958 1866 993 τὴν

227 1006 274 1032 sed
289 1011 313 1032 et
328 1006 401 1032 nobis
411 1013 483 1032 cura:
494 1006 555 1035 erit,
570 1013 684 1040 quorum
698 1005 802 1031 animos
813 1004 871 1038 eius
882 1005 1021 1032 vindican-

225 1049 268 1077 ἄιε
278 1049 428 1077 sollicitudo
441 1050 487 1076 diu
502 1055 634 1084 noctuque
650 1049 755 1077 dicunt
772 1058 804 1076 ac
815 1050 932 1084 conﬁcit.

262 1096 305 1123 27.
326 1096 428 1124 Eodem
444 1100 568 1130 tempore
591 1095 762 1131 Euphemius
776 1097 889 1131 quidam
907 1098 933 1124 in
952 1096 1022 1125 Sici-

227 1142 264 1169 lia
277 1142 404 1170 tribunus
429 1142 544 1176 virginis
557 1142 701 1177 cujusdam
718 1143 744 1170 in
758 1143 884 1171 coenobio
905 1144 1022 1179 agentis,

228 1187 354 1221 olimque
377 1187 404 1213 in
418 1193 453 1214 co
468 1192 599 1221 suscepto
612 1187 748 1222 religiosae
775 1187 958 1216 institutionis
973 1189 1023 1216 ha-

228 1232 288 1259 bitu
308 1233 450 1264 merentis,
465 1240 560 1259 amore
571 1233 730 1267 corripitur,
745 1233 939 1268 explendaeque
956 1234 1020 1261 libi-

229 1279 303 1308 dinis
334 1279 435 1314 ingenti
461 1279 600 1308 desiderio
628 1280 764 1314 copulatis
784 1289 845 1308 cum
872 1289 904 1308 ea
918 1281 1022 1316 nuptiis

229 1326 400 1354 accenditur.
414 1326 493 1359 Quod
508 1333 573 1353 vero
582 1327 738 1361 exemplum
754 1327 826 1354 haud
842 1327 937 1360 procul
951 1333 1021 1361 erat,

223 1379 284 1399 rem
299 1371 435 1406 ejusmodi
464 1371 536 1400 nihil
552 1377 649 1400 vetans
674 1377 722 1401 aut
749 1373 784 1400 ab
810 1380 845 1401 eo
868 1374 1020 1406 dcterrens.

226 1418 285 1452 ipse
299 1418 355 1453 82
372 1418 502 1445 nimirum
520 1417 638 1445 Michael
652 1417 727 1454 (nam
744 1423 770 1446 et
789 1419 845 1452 ille,
863 1420 902 1447 uti
917 1419 1020 1448 dictum

227 1469 280 1495 cst,
296 1463 388 1492 simile
400 1464 508 1492 facinus
519 1472 606 1499 nuper
633 1465 829 1499 perpetraret),
858 1466 990 1500 virginem
1005 1474 1022 1494 ο

228 1510 396 1537 monasterio
422 1515 528 1545 raptam
548 1511 663 1538 invitam
683 1511 717 1538 ad
742 1519 772 1539 se
800 1512 940 1540 subducit.
965 1512 1021 1541 Ad-

228 1559 296 1583 eunt
310 1556 403 1591 itaque
416 1555 577 1584 Michaelem
594 1557 708 1593 virginis
717 1558 850 1593 germani,
860 1563 1022 1594 gestumque

229 1601 321 1629 scelus
333 1603 520 1637 expostulent.
550 1602 620 1630 Tum
639 1603 791 1638 imperator
820 1603 924 1632 Sicilia:
949 1613 1018 1640 prae-
1032 1615 1054 1647 ρ

228 1647 281 1675 tori
309 1649 432 1682 mandat,
450 1650 582 1685 siquidem
597 1658 686 1677 verum
701 1659 745 1678 eos
771 1653 870 1678 crimen
890 1653 1020 1680 detulisse

227 1695 395 1728 compererit,
414 1694 477 1730 legis
505 1696 533 1722 in
557 1703 617 1722 eum
640 1697 726 1731 rigore
753 1696 900 1730 Euphemio
925 1706 1019 1725 nasum

227 1740 380 1767 abscindat.
397 1740 565 1775 Eupllemius
582 1749 647 1769 vero
661 1742 707 1770 ubi
721 1743 842 1774 rescivit,
871 1739 1019 1779 secumque

225 1786 289 1820 jure
307 1788 441 1822 agendum
455 1792 584 1822 reputans
596 1796 630 1816 ac
644 1789 819 1823 imperatoris
846 1790 912 1818 iram
930 1791 1018 1818 refor-

231 1833 350 1866 midans,
364 1834 460 1862 ascitis
469 1835 496 1862 in
508 1834 726 1869 coniurationem
736 1841 792 1863 tum
803 1836 828 1864 ei
841 1837 1018 1866 militantium

226 1887 311 1907 manu
321 1885 378 1908 tum
395 1881 537 1909 nonnullis
550 1882 612 1910 aliis
627 1883 754 1915 tribunis,
767 1887 912 1918 pratorcm
923 1885 951 1912 in
967 1886 1020 1913 hoc

230 1926 386 1954 venientem
401 1932 430 1954 ut
442 1934 539 1962 pcenas
556 1928 590 1955 ab
608 1935 641 1955 eo
654 1933 820 1963 reposceret,
831 1929 894 1964 luga
907 1929 1018 1962 delusit,

227 1974 307 2004 atque
319 1970 353 1998 ad
368 1970 468 1999 Africae
485 1979 709 1999 ameramnunem
729 1971 863 2008 confugit,
880 1974 1019 2008 pollicitus

227 2022 338 2043 omnem
353 2023 383 2044 se
395 2016 434 2044 illi
449 2017 572 2045 Siciliam
595 2018 784 2052 subiecturum
799 2026 832 2046 ac
849 2020 952 2054 grande
967 2020 1019 2047 tri-

229 2062 327 2089 butum
343 2062 512 2096 soluturum,
528 2064 550 2091 si
566 2065 648 2091 ntodo
665 2065 687 2092 is
705 2065 730 2092 ei
746 2065 902 2100 imperiales
915 2066 1018 2095 infulas

228 2115 381 2143 nomenque
396 2109 515 2136 deferret
530 2110 730 2146 nonnullasque
758 2111 853 2146 copias
871 2112 936 2139 belli
949 2113 1017 2140 sub-

228 2152 299 2180 sidio
327 2153 562 2181 subministraret.
595 2154 673 2183 Facit
700 2155 757 2188 ille,
778 2164 811 2184 ac
832 2157 1018 2186 Romanorum

227 2197 418 2232 imperatorem
430 2199 563 2227 acclamat
571 2208 579 2233 ;
586 2203 934 2237 numerosoqueassignato
941 2211 1020 2232 exer-

227 2242 284 2269 citu
300 2243 374 2271 illius
387 2243 473 2278 ipsius
481 2252 565 2279 opera
580 2244 682 2274 Siciliae
694 2254 807 2282 compos
817 2248 949 2282 elIicitur;
968 2257 1018 2278 uec

1070 1000 1176 1036 ψυχὴν
1192 1001 1370 1029 δαπανῶσιν
1384 1002 1461 1036 ὑπὲρ
1475 1001 1580 1036 αὐτῆς.

1108 1090 1160 1124 κζ’.
1179 1091 1259 1118 Κατὰ
1269 1092 1297 1119 δὲ
1311 1092 1356 1120 τὸν
1368 1092 1450 1120 αὑτὸν
1464 1093 1561 1128 καιρὸν
1576 1093 1721 1130 Εὑφήμιός
1735 1103 1778 1127 τις
1793 1095 1865 1123 ms

1070 1138 1121 1172 τὴν
1144 1138 1269 1165 Σικελίαν
1303 1139 1484 1175 τουρμάρχης
1515 1139 1601 1166 τελῶν
1624 1140 1762 1176 παρθένου
1791 1141 1865 1174 τινος

1072 1184 1128 1219 ἦρα
1149 1184 1329 1220 ἀσκητηρίοις
1356 1185 1571 1220 ινδιαιτωμένης
1594 1187 1642 1213 καὶ
1666 1186 1697 1213 τὺ
1718 1188 1865 1223 μοναχικδν

1070 1230 1188 1256 ἔκπαλαι
1200 1231 1392 1266 ἀναλαϐούσης
1403 1231 1506 1267 σχῆμα,
1520 1231 1567 1258 καὶ
1578 1232 1623 1258 διὸ
1635 1232 1732 1259 πολλοῦ
1744 1235 1865 1261 ἐποιεῖτο

1071 1278 1118 1303 τὸν
1134 1276 1217 1303 αὑτοῦ
1232 1277 1322 1312 ἔρωτα
1335 1277 1525 1313 ἐκπληρῶσαι,
1545 1278 1596 1314 τὴν
1619 1279 1756 1314 παρθένον
1772 1279 1863 1307 λαϐὼν

1072 1331 1132 1354 πως
1148 1324 1188 1355 sl;
1209 1324 1343 1358 γαμετήν,
1371 1323 1448 1350 Ἐπεὶ
1464 1324 1531 1358 γοῦν
1558 1325 1734 1360 παράδειγμα
1749 1327 1778 1352 οὐ
1796 1327 1863 1362 πόῤ-

1072 1369 1160 1404 ρωϐεν
1176 1367 1250 1404 εἶχεν
1266 1370 1298 1396 οὺ
1320 1369 1426 1397 κωλῦον
1440 1371 1496 1398 οὐδ’
1520 1371 1686 1407 ἀποτρέπον.
1709 1372 1805 1399 τοῦτον
1831 1372 1864 1408 δὴ

1071 1414 1117 1442 τὸν
1128 1415 1238 1450 Μιχαὴλ
1253 1416 1314 1450 (καὶ
1326 1415 1392 1450 γὰρ,
1406 1416 1444 1448 ὡς
1455 1418 1572 1453 εἴρηται,
1587 1418 1633 1444 καὶ
1647 1418 1728 1450 αὐτὸς
1743 1418 1865 1446 τοιοῦτόν

1070 1469 1097 1487 τι
1111 1461 1292 1496 ἐτόλμησεν),
1313 1463 1472 1498 ἀφαρπάζει
1489 1464 1539 1500 τὴν
1562 1464 1695 1500 παρθένον
1712 1465 1759 1492 τοῦ
1777 1466 1864 1502 ἀσκη-

1070 1507 1165 1542 τηρίου
1182 1508 1230 1534 καὶ
1245 1508 1314 1543 πρὸς
1326 1509 1423 1535 ἑαυτὸν
1436 1509 1557 1536 ἄκουσαν
1573 1510 1742 1545 ὑπηγάγετο.
1753 1511 1865 1547 Ταύτης

1070 1553 1117 1580 οὖν
1127 1554 1151 1580 οἱ
1164 1553 1276 1589 ἀδελφοὶ
1288 1554 1328 1590 τῷ
1342 1555 1451 1591 Μιχαὴλ
1465 1556 1608 1591 προσίασι,
1622 1556 1656 1583 τὰ
1668 1557 1715 1584 τοῦ
1725 1557 1865 1594 δράματος

1070 1598 1257 1634 διηγούμενοι.
1281 1601 1309 1627 '0
1324 1601 1352 1627 δὲ
1368 1601 1474 1628 κελεύει
1490 1602 1529 1638 τῷ
1542 1603 1699 1639 στρατηγῷ,
1719 1605 1755 1631 El
1769 1604 1864 1637 οὕτως

1070 1645 1206 1680 φωράσω
1227 1647 1364 1681 ἔχουσαν
1386 1648 1444 1682 τὴν
1465 1649 1620 1682 ἀλήθειαν,
1647 1650 1705 1684 τὴν
1719 1651 1791 1685 ῥῖνα
1809 1651 1863 1679 τοῦ

1070 1694 1290 1727 τετολμηκότος
1307 1695 1464 1729 Εὐφημίου
1475 1696 1637 1731 ἀποτεμεῖν
1654 1697 1730 1724 κατὰ
1740 1697 1797 1732 τὴν
1808 1698 1863 1726 τοῦ

1070 1738 1165 1773 νόμου
1184 1738 1345 1773 ἀκρίϐειαν.
1365 1740 1420 1767 Καὶ
1434 1743 1448 1767 ό
1465 1742 1607 1777 Εὐφήμιος
1620 1743 1714 1778 μαθὼν
1728 1743 1760 1779 δὴ
1775 1743 1863 1771 ταῦτα

1072 1784 1119 1811 καὶ
1134 1784 1184 1820 τὴν
1199 1787 1239 1817 είς
1253 1786 1337 1813 αὐτὸν
1352 1787 1399 1814 τοῦ
1412 1787 1496 1823 νόμου
1518 1789 1634 1825 τήρησιν
1649 1790 1695 1816 καὶ
1717 1791 1766 1825 τὴν
1783 1790 1859 1826 βασι-

1070 1831 1150 1866 λικὴν
1164 1831 1472 1869 ἀπειλὴν,,σννωμότας
1496 1835 1586 1862 λαϐὼν
1611 1836 1724 1867 τούτους
1746 1845 1777 1863 τε
1798 1838 1864 1869 τοὺς

1071 1877 1123 1904 ὑπὸ
1134 1877 1184 1913 τὴν
1200 1879 1284 1906 αὑτοῦ
1300 1883 1381 1917 χεῖρα
1398 1881 1446 1907 καί
1461 1889 1536 1912 τινας
1547 1881 1602 1908 τῶν
1616 1882 1859 1917 συπουρμαρχῶν,

1069 1924 1116 1950 τὸν
1131 1926 1284 1961 στρατηγὸν
1295 1927 1342 1953 ἐπὶ
1356 1927 1444 1962 τούτῳ
1460 1927 1677 1962 παραγινόμενον
1693 1926 1862 1962 παρελαύνει

1069 1970 1187 2005 ἐκεῖθεν,
1207 1973 1255 1999 καὶ
1275 1973 1344 2009 πρὸς
1367 1973 1412 2000 τὸν
1432 1973 1565 2009 1Δφριιιῆς
1581 1973 1773 2008 ἀποδιδράσκει
1789 1974 1864 2009 ἀμε-

1071 2008 1220 2053 ραμνουνῆ,
1242 2008 1334 2046 πᾶσαν
1357 2020 1406 2056 τὴν
1421 2008 1548 2047 Σικελίαν
1566 2020 1612 2047 ὑπ’
1632 2020 1729 2054 ἐκείνῳ
1746 2020 1863 2056 ποιῆσαι

1071 2062 1311 2099 καθυποσχόμενος
1330 2065 1378 2092 καὶ
1393 2065 1493 2092 διδόναι
1509 2066 1609 2100 φόρους
1624 2065 1750 2099 πολλοὺς,
1772 2066 1796 2092 sl
1814 2067 1865 2101 μό-

1070 2117 1114 2136 νον
1130 2110 1309 2145 ἀναγορεύσιι
1335 2111 1430 2138 τοῦτον
1456 2111 1568 2146 βασιλέα
1586 2111 1632 2137 καί
1645 2119 1707 2137 τινα
1720 2111 1864 2146 παράσχοι

1071 2154 1207 2190 βοήθειαν.
1242 2156 1416 2192 ’Λναγορεύει
1440 2155 1520 2195 γοῦν)
1534 2155 1629 2183 τοῦτον
1654 2156 1768 2191 βασιλέα
1791 2157 1862 2184 Ῥω-

1072 2201 1170 2235 μαίων,
1197 2202 1244 2228 καὶ
1263 2203 1342 2237 χεῖρα
1357 2202 1449 2229 δίδωσι
1465 2202 1576 2238 πολλὴν,
1602 2203 1649 2229 καὶ
1670 2203 1719 2238 τῆς
1733 2203 1864 2236 Σικελίας

1070 2248 1208 2283 ὲγκρατὴς
1223 2248 1338 2282 γίνεται,
1359 2249 1426 2284 παρ’
1446 2249 1530 2276 αὐτοῦ
1544 2249 1640 2276 τούτου
1657 2249 1747 2276 λαϐὼν
1762 2250 1863 2286 αὐτὴν,

228 2290 302 2317 illius
319 2290 502 2325 solummodo,
518 2293 564 2320 scd
581 2298 609 2321 et
637 2293 767 2327 aliorum,
782 2295 829 2329 qui
860 2295 911 2330 ipsi
937 2297 1016 2332 adju-

1071 2294 1101 2320 οὺ
1118 2295 1212 2321 τούτου
1233 2295 1312 2330 μόνον
1327 2295 1395 2322 ἀλλὰ
1414 2296 1461 2322 καὶ
1476 2296 1578 2331 ἑτέρων
1602 2296 1761 2332 συνδρόμων
1784 2305 1864 2330 γενο-

226 2344 324 2364 verunt
345 2345 480 2373 suamque
505 2339 609 2374 pariter
623 2347 734 2375 operam
751 2340 785 2368 ad
805 2341 926 2376 regionis
942 2342 1016 2371 illius

226 2382 407 2412 defectionem
427 2385 613 2413 contulerunt.
642 2385 706 2414 Haec
724 2386 877 2415 clarissime
890 2387 1016 2416 uberius-

225 2437 280 2465 que
304 2435 451 2459 exsecutus
474 2430 666 2468 Theognostus
694 2433 812 2461 historia
836 2441 918 2468 quam
950 2440 1016 2462 tunc

224 2476 322 2510 edidit,
338 2477 468 2512 venitque
494 2477 522 2504 in
541 2485 638 2506 manus
653 2483 762 2506 nostras
776 2487 783 2512 ;
811 2479 834 2507 is
850 2479 956 2508 scilicet
968 2480 1015 2515 qui

226 2521 260 2549 de
276 2522 470 2557 orthographia
485 2521 584 2549 librum
598 2523 762 2558 conscripsit
782 2531 815 2551 ex
836 2532 891 2559 qua
911 2525 1014 2560 possit,

225 2567 333 2602 singula
351 2567 458 2602 plenius
471 2568 577 2595 discere
589 2568 632 2596 cui
657 2568 779 2597 libuerit.
804 2569 939 2597 (laterum
960 2570 1016 2598 Eu-

228 2612 355 2647 plteinius
367 2613 439 2640 haud
447 2613 484 2640 ita
497 2619 558 2648 post
566 2614 729 2643 defectionis
740 2616 894 2643 mercedem
903 2624 1015 2651 suasque

227 2657 369 2692 praemium
381 2658 566 2691 improbitatis
588 2660 677 2695 capite
692 2668 781 2688 caesus
799 2661 906 2696 recipit.
929 2661 1015 2698 Regio

226 2711 347 2739 namque
369 2704 463 2732 habitu
483 2712 546 2733 cum
560 2709 588 2733 et
605 2705 758 2741 Syracusas
785 2707 926 2740 lustraret,
957 2707 1017 2735 lon-

225 2750 344 2785 giusque
362 2757 376 2776 a
390 2750 572 2784 stipatoribus
586 2752 655 2785 suis,
676 2757 810 2787 quantum
827 2753 881 2787 83
904 2753 961 2781 l'ere
974 2758 1017 2781 est

223 2801 315 2830 jactus
328 2795 444 2831 sagittae,
459 2797 610 2832 praevolans
623 2799 656 2826 ad
675 2799 770 2826 urbem
787 2800 961 2832 accessisset,
974 2804 1013 2834 ty-

226 2842 361 2876 rannique
375 2850 408 2870 ac
427 2843 501 2879 regio
516 2843 587 2873 l‘astu
603 2845 768 2880 alloquano
781 2845 856 2873 cives
873 2845 1015 2874 demulce-

1066 2337 1158 2372 μένων
1175 2339 1222 2364 ἐπὶ
1239 2340 1272 2374 τῇ
1293 2339 1424 2366 τοιούτων
1451 2340 1574 2376 ἀπωλείᾳ
1597 2340 1698 2368 τόπων.
1724 2340 1807 2375 Δηλοῖ
1832 2341 1864 2368 δὲ

1065 2383 1153 2410 ταῦτα
1166 2384 1322 2419 σαφέστατα
1336 2386 1382 2412 καὶ
1397 2386 1602 2422 πλατικώτερον
1617 2387 1634 2422 ἠ
1647 2386 1707 2413 τότε
1721 2388 1863 2422 γραφεῖσα

1066 2427 1232 2464 Θεογνώστῳ
1245 2429 1284 2466 τῷ
1298 2431 1365 2466 περὶ
1382 2431 1568 2466 ὸρθογραφίας
1588 2432 1739 2467 γεγραφὸτι
1757 2432 1806 2459 καὶ
1819 2434 1863 2465 εις

1067 2475 1161 2510 χεῖρας
1176 2475 1291 2502 ἐλθοῦσα
1307 2477 1397 2512 ἡμῶν,
1416 2478 1449 2512 ἣν
1462 2478 1475 2503 ὀ
1491 2477 1653 2512 βουλόμενος
1668 2477 1862 2515 μεταχειριζό-

1068 2528 1147 2555 μενος
1160 2520 1196 2547 τὰ
1213 2521 1274 2548 καθ’
1289 2521 1406 2549 ἕκαστον
1420 2522 1675 2557 ἀναδιδαχθήσεται.
1693 2522 1767 2557 Πλὴν
1780 2524 1795 2549 ὁ
1810 2523 1862 2558 μὲν

1067 2566 1209 2602 Εὑφήμιος
1239 2568 1297 2603 μετ’
1322 2569 1352 2595 οὐ
1369 2569 1438 2596 πολὺ
1454 2568 1536 2595 ἆθλον
1550 2569 1600 2604 τῆς
1626 2570 1795 2601 ἀποστασίας
1811 2571 1861 2596 καὶ

1067 2612 1115 2647 τῆς
1129 2613 1228 2639 ἑαυτοῦ
1240 2613 1357 2649 ἀνομίας
1373 2614 1405 2640 λα
1411 2605 1509 2649 μ’σάνει
1525 2614 1575 2650 τὴν
1585 2615 1634 2650 τῆς
1647 2614 1744 2641 ἑαυτοῦ
1760 2614 1862 2650 στέρη-

1068 2665 1110 2684 σιν
1125 2658 1259 2693 κεφαλῆς.
1285 2659 1383 2694 Σχῆμα
1398 2659 1452 2695 γὰρ
1466 2659 1537 2694 ἔχων
1560 2659 1699 2694 βασιλικὸν
1713 2661 1798 2696 ἀπῄει
1811 2661 1861 2688 καὶ

1067 2704 1139 2731 κατά
1152 2705 1202 2740 τὴν
1217 2705 1405 2740 Συράκουσαν,
1421 2706 1468 2732 καὶ
1483 2706 1515 2740 δὴ
1532 2705 1634 2733 ἄποθεν
1647 2706 1794 2741 γενόμενος
1809 2707 1860 2742 τῆς

1065 2750 1163 2777 ἑαυτοῦ
1191 2750 1296 2783 τάξεως
1321 2751 1368 2778 καὶ
1391 2752 1445 2778 τῶν
1468 2752 1626 2788 δορυφόρων
1649 2753 1688 2784 ὡς
1703 2753 1760 2779 ἀπὸ
1777 2753 1858 2785 τόξου

1066 2797 1146 2832 βολῆς
1157 2798 1266 2831 ἐγένετο
1280 2797 1354 2824 κατά
1367 2797 1417 2833 τὴν
1429 2797 1517 2830 πόλιν,
1533 2798 1636 2834 ὁμιλῶν
1652 2799 1744 2830 αὐτοῖς
1757 2807 1858 2834 τυραντ

1064 2844 1148 2876 νικῶς
1165 2844 1206 2880 [Ρ.
1222 2844 1273 2880 52]
1289 2853 1318 2871 τε
1334 2845 1380 2871 καὶ
1396 2845 1555 2880 βασιλικῶς.
1572 2846 1673 2874 Τοῦτον
1684 2846 1722 2880 ὡς
1737 2855 1860 2883 προσερ-

867 2891 983 2920 VARIE
1003 2891 1206 2920 LECTIONES.

262 2936 285 2953 "
300 2934 453 2973 ταύτηνρ-
468 2937 538 2974 ὑπὲρ
552 2938 648 2974 αὐτῆς]
664 2938 841 2968 Constantini
854 2938 1107 2975 Porphyrogenneti
1124 2938 1217 2973 verba,
1235 2943 1264 2966 ut
1280 2939 1396 2967 tidctur.
1415 2939 1499 2968 Cum.
