2011 3156
143 172 173 203 97
519 173 594 203 LIB.
611 173 659 203 111
694 186 720 193 ·-
735 172 984 203 THEOPHILUS
1005 172 1218 203 MICHAELIS
1233 170 1373 202 FILIUS.
1731 170 1767 203 98

140 231 246 267 χύμενον
263 229 388 263 εγνωσαν
400 229 447 258 δύο
460 230 532 262 τινὲς
555 230 677 265 ἀδελφοὶ,
692 230 836 266 γενόμενοι
852 229 923 266 σύμ-

975 235 1026 263 ret,
1050 230 1091 258 sic
1110 231 1286 258 accedentem
1302 230 1357 257 duo
1375 226 1488 263 quidam
1508 226 1606 255 fratres
1618 228 1771 264 conspicati

140 285 210 304 πνσοι
220 276 271 303 καὶ
292 276 392 303 ταυτὸν
416 277 602 312 φρονήσαντες
616 277 814 312 προσέρχονται
837 277 926 313 τούτῳ

139 322 290 358 εἰρηνικῶς.
314 322 365 358 τὴν
388 325 580 358 προσήκουσαν
605 323 713 358 βασιλεῖ
729 323 813 359 τιμὴν
828 324 926 350 (inovs—

139 377 240 405 μοντες.
263 368 309 401 Ὠς
330 368 353 395 δ’
369 369 510 404 Εὐφήμιος
525 371 574 406 τήν
590 379 620 396 τε
641 370 706 405 παρ’
718 370 809 396 αὐτῶν
824 370 926 404 ἀναγό-

138 423 226 451 ρευσιν
240 415 393 447 ἀσπαστῶς
408 415 516 448 ἐδέξατο
531 416 580 442 καὶ
596 416 651 443 τῶν
666 416 755 444 ἄλλων
772 417 926 452 κατήκουεν

136 461 232 494 αὐτῶν,
253 461 452 496 προσεκαλεῖτο
466 462 578 494 τούτους
593 463 764 498 φιλοφρόνως
777 463 926 490 ἀποδώσων

135 508 176 535 τὸν
189 508 358 543 ἀσπασμόν·
381 509 430 535 καὶ
451 508 484 544 δὴ
504 509 600 542 κλίνας
614 509 664 544 τὴν
686 510 809 546 κεφαλὴν
826 511 874 537 καὶ
894 510 926 538 τὸ

136 553 220 588 στόμα.
250 553 432 588 προαερείσας
465 554 506 590 τῷ
535 555 652 590 στόματι
681 557 741 588 ταῖς
777 556 851 592 θριξὶ
875 556 925 591 μὲν

135 599 278 634 κατέχεται
294 599 413 636 ίσχυρῶς
436 601 505 635 πρὸς
532 601 626 635 ἐτέρου
644 602 699 628 τῶν
722 601 856 637 ἀδελφῶν,
873 602 926 629 ὑπὸ

134 644 158 672 δὲ
180 645 229 672 τοῦ
254 646 349 681 ἑτέρου
372 647 533 682 ἀφαιρεῖται
548 647 598 682 τὴν
622 647 758 684 κεφαλήν.
777 648 832 676 Καὶ
845 649 860 675 ὸ
875 648 926 684 μὲν

135 692 205 727 Εὒφή
211 700 275 726 tuo;
288 691 403 727 τοιούτῳ
417 693 489 720 τέλει
505 693 553 720 τοῦ
569 693 627 728 βίου
641 694 788 730 ἐχρήσατο.

164 736 221 773 κη’.
238 739 272 765 οι
287 738 310 765 δ’
327 738 473 774 ’Λταρηνοὶ
487 740 519 766 οὺ
529 740 581 774 τῆς
598 740 724 772 Σικελίας
740 741 821 776 μόνον
832 741 925 768 ἔκτοτε

133 782 196 810 ἀλλὰ
227 783 277 809 καὶ
303 783 463 819 Καλασρίας
492 785 540 811 καὶ
565 785 774 821 Λαγγοδαρδίας
802 786 926 820 ἐγένοντο

134 829 287 864 ιγκρατεῖς,
311 829 402 856 πᾶσαν
416 830 632 865 κατατρέχοντες
652 831 700 858 καὶ
714 831 926 868 διαπορθοῦντες

133 876 174 903 καὶ
187 875 386 910 ὲνσκηνοῦντες
399 875 464 911 ἄχρι
475 877 523 912 τῆς
539 876 679 911 βασιλείας
691 877 738 904 τοῦ
754 879 784 905 ὲν
801 879 926 914 μακαρίᾳ

975 278 1034 312 pari
1054 277 1134 304 ambo
1154 277 1359 312 conspiratione
1376 282 1486 310 unoque
1518 275 1633 302 consilio
1659 276 1773 310 paeillce

975 324 1088 355 adeunt,
1105 323 1278 351 convenienti
1290 330 1340 358 pro
1353 322 1496 357 majeState
1511 321 1615 348 honore
1627 328 1691 348 eum
1705 329 1770 356 pro.

975 371 1132 402 sequentes.
1155 366 1325 402 Euphetnius
1343 374 1438 394 eorum
1463 366 1558 394 lubens
1576 366 1771 394 salutationem

975 414 1107 445 admittit,
1121 420 1210 448 exque
1223 413 1285 440 aliis
1297 413 1410 441 eosdem
1426 412 1520 446 titulos
1534 413 1620 440 audit.
1641 412 1711 440 Tum
1724 413 1767 439 vi-

975 469 1022 489 ros
1039 461 1073 488 ad
1091 468 1120 488 se
1135 460 1249 488 comiter
1261 465 1351 492 vocat,
1371 460 1431 495 ipse
1446 460 1567 488 vicissim
1588 460 1692 487 salutes
1707 459 1771 487 red-

976 507 1096 535 diturus.
1111 506 1182 542 Ergo
1193 515 1256 534 cum
1269 512 1352 542 caput
1372 507 1509 535 inclinans
1524 507 1637 535 alterius
1655 507 1771 534 fratrum

976 554 1016 582 ori
1048 554 1174 582 osculum
1209 553 1314 589 ﬁgeret,
1334 554 1458 582 crinibus
1489 553 1534 581 ille
1563 554 1766 589 apprehensum

975 601 1064 628 valide
1083 606 1168 633 tenet,
1180 601 1249 628 alter
1268 601 1303 628 ab
1317 601 1440 628 humeris
1460 605 1541 636 caput
1568 604 1702 635 amputat.
1729 601 1769 628 Ac

975 647 1086 682 quidem
1099 646 1269 682 Euphemius
1278 647 1324 674 tali
1342 647 1438 675 mortis
1460 654 1560 682 genere
1573 646 1637 674 fatis
1655 653 1771 675 conces—

976 693 1023 721 sit.

1009 740 1055 768 σε.
1082 739 1167 767 Porro
1193 738 1321 767 Saraceni
1343 747 1377 766 ex
1398 746 1433 766 eo
1451 742 1573 774 tempore
1597 746 1652 766 non
1677 738 1770 766 Sicilia

976 786 1064 815 solum
1080 786 1126 813 sed
1143 789 1170 813 et
1191 785 1321 813 Calabria
1338 790 1365 812 et
1386 784 1576 819 Longohardia
1593 785 1671 819 potiti
1693 790 1771 816 sunt,

976 839 1085 859 omnem
1102 838 1162 858 eam
1181 831 1320 866 regionem
1342 831 1517 858 incursantes
1539 837 1573 858 ac
1596 830 1770 865 populantes.

975 877 1010 904 ad
1031 883 1118 912 usque
1135 881 1257 911 tempora
1279 875 1368 904 felicis
1387 875 1586 903 recordationis
1606 875 1700 903 Basilii
1718 875 1769 902 im-

133 923 162 958 τῇ
184 922 265 957 λήξει
284 921 426 949 Βασιλείου
441 923 489 949 τοῦ
509 923 653 958 βασιλέως.
676 923 757 951 Ἀλλὰ
771 925 857 952 ταῦτα
876 925 925 960 μὲν

975 923 1110 958 peratoris
1137 922 1193 949 illic
1218 922 1376 950 constitutis
1398 923 1520 950 sedibus.
1542 923 1606 950 Hazc
1628 923 1770 950 enimvero

134 966 149 1001 ἠ
173 966 280 993 ἐκείνου
305 965 423 1000 δηλώσει
444 966 567 1002 ἱστορία·
593 969 607 994 ό
624 968 663 995 ’δὲ
696 968 806 1004 Μιχαὴλ
834 970 922 1004 μῆνας

133 1011 202 1037 ὀκτὼ
227 1012 277 1038 καὶ
299 1010 346 1046 ἐτη
374 1012 423 1046 τῆς
450 1011 588 1046 βασιλείας
612 1013 758 1049 γενόμενος
787 1007 939 1050 ἐγκρατῆ(

134 1057 210 1084 ἐννέα
237 1057 282 1084 τὸν
296 1057 353 1093 βίον
382 1059 527 1091 κατέλυσε,
554 1059 593 1095 τῷ
615 1059 762 1096 δυσουρίας
787 1061 924 1096 νοσήματι

133 1104 221 1137 ἁλοὺς,
238 1106 272 1131 ἐκ
294 1105 349 1133 τῶν
371 1106 478 1141 νεφρῶν
508 1106 644 1143 λαϐούσης
668 1107 718 1143 τὴν
735 1108 836 1143 ἀρχὴν,
854 1109 924 1143 μήτε

134 1151 178 1186 τὴν
191 1151 263 1187 πρὸς
279 1151 345 1179 Θεὸν
360 1152 517 1185 καταλύσας
531 1154 703 1189 δυσμένειαν,
719 1152 759 1186 οἷς
775 1155 826 1182 οὐκ
841 1154 921 1190 ἦθελε

136 1197 177 1231 τὴν
199 1198 300 1225 ἑαυτοῦ
327 1199 435 1235 μορφὴν
460 1199 494 1226 δι’
514 1200 589 1235 ἡμᾶς
614 1200 815 1236 ἀναλαϐόμενον
831 1201 922 1236 σάρκα

140 1246 305 1278 προσκυνεῖν,
341 1245 442 1280 μᾶλλον
475 1245 504 1272 δὲ
531 1246 579 1273 καὶ
609 1247 673 1278 τοὺς
701 1246 924 1282 προσκυνοῦντας

136 1289 268 1326 καθαιρῶν
283 1291 416 1318 Μεθόδιόν
432 1300 463 1318 τε
481 1291 529 1318 καὶ
543 1291 692 1327 Εὖθύμιον,
709 1293 776 1329 περὶ
790 1290 828 1321 ὧν
844 1294 923 1328 εἰρή-

135 1343 226 1371 καμεν,
244 1338 294 1364 καὶ
308 1337 355 1364 τὸν
370 1337 425 1365 τῶν
448 1338 608 1374 Ἀγαρηνῶν
624 1339 783 1374 ὲπαυξήαας
801 1339 922 1366 ἀκατάλ-

135 1385 225 1413 λακτον
243 1384 375 1420 πόλεμον,
397 1385 433 1412 τά
454 1394 484 1411 τε
499 1386 570 1412 κατὰ
591 1385 692 1419 Θωμᾶν
709 1385 756 1412 καὶ
779 1384 834 1411 τῶν
847 1385 924 1420 Κρη-

135 1431 235 1465 ταιέων,
253 1431 325 1458 ἀλλὰ
341 1431 394 1467 μὴν
409 1431 457 1459 καὶ
473 1431 527 1458 τῶν
552 1430 708 1467 εἰρημένων
727 1431 866 1466 ’Δφρίκων
879 1431 922 1458 διὰ

133 1476 176 1510 τὴν
189 1476 292 1504 ἑαυτοῦ
307 1476 408 1503 κακίαν
431 1476 643 1508 ἀποστείλαντος
669 1475 717 1503 τοῦ
738 1476 818 1503 Θεοῦ.
843 1475 924 1502 Ἀλλὰ

133 1524 175 1552 καὶ
195 1524 278 1550 πᾶσα
300 1523 318 1558 ἡ
347 1522 490 1558 Δαλματία
506 1523 556 1558 τῆς
569 1523 623 1549 τῶν
654 1522 800 1558 Ῥωμαίων
816 1524 923 1559 ἀπέστη

132 1570 185 1597 me
200 1569 355 1609 βασιλείας,
368 1569 416 1596 καὶ
432 1569 577 1604 γεγόνασιν
589 1568 709 1600 ἅπαντες
727 1568 878 1604 ίδιόρυομοί
893 1578 923 1596 τε

977 970 1050 997 illius
1063 968 1216 997 declarabit
1228 968 1356 996 historia.
1367 969 1482 996 Michael
1496 973 1587 996 autent
1603 977 1665 997 cum
1679 976 1769 996 annos

976 1024 1074 1044 novem
1097 1023 1216 1043 'menses
1245 1019 1307 1043 oeto
1332 1016 1476 1051 imperittnt
1510 1015 1653 1047 tenuisset,
1682 1015 1770 1042 ut'inre

975 1061 1133 1089 dillicultate
1155 1067 1189 1087 ex
1208 1068 1304 1088 renum
1325 1061 1452 1096 passione
1469 1065 1529 1088 orta
1551 1061 1702 1088 exstinctus
1714 1066 1768 1092 est,

976 1115 1038 1137 cum
1061 1115 1113 1135 nec
1134 1107 1351 1136 inl'ensissimum
1369 1107 1395 1134 in
1413 1106 1496 1134 Deum
1514 1106 1605 1134 odium
1631 1106 1770 1142 posuisst-t

976 1154 985 1189 (
998 1161 1030 1181 ea
1041 1154 1145 1182 scilicet
1158 1154 1353 1189 ratione,quod
1365 1153 1425 1188 ejus
1440 1153 1486 1188 qui
1503 1160 1552 1187 pro
1563 1152 1643 1180 nobis
1657 1159 1768 1180 carnem

975 1200 1126 1235 assumpsit
1151 1199 1267 1235 eﬂigiem
1302 1200 1416 1226 adorare
1443 1200 1526 1226 nollet
1549 1208 1556 1232 ;
1579 1200 1645 1233 quin
1676 1199 1769 1233 potius

976 1246 1048 1274 illius
1056 1246 1176 1273 cultores
1183 1246 1333 1277 abdicaret,
1344 1245 1509 1273 Methodium
1520 1245 1767 1281 Euphemiumque,

974 1292 1008 1320 de
1022 1292 1122 1327 quibus
1141 1292 1168 1318 in
1181 1291 1372 1326 superioribus
1382 1299 1472 1319 sermo
1489 1292 1598 1319 habitus
1614 1292 1679 1326 est),
1696 1293 1769 1326 Aga-

974 1346 1101 1366 renorum
1123 1345 1233 1373 quoque
1253 1337 1426 1373 implacabile
1442 1338 1542 1366 bellum
1564 1338 1687 1365 auxisset
1707 1346 1715 1371 ;
1736 1345 1769 1366 ac

975 1385 1048 1413 Deus
1067 1385 1102 1413 ob
1121 1385 1182 1420 ejus
1203 1385 1352 1419 nequitiam
1372 1389 1400 1412 et
1414 1384 1527 1412 Thomae
1551 1385 1724 1412 rebellionem
1740 1389 1769 1412 et

974 1431 1144 1459 Cretensium
1159 1435 1241 1466 atque
1254 1430 1310 1467 84
1324 1431 1515 1459 Africanorum
1528 1451 1536 1462 ,
1552 1431 1586 1458 de
1602 1429 1768 1465 quibusjam

974 1477 1076 1505 dictum
1091 1482 1144 1511 est,
1160 1477 1360 1505 Saracenorum
1376 1477 1476 1504 bellum
1491 1476 1663 1504 immisisset.
1678 1476 1730 1504 Sed
1742 1481 1769 1503 et

974 1524 1065 1551 omnis
1087 1523 1221 1551 Daltnatia
1241 1523 1293 1551 sub
1309 1523 1336 1550 id
1358 1528 1466 1556 tempus
1482 1530 1498 1549 a
1511 1521 1638 1549 Romano
1654 1523 1769 1555 imperio

974 1569 1083 1601 defecit,
1096 1570 1192 1605 suique
1203 1577 1299 1596 omnes
1307 1569 1379 1603 juris
1389 1576 1421 1596 ac
1433 1568 1484 1596 sibi
1493 1568 1583 1603 capita
1593 1568 1767 1601 exstiterunt,

131 1616 174 1644 καὶ
186 1605 372 1650 αὐτοκέφαλοι
392 1615 473 1650 μέχρι
493 1616 543 1650 τῆς
559 1614 605 1641 τοῦ
628 1615 766 1642 Βασιλείου
780 1615 828 1642 τοῦ
842 1615 925 1642 ἀοιδί-

977 1616 1156 1651 quoadusque
1174 1616 1291 1651 inclytus
1307 1616 1352 1642 ille
1367 1615 1484 1642 Basilius
1508 1612 1652 1649 imperium
1671 1622 1767 1649 regen-

133 1669 177 1695 μου
208 1660 367 1696 βασιλείαν
395 1660 455 1687 τότε
481 1659 536 1695 γὰρ
565 1659 646 1687 πάλιν
673 1657 747 1687 οὗτοι
777 1660 925 1696 Ῥωμαίοις

131 1706 372 1741 καθυπετάγησαν.
402 1705 571 1741 Πεπλήρωτο
600 1705 629 1732 δὲ
647 1706 696 1734 καὶ
731 1706 746 1733 ὁ
772 1706 816 1733 ἐπ’
849 1706 925 1743 αὐτῷ

131 1753 265 1789 χρησμὸς,
282 1752 370 1786 λέγων
387 1751 477 1779 οὕτω·

168 1799 261 1833 Ἀρχὴ
273 1798 376 1826 κακῶν
392 1806 426 1833 τε
441 1798 658 1832 προσπεσεῖται
672 1797 710 1832 τῇ
721 1797 819 1832 χθονὶ,

162 1834 258 1861 Ὀταν
274 1833 408 1868 κατάρξῃ
421 1833 477 1867 τῆς
492 1833 670 1866 Βαϐυλῶνος
686 1834 806 1867 δράκων

161 1871 368 1904 Δύσγλωσσος
383 1868 478 1903 ἄρδην
493 1868 541 1895 καὶ
556 1869 744 1903 φιλόχρυσος
758 1868 839 1895 λίαν.

136 1914 228 1950 Ἐτέθη
245 1915 275 1942 δὲ
299 1916 314 1942 δ
337 1915 434 1941 τούτου
451 1915 548 1950 νεκρὸς
565 1916 594 1941 ὲν
614 1914 653 1949 τῷ
675 1914 732 1949 ναῷ
751 1914 806 1940 τῶν
826 1913 925 1948 Ἀγίων

135 1962 315 1995 ’Δποστόλων,
339 1963 370 1989 ἐν
384 1963 423 1998 τῷ
439 1961 522 1999 ὴρώῳ
543 1961 748 1994 Ἰουστινιανοῦ,
763 1963 791 1988 ἒν
808 1961 925 1997 λάρνακι

131 2009 252 2045 πρασίνῳ
265 2008 429 2044 Θετταλικῇ.

974 1661 1038 1689 dum
1053 1661 1173 1695 suscepit
1187 1669 1194 1687 :
1211 1665 1278 1687 tunc
1288 1661 1362 1689 enim
1377 1659 1507 1687 Romana
1523 1658 1587 1686 facti
1600 1663 1667 1687 suttt
1682 1659 1768 1686 ditio-

973 1708 1026 1735 nis.
1043 1706 1188 1743 lmpletum
1207 1715 1272 1735 vero
1287 1713 1328 1735 est
1346 1707 1420 1742 quod
1440 1706 1474 1734 de
1487 1706 1536 1734 illo
1549 1705 1689 1733 ferebatur
1703 1713 1768 1733 ora-

973 1753 1079 1787 culum,
1093 1754 1120 1780 in
1135 1753 1206 1780 hanc
1221 1753 1397 1781 sententiam.

1043 1798 1099 1825 Hoc
1114 1799 1221 1826 initium
1236 1799 1366 1826 malorum
1386 1798 1476 1825 telluri
1494 1799 1605 1832 accidet,

1047 1833 1143 1860 Rerum
1157 1835 1276 1868 patietur
1289 1843 1349 1860 cum
1363 1834 1525 1868 Babylonius
1549 1834 1642 1865 draco,

1045 1868 1155 1904 Lingua:
1171 1870 1309 1904 imperim,
1327 1874 1352 1896 et
1366 1870 1426 1896 auri
1444 1869 1666 1903 cupientissintus.

974 1915 1090 1942 cadaver
1100 1915 1161 1948 ejus
1174 1916 1324 1950 repositum
1336 1916 1362 1943 in
1370 1915 1520 1943 Justiniani
1533 1919 1720 1947 monumento.
1731 1916 1765 1943 ad

973 1960 1059 1987 aedem
1073 1960 1267 1995 Apostolorum
1281 1962 1308 1988 in
1320 1969 1383 1989 arca
1398 1969 1431 1989 ex
1447 1969 1584 1989 marmore
1593 1960 1767 1989 viridi'l‘hes-

973 2007 1069 2035 salico.

814 2169 996 2214 ΛΟΓΟΣ
1014 2166 1074 2213 Γ’.

541 2255 622 2282 ΠΕΡΙ
636 2255 705 2282 ΤΗΣ
720 2255 901 2283 ΒΑΣΙΛΕΙΑΣ
920 2255 1091 2283 ΘΕΟΦΙΛΟΥ
1105 2254 1189 2282 ΥῙΟΥ
1209 2253 1358 2283 ΜΙΧΔΗΔ.

787 2398 966 2452 LIBER
1001 2408 1101 2452 ιιι.

604 2490 789 2520 TllEOPlllLl
807 2492 992 2521 MICHAELIS
1011 2493 1088 2522 FlLll
1112 2493 1294 2524 IMPERIUM.

164 2628 210 2665 [P.
218 2628 262 2666 55]
274 2627 309 2657 α’.
318 2628 359 2656 Τὰ
369 2628 458 2664 μὲνδὴ
467 2629 625 2665 πραχθέντα
636 2630 746 2665 Μιχαὴλ
754 2630 793 2665 τῷ
804 2631 920 2668 Τραυλῷ

1010 2633 1036 2660 ί.
1057 2632 1199 2661 Michaelis
1216 2632 1291 2660 Balbi
1307 2637 1382 2668 gesta
1405 2633 1485 2661 annis
1507 2640 1604 2661 novem
1623 2634 1768 2664 mensibus

127 2674 322 2710 βασιλεύσαντι
331 2674 410 2702 ἐννέα
424 2674 514 2702 ἐτεσιν
526 2675 594 2710 πρὸς
606 2676 690 2711 μησὶν
703 2675 775 2702 ὀκτὼ
786 2676 859 2712 ὲντῷ
870 2677 923 2713 πρὸ

126 2721 227 2748 τούτου
238 2721 334 2757 βιϐλίῳ
344 2721 494 2757 δεδήλωται
505 2729 512 2737 ·
524 2721 539 2748 ὀ
552 2721 580 2748 δὲ
593 2721 649 2753 υἱδς
662 2721 746 2749 αὐτοῦ
758 2722 809 2758 ἤδη
822 2723 922 2758 Θεόφι-

126 2766 173 2799 λος
198 2768 294 2803 ἀνδρὸς
318 2767 389 2802 ἔχων
409 2767 518 2804 ἡλικίαν
543 2767 593 2804 τὴν
616 2768 754 2803 πατρικὴν
770 2768 859 2804 ἀρχὴν
874 2769 922 2796 καὶ

128 2811 270 2846 βασιλείαν
295 2814 367 2840 κατὰ
387 2813 433 2840 τὸν
456 2812 621 2849 Ὀκτώὸριον
653 2813 727 2848 μῆνα
750 2814 801 2849 τῆς
826 2814 923 2849 ὀγδόης

129 2858 297 2891 ίνδικτιῶνος
310 2858 458 2893 διεδέξατο,
469 2860 542 2895 λόγῳ
556 2860 605 2895 μὲν
621 2856 668 2886 οὖν
682 2860 732 2894 τῆς
747 2860 921 2897 δικαιοσύνης

127 2903 227 2938 ὥσπερ
242 2904 366 2941 ἔμπυρος
390 2906 511 2942 ἐραστὴς
537 2905 679 2933 καλεῖσθαι
696 2906 857 2943 βουλόμενος
873 2907 921 2935 καὶ

974 2684 1047 2712 octo,
1074 2680 1176 2715 quibus
1197 2687 1289 2707 rerum
1308 2680 1411 2714 potitus
1435 2683 1488 2712 est.
1511 2680 1645 2715 superiOri
1661 2680 1733 2709 libro
1748 2689 1766 2709 ιι

973 2726 1054 2755 nobis
1075 2727 1200 2762 exposita
1217 2732 1291 2754 sunt.
1311 2725 1377 2761 Ejus
1392 2731 1483 2754 atttem
1499 2726 1572 2754 [ilius
1584 2726 1765 2762 Theophilus,

973 2773 1078 2801 virilem
1099 2772 1155 2807 jam
1171 2777 1278 2800 etatem
1295 2773 1446 2808 ingressus.
1461 2778 1605 2807 paternum
1620 2773 1767 2808 imperium

972 2819 1095 2853 sttscepit
1117 2825 1212 2846 mense
1229 2817 1352 2851 Octobri,
1371 2818 1522 2846 indictione
1535 2818 1562 2846 8.
1581 2817 1607 2846 ls
1620 2817 1767 2846 ferventis-

971 2863 1071 2891 simum
1088 2863 1197 2898 quidem
1211 2863 1326 2898 justitiae
1340 2863 1460 2891 studium
1473 2872 1527 2898 prae
1539 2872 1567 2892 se
1579 2864 1634 2900 8'5
1648 2864 1766 2897 ferebat,

968 2909 1243 2943 legumquecivilium
1256 2909 1369 2938 sedulus
1377 2911 1537 2939 observator
1550 2910 1635 2939 videri
1653 2910 1737 2939 voluit
1755 2919 1765 2938 :
