2011 3156
118 181 162 212 itii

505 181 579 212 LIB.
592 181 650 211 III.
667 162 703 199 -L
722 178 970 211 TIIEOPIIILUS
985 179 1196 210 MICHAELIS
1214 179 1354 210 FILIUS.

1701 178 1753 212 102

115 243 244 273 πίστεως,
258 241 349 277 εῐχετο
364 240 394 268 δὲ
408 240 455 268 καὶ
471 240 521 276 τῆς
535 239 779 277 πατροπαραδότου
804 239 907 274 μιαρᾶς

968 237 1044 266 Deum
1063 238 1146 274 inque
1160 238 1220 273 ejus
1234 238 1419 266 castissimam
1444 241 1578 270 matrem,
1598 238 1636 266 uti
1652 239 1753 270 aiebat.

114 288 168 315 τῶν
189 287 387 323 Είκονομάχων
410 286 562 322 αἱρέσεως,
586 287 634 313 καὶ
654 285 741 322 ταύτῃ
758 294 789 320 γε
808 285 841 321 δὴ
863 285 910 312 τὸν

115 333 215 369 εὗσεὸἦ
232 333 276 370 [Ρ.
301 333 348 370 55]
365 333 413 360 καὶ
435 334 570 368 πανάγιον
591 333 656 360 λαὸν
668 333 804 368 ὲτὰραττέ
817 341 846 359 τε
862 332 910 360 καὶ

115 380 285 408 πολυειδέσιν
305 380 392 407 ὲδίδου
416 380 566 413 κακώσεσι,
583 380 675 407 πάντα
696 380 744 407 τὸν
768 380 819 415 τῆς
834 379 910 414 βασι-

114 428 188 460 λείας
211 427 296 454 αὑτοῦ
312 427 409 464 χρόνον
427 428 567 464 ἠρεμῆσαι
587 427 626 463 μὴ
650 428 844 463 συγχωρήσας,
868 425 910 459 οἷς

115 474 175 502 οὐδὲ
184 474 236 506 τὰς
250 475 279 500 ὲν
291 474 422 510 πολέμοις
439 474 623 511 ἀνδραγαθίας
636 474 813 511 καταλλήλως
828 474 910 510 ἐλάμ-

115 522 208 554 σινεν,
224 521 283 549 ἀλλ’
297 521 399 558 ἥττητό
408 530 439 549 τε
455 521 500 549 ἀεὶ
519 522 567 549 καὶ
586 522 618 549 οὐ
637 521 709 550 κατὰ
730 521 843 558 βασιλέα
856 523 909 549 ὑπ-

119 567 264 603 ἔστρεφεν.

150 702 186 739 γ’.
203 702 358 739 Τοιγαροῦν
371 703 513 743 ⁸ἐχόμενος
526 702 577 738 τῆς
599 702 785 739 δικαιοσύνης,
803 703 835 730 οὐ
857 703 910 740 μὴν

116 751 145 778 ἃ
160 751 210 778 καὶ
227 750 279 785 τῆς
303 749 375 784 πρὸς
391 749 443 785 τὴν
458 749 507 777 τοῦ
531 750 601 777 Θεοῦ
617 750 724 786 μητέρα
747 749 867 783 πίστεώς
880 758 910 777 τι

116 796 163 823 καὶ
182 795 352 831 προθυμίας,
370 794 454 830 ἀπῄει
481 795 601 830 ἔφιππος
615 795 661 822 διὰ
688 795 740 830 τῆς
759 795 831 824 κατὰ
860 797 911 832 τὴν

118 841 206 876 μέσην
221 839 356 872 πλατείας
369 840 418 868 καὶ
430 840 571 876 λεωφόρου
585 841 656 876 πρὸς
671 841 717 868 τδν
734 842 764 868 ὲν
789 841 911 877 Βλακέρο

115 895 176 918 ναις
191 886 267 914 θεῖον
283 885 349 913 ναὸν
379 885 484 923 ἑκάστῃ
510 886 651 921 ὲὸδομάδι,
681 887 734 914 ὑπὸ
751 887 807 914 τῶν
834 887 912 923 δορυο

117 931 210 966 φόρων
232 919 498 966 παραπεμπόμενος.
520 919 616 966 ’Δπῇει
634 930 663 958 δὲ
680 931 748 958 πᾶσι
777 931 839 966 μὲν,
857 919 911 967 πρὸ
927 919 949 947 Β

116 975 220 1007 παντὸς
234 975 263 1002 δὲ
289 975 345 1007 τοῖς
373 975 561 1010 ἀδικουμένοις
584 975 673 1007 διδοὺς
687 975 795 1009 ἑαυτὸν,
810 977 848 1008 ὡς
877 977 911 1003 ἂν

116 1023 207 1057 ἔχοιεν
231 1022 265 1049 τὰ
282 1021 375 1050 αὐτῶν
400 1021 588 1057 ὲκτραγῳδεϊν
609 1021 775 1057 ξάδικήματα
798 1022 846 1050 καὶ
873 1023 912 1058 μὴ

119 1069 200 1105 παρὰ
217 1076 296 1095 τινων
310 1067 470 1095 κακοποιῶν
488 1066 637 1094 κωλύοιντο
661 1068 849 1104 ὑφορωμένων
859 1068 911 1104 τὴν

116 1115 236 1145 ἔκτισιν,
247 1113 374 1150 δεύτερον
389 1112 418 1140 δὲ
432 1113 475 1140 ῐνα
490 1113 536 1140 διὰ
547 1113 599 1148 τὴν
617 1113 721 1149 ἀγορὰν
737 1113 912 1149 διερχόμενος

117 1160 219 1196 θεατὴς
249 1159 353 1194 γίνοιτο
371 1158 426 1186 τῶν
447 1158 536 1186 ὠνίων
552 1167 559 1174 ·
587 1159 649 1186 ὅθεν
679 1159 796 1188 ἑκάστου
806 1159 831 1176 ³⁸
858 1160 913 1189 τῶν

119 1205 353 1242 πιπρασκομένων
376 1205 440 1232 ὂσου
469 1204 600 1231 πωλεῖται
637 1206 709 1232 κατὰ
731 1205 781 1241 τὴν
807 1205 912 1242 ἀγορὰν

121 1254 224 1289 ἠρώτα,
239 1252 292 1279 οὐκ
301 1252 330 1278 ὲν
341 1251 474 1287 παρέργῳ
490 1251 570 1278 τοῦτο
583 1252 669 1279 ποιῶν
690 1252 759 1279 ἀλλὰ
775 1253 823 1280 καὶ
853 1252 915 1280 Λίαν

118 1299 239 1335 ἐνεργῶς
254 1307 286 1325 τε
301 1298 350 1325 καὶ
361 1298 512 1333 ὲπιμόνως,
529 1298 584 1325 οὐδ’
602 1298 644 1325 ἑνὶ
667 1299 747 1325 τοῦτο
758 1300 824 1326 εῖδει
844 1299 914 1326 ἀλλὰ

116 1344 200 1372 παντὶ
218 1343 270 1379 μὲν
285 1343 326 1379 τῷ
342 1344 454 1379 τρέφειν
469 1343 613 1379 ἄνθρωπον
631 1343 784 1379 δυναμένῳ,
804 1344 853 1371 εἶτ’
867 1344 914 1372 οὖν

118 1390 278 1426 ἐσθιόμενον
287 1389 338 1416 είτ¹
353 1389 399 1416 οὖν
408 1389 457 1417 καὶ
473 1390 629 1425 πινόμενον,
642 1390 724 1416 παντὶ
737 1390 766 1416 δὲ
780 1390 821 1426 τῷ
835 1399 916 1426 περι-

118 1437 232 1465 θαλπειν
241 1438 292 1464 καὶ
304 1437 346 1468 si;
363 1435 499 1472 ἀμφίασιν
514 1435 648 1469 τελοῦντι,
664 1437 711 1464 καὶ
723 1438 807 1464 πᾶσιν
820 1438 915 1470 ἁπλῶς

119 1485 172 1514 τοῖς
188 1484 265 1510 κατὰ
283 1483 334 1518 τὴν
343 1483 449 1519 ἀγορὰν
466 1482 662 1518 προκειμένοις
670 1482 727 1510 τῶν
741 1483 916 1519 βουλομένων

121 1532 263 1567 ιξωνήσιιι.
281 1531 332 1560 Διά
351 1540 394 1558 τοι
420 1530 501 1558 τοῦτο
515 1531 577 1558 οὐδὲ
590 1531 692 1567 ῥαδίως
719 1530 753 1558 ἂν
775 1528 846 1558 εἶδέν
872 1539 916 1562 τις

121 1577 200 1605 αὑτὸν
211 1576 396 1612 ἐξεληλυθότα
415 1578 457 1610 είς
472 1577 636 1612 πρόκενσον,
651 1576 753 1613 πολλὴν
777 1577 915 1604 ἐνδεικνύ-

123 1632 203 1660 μενον
214 1623 337 1659 σπουδὴν
356 1623 425 1659 πρὸς
447 1624 483 1650 τὰ
493 1623 573 1651 κοινά.
584 1632 614 1651 τε
626 1624 674 1650 καὶ
687 1623 851 1659 ἐπιμέλειαν
865 1622 915 1651 νῦν

123 1668 170 1703 μὲν
187 1668 216 1694 ὲν
229 1667 456 1703 κριτηρίοις,νῦν
473 1668 514 1702 δὲ,
544 1668 583 1700 ὡς
611 1668 732 1704 εἴρηται,
760 1669 833 1696 κατὰ
864 1669 916 1702 τὰς

122 1711 255 1747 προόδους
271 1712 320 1747 τῆς
335 1711 495 1748 έὸδομάδος.

154 1758 187 1787 δ’.
207 1759 292 1786 Ὅθεν
310 1759 373 1786 ἐπεί
403 1768 467 1787 τινα
482 1759 537 1788 τῶν
564 1760 714 1797 ὀφθαλμῶν
737 1761 862 1790 ἐπίασιν
880 1761 916 1789 τὰ

123 1807 175 1842 πρὸ
199 1807 252 1842 τῆς
279 1806 384 1838 πόλεως
403 1806 500 1842 ἔχοντα
523 1806 561 1839 ὡς
590 1807 637 1834 ἐπὶ
664 1807 694 1834 τὸ
725 1808 853 1835 πλεῖστον
875 1809 917 1840 είς

123 1854 207 1882 ἑαυτὰ
219 1853 334 1881 καλοῦσι
351 1854 415 1886 τοὺς
429 1854 564 1889 βασιλεῖς,
577 1853 612 1881 τὰ
632 1855 701 1891 πρὸς
713 1854 762 1891 τὴν
777 1855 916 1884 θάλασσαν

122 1901 168 1928 τοῦ
195 1900 331 1928 παλατίου
354 1900 432 1936 τείχη
456 1901 512 1928 τῶν
535 1901 660 1936 ἀρχαίων
676 1901 812 1936 θεμελίων
839 1899 916 1934 οὗτος

124 1947 319 1984 παρεκϐαλὼν,
337 1947 386 1974 καὶ
402 1947 472 1982 πρὸς
495 1947 530 1974 τὰ
556 1947 670 1982 ήλιακὰ,
691 1947 758 1974 ἔνθα
782 1947 917 1983 πρότερον

125 1992 287 2027 κινστέρνης
310 1990 395 2026 οὔσης
425 1991 526 2027 συνέϐη
554 1991 696 2027 βασιλικὸν
730 1993 917 2028 ἀποπνιγῆναι

124 2038 192 2070 υιδν,
208 2037 392 2073 παραδείσους
407 2037 610 2074 ἐργασάμενος,
638 2037 745 2066 ἐκεῖθεν
769 2038 801 2065 τὸ
825 2039 919 2066 λεῖπον

125 2084 284 2121 ἀνεπλήρου
303 2084 351 2111 καὶ
382 2084 479 2112 ἑαυτὸν
501 2084 603 2120 ἔτερπε
618 2084 726 2116 τούτοις
751 2085 799 2112 καὶ
828 2085 916 2121 ιψυχ-

123 2131 241 2166 αγώγει,
257 2130 297 2163 ὡς
313 2131 345 2157 τὸ
358 2130 443 2162 εἰκός,
459 2131 515 2159 Καὶ
532 2140 597 2158 ποτε
613 2131 711 2158 τούτου
723 2131 812 2158 ἐκεῖσε
829 2131 919 2159 ινδια-

122 2178 274 2214 τρὶσοντος,
289 2178 344 2205 εἴτε
355 2177 389 2214 δὴ
403 2177 452 2205 καὶ
462 2178 646 2211 δειπνοῦντος,
655 2178 693 2210 ὡς
708 2178 798 2213 λόγος,
814 2179 915 2215 συνέϐη

124 2223 190 2250 ναῦν
216 2232 283 2251 τινα
309 2223 478 2259 μυριοφόρον
497 2223 528 2256 εξ
545 2223 639 2258 οὐρίας
657 2223 793 2251 πλέουσαν
815 2225 921 2251 ἀναπι-

931 1600 953 1630 C

962 290 1056 314 sancte
1072 286 1229 313 adhaerebat
1247 294 1253 313 :
1270 286 1318 313 sed
1333 289 1361 314 et
1375 285 1489 321 impurae
1504 286 1673 313 venerabiles
1687 287 1755 314 ima-

962 332 1038 368 gines
1059 332 1278 367 impugnantium
1303 331 1401 359 hteresi
1427 339 1442 359 a
1468 331 1618 366 majoribus
1638 337 1755 367 acceptae

962 379 1087 407 addictus
1104 383 1172 411 crat,
1190 387 1276 414 eaque
1287 379 1393 406 ratione
1409 379 1563 414 religiosam
1577 382 1756 415 sanctamque

962 425 1083 452 turbavit
1101 425 1206 459 plebem
1222 424 1347 460 variique
1363 425 1470 459 generis
1492 424 1570 451 malis
1586 424 1691 456 aliiixit,
1706 432 1757 451 nec

961 471 1083 507 quandiu
1101 471 1209 506 imperii
1225 471 1347 498 habenas
1362 471 1519 498 moderatus
1530 471 1681 505 esl,quiete
1695 478 1755 498 cam

961 525 1041 553 agere
1065 517 1199 553 permisit.
1226 516 1304 545 Unde
1324 517 1406 544 etiam
1429 521 1625 552 congruentem
1647 518 1718 545 hanc
1739 524 1754 544 ιι

961 563 1018 591 Deo
1038 564 1191 591 mercedem
1212 563 1315 594 retulit.
1334 568 1364 590 ut
1395 563 1464 590 nihil
1481 563 1602 598 praeclari
1623 562 1755 591 facinoris

961 609 989 637 in
1016 610 1094 638 bellis
1109 610 1233 643 ediderit,
1256 610 1302 638 sed
1318 610 1406 637 victus
1425 617 1543 644 semper,
1567 617 1619 638 nec
1634 614 1664 638 ut
1677 611 1756 638 decet

961 656 1156 691 imperatorem
1170 663 1260 691 exque
1276 656 1419 691 majestate
1431 656 1543 684 domum
1562 658 1683 686 redierit.

996 703 1023 730 3.
1037 702 1088 736 Qui
1104 710 1169 738 ergo
1185 703 1448 738 studiosusiustitize
1460 708 1541 737 esset,
1555 712 1672 740 ergaque
1690 712 1756 732 san-

962 753 1032 778 ctam
1048 749 1095 776 Dei
1111 749 1222 776 Matrem
1243 749 1323 777 tidem
1339 758 1415 777 suam
1432 758 1464 777 ac
1477 750 1643 778 alacritatem
1658 752 1757 786 proba—

962 800 1013 827 ret,
1038 803 1088 830 per
1105 795 1228 831 singulas
1252 796 1437 824 hebdomadas
1451 797 1494 823 via
1512 797 1620 831 publica
1638 797 1758 836 stipante

962 842 1091 870 satellitio
1113 842 1146 869 ad
1174 843 1295 869 divinam
1320 843 1547 870 Blachernenscm
1577 844 1660 871 aedem
1685 851 1757 879 equo

961 888 1137 924 procedebat.
1165 888 1253 924 Hujus
1268 894 1359 916 autem
1384 897 1492 924 pompae
1508 897 1540 917 ea
1555 891 1626 917 ratio
1641 895 1710 921 erat,
1729 894 1758 917 ut

965 942 995 962 se
1009 934 1147 966 omnibus,
1161 934 1194 961 iis
1206 934 1323 962 maxime
1336 935 1382 969 qui
1396 935 1449 962 ulla
1460 935 1560 970 injuria
1574 935 1755 968 adicerentur,

965 981 1087 1015 ipsorum
1112 981 1257 1008 auditurus
1274 980 1410 1015 querelas,
1432 980 1458 1008 in
1476 986 1651 1016 conspectum
1668 982 1757 1014 daret,

966 1034 1015 1054 nec
1024 1026 1096 1054 ullus
1107 1026 1248 1054 maleﬁcus
1261 1033 1369 1060 poenam
1382 1027 1416 1054 ab
1426 1033 1458 1054 eo
1475 1027 1647 1062 irrogandam
1658 1028 1758 1054 timens

966 1080 1107 1100 secessum
1119 1072 1286 1107 prohiberet.
1295 1073 1383 1100 Simul
1391 1073 1472 1100 etiam
1484 1078 1514 1100 ut
1524 1081 1573 1108 per
1581 1073 1669 1100 forum
1681 1074 1759 1108 equi-

967 1123 1029 1146 tans
1047 1127 1092 1146 res
1104 1119 1213 1147 venales
1226 1119 1383 1155 inspiceret.
1398 1119 1526 1146 Omnium
1541 1120 1633 1155 itaque
1655 1120 1682 1148 in
1697 1120 1758 1148 foro

966 1164 1104 1192 venalium
1129 1165 1247 1199 pretium
1273 1164 1457 1199 exquirebat;
1481 1171 1569 1200 neque
1584 1173 1649 1193 vero
1669 1165 1760 1193 obiter

965 1218 1024 1238 rem
1046 1210 1204 1245 praestabat,
1225 1209 1271 1237 sed
1292 1217 1408 1244 operose
1421 1210 1569 1237 admodum
1586 1218 1619 1238 ac
1640 1219 1758 1245 morose,

966 1264 1017 1284 nec
1039 1257 1065 1283 in
1079 1265 1134 1284 uno
1148 1257 1281 1284 duntaxat
1298 1257 1430 1284 mercium
1445 1264 1553 1291 genere,
1568 1259 1614 1284 sed
1631 1258 1657 1285 in
1669 1259 1760 1285 omni-

967 1302 1018 1329 bus
1032 1302 1181 1329 esculentis
1197 1302 1255 1330 sive
1274 1301 1356 1328 etiam
1376 1301 1534 1336 potulentis,
1552 1302 1675 1331 vestibus
1693 1304 1758 1331 item

968 1356 1001 1376 ac
1012 1348 1189 1383 operimentis
1207 1355 1214 1381 ;
1232 1348 1364 1383 quidquid
1376 1347 1494 1382 denique
1509 1347 1536 1374 in
1553 1347 1610 1375 fore
1626 1350 1758 1377 mercium

968 1396 1118 1430 prostabat.
1138 1395 1321 1428 Quamobrem
1340 1395 1383 1422 vix
1401 1404 1520 1429 unquam
1541 1396 1655 1423 solemni
1673 1396 1760 1431 impe-

969 1445 1089 1468 ratorum
1104 1449 1180 1468 more
1193 1449 1290 1476 pompa
1313 1442 1461 1476 procedere
1474 1442 1532 1477 88
1546 1441 1621 1469 visus
1636 1446 1692 1476 est,
1712 1443 1759 1477 qui

969 1488 1147 1523 procurandae
1156 1488 1310 1522 reipublicae
1319 1496 1443 1523 magnam
1454 1489 1619 1524 diligentiam
1627 1496 1658 1516 ac
1666 1495 1759 1516 curam

970 1533 1096 1567 haberet,
1117 1542 1191 1562 nunc
1208 1542 1259 1570 pro
1274 1534 1402 1562 tribunali
1420 1534 1519 1563 sedens
1532 1556 1539 1568 ,
1555 1543 1630 1563 nunc
1643 1536 1761 1571 singulis

971 1581 1144 1615 septimanis,
1167 1581 1207 1609 uti
1236 1581 1342 1608 dictum
1363 1585 1422 1615 est,
1445 1581 1473 1609 iu
1497 1581 1635 1617 publicum
1666 1588 1761 1618 proce-

970 1627 1047 1655 deus.

1004 1759 1032 1788 ι.
1050 1759 1125 1787 Unde
1135 1759 1198 1794 quia
1211 1759 1368 1787 suburbana
1379 1759 1504 1795 quadam
1517 1764 1627 1796 aspectu
1638 1761 1761 1796 jucunda

968 1811 1050 1842 atque
1073 1814 1182 1834 amatus
1203 1807 1275 1834 haud
1299 1812 1364 1834 raro
1386 1807 1540 1842 principum
1559 1808 1666 1836 animos
1681 1808 1714 1835 ad
1732 1815 1763 1836 se

968 1853 1120 1889 pellieiunt,
1138 1854 1196 1888 ipse
1208 1860 1302 1881 muros
1314 1853 1409 1888 palatii
1426 1853 1460 1880 ad
1475 1861 1553 1881 mare
1571 1860 1715 1889 vergentes
1727 1854 1763 1881 ah

968 1901 1089 1935 antiquis
1114 1900 1299 1928 fundamentis
1315 1901 1446 1934 diruens,
1470 1905 1498 1929 et
1514 1901 1548 1929 ad
1577 1901 1679 1930 salaria
1702 1900 1761 1937 (ubi

969 1948 1046 1982 prius
1056 1955 1118 1975 cum
1136 1947 1211 1974 lacus
1225 1950 1310 1980 esset,
1324 1948 1498 1983 imperatoris
1511 1948 1596 1975 illium
1609 1949 1688 1984 aquis
1703 1948 1762 1976 suf-

967 1992 1055 2020 focari
1079 1992 1244 2027 contigerat)
1276 1992 1371 2019 hortos
1399 1992 1514 2023 iaciens,
1543 1994 1605 2020 inde
1637 1993 1760 2021 levamen

967 2039 1078 2074 aliquod
1107 2039 1200 2066 animo
1228 2038 1376 2074 quaerebat,
1402 2046 1484 2073 seque
1507 2039 1560 2072 his,
1578 2043 1607 2066 ut
1627 2039 1681 2074 'par
1707 2045 1760 2073 est,

969 2085 1132 2113 oblectabat.
1145 2085 1203 2113 Illic
1217 2086 1385 2122 quandoque
1393 2090 1519 2114 versante
1529 2086 1690 2121 Theophila,
1704 2088 1762 2115 sive

969 2132 1062 2165 etiam,
1081 2136 1110 2159 ut
1125 2132 1198 2160 fama
1215 2136 1267 2164 est,
1284 2137 1411 2164 cenante,
1427 2132 1542 2169 contigit
1557 2133 1646 2160 navim
1663 2141 1762 2170 quam-

969 2179 1031 2206 dam
1053 2178 1207 2205 onerariam
1223 2178 1409 2213 praegrandem
1426 2178 1521 2213 pansis
1536 2178 1613 2211 velis,
1641 2178 1764 2206 secundo

969 2228 1051 2251 vento
1065 2224 1207 2259 appulsam
1221 2244 1227 2257 ,
1244 2224 1346 2260 ingenti
1362 2225 1435 2252 mole
1450 2225 1546 2252 umbra
1562 2229 1669 2260 portum
1684 2225 1763 2253 obte-

125 2271 276 2306 πταμένοις
289 2271 322 2306 δὴ
336 2271 394 2302 τοῖς
411 2270 506 2302 ἱστίοις
528 2270 567 2306 τῷ
585 2270 696 2306 μεγέθει
713 2270 757 2298 τὸν
782 2270 881 2306 λιμένα
893 2271 916 2288 ⁸⁸

972 2278 1036 2306 gere
1051 2278 1083 2298 ac
1096 2271 1288 2306 imperatorem
1310 2271 1337 2298 in
1352 2275 1493 2306 stuporem
1509 2279 1598 2307 agere.
1615 2272 1764 2300 Perconta-

125 2318 314 2346 κατασκιάσαι
330 2317 379 2345 καὶ
392 2318 438 2344 τὸν
455 2317 568 2352 βασιλέα
578 2318 618 2350 εἰς
634 2317 740 2352 θάμϐος
753 2318 917 2353 ἐπαγαγεῖν.

131 2365 266 2393 Ἐπύθετο
279 2363 327 2393 οὖν
346 2365 446 2392 αὐτίκα
460 2365 532 2397 τίνος
547 2373 578 2391 τε
597 2365 615 2400 ή
630 2365 713 2396 ὁλκὰς
735 2364 778 2401 εἴη
793 2365 840 2392 καὶ
866 2365 881 2392 δ
892 2374 919 2392 τι

125 2412 204 2447 φέροι
211 2412 269 2439 τῶν
288 2411 439 2447 ἐδωδίμων.
461 2411 506 2443 Ὠς
521 2410 550 2437 δὲ
564 2411 615 2447 τῆς
626 2411 788 2446 Δύγούστης
802 2412 920 2448 ἤκουσεν

125 2456 175 2482 καὶ
192 2455 286 2482 λαθεῖν
309 2455 391 2482 τοῦτο
401 2455 453 2483 οὐκ
468 2453 514 2491 ἦν,
530 2457 591 2482 τότε
614 2455 665 2491 μὲν
680 2457 854 2492 ιφησυχάσαι
874 2456 920 2484 λέο

127 2510 206 2536 ἵεται
222 2502 271 2530 καὶ
281 2502 435 2539 διαπέμψαι
448 2503 495 2530 τὸν
506 2503 602 2538 καιρὸν
617 2503 700 2539 μέχρι
714 2505 766 2538 τῆς
782 2501 816 2541 ἧς
828 2504 920 2532 είώθει

126 2550 235 2586 ἡμέρας
248 2550 322 2577 κατὰ
344 2550 395 2583 τὰς
410 2550 567 2586 ΒΜχὲρνας
595 2549 675 2577 ἰέναι.
703 2550 781 2577 Ἐπεὶ
806 2550 828 2577 δ’
857 2551 875 2586 ἦ
890 2559 921 2577 τε

126 2597 222 2632 ἡμέρα
238 2597 332 2632 παρῆν
349 2597 397 2624 καὶ
409 2597 424 2623 ὁ
438 2596 486 2624 τοῦ
502 2596 598 2624 πλοίου
613 2597 698 2632 ὅρμος
714 2596 795 2631 δῆλος
813 2598 921 2633 ὑπῆρχε

125 2640 170 2676 τῷ
185 2641 290 2676 βασιλεῖ
302 2641 471 2677 ἁναμαθύντι
482 2642 527 2670 διά
546 2650 632 2674 τινος,
651 2642 702 2678 τῆς
717 2643 758 2674 εἰς
777 2643 810 2670 τὸ
829 2643 922 2671 πλοῖον

126 2690 266 2724 φερούσης
278 2688 421 2724 ἀπήρχετο
434 2688 496 2716 ὀδοῦ
509 2697 516 2704 ·
531 2686 566 2724 ἦν
579 2688 610 2715 δὲ
621 2689 692 2716 κατὰ
707 2689 754 2716 τὸν
767 2689 919 2726 Βόσπορον.

127 2733 177 2769 ιιι.
192 2734 238 2770 56]
253 2735 308 2762 Kal.
335 2735 453 2770 ἐπείπερ
465 2735 691 2771 παραγενόμενος
703 2735 781 2770 παρὰ
792 2736 843 2772 τὴν
857 2737 923 2772 npti-

129 2789 203 2815 μναν
217 2782 282 2817 ἔστη
296 2782 346 2818 τῆς
358 2781 426 2814 νεὼς
434 2781 636 2818 ἀκολουθούσης
647 2782 698 2818 τῆς
705 2782 819 2816 τάξεως,
827 2783 922 2819 ἠρώτα

126 2825 183 2862 τὴν
194 2827 345 2864 σύγκλητον
354 2829 403 2863 οὺχ
418 2827 495 2861 ἇπαξ
512 2828 545 2864 δὴ
565 2828 645 2864 μόνον
660 2828 728 2856 ἀλλὰ
748 2829 796 2856 καὶ
819 2829 861 2861 δὶς
875 2831 922 2858 καὶ

972 2317 1053 2345 batur
1062 2317 1144 2353 igitur
1156 2318 1259 2349 statim,
1269 2318 1413 2353 cuiusnam
1422 2318 1467 2345 illa
1478 2324 1549 2346 esset
1563 2319 1662 2354 quidve
1677 2326 1764 2346 anno-

971 2370 1068 2391 narunt
1088 2363 1242 2391 adveheret.
1256 2363 1306 2391 Ubi
1323 2371 1405 2399 porro
1423 2364 1554 2400 Augustae
1570 2372 1631 2393 esse
1648 2365 1763 2398 audivit,

972 2418 1070 2446 resque
1084 2410 1175 2438 notior
1189 2414 1339 2445 eratquam
1358 2414 1387 2437 ut
1403 2410 1486 2438 latere
1501 2415 1603 2446 posset,
1621 2415 1687 2438 tunc
1700 2412 1764 2446 qui-

971 2457 1034 2485 dem
1057 2456 1168 2485 siluisse
1190 2456 1277 2489 aiunt,
1302 2456 1432 2492 diemque
1447 2461 1620 2492 exspectasse
1633 2464 1687 2492 quo
1711 2457 1764 2492 ipsi

973 2504 1059 2530 moris
1076 2507 1135 2530 erat
1151 2502 1315 2530 Blaclternas
1329 2502 1488 2538 procedere.
1502 2503 1626 2538 Cumque
1642 2503 1701 2530 dies
1717 2510 1765 2538 ap-

974 2550 1107 2585 petiisset,
1134 2554 1215 2585 atque
1237 2549 1283 2577 ubi
1309 2549 1386 2576 navis
1408 2549 1491 2576 statio
1505 2553 1579 2577 esset
1594 2557 1627 2576 ex
1644 2549 1764 2584 quodam

972 2597 1124 2630 didicisset,
1139 2605 1236 2624 versus
1249 2603 1308 2624 eam
1325 2596 1466 2624 contendit
1477 2596 1540 2627 iter,
1557 2596 1592 2623 ad
1608 2596 1764 2631 Bosporum

973 2642 1088 2671 scilicet.
1115 2642 1232 2676 Veniens
1256 2641 1349 2676 itaque
1378 2641 1494 2675 stipatus
1518 2641 1660 2676 obsequio,
1679 2646 1706 2669 et
1730 2642 1764 2668 ad

973 2689 1085 2725 puppim
1096 2688 1214 2724 positus;
1222 2693 1345 2716 senatum
1358 2687 1473 2724 rogavit,
1482 2695 1570 2723 neque
1583 2688 1610 2715 id
1621 2688 1704 2715 semel
1715 2687 1764 2715 sed

973 2736 1073 2764 iterum
1092 2739 1174 2770 atque
1189 2735 1279 2768 tertio,
1292 2742 1357 2762 num
1371 2734 1436 2770 quid
1452 2735 1533 2762 alicui
1546 2734 1653 2762 deesset
1668 2741 1765 2761 eorum

974 2791 1035 2819 quae
1052 2783 1079 2810 in
1095 2789 1175 2810 usum
1198 2781 1308 2809 familiae
1328 2782 1496 2818 89cedunt
1510 2789 1544 2809 ac
1559 2788 1676 2809 annona
1686 2785 1765 2814 sunt,

974 2831 1094 2858 triticum
1107 2830 1210 2857 scilicet
1225 2834 1252 2857 et
1266 2829 1358 2858 vinum
1370 2829 1478 2857 aliudve
1493 2828 1625 2857 edulium.
1639 2828 1767 2864 Cumque

771 2877 891 2906 νΑιιιΑε
918 2877 1121 2907 LECTIONES.

172 2925 194 2940 "
206 2926 319 2954 ἕκαστον
333 2926 345 2953 ?
390 2926 413 2942 ”
427 2925 525 2962 λιμένα
539 2924 735 2958 Combelisius,
749 2924 884 2960 λειμῶνα.
