2011 3156
238 216 287 248 ιιι

768 213 1023 244 TIIEOPIIANES
1039 213 1317 244 CONTINUATUS.

1818 211 1868 244 ll!

236 278 264 300 et
289 279 349 306 quae
382 278 466 298 unum
495 270 628 298 duntaxat
644 269 800 298 Romanum
827 269 1022 305 imperatorem

1084 279 1135 304 τας,
1150 271 1197 297 καὶ
1219 270 1268 305 τῆς
1283 270 1294 285 ³
1309 269 1471 305 ὶρωτήσεως
1486 269 1566 304 χάριν
1585 268 1659 305 αὐτῷ
1679 269 1868 304 ὑπηντηκόσιν

237 321 375 347 decercnt.
391 317 445 356 97
463 316 532 344 llinc
549 317 586 344 illi
604 316 754 343 admiratio
769 306 906 351 longeque
920 323 953 342 ac
971 316 1026 344 late

238 364 383 402 pervolans
400 363 521 391 nominis
540 362 662 390 claritas.
684 361 820 389 Caeterum
843 361 890 389 ubi
907 362 1026 397 primum

238 412 420 440 Barbarorum
456 410 523 437 lines
551 409 659 445 attigit,
688 414 803 437 cunctos
832 410 858 437 in
886 414 1027 444 stuporem

237 455 313 490 egit;
328 461 430 489 eosque
449 453 496 488 qui
521 454 616 481 amicae
640 453 853 488 percontationis
874 462 956 482 causa
979 454 1029 482 ob.

237 502 310 529 viam
329 500 367 528 illi
386 500 576 536 procederent,
593 505 620 527 et
646 500 700 527 hoc
715 500 815 534 solum,
829 501 965 535 quomodo
978 501 1029 527 im-

238 551 348 583 perator
364 546 478 574 haberet
498 553 530 574 ac
548 554 632 582 quam
656 554 788 582 prospera
815 551 938 574 uteretur
954 546 1028 574 vale-

239 595 343 627 tudine,
361 598 526 630 quzerercnt,
538 601 685 620 munerum
711 593 827 628 aurique
843 592 1028 621 muniﬁcentia

239 649 272 670 ac
289 640 368 676 copia
386 639 490 675 ingenti
506 639 693 667 admiratione
712 639 858 667 alliciebat.
874 639 950 667 Tunc
963 647 1030 667 sane

239 687 273 714 ad
286 685 428 713 lsmaelem
442 685 575 712 accedens
595 689 622 712 et
636 685 664 712 in
679 690 858 720 conspectum
879 685 1029 718 admissus,

241 731 416 767 imperatoris
435 731 472 758 illi
496 738 640 758 sermones
659 730 791 764 referens,
817 739 878 759 cum
903 739 1030 766 peroras-

240 782 293 811 ret,
310 777 468 805 refectionis
488 783 577 804 causa
594 776 622 803 in
647 776 828 805 diversorium
844 777 957 804 secedit.
978 776 1030 804 Eo-

241 831 296 859 que
314 824 408 851 animo
425 823 556 851 incitatus
568 827 659 851 utres
675 822 815 851 Romanas
827 824 913 859 magis
930 824 1031 858 magis.

202 863 212 876 ’
239 878 294 907 que
320 869 445 903 efferret,
471 869 598 905 quisquis
628 869 661 898 ad
682 877 744 897 eum
770 869 869 905 quavis
891 878 923 897 ex
944 877 1030 898 causa

241 918 355 954 majoris
379 917 527 946 minorisve
550 917 851 950 momentiaccederet,
868 922 1028 953 argenteum

210 999 213 1003 Ι
241 964 384 993 vasculum
411 971 480 991 auro
505 963 682 999 nummisque
707 963 817 998 plenum
845 963 974 991 muniﬁca
1004 963 1030 991 ei

205 1027 222 1038 .-
243 1011 388 1046 largitione
420 1010 570 1038 tribuebat.
596 1008 768 1045 Quandoque
795 1017 862 1037 vero
889 1009 1030 1038 communi

243 1064 338 1085 mensa
362 1063 425 1084 cum
453 1055 582 1083 Barbarie
610 1055 726 1089 epulans
750 1055 954 1089 malluviorum,
971 1063 1032 1091 quae

241 1103 374 1137 diximus,
392 1102 508 1130 alterum
523 1101 604 1137 cujus
616 1101 655 1129 illi
666 1109 735 1129 usus
751 1102 778 1129 in
791 1102 947 1129 ministerio
961 1105 1030 1135 erat,

241 1150 378 1178 ministris
398 1148 522 1184 praecipit
534 1153 565 1176 ut
578 1149 707 1176 consulto
723 1149 892 1176 amitterent.
904 1147 1033 1184 Tumque

242 1204 298 1226 non
320 1196 372 1224 levi
387 1200 447 1224 orta
462 1195 618 1224 turbatione
633 1203 666 1223 ac
682 1195 813 1228 clamore,
827 1195 901 1231 quod
913 1195 954 1223 sic
965 1195 1032 1223 illud

243 1243 378 1271 amissum
393 1246 477 1275 esset,
499 1249 531 1269 ac
554 1249 617 1270 cum
635 1249 731 1270 omnes
750 1242 865 1269 Barbari
888 1250 944 1278 prae
959 1243 1032 1270 vasis

243 1288 449 1324 pulchritudine
464 1292 491 1315 et
508 1288 601 1323 lepore
613 1287 769 1324 ingentique
784 1288 882 1323 pretio,
896 1289 1033 1323 iacturam

243 1342 315 1371 egre
333 1334 473 1368 ferentes,
491 1334 595 1362 nullam
616 1342 671 1362 non
698 1334 868 1370 diligentiam
885 1335 1033 1370 quaerendo

243 1381 416 1413 adhiberent,
444 1387 488 1413 ac,
516 1379 590 1414 quod
621 1380 712 1414 aiunt,
731 1380 836 1408 nullum
859 1388 913 1408 non
941 1381 1032 1408 funem

244 1426 435 1462 investigando
453 1430 607 1458 moverent,
621 1429 652 1454 ut
667 1426 741 1460 quod
755 1426 828 1454 furto
841 1427 962 1454 ablutum
976 1432 1035 1455 erat

245 1473 273 1500 in
292 1473 379 1500 lucem
406 1471 537 1507 prodiret,
564 1471 665 1506 jubens
691 1471 736 1498 ille
761 1471 878 1506 proferri
905 1472 1033 1505 alterum,

244 1525 379 1552 servoque
391 1517 526 1545 mandans
541 1522 573 1544 ut
584 1517 662 1552 prius
674 1517 740 1544 illud
758 1517 848 1552 perire
861 1518 944 1550 sinat,
962 1519 1035 1553 quod

245 1564 286 1593 sic
302 1563 417 1592 ulterius
442 1563 558 1591 scrutari
575 1562 741 1596 inhibuerat,
758 1563 912 1591 Saracenos
932 1564 958 1591 in
975 1569 1036 1592 stu-

244 1618 340 1647 potem
354 1610 445 1638 vertit.
462 1609 532 1637 Hinc
557 1617 668 1644 quoque
689 1617 899 1638 ameramnuues
925 1615 953 1638 et
976 1611 1034 1646 ipse

245 1655 370 1684 muniﬁci
389 1662 487 1683 nomen
505 1655 641 1687 ambiens,
653 1659 734 1689 atque
756 1654 782 1682 id
799 1663 899 1683 cavens
917 1663 950 1683 ne
964 1656 1035 1683 ulla-

246 1707 327 1730 tenus
349 1701 387 1729 illi
407 1702 496 1736 impar
523 1700 672 1732 videretur,
698 1708 762 1728 cum
785 1701 865 1729 donis
888 1701 964 1729 aliis‘
980 1702 1037 1737 98

245 1755 309 1776 eum
323 1747 423 1782 accipit
432 1746 561 1782 (quorum
576 1746 621 1774 ille
635 1747 781 1781 splendere
792 1747 862 1775 nihil
873 1752 968 1783 captus
980 1752 1034 1781 est,

245 1794 295 1822 sed
313 1794 400 1822 instar
415 1793 536 1828 pulveris
558 1800 652 1820 coram
679 1793 819 1830 projecit),
838 1800 895 1822 tum
914 1795 1036 1830 captivos

247 1845 357 1869 centum
377 1847 474 1867 recens
490 1845 601 1867 carcere
616 1840 731 1868 eductos
746 1841 899 1876 ablatisque
916 1841 1037 1876 captivo-

247 1893 309 1915 rum
332 1885 430 1921 pannis
454 1889 555 1913 ornato
575 1886 676 1914 vestitu
691 1886 814 1919 indutos,
839 1887 960 1923 amplum
981 1888 1037 1915 sci-

248 1933 312 1961 licet
322 1940 433 1965 munus,
447 1932 572 1961 donavit.
593 1931 695 1960 Verum
716 1933 739 1960 is
758 1941 868 1969 quoque
885 1933 964 1961 valde
973 1934 1037 1970 qui-

246 1978 308 2006 dem
327 1977 422 2005 laudat
446 1977 596 2012 probatque
623 1977 714 2005 dantis
732 1978 958 2013 muniﬁcentiam,
979 1987 1039 2007 mu-

247 2033 301 2054 nus
317 2030 408 2052 tamen
423 2023 532 2052 interim
551 2025 666 2059 respuit,
679 2025 773 2060 aitque
787 2026 894 2052 interim
907 2025 968 2053 illos
977 2026 1039 2061 qui—

246 2071 308 2099 dem
326 2069 469 2098 remissius
483 2069 643 2104 iudultaque
657 2069 782 2097 libertate
801 2070 951 2105 gaudentes
967 2071 1039 2106 apud

248 2124 279 2144 se
305 2121 426 2148 acturos,
449 2115 537 2142 donec
565 2115 623 2150 ipse
642 2115 718 2150 paria
745 2114 844 2149 faciat,
871 2116 1039 2152 redditisque

247 2162 310 2190 aliis
330 2160 475 2189 Saracenis
498 2161 614 2196 Captivis
642 2161 725 2188 hosce
749 2161 888 2189 Romanos
912 2163 1039 2198 recipiat.

249 2208 305 2236 lies
322 2207 362 2235 sic
378 2211 516 2234 transacta
542 2211 653 2242 stupore
674 2207 841 2234 Saracenum
865 2207 964 2236 aﬂ‘ccit.
984 2208 1040 2238 Nec

247 2254 304 2290 jam
323 2257 352 2281 ut
380 2252 500 2288 hospite,
528 2252 576 2280 sed
604 2258 634 2280 ιιι
650 2253 802 2281 domestico
821 2261 854 2282 ac
884 2256 1040 2283 necessario

1079 318 1124 343 ml.
1137 316 1211 348 ὅπως
1230 316 1287 351 έχοι
1302 315 1466 351 πυθομένοις
1484 315 1564 351 μόνον
1584 316 1598 342 ὁ
1614 314 1752 350 βασιλεὺς,
1767 316 1801 351 τῇ
1818 315 1868 342 6-.-

1077 363 1170 398 ψιλείᾳ
1186 362 1240 389 τῶν
1252 362 1347 397 δώρων
1361 361 1411 388 καὶ
1422 361 1470 388 τοῦ
1481 361 1595 397 χρυσίου
1606 361 1747 396 θαυμάσαι
1755 361 1869 393 τούτους

1078 409 1217 444 ὶποίησεν.
1240 409 1307 435 Τότε
1322 408 1355 444 δὴ
1370 408 1525 444 πλησιάσας
1545 407 1584 443 τῷ
1604 407 1717 444 Ἰσμαὴλ
1734 409 1781 435 καὶ
1798 408 1870 435 κατὰ

1078 456 1226 492 πρόσωπον
1246 455 1323 487 στάς,
1341 455 1389 482 καὶ
1403 455 1575 489 ἀπαγγείλας
1599 455 1664 487 τοὺς
1685 455 1717 481 ὲκ
1734 454 1869 490 βασιλέως

1078 502 1175 536 λόγους
1191 501 1277 537 αύτῷ,
1295 502 1358 528 ἐπεὶ
1375 501 1554 535 ἀπήγγέλκει,
1567 501 1661 528 ἄπεισι
1675 500 1743 537 πρὸς
1760 501 1790 528 τὸ
1800 502 1870 528 ἀνα-

1079 547 1209 579 παύσεως
1224 547 1408 581 καταγώγιον.
1422 546 1466 582 [Ρ.
1481 546 1526 582 61]
1540 546 1649 574 Μᾶλλον
1661 547 1690 574 δὲ
1704 547 1751 573 καὶ
1769 546 1872 581 μᾶλλον

1081 593 1243 629 βουλόμενος
1259 594 1356 630 ἐξᾶραι
1382 593 1415 620 τὰ
1445 593 1590 629 Ῥωμαίων
1613 593 1776 629 πράγματα,
1806 593 1872 625 τοὺς

1079 639 1123 674 ἐφ’
1142 638 1323 674 οῑᾳδηποτοῦν
1345 639 1422 674 αἰτία
1442 638 1512 674 πρὸς
1525 639 1606 665 αὐτὸν
1629 639 1790 673 φοιτῶντας,
1821 647 1872 673 με·

1079 686 1149 721 γάλῃ
1167 694 1196 712 τε
1219 685 1267 712 καὶ
1293 686 1389 721 μικρᾷ,
1414 684 1510 716 σκεῦός
1538 693 1564 711 τι
1591 684 1726 720 ἀργύρεον
1756 685 1873 720 χρυσίου

1080 731 1193 767 πληρῶν
1212 731 1321 767 ἑκάστῳ
1341 731 1462 758 ἐπεδίδου
1480 731 1717 766 φιλοτιμούμενος.
1731 731 1788 758 Καί
1804 740 1872 758 ποτε

1080 777 1109 804 δὲ
1119 778 1175 808 τοῖς
1190 777 1338 813 βαρϐάροις
1349 776 1572 812 ’συνεστιώμενος
1585 777 1640 804 τῶν
1656 777 1811 813 εἰρημένων
1825 776 1873 803 δύο

1081 823 1277 859 χειρονίπτρων
1291 825 1347 854 τοῖς
1359 823 1527 858 ὑπηρετοῦσι
1538 823 1725 859 παρήγγειλεν
1736 822 1874 850 ἀπολέσαι

1080 868 1184 896 τούτων
1192 868 1324 900 ἑκουσίως
1333 869 1363 895 τὺ
1375 869 1419 896 he
1423 877 1480 904 ρον,
1487 868 1501 895 ὃ
1509 869 1549 900 εις
1557 868 1712 904 ὑπηρεσίαν
1726 867 1873 903 ἐκέκτητο.

1088 915 1131 947 Ὠς
1145 915 1174 942 δὲ
1186 915 1269 950 θροῦς
1283 924 1324 948 τις
1337 915 1387 942 οὒκ
1402 915 1518 951 ἀγεννὴς
1531 916 1577 942 ἐπὶ
1588 916 1620 950 τῇ
1636 914 1760 950 ἀπωλείᾳ
1775 915 1874 942 τούτου

1045 954 1067 981 Β
1081 963 1199 997 ἐγένετο,
1215 963 1263 990 καὶ
1282 963 1383 993 πάντες
1396 963 1420 990 oi.
1439 961 1573 998 βάρϐαροι
1596 961 1635 997 τῷ
1657 961 1750 989 κάλλει
1774 960 1874 988 τούτου

1082 1010 1129 1036 καὶ
1148 1010 1181 1044 τῇ
1198 1009 1354 1045 σεμνότητι,
1368 1009 1408 1036 ἔτι
1427 1017 1459 1043 γε
1473 1009 1521 1035 καὶ
1539 1010 1571 1044 τῇ
1587 1008 1811 1044 μεγαλοπρεπείᾳ
1828 1007 1875 1043 βι-

1083 1055 1214 1090 ϐλημένοι
1241 1055 1291 1091 τὴν
1322 1055 1411 1091 ψυχὴν
1430 1055 1531 1090 πολλὴν
1556 1054 1704 1091 συζήτησιν
1731 1054 1876 1082 ἐποιοῦντο

1082 1101 1130 1128 καὶ
1142 1100 1267 1137 ἔρευναν,
1291 1101 1339 1128 καὶ
1362 1101 1452 1128 πάντα
1476 1101 1578 1134 κάλων,
1603 1101 1634 1127 τὸ
1656 1101 1689 1136 δὴ
1711 1100 1874 1135 λεγόμενον,

1083 1147 1182 1180 ἔσειον,
1209 1148 1247 1178 ὡς
1267 1147 1301 1174 ἂν
1315 1148 1356 1179 εις
1376 1147 1434 1182 φῶς
1449 1147 1519 1182 ἀχθῇ
1541 1147 1572 1174 τὺ
1587 1147 1701 1180 κλαπὲν,
1720 1146 1877 1181 τηνικαῦτα

1082 1192 1161 1227 οὗτος
1177 1195 1208 1222 τδ
1225 1195 1318 1230 ἕτερον
1333 1195 1458 1222 ἐκϐαλεῖν
1474 1195 1616 1228 κελεύσας,
1633 1195 1692 1228 καὶ,
1713 1204 1722 1220 ι
1739 1194 1827 1222 Τοῦτο
1843 1195 1877 1222 ια

1084 1242 1255 1278 φθείρεσθαι,
1275 1251 1284 1268 ι
1302 1242 1434 1274 ἐπειπὼν,
1447 1243 1487 1274 είς
1507 1242 1611 1277 Θάμῦος
1628 1239 1680 1278 ἦγε
1697 1242 1761 1274 τοὺς
1781 1242 1877 1277 Σαρα-

1084 1289 1195 1324 κηνοὺς,
1209 1289 1257 1325 τὴν
1269 1288 1397 1324 τοιαύτην
1411 1288 1525 1324 ζήτησιν
1539 1287 1622 1315 αὑτοῦ
1636 1287 1874 1319 καταπαύσαντος.

1086 1335 1168 1362 Ὅθεν
1184 1335 1232 1362 καὶ
1248 1337 1261 1362 ὁ
1274 1334 1489 1371 ἀμεραμνουνῆς
1506 1333 1804 1370 ἀντιφιλοτιμούμενος,
1826 1334 1877 1360 καὶ

1084 1381 1180 1408 τούτου
1198 1381 1324 1416 δεύτερος
1346 1380 1463 1416 ὀφθῆναι
1485 1381 1522 1416 μὴ
1544 1380 1716 1416 βουλόμενος,
1740 1380 1831 1412 ἄλλοις
1845 1389 1879 1406 τε

1084 1428 1182 1464 δώροις
1192 1428 1272 1456 αὐτὸν
1283 1428 1461 1464 ἐθεράπευεν,
1476 1421 1574 1463 οἷσπερ
1585 1427 1665 1459 αὐτὸς
1676 1427 1726 1462 οὐχ
1736 1425 1880 1462 ἡλίσκετο,

1085 1474 1144 1501 ἀλλ’
1157 1474 1195 1506 ὡς
1207 1474 1272 1509 χοῦν
1288 1474 1371 1501 αὑτοῦ
1389 1473 1559 1501 κατενώπιον
1579 1473 1719 1509 ἔρριπτεν,
1737 1473 1785 1499 καὶ
1801 1473 1812 1488 ⁹
1827 1473 1881 1499 ἐπ-

1086 1520 1172 1547 εδίδου
1187 1519 1380 1555 αἰχμαλώτους
1394 1520 1492 1547 ἑκατὸν
1507 1520 1570 1556 ἄρτι
1581 1520 1630 1554 τῆς
1640 1520 1762 1555 φρουρᾶς
1774 1518 1880 1553 ἐξαγα-

1086 1565 1142 1601 γὼν
1159 1566 1207 1593 καὶ
1229 1566 1381 1601 ἀμφιάσεσι
1404 1567 1547 1602 κοσμήσας
1572 1565 1734 1601 εὐπρεπέσι,
1766 1566 1802 1592 τὰ
1826 1565 1881 1600 τῆς

1048 1626 1069 1654 C
1086 1611 1276 1646 αἰχμαλωσίας
1299 1611 1493 1647 περιελόμενος
1511 1610 1605 1646 ῥάκια.
1631 1609 1713 1637 Ἀλλὰ
1733 1609 1781 1636 καὶ
1799 1607 1882 1640 οὗτος

1087 1657 1181 1693 ἐπῄνει
1200 1657 1249 1692 μὲν
1263 1657 1334 1684 πάνυ
1352 1656 1399 1683 καὶ
1418 1656 1567 1691 ἀπεδέχετο
1583 1655 1629 1682 τοῦ
1642 1655 1760 1686 διδόντος
1774 1655 1806 1681 τὸ
1829 1663 1882 1690 με·

1086 1703 1253 1739 γαλόδωρον,
1272 1703 1409 1739 ὲλάμῦανε
1424 1703 1452 1729 δὲ
1466 1702 1603 1737 οὐδαμῶςγ
1618 1700 1704 1728 εἰπὼν
1720 1700 1836 1732 τούτους
1851 1702 1883 1728 ἐν

1086 1749 1178 1776 ἀνέσει
1197 1749 1247 1785 μὲν
1266 1749 1334 1781 τέως
1350 1749 1398 1775 καὶ
1412 1747 1552 1783 ἐλευθερίᾳ
1569 1748 1660 1783 μένειν
1675 1746 1741 1782 παρ’
1759 1746 1884 1778 ἑαυτοῖς,

1088 1795 1185 1831 μέχρις
1201 1795 1234 1822 ἂν
1248 1795 1299 1831 τὴν
1313 1794 1496 1830 ἀντισήκιοσιν
1506 1794 1700 1830 ἐξεργάσηται,
1716 1793 1764 1820 καὶΙ
1780 1793 1886 1824 ἄλλους

1086 1841 1277 1877 αἰχμαλώτους
1314 1841 1490 1878 Σαρακηνοὺς
1520 1839 1629 1871 ἐπιδοὺς
1656 1839 1773 1870 ἐκείνοις
1814 1840 1887 1870 τοὺς

1087 1889 1238 1924 ἡμετέρους
1246 1888 1406 1924 ὲκλήψεται.
1417 1887 1503 1914 Τοῦτο
1513 1887 1577 1922 γοῦν
1586 1886 1731 1921 γενόμενον
1744 1884 1887 1921 ἐξέπληξε

1087 1935 1134 1962 τὸν
1152 1935 1313 1970 Σαρακηνόν
1325 1942 1332 1949 ·
1348 1934 1395 1962 καὶ
1416 1934 1507 1960 οὐκέτι
1520 1934 1559 1964 ὡς
1573 1932 1658 1966 ξένον,
1678 1932 1716 1964 ὡς
1730 1933 1833 1959 οἰκεῖον
1853 1933 1890 1960 δὲ

1087 1981 1243 2017 ἡγούμενος
1257 1981 1352 2008 τοῦτον
1367 1979 1488 2016 συνεχῶς
1510 1979 1696 2015 μετεκαλεῑτο,
1712 1978 1760 2005 καὶ
1773 1978 1889 2013 Θησαυ-

1091 2027 1154 2063 ροὺς
1168 2026 1289 2054 ἐδείκνυε
1305 2026 1368 2058 τοὺς
1393 2025 1492 2053 ἑαυτοῦ
1516 2024 1562 2052 καὶ
1584 2024 1621 2051 τὰ
1641 2023 1696 2051 τῶν
1721 2022 1891 2059 οἰκημάτων

1089 2073 1176 2108 κάλλη
1190 2073 1237 2100 καὶ
1252 2072 1302 2109 τὴν
1318 2072 1400 2100 αὑτοῦ
1425 2071 1656 2107 σεμνοπρέπειαν,
1680 2070 1729 2097 καὶ
1745 2070 1834 2102 οὕτως
1853 2070 1893 2106 δὴ

1089 2119 1178 2154 τιμῶν
1191 2127 1224 2153 γε
1245 2119 1340 2145 τοῦτον
1366 2118 1502 2153 ἐφαίνετο,
1521 2116 1600 2152 ἄχρις
1613 2112 1644 2142 οὗ
1663 2116 1893 2151 μεγαλοπρεπῶς

1090 2164 1173 2192 πάλιν
1188 2165 1257 2200 πρὸς
1278 2164 1329 2201 τὴν
1359 2161 1648 2191 Κωνσταντινούπολιν
1665 2161 1892 2195 ὲξαπέσταλκεν.

1093 2213 1142 2245 Ὃς
1155 2212 1204 2239 καὶ
1223 2212 1292 2248 πρὸς
1307 2212 1353 2240 τὸν
1367 2211 1497 2246 Θεόφιλον
1511 2210 1574 2246 ἄρτι
1591 2209 1772 2246 ἐξεληλυθὼς,
1786 2209 1836 2236 καὶ
1854 2210 1895 2236 τὰ

1091 2258 1140 2294 τῆς
1153 2258 1254 2294 Συρίας
1273 2258 1341 2294 πρὸς
1354 2258 1435 2286 αὑτὸν
1450 2256 1665 2292 διεξερχόμενος,
1680 2255 1774 2282 ἔπεισε
1787 2255 1823 2282 τὰ
1839 2255 1895 2282 τοῦ

250 2301 297 2328 illo
315 2299 451 2331 utebatur,
466 2299 596 2326 continue
616 2299 649 2326 ad
664 2307 694 2327 se
709 2300 840 2333 invitans,
861 2307 981 2337 suosque
1000 2302 1034 2329 illi

1094 2303 1181 2340 Βρύου
1206 2305 1346 2339 ἀνάκτορα
1369 2304 1437 2339 πρὸς
1452 2303 1500 2338 τὴν
1523 2303 1577 2329 τῶν
1603 2301 1772 2338 Σαρακηνῶν
1798 2310 1895 2328 κατα-

248 2347 396 2374 thesauros
413 2350 440 2373 et
454 2344 597 2372 domorum
619 2345 793 2381 elegantiam,
807 2353 841 2374 ac
864 2347 886 2374 si
907 2347 973 2382 quid
990 2356 1039 2375 au-

216 2405 219 2409 λ
248 2394 357 2431 gustius
368 2392 458 2428 gentis
467 2390 589 2419 moribus
601 2391 762 2425 habebatur,
786 2393 930 2421 visendum
945 2400 1039 2422 osten-

249 2441 347 2474 debat;
362 2447 451 2475 eoque
467 2439 544 2466 illum
560 2438 635 2466 visus
647 2443 690 2466 est
705 2439 809 2467 honore
821 2441 922 2473 colere,
938 2441 1040 2476 quoad-

219 2493 223 2498 '
250 2494 337 2523 usque
366 2485 511 2522 magniﬁce
526 2492 624 2512 rursus
639 2485 906 2521 Constantinopolim
922 2487 1039 2515 remisit.

221 2525 238 2538 λ’
251 2533 388 2562 Reversus
407 2536 499 2560 autem
517 2531 562 2559 ille
586 2531 621 2558 ad
637 2530 821 2566 Theophilum
834 2540 868 2560 ex
892 2533 1038 2569 legatione,

250 2586 350 2615 resque
365 2579 404 2606 illi
418 2578 505 2613 Syriae
519 2585 663 2610 enarrans,
680 2579 769 2606 suasit
781 2583 812 2606 ut
824 2578 944 2615 Bryense
963 2581 1040 2616 pala-

251 2626 320 2653 tium
343 2625 377 2652 ad
403 2625 630 2652 Saracenicarum
648 2625 748 2653 zedium
766 2625 975 2654 similitudinem
993 2635 1041 2655 es-

251 2675 380 2703 strueret,
395 2670 489 2698 eadem
508 2670 595 2707 ﬁgura
617 2679 649 2699 ac
663 2673 803 2706 variemte,
831 2677 860 2700 ut
877 2673 944 2701 nihil
961 2681 1041 2709 pror-

250 2725 299 2746 sus
325 2718 353 2745 in
379 2718 504 2752 utrisque
530 2717 669 2746 diversum
694 2725 863 2747 occurreret.
892 2720 1040 2749 l’rmfectus

249 2765 326 2798 operi
343 2771 434 2799 exque
459 2763 574 2791 Joannis
601 2765 734 2793 relatione
763 2772 911 2794 exsecutus
941 2772 981 2794 est
1000 2768 1041 2795 vir

250 2808 385 2838 Patricius
398 2810 519 2844 nomine,
531 2811 579 2846 qui
593 2816 619 2839 et
636 2811 693 2846 ipsa
707 2811 822 2847 patricia
841 2811 974 2846 dignitate
990 2812 1042 2840 lul-

1094 2350 1279 2385 σκευασθῆναι
1306 2350 1447 2386 ὁμοίωσιν,
1463 2349 1491 2376 έν
1505 2357 1534 2375 τε
1550 2348 1673 2384 σχήμασι
1692 2348 1741 2374 καὶ
1761 2347 1897 2382 ποικιλίᾳ

1095 2397 1178 2432 μηδὲν
1202 2397 1315 2424 ἐκείνων
1330 2397 1360 2424 τὸ
1385 2396 1495 2423 σύνολον
1511 2395 1744 2430 παραλλάττοντα,
1769 2394 1897 2426 ἐκείνοις

1093 2443 1189 2470 τούτου
1205 2443 1410 2479 παρισταμένου
1425 2436 1474 2470 ¹κα)⁸
1489 2442 1560 2469 κατά
1577 2441 1627 2477 τὴν
1646 2441 1772 2467 Ἰωάννου
1784 2440 1900 2476 ἐξήγη-

1097 2497 1139 2516 σιν
1164 2489 1199 2516 τά
1225 2488 1280 2515 τῶν
1304 2489 1392 2525 ἔργων
1416 2488 1642 2524 ἐκπερατοῦντος,
1669 2487 1700 2518 ὃς
1724 2486 1811 2521 ὄνομα
1838 2486 1899 2522 μιν

1096 2535 1237 2571 Πατρίκης
1256 2535 1328 2562 οὕτω
1345 2534 1511 2570 καλούμενος
1525 2533 1691 2569 ὠνομάζετο,
1704 2534 1738 2569 τῇ
1754 2531 1810 2559 τῶν
1835 2542 1902 2561 πα-

1095 2582 1210 2618 τρικίων
1222 2582 1250 2609 δὲ
1263 2583 1330 2618 τιμῇ
1346 2581 1521 2618 ἐσεμνύνετο,
1535 2581 1615 2608 τοῦτο
1629 2580 1710 2616 μόνον
1726 2579 1901 2615 περιττότε-

1095 2637 1143 2664 ρον
1155 2629 1354 2664 ὲργασάμενος,
1372 2629 1402 2655 τὸ
1419 2629 1489 2656 κατὰ
1508 2628 1554 2655 τὸν
1573 2627 1690 2655 κοιτῶνα
1710 2626 1754 2662 [Ρ.
1770 2624 1818 2662 62]
1843 2626 1903 2662 μὲν

1094 2675 1236 2710 ἀνεγεῖραι
1251 2674 1315 2701 ναὸν
1328 2674 1369 2706 εἰς
1383 2673 1469 2709 ὕνομα
1485 2672 1637 2708 ὑπεραγίας
1646 2672 1792 2707 δεσποίνης
1808 2671 1904 2707 ἡμῶν

1095 2721 1239 2754 Θεοτόκου,
1255 2721 1328 2748 κατὰ
1340 2720 1368 2747 δὲ
1382 2720 1412 2747 τὸ
1430 2719 1577 2756 προαύλιον
1589 2719 1643 2746 τῶν
1657 2718 1787 2745 τοιούτων
1798 2718 1904 2746 παλα-

1094 2767 1160 2794 τίων
1179 2768 1226 2794 τδν
1253 2768 1401 2803 τρὶκογχον
1425 2767 1489 2793 ναὸν
1505 2766 1598 2793 κάλλει
1623 2774 1654 2792 τε
1677 2765 1822 2793 κάλλιστον
1847 2766 1907 2792 καὶ

1097 2814 1208 2850 μεγέθει
1224 2814 1328 2841 πολλῶν
1356 2813 1530 2848 διαφέροντα,
1546 2811 1638 2839 καὶτὸ
1667 2811 1716 2848 μὲν
1738 2811 1822 2847 μέσον
1857 2820 1908 2844 εις

894 2903 1009 2932 \‘ARl/E
1025 2905 1225 2934 LECTIONES.

287 2945 300 2963 ⁸
312 2946 372 2983 τῇιςζ
389 2947 466 2980 τοῖςῗ
503 2950 512 2964 ⁹
529 2949 574 2975 καὶ
596 2956 652 2976 om.
670 2947 700 2975 Ρ.
