2011 3156
133 208 184 245 113

521 218 594 250 LIB.
615 219 674 249 III.
693 231 727 238 -
742 220 990 251 THEOPHILUS
1008 222 1217 254 MICHAELIS
1237 224 1376 255 FILIUS.

1711 226 1765 261 ιιι

130 272 220 306 lupa
235 271 282 299 τοῦ
305 273 538 310 ἀρχιστρατήγου,
551 276 586 302 τὰ
601 275 630 302 δι
644 276 815 313 ἑκατέρωθεν
828 277 915 306 τούτοι

976 279 1067 315 gebat.
1092 279 1183 308 Unum
1201 281 1254 310 hoc
1273 282 1391 317 amplius
1418 283 1514 313 habuit
1527 283 1670 320 Theophili
1685 287 1765 315 moli-

130 326 172 349 εις
188 318 337 354 μαρτύρων
354 320 490 354 γυναικῶν
503 320 589 355 ἁγίων
601 322 731 357 ὀνόματα.

976 325 1025 358 tio,
1044 326 1117 361 quod
1142 326 1176 354 ad
1203 335 1312 356 sacrum
1346 329 1503 358 cubiculum
1521 331 1572 359 sub
1595 332 1767 361 invocatione

129 366 317 393 sanctissimae
335 365 456 395 Dominae
474 372 576 396 nostra;
590 368 637 397 Dei
650 369 797 397 Genitricis
827 378 934 398 sacram
954 372 1040 399 aedem
1075 373 1221 407 exstruxit,
1251 380 1280 402 ut
1301 380 1329 403 et
1349 376 1480 412 templum
1508 377 1564 413 99
1591 378 1764 407 triconehum

129 420 179 446 pro
196 413 295 446 palatii
312 414 382 442 atrio
395 415 480 450 (velut
495 416 595 451 triplici
618 418 735 452 apside),
751 419 830 453 longe
853 420 918 447 illud
938 420 1153 455 pulcherrimum
1170 430 1202 451 ac
1217 423 1310 452 multis
1324 424 1394 452 mole
1429 430 1572 460 praestans.
1607 427 1645 455 Ac
1678 428 1766 456 media

128 459 243 493 quidem
255 461 380 495 porticus
410 462 531 491 caelestis
561 464 666 492 militia
676 465 808 500 principis
821 466 959 495 Michaelis
983 468 1093 497 nomine
1106 469 1195 497 dicata
1212 474 1268 504 est;
1283 471 1412 507 utrinque
1427 459 1492 500 vero
1503 474 1607 508 positae,
1623 481 1763 503 sacrarum

128 507 280 535 mulierum
293 509 389 537 dicatae
402 511 523 544 nomine,
533 519 595 546 qua
613 513 678 548 ipsa).
694 514 824 549 martyrio
841 515 1011 546 dedicarunt.

165 551 194 580 ι’.
211 554 268 580 Καὶ
284 554 349 590 περὶ
369 555 420 591 μὲν
436 555 470 583 τὰ
484 556 597 584 τοιαῦτα
613 558 700 585 ἐδόκει
714 567 745 586 τε
759 560 807 587 καὶ
829 560 922 596 ἐνομί-

127 598 194 630 ζετο
207 600 425 637 μεγαλοπρεπὴς
438 602 453 628 ὸ
469 602 599 638 Θεόφιλος
609 604 657 631 καὶ
672 604 842 640 θαυμαστός·
858 607 923 642 περὶ

126 644 157 670 δὲ
169 646 236 677 τοὺς
251 646 365 678 πιστοὺς
379 647 453 682 ἡμᾶς
466 648 515 675 καὶ
528 649 591 682 τοὺς
606 650 656 683 τὰς
672 651 776 683 σεπτὰς
789 653 835 679 καὶ
845 652 922 685 θείας

127 690 239 723 εἰκόνας
253 692 475 727 προσκυνοῦντας
490 691 563 726 οἷοςΙ
593 696 637 728 Ὠς
655 695 794 732 βάρδαρός
816 706 859 730 τις
874 699 921 726 καὶ

127 737 279 773 αὐστηρὸς,
298 738 404 771 πάντας
418 740 573 776 παρελάσαι
588 742 750 776 φιλονεικῶν
774 744 821 770 ἐπὶ
833 745 921 781 τούτῳ

126 784 247 816 δεινούς.
265 785 299 812 Oi.
313 786 364 820 μὲν
377 786 432 821 γὰρ
448 787 503 822 πρὸ
525 788 608 816 αὑτοῦ
632 789 719 824 (Λέων
733 789 762 817 δὲ
780 788 851 826 ἦσαν
872 790 920 819 καὶ

127 830 268 866 Μιχαὴλδ
293 831 389 858 τούτου
417 833 520 869 πατὴρ)
543 835 557 861 ό
575 834 625 869 μὲν
643 834 788 863 ιθέσπισεν
809 837 845 873 μή
870 846 922 865 τινι

125 876 180 903 τῶν
192 877 398 913 γεγραμμένων
420 879 543 913 εἰκόνων,
561 880 614 908 κᾶν
637 882 664 908 ετ
678 890 730 909 που
747 884 921 919 γραφόμεναι

126 921 247 957 τύχοιεν,
261 923 312 958 τὴν
338 923 422 959 ἅγιος
437 925 530 962 φωνὴν
553 928 782 963 ἐγχαράττεσθαι,
809 929 848 962 ὡς
871 931 921 958 οὐκ

1014 563 1056 591 10.
1070 564 1158 599 Atque
1172 564 1215 593 his
1230 565 1340 600 quidem
1353 565 1379 593 in
1397 567 1479 594 rebus
1503 567 1637 603 magniﬁci
1665 577 1763 595 nomen

976 608 1240 645 admirationemque
1255 611 1356 639 meruit
1375 610 1564 646 Theophilus:
1586 620 1650 648 erga
1671 613 1763 642 ﬁdeles

975 662 1052 688 vero,
1072 663 1103 682 ac
1117 656 1163 691 qui
1175 656 1346 685 venerandas
1364 665 1514 693 sacrasque
1536 658 1669 694 imagines
1689 660 1763 688 cole-

975 703 1046 731 rent.
1064 700 1174 735 qualem
1190 708 1219 729 se
1233 701 1381 729 exhibuit?
1400 702 1485 730 Plane
1507 707 1537 730 ut
1551 703 1698 732 barbarum
1711 705 1763 732 du-

975 751 1101 780 rumque,
1120 754 1153 774 ac
1166 747 1213 782 qui
1228 746 1387 776 decessores
1404 756 1501 777 omnes
1520 754 1650 784 tyrannos
1662 757 1696 778 eo
1718 759 1762 778 no—

975 791 1048 819 mine
1069 791 1187 827 odioque
1207 801 1338 828 superare
1358 795 1545 823 contenderet.
1573 794 1695 824 Fuerunt
1724 796 1761 824 illi

975 835 1031 863 Leo
1050 844 1082 865 ac
1097 836 1212 866 Michael
1225 838 1284 874 ejus
1302 844 1389 874 pater,
1404 840 1483 874 cuius
1504 842 1611 870 sanctio
1630 842 1719 872 fuerat
1734 849 1763 871 ut

973 882 1041 910 nulli
1056 882 1190 917 pictarum
1213 884 1375 919 imaginum,
1396 887 1495 921 quovis
1522 888 1574 916 illa:
1597 889 1658 918 loco
1683 883 1763 926 pictm

974 929 1140 957 haberentur
1154 949 1161 962 .
1193 938 1294 958 nomen
1323 937 1430 959 sanctus
1455 933 1665 969 ascriberetur;
1687 938 1760 971 quod

126 968 199 1004 ἄλλῳ
212 969 268 996 τινὶ
282 970 387 1006 ταύτην
401 971 516 1007 ἁρμόζει
535 973 737 1009 ἐπιγράφεσθαι
752 975 768 1011 ἢ
782 976 821 1012 τῷ
839 977 915 1013 Θείῳ.

975 982 1036 1001 eum
1052 975 1160 1002 titulum
1190 983 1222 1003 ac
1238 983 1332 1004 vocem
1352 977 1399 1005 uni
1419 977 1551 1006 duntaxat
1578 979 1633 1007 Deo
1657 968 1762 1008 convc-

127 1015 179 1041 οὐκ
188 1015 327 1051 εὐστόχως
337 1016 426 1051 βαλὼν
437 1017 476 1053 τῷ
486 1019 524 1055 νῷ
536 1028 543 1035 ’
554 1020 613 1051 πῶς
625 1020 689 1056 γὰρ,
706 1021 764 1056 εἴγε
775 1022 823 1049 καὶ
836 1024 921 1058 αὐτῆς

128 1061 179 1094 τῆς
194 1061 267 1095 Θεὸς
278 1063 371 1098 φωνῆς
387 1064 560 1101 ὑψηλοτέρας
577 1066 662 1102 οὔσης
677 1068 811 1102 μεταδοὺς
823 1070 837 1096 ὀ
853 1070 920 1102 Θεὸς

127 1109 185 1140 τοῖς
198 1109 366 1144 ἀνθρώποις,
379 1112 436 1142 τοῖς
447 1111 478 1139 οὐ
494 1112 586 1147 φύσει,
600 1114 671 1146 θεοῖς
684 1114 712 1141 δέ
729 1115 752 1131 ¹⁶
764 1124 846 1151 φημι,
863 1117 919 1151 ετγε

127 1153 207 1186 αὐτὸς
218 1154 265 1182 διὰ
278 1156 327 1182 τοῦ
336 1157 479 1193 προφήτου
490 1155 525 1194 ἦν
537 1159 551 1185 δ
562 1159 760 1195 φθεγξάμενος,
773 1161 823 1196 τῆς
835 1161 920 1195 ἅγιος

130 1199 313 1236 ἀποστερήσει
327 1203 524 1239 ταπεινοτέρας
537 1203 621 1240 οθσης
636 1205 708 1233 κατὰ
719 1206 785 1233 πολύ
799 1215 809 1241 ;ι
825 1207 893 1243 πλὴν
905 1209 919 1235 ὁ

133 1245 179 1279 μὶν
189 1246 281 1279 τοῦτο,
300 1248 379 1284 φησὶ,
398 1249 530 1283 θεσπίσας
543 1248 587 1286 ἦν,
606 1251 705 1288 ᾱτερος
722 1253 751 1280 δὲ
767 1254 781 1280 δ
795 1254 871 1281 Λέων
889 1254 919 1281 τὸ

130 1292 193 1327 μηδι
219 1295 454 1328 προσκυνεῖσθαι·
482 1297 556 1332 Ἐγὼ
574 1297 608 1324 δὲ
623 1299 656 1325 τὸ
683 1299 761 1333 μηδὲ
785 1299 919 1335 χρώμασι

127 1339 237 1371 ταύτας
264 1340 436 1368 τυποῦσθαι
469 1350 501 1369 τε
524 1343 574 1370 καὶ
603 1344 805 1378 μορφάζεσθαι
818 1367 825 1378 ,
844 1347 919 1374 καθὸ

129 1384 296 1418 χαμαιπετῆ
311 1385 384 1413 ὄντα
397 1388 434 1414 οὐ
447 1388 506 1422 χρὴ
527 1389 602 1423 πρὸς
621 1390 716 1417 ταῦτα
740 1391 917 1427 ἐπτοῆσθαι,

127 1428 198 1462 πρὸς
211 1430 316 1463 μόνην
331 1430 365 1458 δὲ
376 1431 435 1466 τὴν
454 1429 600 1467 ἀλήθειαν
615 1436 752 1464 σκοπεῖν,
778 1437 918 1465 Ἐντεῦθεν

126 1472 169 1501 οὖν
180 1475 355 1511 καθῃροῦντο
372 1478 421 1512 μὲν
436 1479 508 1507 κατὰ
524 1481 614 1508 πᾶσαν
636 1482 787 1517 ἐκκλησίαν
801 1485 828 1510 αἱ
847 1484 918 1512 θεῖαι

128 1521 241 1555 μορφαὶ,
257 1521 341 1557 θηρία
353 1522 383 1549 δὲ
403 1524 449 1550 καὶ
469 1524 576 1560 ὄρνιθες
599 1526 660 1553 ἀντὶ
683 1527 785 1554 τούτων
801 1529 916 1565 ἀνεστη-

127 1566 219 1594 λοῦντο
237 1567 286 1594 καὶ
302 1569 495 1604 ὲνεγράφοντο,
513 1571 567 1607 τὴν
578 1571 702 1608 θηριώδη
720 1574 768 1601 καὶ
783 1575 918 1611 ἀνδραπο-

126 1611 193 1647 δώδη
210 1613 310 1651 τούτου
330 1614 451 1642 διάνοιαν
469 1616 656 1653 ὲξελὲγχοντα.
678 1619 822 1647 Ἐντεῦθεν
837 1622 918 1656 βεδή-

125 1657 178 1688 λοις
192 1658 274 1693 χερσὶ
296 1659 333 1685 δι’
347 1661 451 1696 ἀγορᾶς
465 1661 500 1688 τὰ
515 1663 577 1698 ιερά
591 1664 724 1699 κειμήλια
738 1666 916 1701 ὲφυδρξζοντθ

125 1703 169 1729 καὶ
181 1703 274 1735 ἄλλως
288 1705 468 1740 ὲρῤιπτοῠντο
479 1709 549 1736 κατὰ
562 1709 612 1744 τῆς
628 1710 681 1745 γῆς
694 1711 763 1746 πυρὶ
776 1711 915 1747 διδόμενα,

126 1750 169 1776 καὶ
185 1751 267 1778 κοινὰ
283 1751 318 1778 τὰ
331 1752 410 1787 τίμια
425 1753 589 1788 ἐλογίζοντο,
606 1756 655 1783 ὅσα
668 1756 717 1789 τὰς
731 1757 806 1790 θείας
819 1759 916 1795 ἔφερον

125 1795 368 1831 ἑγκεκολαμμένας
388 1800 505 1835 μορφάς.
533 1801 672 1829 Ἐντεῦθεν
694 1805 785 1841 πλήρη
808 1806 858 1841 μὲν
881 1807 917 1834 τὰ

124 1842 253 1869 πολιτικὰ
267 1843 445 1881 δεσμωτήρια
458 1846 512 1873 τῶν
525 1847 569 1875 διὰ
579 1849 663 1884 τιμῆς
677 1850 800 1884 ἀγόντων
819 1853 915 1886 αὑτὰς,

124 1886 175 1913 τῶν
196 1889 372 1925 γραφόντων,
397 1891 452 1918 τῶν
471 1893 654 1929 μοναζόντων,
675 1897 730 1923 τῶν
746 1898 914 1932 ἐπισκόπων,

123 1933 175 1961 τῶν
184 1935 338 1970 ποιμένων,
350 1938 404 1964 τῶν
420 1941 651 1975 ποιμαινομένων,
668 1942 760 1978 πλήρη
770 1943 799 1971 δὲ
817 1945 849 1971 τὰ
864 1944 914 1981 ὅρη

125 1988 152 2005 τε
171 1981 217 2007 καὶ
238 1982 274 2008 τὰ
288 1982 409 2018 σπήλαια
422 1984 476 2012 τῶν
489 1985 527 2017 ὡς
537 1987 701 2022 κακούργων
714 1990 914 2025 ἀναιρεθέντων

124 2024 192 2063 λιμῷ
206 2035 238 2053 τε
250 2028 299 2054 καὶ
315 2028 397 2064 δίψει,
413 2030 461 2057 καὶ
475 2031 530 2057 τῶν
543 2032 576 2058 ἐκ
591 2034 749 2070 πολιορκίας
765 2024 855 2071 δεινῆς
864 2036 915 2073 of):

123 2071 165 2097 ἐπ’
179 2072 306 2101 ἔλαττον.
321 2075 404 2110 Ἀρτι
415 2076 470 2112 γὰρ
486 2077 606 2110 ἀϐάτους
626 2079 770 2114 τηρεῖσθαι
785 2082 841 2113 τοῖς
866 2071 915 2117 μο-

122 2120 211 2154 ναχοῖς
219 2120 271 2152 τὰς
280 2121 374 2154 πόλεις
384 2123 627 2160 ἐγκελευσάμενος,
641 2127 688 2154 καὶ
699 2127 788 2163 πάντη
801 2128 914 2162 τούτους

121 2165 157 2197 ὡς
171 2167 360 2203 ἀποτρόπαιον
371 2170 576 2199 ἀπελαύνεσθαι
593 2173 738 2206 θεσπίσας.
759 2175 826 2202 ἀλλὰ
844 2177 912 2212 μηδὲ

122 2212 191 2257 κατὰ
215 2213 311 2249 χώραν
336 2216 451 2250 ὁρᾶσθαι
478 2218 591 2254 τολμᾷν.
618 2220 662 2256 [Ρ.
690 2221 735 2257 65]
765 2223 913 2257 εἰργάσατο

120 2255 222 2302 τουτων
235 2257 271 2285 τὰ
287 2261 457 2296 μοναστήρια
481 2263 528 2289 καὶ¹
548 2255 737 2301 ἡσυχαστήρια
755 2255 911 2302 περιφανῶς

120 2301 286 2350 πολυάνδρια
304 2306 351 2333 καὶ
367 2308 489 2342 κοσμικὰ
511 2311 682 2345 καταγώγια.
699 2312 778 2343 Τινὲς
793 2313 843 2349 μὲν
857 2314 910 2350 γὰρ

120 2348 209 2377 αὐτῶν
228 2351 375 2386 προδοῦναι
391 2353 441 2389 τὴν
465 2355 568 2390 ἀρετὴν
582 2357 630 2384 καὶ
646 2357 675 2384 τὸ
702 2359 776 2394 ἱερὸν
807 2348 910 2394 ἔνδυμα

119 2395 253 2428 οὐμενοῦν
281 2397 406 2431 θέλοντες
425 2400 497 2436 λιμῷ
519 2402 650 2435 τακέντες
675 2405 722 2430 καὶ
750 2406 910 2440 κακουχίαις

119 2440 244 2472 ἐξέλιπον
258 2451 265 2457 ·
288 2445 314 2470 oi
341 2445 370 2471 δὲ
396 2446 465 2481 πρὸς
489 2448 615 2475 τοσοῦτον
638 2450 733 2484 ἀγῶνα
761 2451 824 2486 μηδ’
845 2453 909 2480 ἀντ-

120 2488 271 2523 cannam
282 2490 430 2526 δυνάμενοι
441 2493 496 2520 τῶν
507 2494 666 2529 ἐνδυμάτων
684 2496 734 2530 μὲν
751 2498 910 2533 κατωλιγώ-

121 2541 216 2567 ρησαν,
231 2536 282 2570 τὴν
296 2536 401 2564 ἑαυτῶν
422 2539 450 2565 δὲ
467 2542 606 2576 σωτηρίαν
630 2550 687 2574 πως
707 2542 888 2579 ᾠκονόμηται)
899 2553 907 2560 ·

118 2580 207 2615 ἕτεροι
234 2582 262 2609 δὲ
290 2583 477 2619 ῥᾳθυμότερον
503 2587 650 2620 διαζῶντες
673 2589 719 2616 τὸν
743 2590 836 2618 ἄνετον
860 2592 908 2618 καὶ

119 2624 298 2662 ἐκλελυμένον
319 2629 478 2663 ἠσπάσαντο
496 2631 563 2666 βίον,
584 2633 639 2661 τῶν
656 2634 736 2661 θείων
750 2635 842 2670 ὓμνων
861 2637 907 2664 καὶ

118 2670 196 2704 ᾠδῶν
209 2674 254 2700 καὶ
274 2675 430 2710 ὲσθήματος
455 2678 663 2714 ἀφειδήσαντες,
680 2680 710 2706 τὸ
727 2680 748 2697 ¹¹
763 2681 829 2716 μηδὲ
845 2682 907 2708 τού-

118 2725 182 2748 τους
196 2718 331 2748 τελεῖσθαι
354 2723 417 2754 τοὺς
434 2724 579 2758 συλλόγους
598 2725 643 2752 τὸν
662 2727 793 2762 τύραννον
811 2728 903 2763 βούλε-

121 2762 193 2795 σθαι,
206 2764 223 2792 ἃ
238 2767 369 2800 πολλάκις
382 2770 428 2796 καὶ
442 2771 509 2804 μόνα
530 2771 657 2800 δύνανται
675 2776 769 2810 τηρεῖν
787 2776 831 2802 καὶ
850 2774 905 2802 οἷον

159 2849 169 2862 ε
189 2845 255 2873 i'sal.
276 2855 368 2878 unt.
387 2851 412 2876 ii.

973 1021 1032 1048 nire
1046 1021 1236 1055 arbitraretur,
1250 1030 1304 1050 non
1320 1023 1392 1052 felici
1407 1025 1474 1053 satis
1490 1026 1660 1061 conjectura.
1683 1026 1761 1060 Quo-

972 1066 1054 1095 modo
1070 1069 1155 1101 enim,
1170 1076 1232 1096 eum
1257 1073 1284 1097 et
1306 1077 1401 1098 vocem
1415 1070 1501 1098 'Deus
1518 1071 1599 1108 longe
1619 1072 1762 1101 sublimio-

971 1120 1041 1144 rem.
1070 1113 1238 1147 hominibus,
1266 1122 1320 1142 non
1340 1121 1436 1144 natura
1458 1117 1506 1145 sed
1533 1117 1679 1153 adoptione
1707 1118 1761 1146 diis

971 1158 1044 1187 Deus
1058 1159 1207 1195 impartiat,
1233 1160 1369 1197 siquidem
1386 1162 1445 1197 ipse
1460 1171 1506 1197 per
1519 1163 1681 1198 prophetam
1697 1163 1736 1191 ait
1751 1174 1758 1192 :

970 1205 1027 1242 Ego
1062 1207 1129 1240 dixi,
1153 1208 1198 1236 Dii
1214 1209 1276 1236 estis
1291 1214 1311 1241 ',
1344 1210 1432 1237 sancti
1457 1218 1550 1238 vocem
1569 1210 1649 1247 longe
1684 1210 1761 1246 abjo—

971 1254 1085 1281 ctiorem
1114 1255 1157 1282 his
1185 1255 1304 1282 ablatam
1344 1255 1513 1284 velitillaze
1537 1256 1678 1284 enimvero
1709 1255 1760 1284 Mi-

969 1300 1072 1328 chaelis
1110 1300 1152 1327 lex
1185 1304 1268 1336 atque
1298 1301 1415 1329 sanctio.
1454 1302 1530 1329 Alter
1569 1309 1658 1336 vero,
1685 1303 1759 1330 scili-

970 1350 1011 1373 cet
1028 1345 1093 1380 Leo,
1110 1346 1213 1373 nullam
1241 1346 1282 1374 eis
1297 1346 1502 1374 venerationem
1519 1346 1670 1375 habendam
1692 1355 1760 1375 eon-

970 1392 1108 1420 stituerat.
1126 1393 1160 1420 At
1174 1401 1232 1428 ego,
1248 1392 1346 1427 inquit,
1355 1392 1436 1427 jubeo
1448 1401 1479 1420 ne
1497 1392 1630 1421 coloribus
1651 1393 1759 1429 quidem

969 1447 1025 1466 esse
1040 1439 1196 1474 pingendaa,
1210 1447 1239 1465 eo
1255 1439 1323 1474 quod
1333 1447 1383 1466 non
1401 1439 1489 1466 deceat
1501 1438 1625 1466 humilem
1647 1440 1758 1475 degene-

955 1485 1043 1520 prique
1052 1485 1136 1512 animi
1146 1485 1280 1519 proposito
1293 1493 1380 1511 rerum
1403 1485 1562 1519 ejuscemodi
1580 1484 1759 1513 admiratione

929 1651 953 1682 Ο

927 2331 948 2357 D

969 1531 1058 1567 deﬁgi,
1079 1531 1157 1566 inque
1174 1531 1258 1558 solam
1276 1531 1411 1558 veritatem
1427 1532 1512 1558 omnis
1529 1532 1622 1558 mentis
1646 1531 1758 1559 intentio

968 1577 1107 1612 dirigenda
1114 1578 1158 1604 xit.
1174 1576 1279 1604 Divinas
1293 1577 1383 1612 itaque
1407 1575 1508 1611 eiiigies
1516 1576 1543 1603 in
1552 1577 1659 1604 cunctis
1670 1576 1759 1605 eccle-

969 1623 1017 1651 siis
1027 1622 1240 1658 dejiciebantur,
1248 1630 1278 1650 ea
1284 1630 1398 1657 rumque
1409 1623 1471 1650 loco
1482 1623 1628 1650 bestiarum
1651 1623 1759 1650 avium-

968 1675 1022 1704 que
1036 1668 1184 1696 simulacra
1198 1668 1374 1702 erigebantur
1395 1676 1427 1695 ae
1451 1669 1532 1704 pictis
1558 1668 1699 1696 coloribus
1712 1676 1756 1696 re-

968 1714 1220 1748 prwsentabantur,
1252 1714 1399 1742 belluinam
1427 1714 1506 1750 100
1534 1721 1567 1742 ac
1595 1714 1756 1743 illiberalem

968 1759 1113 1795 Theophili
1134 1760 1276 1795 arguentia
1291 1761 1440 1789 insaniam.
1456 1760 1562 1788 Exinde
1581 1759 1757 1790 sacrosancta

967 1806 1081 1834 donaria
1100 1807 1126 1834 in
1144 1806 1205 1834 foro
1221 1807 1336 1842 impuris
1350 1808 1479 1835 manibus
1497 1807 1678 1843 ignominioso
1699 1811 1757 1835 tra—

966 1852 1112 1880 ctabantur
1129 1860 1161 1880 ac
1179 1857 1282 1881 temere
1297 1853 1325 1880 in
1358 1858 1460 1881 terram
1487 1853 1661 1889 iactabantur
1685 1854 1757 1890 igni-

966 1906 1019 1933 que
1035 1899 1222 1933 tradebantur,
1237 1899 1406 1935 profanaque
1423 1907 1456 1927 ac
1467 1900 1623 1928 communia
1637 1900 1757 1935 pretiosa

967 1945 1086 1979 reposita
1096 1953 1128 1973 ac
1142 1946 1248 1973 cimelia
1263 1946 1446 1980 habebantur,
1464 1954 1635 1982 quacunque
1648 1946 1756 1974 divinas

966 1989 1070 2018 formas
1086 1991 1221 2027 insculpta
1239 1991 1386 2019 habebant.
1411 1991 1481 2019 Hinc
1505 1992 1606 2027 publici
1628 2000 1755 2020 carceres

966 2038 1000 2065 iis
1015 2038 1086 2073 pleni
1108 2039 1155 2074 qui
1184 2038 1287 2066 cultqu
1310 2039 1364 2066 illis
1383 2037 1560 2071 adhibebant,
1589 2037 1753 2073 pictoribus,

965 2081 1120 2115 monachis,
1135 2082 1283 2118 episcopis,
1302 2083 1468 2118 pastoribus.
1497 2082 1625 2111 subditis.
1648 2082 1755 2111 Montes

965 2134 1074 2163 quoque
1099 2135 1132 2155 ac
1156 2128 1294 2164 speluncae
1322 2128 1356 2156 iis
1386 2128 1573 2164 rapiebantur,
1606 2130 1654 2164 qui
1681 2128 1756 2156 velut

965 2175 1081 2202 maleilci
1109 2174 1182 2202 fame
1196 2179 1223 2202 et
1238 2175 1294 2206 siti,
1308 2175 1380 2203 haud
1400 2175 1480 2203 secus
1505 2182 1538 2202 ac
1552 2175 1581 2202 in
1611 2174 1754 2203 obsidione

964 2221 1069 2254 hostili,
1089 2221 1148 2249 dire
1173 2221 1403 2249 conﬁciebantur.
1428 2221 1497 2249 Cum
1525 2221 1598 2248 enim
1617 2221 1754 2249 sanxisset

964 2277 997 2297 ne
1012 2268 1155 2297 monachis
1172 2269 1255 2295 ullam
1274 2268 1300 2295 in
1317 2268 1412 2296 urbem
1429 2268 1498 2296 liber
1514 2272 1589 2296 esset
1597 2269 1750 2304 ingressus.

963 2319 990 2343 ct
1006 2320 1036 2342 ut
1051 2314 1124 2342 velut
1141 2314 1236 2341 mundi
1258 2314 1366 2349 piacula
1392 2314 1505 2342 omnino
1531 2319 1700 2347 arcerentur,
1720 2322 1753 2343 ac

963 2368 998 2388 ne
1021 2360 1077 2387 ruri
1103 2360 1212 2395 quidem
1233 2364 1292 2386 tuto
1306 2359 1392 2387 videri
1420 2360 1586 2392 sinerentur,
1601 2367 1633 2387 ea
1659 2360 1753 2394 utique

962 2406 1102 2433 molitione
1120 2410 1202 2440 atque
1225 2413 1308 2440 opera
1325 2413 1421 2433 eorum
1451 2405 1617 2433 monasteria
1634 2405 1749 2441 locaque

960 2451 1103 2479 solitudini
1119 2459 1152 2479 ac
1164 2451 1273 2478 silentio
1286 2451 1375 2478 dedita
1401 2456 1572 2479 mortuorum
1596 2452 1686 2486 palam
1706 2460 1750 2480 ae-

959 2498 1054 2534 pulcra
1098 2496 1216 2525 reddidit
1256 2498 1485 2533 saeculariumquc
1519 2497 1647 2532 hospitia.
1680 2497 1775 2531 Nam,

959 2546 1071 2582 quidam
1087 2552 1195 2577 eorum,
1213 2552 1277 2572 cum
1290 2548 1321 2571 nt
1336 2544 1463 2572 virtutem
1492 2552 1657 2579 sacrumque
1673 2544 1751 2572 habi-
1770 2554 1776 2557 ί

960 2596 1017 2619 tum
1048 2591 1196 2626 proderent
1218 2591 1311 2618 induci
1341 2598 1396 2618 non
1424 2595 1546 2626 possent,
1559 2590 1631 2618 fame
1654 2599 1751 2618 terum-

960 2638 1058 2671 nisque
1075 2634 1191 2663 coniecti
1200 2635 1360 2663 defecerunt
1371 2645 1377 2663 :
1389 2636 1434 2663 alii
1445 2643 1510 2663 vero
1520 2640 1596 2663 tanto
1607 2636 1748 2663 certamini

959 2683 1089 2717 impares.
1105 2689 1137 2708 ac
1158 2689 1208 2708 nec
1235 2681 1379 2708 adversum
1398 2681 1458 2708 ausi
1485 2681 1595 2714 intueri,
1622 2680 1745 2708 habitum

959 2729 1067 2764 quidem
1085 2727 1273 2763 neglexerunt,
1289 2734 1366 2754 suam
1383 2731 1472 2755 tamen
1485 2727 1600 2754 salutem
1622 2733 1750 2762 quoquo-

961 2776 1043 2804 modo
1060 2778 1240 2810 procurarunt
1256 2783 1260 2801 :
1275 2773 1442 2809 aliidenique
1451 2773 1560 2809 segnius
1577 2773 1660 2801 vitam
1672 2773 1750 2800 insti-

765 2901 882 2929 VARIAS
897 2901 1098 2932 LECTIONES.

173 2938 194 2955 "
206 2941 235 2968 οὐ
249 2942 330 2977 φύσει
347 2944 427 2979 Θεοῖς,
447 2945 520 2973 θέσει
533 2947 559 2974 δέ
572 2948 716 2982 interpres.
772 2951 789 2966 “
807 2950 863 2985 τιῖιῖ
