2011 3156
229 188 284 225 1ίῦ

781 193 1036 225 THEOPHANES
1059 194 1337 226 CONTINUATUS.

1806 190 1859 223 116

228 253 348 282 tuentes,
365 247 477 277 delicias
505 257 538 277 ac
562 249 704 278 luxuriam
725 250 876 278 consectati
891 255 966 282 sunt,
989 258 1023 277 ne

1085 251 1182 286 [αλινός
1194 259 1238 283 τις
1252 249 1322 279 εἶναι
1342 253 1399 284 τοῖς
1417 252 1487 287 πρὸς
1508 251 1542 279 τὰ
1554 251 1626 280 milia
1643 251 1768 282 ἀτάκτως
1791 258 1862 277 κατ-

200 317 207 323 .
227 294 384 322 divinarum
401 295 513 331 quidem
537 295 649 323 laudum
667 300 694 324 et
708 296 877 331 canticorum
895 295 1018 323 habitus—

1072 296 1281 324 ολισθαίνουσιν.

227 349 282 377 que
294 342 428 370 rationem
443 342 586 379 habentes,
601 350 634 370 eo
657 342 731 381 quod
760 342 802 372 his
827 350 939 377 quoque
965 343 1147 371 conventibus
1180 348 1312 379 tyrannus
1336 343 1391 372 illis
1413 343 1588 371 interdictum
1621 341 1713 374 vellet,
1745 341 1792 376 qui
1819 344 1861 370 vel

228 388 279 415 soli
294 395 347 414 non
364 395 426 415 raro
443 396 553 416 servare
573 389 680 424 possint
694 396 727 416 ac
748 389 823 422 velut
841 388 950 417 frenum
976 395 1077 418 temere
1100 390 1127 418 in
1142 390 1207 419 vitia
1227 390 1400 426 prolabentes
1414 393 1565 418 coerceant.

266 434 343 469 101
360 435 403 462 Η.
419 434 475 471 Nec
490 439 581 464 tamen
597 436 654 463 ﬂeri
671 441 776 471 poterat
797 440 828 463 ut
849 444 962 472 prorsus
986 445 1019 464 ex

229 480 349 507 humana
379 480 434 508 vita
460 481 566 508 dicendi
583 481 696 509 libertas
715 482 841 509 cxsulata
870 482 1019 509 videretur.

231 526 285 554 Sed
299 535 393 555 eurum
411 527 459 562 qui
474 527 573 562 majori
586 527 694 556 fervore
713 528 892 562 ducebantur,
910 528 1020 563 quidam

230 571 341 607 singuli,
359 571 469 607 quidam
486 580 551 600 vero
562 572 686 600 conferto
703 573 823 607 agmine,
837 574 920 602 veluti
933 574 1021 602 Abra—

230 617 340 645 hamita:
359 618 496 652 monachi,
511 618 648 646 hominem
665 619 833 651 adorientes,
854 619 972 650 erudite,
989 626 1023 647 ac

232 668 290 690 tum
308 671 341 691 ex
362 669 519 692 sanctorum
538 664 649 692 Patrum
661 664 752 697 dictis.
771 665 926 694 admirandi
941 665 1022 692 uimi-

232 717 294 737 rum
313 709 434 747 Dionysii
453 716 481 738 et
508 710 647 739 llierothei
679 719 711 739 ac
727 711 834 744 lremei,
848 711 1022 740 demonstra-

233 761 298 784 runt
306 765 359 784 non
371 766 458 794 nuper
472 765 504 785 ac
516 765 611 786 recens
627 758 800 786 adinventam
822 759 1023 787 monachorum

233 802 343 830 vivendi
359 803 493 839 rationem
519 808 547 832 et
561 804 748 840 disciplinam,
764 804 812 832 sed
826 812 888 832 esse
904 804 1025 840 peranti-

234 856 316 885 quam
332 849 484 888 prisoaeque
503 850 617 886 originis
642 858 796 886 magnoque
810 851 838 878 in
864 851 951 886 pretio
975 851 1026 878 ho-

235 895 357 924 minibus
374 897 493 924 habitam
507 906 514 930 ;
535 901 593 924 tum
609 905 752 925 sacrarum
769 897 920 933 imaginum
941 896 1025 924 eﬂ'or-

235 941 382 968 mationem
398 941 432 976 ab
452 941 639 976 apostolorum
654 941 711 976 jam
734 948 793 968 ςενο
816 941 927 975 illisque
944 940 1026 967 fami-

1109 437 1154 464 ια’.
1173 437 1247 473 Πλὴν
1262 437 1312 464 οὐκ
1327 434 1363 472 ἧν
1374 437 1462 471 πάντη
1478 436 1528 471 τὴν
1542 434 1699 471 παρῤησίαν
1722 434 1769 461 καὶ
1783 433 1862 459 ἕλευ·

1072 483 1167 519 Θερίαν
1177 483 1242 510 ἰδεῖν
1252 483 1308 510 τῶν
1321 482 1474 517 ἀνθρώπων
1487 482 1722 517 ἁποφοιτήσασαν,
1734 479 1862 507 ἀλλὰτῶν

1072 529 1248 565 θερμοτέρων
1267 529 1340 560 τινὲς
1363 528 1414 563 μὲν
1429 528 1491 555 καθ’
1513 525 1565 560 εἷς,
1582 528 1654 558 τινὲς
1670 527 1699 554 δὲ
1717 525 1863 560 συστάδην,

1071 575 1109 607 ὡς
1128 575 1154 602 οἱ
1166 575 1215 608 τῆς
1230 575 1286 602 τῶν
1305 574 1497 610 Ἀὕρααμιτῶν
1509 575 1593 610 μονῆς
1608 572 1775 609 ὁρμώμενοι,
1789 571 1866 606 αὐτῷ

1073 620 1192 655 λογικῶς
1207 619 1239 647 ἐκ
1254 629 1283 647 τε
1306 620 1360 647 τῶν
1382 620 1538 655 εἰρημένων
1553 620 1609 650 τοῖς
1623 618 1762 654 [la-sptium
1787 616 1866 652 ἡμῶν

1073 666 1206 701 Διονυσίῳ
1218 675 1249 692 τε
1269 666 1310 701 τῷ
1337 665 1402 701 Θείῳ
1422 666 1471 693 καὶ
1501 665 1625 699 Ἰεροθὲῳ
1658 664 1706 691 καὶ
1727 662 1867 699 Εἰρηναίῳ

1074 712 1253 739 ἀπεδείκνυον
1268 711 1306 744 ὡς
1323 712 1354 738 οὑ
1380 711 1444 747 χθὲς
1461 711 1509 738 καὶ
1525 710 1621 746 πρώην
1635 711 1653 745 ἡ
1669 710 1724 737 τῶν
1740 709 1868 745 μοναχῶν

1075 757 1199 784 πολιτεία
1215 765 1244 783 τε
1260 757 1308 784 καὶ
1331 756 1502 787 κατάποσις
1522 755 1705 790 ἐπινενόηται,
1720 754 1825 781 παλαιὰ.
1838 753 1869 780 δέ

1075 811 1118 834 τις
1140 802 1189 829 καὶ
1207 801 1357 837 ἀρχέγονος
1379 802 1427 829 καὶ
1449 802 1508 833 τοῖς
1529 794 1686 836 ἀνθρώποις
1704 799 1867 835 ἐπέραστος.

1073 850 1112 876 οὺ
1124 849 1177 885 μὴν
1187 849 1215 876 δὲ
1221 849 1290 876 ἀλλὰ
1303 848 1412 876 καὶτῶν
1420 847 1501 875 θείων
1513 847 1627 874 εἰκόνων
1637 846 1793 874 ἑκτύπωσιν
1803 846 1869 873 σύν-

1073 895 1174 930 τροφόν
1184 903 1214 921 τε
1225 894 1280 922 τῶν
1290 894 1449 922 ἀποστόλων
1458 893 1507 920 καὶ
1517 893 1671 928 ὁμοδίαιτον
1680 891 1869 924 ἀπεδείκνυον,

1074 939 1134 975 εἴγε
1149 940 1258 971 Λουκᾶς
1281 939 1330 974 μὲν
1352 939 1366 965 ὁ
1390 938 1461 970 οεῖος
1476 938 1526 972 τὴν
1542 937 1592 972 τῆς
1609 936 1741 963 Θεοτόκου
1762 935 1871 971 μορφὴν

236 985 333 1012 liarcm
356 985 551 1017 ostenderunt.
568 986 679 1021 quando
694 990 721 1013 et
737 985 847 1012 divinus
865 984 954 1012 Lucas
968 992 1031 1012 san-

1085 986 1263 1016 ὲνετύπωσεν,
1280 985 1361 1017 αὐτὸς
1374 985 1402 1012 δὲ
1416 984 1535 1019 Χριστὸς
1550 984 1564 1010 ὁ
1576 983 1716 1017 Δεσπότης
1730 982 1812 1017 ἡμῶν
1823 982 1872 1009 καὶ

235 1036 286 1059 cla
325 1031 446 1068 Deiparae
479 1031 625 1067 imaginem
664 1031 793 1067 penicillo
827 1039 859 1059 ac
888 1031 1028 1059 coloribus

235 1077 382 1112 expressit.
406 1078 520 1113 ipseque
535 1078 604 1105 adeo
627 1077 755 1105 Christus
765 1077 899 1105 Dominus
913 1085 945 1104 ac
959 1077 1030 1105 Deus

237 1128 331 1150 noster
353 1123 438 1151 linteo
459 1123 621 1158 impressam
651 1124 692 1152 sui
708 1123 856 1158 imaginem
884 1123 957 1150 nulla
977 1131 1031 1150 ma-

240 1176 293 1196 nus
316 1176 399 1202 opera
427 1168 595 1195 elaboratam
614 1169 694 1196 nobis
721 1168 840 1204 reliquit.
869 1168 927 1196 Hoc
950 1169 1030 1196 modo

238 1213 402 1242 diriuissimi
423 1214 466 1242 isti
493 1215 545 1242 viri
575 1222 638 1242 cum
664 1215 772 1250 tyranni
805 1215 969 1242 dementiam
999 1222 1032 1242 ac

238 1260 371 1287 stcvitiain
398 1268 453 1295 pra:
466 1268 573 1287 summa
599 1260 707 1288 dicendi
723 1260 848 1287 libertate
863 1260 1029 1291 irritassent.

237 1310 300 1341 post
316 1305 415 1333 multos
441 1306 510 1339 alios
532 1307 670 1334 cruciatus
695 1307 762 1334 urbe
789 1306 867 1341 ejecti
889 1311 972 1339 sunt;
987 1306 1031 1341 qui

238 1360 301 1379 eum
320 1352 352 1385 ad
389 1353 568 1387 praernrsoris
597 1353 750 1381 oratorium
777 1353 817 1381 sic
844 1358 1031 1386 nuncupatum

239 1396 355 1425 Phobcri
372 1396 469 1433 (velut
492 1398 626 1426 tremendi
649 1398 756 1434 dicas),
771 1399 798 1426 in
826 1398 912 1425 Ponto
925 1398 1033 1425 Euxino

240 1443 334 1475 situm,
347 1444 549 1479 confugissent,
561 1445 707 1473 verberum
719 1444 788 1472 diris
798 1445 897 1472 ictibus
921 1453 1034 1480 prorsus

240 1488 358 1516 conlecti
392 1489 531 1527 coelestem
560 1490 756 1517 beatitudinem
788 1491 928 1518 consecuti
959 1496 1033 1518 sunt.

241 1531 345 1560 llorum
362 1541 440 1561 sacra
457 1535 569 1570 pignora
579 1534 625 1562 diu
637 1535 810 1571 multumque
826 1536 853 1563 in
863 1536 921 1563 solo
933 1541 1035 1564 temere

239 1579 341 1614 jactata
372 1585 453 1616 atque
487 1581 620 1616 projecta,
648 1589 699 1609 nec
728 1582 876 1617 sepulturae
903 1582 1034 1610 honorem

242 1630 391 1653 consecuta
423 1626 528 1664 integra
559 1627 698 1662 illmsaqne
719 1633 825 1656 servata
856 1633 930 1661 sunt,
948 1629 1035 1656 donec

1080 1033 1147 1064 Θεὸς
1163 1032 1213 1067 τὴν
1241 1030 1339 1058 ἑαυτοῦ
1364 1031 1411 1058 ὲτιί
1436 1039 1509 1061 τινος
1535 1029 1631 1064 ὀθόνης
1657 1027 1873 1063 ἀπομαξάμενος

1080 1079 1293 1114 ἀχειρότευκτον
1325 1079 1390 1112 ἡμῖν
1421 1076 1613 1111 ἐγκατέλιπεν.
1652 1072 1732 1102 Οὗτοι
1754 1074 1820 1109 γοῦν
1846 1074 1872 1100 οἱ

1081 1125 1215 1152 θειότατοι
1230 1124 1326 1159 ἄνδρες
1342 1125 1392 1159 τὴν
1409 1123 1457 1150 τοῦ
1479 1122 1614 1158 τυράννου
1639 1121 1740 1156 μανίαν
1755 1120 1802 1147 καὶ
1824 1119 1873 1155 θη-

1082 1171 1194 1207 ριωδῐαν
1217 1170 1436 1203 ἐκκαλεσάμενοι
1451 1170 1491 1205 τῷ
1513 1170 1616 1204 σφόδρα
1631 1167 1873 1204 παῤῥησιασθῆναι

1083 1217 1150 1252 μετὰ
1171 1216 1272 1248 πολλὰς
1290 1217 1388 1250 ἐτέρας
1411 1215 1546 1251 βασάνους
1560 1215 1608 1250 τῆς
1628 1214 1732 1246 πόλεως
1752 1213 1874 1248 ἐξώσθη-

1083 1271 1142 1294 σαν,
1158 1262 1226 1297 προς
1251 1262 1279 1289 δὲ
1300 1262 1445 1297 εὐκτήριον
1465 1262 1624 1297 Προδρόμου
1640 1261 1670 1289 τὸ
1690 1260 1762 1287 οὕτω
1775 1259 1875 1286 καλού-
1919 1254 1927 1261 ’

1084 1318 1164 1344 μενον
1173 1308 1220 1335 τοῦ
1239 1308 1358 1344 Φοὸεροῠ
1375 1308 1448 1335 κατὰ
1462 1309 1508 1335 τὸν
1523 1307 1650 1341 Εὔξεινον
1663 1309 1759 1334 πόντον
1771 1314 1874 1341 πεφευ-

1083 1355 1175 1388 γότες,
1193 1354 1240 1382 καὶ
1260 1357 1321 1387 ταῖς
1336 1354 1391 1381 τῶν
1405 1355 1547 1390 μαστίγων
1559 1355 1707 1389 ἀφορήτοις
1721 1354 1815 1388 φοραῖς
1827 1360 1876 1379 τι·

1082 1401 1163 1433 λείως
1178 1401 1425 1435 καταπονηθέντες,
1443 1400 1494 1434 τῆς
1508 1401 1565 1428 ἄνω
1581 1399 1686 1435 λήξεως
1699 1398 1856 1434 ἠξιώθησαν
1866 1406 1875 1414 ·

1084 1444 1120 1473 ὧν
1136 1448 1183 1473 καὶ
1195 1447 1229 1474 τὰ
1250 1447 1310 1482 ἱξρὰ
1332 1446 1448 1482 σώματα
1469 1446 1516 1473 ἐπὶ
1529 1447 1597 1473 πολὺ
1612 1446 1700 1477 ἄλλως
1720 1444 1878 1481 ἐρριμμένα

1085 1493 1153 1528 πρὸς
1179 1493 1320 1527 τοεδαφος,
1343 1493 1411 1528 μηδὲ
1428 1493 1477 1528 τῆς
1494 1493 1583 1527 ταφῆς
1604 1491 1802 1527 εὐμοιρηκότα,
1819 1489 1879 1517 σῶα

1084 1539 1289 1575 διετηρήθησαν
1303 1540 1350 1567 καὶ
1365 1539 1507 1574 ἀλώόητα,
1519 1540 1615 1574 μέχρις
1628 1538 1690 1565 ὅτου
1700 1538 1756 1569 τοῖς
1771 1537 1878 1567 πιστοῖς

1085 1586 1220 1620 γενόμενα
1240 1586 1346 1622 φανερὰ
1361 1586 1549 1622 ἑκηδεύθησάν
1572 1593 1603 1611 τε
1625 1584 1673 1611 καὶ
1700 1582 1880 1617 καταλλήλως

1086 1633 1140 1663 τοῖς
1158 1632 1229 1667 ὑπὲρ
1245 1631 1365 1667 Χριστοῦ
1382 1632 1590 1668 μαρτυρήσασιν
1605 1630 1788 1666 δτιμήθησαν.

242 1671 350 1698 tandem
379 1671 502 1708 ﬁdelibus
531 1672 623 1708 agnita
649 1677 732 1709 atque
757 1674 826 1701 elata
854 1675 1034 1703 conveniente
1055 1675 1160 1705 honore
1190 1678 1225 1705 iis
1241 1678 1288 1713 qui
1308 1685 1357 1713 pro
1376 1677 1487 1705 Christo
1512 1677 1674 1713 martyrium
1701 1681 1882 1710 sumpserunt;

243 1719 343 1758 donata
372 1724 444 1746 sunt.

244 1766 246 1770 '
281 1767 359 1803 102
379 1767 420 1794 12.
447 1767 494 1796 His
511 1768 643 1795 assimilis
664 1769 778 1804 parique
798 1769 888 1797 clarus
911 1770 1032 1797 facinore
1045 1770 1067 1801 C

248 1814 401 1850 monachus
419 1814 539 1850 quidam,
555 1822 628 1843 nunc
641 1823 707 1843 vero
718 1816 752 1846 ad
772 1816 917 1844 sacerdotii
943 1824 1032 1844 arcem

247 1861 395 1888 subvectus
425 1860 573 1896 divinaque
607 1860 780 1889 aemulatione
807 1861 904 1896 plenus
940 1868 1033 1897 tyran-

247 1915 312 1935 num
339 1914 454 1946 arguere
480 1907 623 1935 constituit
646 1915 688 1942 ac,
703 1909 726 1935 si
742 1908 917 1943 tieriposset.
941 1909 1035 1936 colen-

247 1954 297 1980 das
323 1960 416 1980 sacras
446 1952 579 1988 imagines
611 1953 650 1980 illi
689 1955 865 1988 persuadere.
905 1954 1037 1989 Adquue

247 1998 385 2026 hominem
401 2006 494 2035 coram
523 2000 690 2028 conveniens
712 2008 775 2028 cum
799 2000 852 2028 alia
883 2000 967 2028 multa
981 2001 1036 2028 dis-

247 2048 335 2080 putat,
361 2049 418 2078 tum
443 2044 634 2079 apostolicam
661 2046 852 2073 auctoritatem
871 2051 959 2081 urget,
977 2054 1038 2081 (ινιτ

248 2091 287 2118 ait
300 2100 306 2118 :
320 2089 349 2118 Si
359 2091 418 2125 quis
440 2090 512 2117 vobis
531 2091 728 2119 ammnliauerit
743 2097 840 2125 prater
867 2100 948 2126 quant
968 2092 1037 2126 quod

249 2137 401 2173 accepistis,
416 2136 558 2172 anathema
569 2137 603 2163 sit
619 2136 640 2164 ί.
651 2135 751 2167 Verum
767 2137 840 2164 hunc
851 2145 959 2172 quoque
970 2137 1039 2164 mul-

250 2182 285 2209 tis
301 2181 460 2208 verberibus
475 2182 612 2215 allectum,
629 2190 690 2209 cum
711 2182 904 2216 sapientiorem
922 2191 972 2218 pro
995 2183 1039 2211 sui

250 2227 357 2254 ratione
385 2235 417 2254 ac
440 2227 604 2261 disputando
621 2227 755 2255 acriorem
784 2232 918 2263 tyrannus
942 2228 1040 2255 adver—

250 2275 330 2308 teret.
347 2271 379 2298 ad
394 2270 528 2305 Joannem
544 2279 624 2306 suum
640 2273 778 2307 quondam
800 2278 994 2308 praeceptorem
1009 2281 1041 2301 ac

253 2318 416 2354 magistrum
433 2318 519 2351 misit,
530 2318 627 2354 iubens
637 2323 667 2345 ut
681 2319 832 2346 dialecticis
853 2327 915 2347 cum
926 2320 1039 2348 rationi-

252 2365 305 2393 bus
317 2373 349 2392 ac
365 2366 535 2400 argumentis
547 2365 687 2400 dejiceret.
706 2364 804 2393 Verum
831 2365 905 2393 hunc
931 2373 1042 2402 quoque

253 2414 401 2451 praeclarus
414 2418 543 2446 certatur.
557 2421 612 2441 non
630 2414 786 2448 sophisticis
797 2421 829 2441 ac
836 2414 987 2443 dialecticis
1002 2422 1043 2442 ra-

256 2460 390 2492 tionibus,
401 2459 449 2487 sed
464 2459 623 2493 apostolicis
638 2459 857 2495 evangelicisque
868 2459 1043 2494 testimoniis,

255 2508 330 2542 pisce
339 2506 425 2541 magis
434 2505 569 2540 elinguem
587 2512 650 2543 cum
664 2505 836 2537 reddidisset,
851 2505 898 2532 illo
911 2505 1044 2533 hactenus

255 2554 362 2580 solutus
379 2557 431 2580 est.
446 2552 543 2583 Postea
562 2559 626 2580 vero
647 2552 680 2586 ad
696 2556 816 2579 montem
832 2552 918 2579 Calon
940 2552 1043 2579 dictum

257 2599 302 2634 (ac
314 2598 337 2626 si
350 2598 494 2632 pulchrum
515 2597 651 2632 nomines)
667 2598 792 2628 veniens.
808 2605 840 2624 ac
854 2597 910 2625 illic
919 2598 1043 2625 divinum

257 2643 404 2680 quemdam
420 2642 510 2675 virum
529 2643 637 2677 Deoqnc
654 2642 773 2670 amatum
802 2640 934 2677 lgnatium
959 2640 1045 2668 oll'en-

256 2691 336 2723 dens,
352 2689 385 2717 ab
415 2697 447 2716 co
474 2689 656 2718 ordinationis
678 2696 777 2716 munus
802 2693 966 2715 consecutus
992 2686 1044 2720 est,

257 2738 345 2772 deque
364 2744 456 2764 rerum
473 2744 504 2763 ac
522 2735 718 2770 imperatorum
739 2735 963 2762 successionihus
980 2734 1047 2761 vati-

257 2785 377 2817 cinatus,
392 2785 426 2812 ad
451 2782 554 2812 Christi
585 2789 722 2811 amantem
739 2774 864 2811 Leonem
889 2784 1044 2816 Augustum

258 2839 291 2858 ac
318 2832 418 2859 liberos
447 2831 506 2865 ejus
535 2839 721 2866 perseverans,
754 2831 786 2856 τιεί
827 2829 970 2856 Dominum
993 2829 1044 2855 mi-

257 2879 355 2912 gravat.

296 2924 305 2944 ι
322 2923 408 2960 natat.
428 2932 446 2955 l,
467 2923 491 2951 ε.

1120 1768 1219 1805 [Ρ.ϐί]
1234 1768 1278 1803 ιβ’,
1303 1767 1414 1800 Τούτοις
1431 1766 1578 1802 ἐφάμιλλος
1606 1765 1653 1792 καί
1669 1774 1711 1797 τις
1735 1764 1884 1799 γενόμενος

1088 1815 1215 1852 μοναχδς,
1230 1815 1292 1850 ἄρτι
1308 1814 1337 1842 δὲ
1351 1814 1419 1850 πρὸς
1433 1813 1520 1849 ἀρχὴν
1531 1812 1581 1847 τῆς
1597 1811 1747 1847 ἱερωσύνης
1762 1810 1885 1846 ἀναδρα-

1088 1861 1146 1896 μὼν
1157 1861 1205 1888 καὶ
1220 1860 1303 1896 ζήλου
1321 1859 1461 1894 πλησθεὶς,
1476 1857 1521 1885 τὸν
1546 1857 1682 1893 τύραννον·
1702 1855 1810 1888 ἐλέγξαι
1843 1855 1887 1882 δι-

1086 1908 1191 1942 έγνωκε
1205 1907 1252 1934 καὶ
1269 1906 1334 1941 περὶ
1347 1905 1402 1932 τῶν
1419 1904 1504 1939 ἁγίων
1522 1904 1632 1931 εἰκόνων
1647 1902 1749 1933 πεῖσαι,
1765 1901 1789 1928 εἰ
1801 1900 1886 1927 δυνα-

1086 1955 1142 1981 τόν.
1169 1954 1222 1979 Καὶ
1236 1952 1269 1988 δὴ
1289 1951 1360 1978 κατὰ
1374 1951 1520 1987 πρόσωπον
1533 1948 1617 1976 αὑτοῦ
1632 1947 1697 1979 στὰς
1713 1947 1781 1974 ἄλλα
1792 1955 1823 1973 τε
1846 1947 1888 1973 δι-

1088 2001 1161 2036 εξῄει
1182 1999 1267 2026 πολλὰ
1285 1998 1331 2025 καὶ
1354 1997 1385 2025 τὸ
1408 1995 1456 2023 τοῦ
1486 1995 1637 2023 ἀποστόλου
1666 1993 1775 2020 Παύλου
1790 1993 1884 2028 ῥητὸν,

1087 2047 1167 2074 τοῦτο
1183 2046 1215 2080 δὴ
1228 2045 1258 2072 τδ
1271 2045 1386 2079 φάσκον·
1404 2043 1441 2070 El
1449 2051 1493 2075 τις
1502 2041 1573 2077 ὑμῖν
1583 2039 1803 2076 εὐαγγελίζεται
1815 2039 1885 2073 παρ’

1089 2093 1105 2121 ὃ
1119 2093 1317 2127 παρελάβετε,
1341 2090 1475 2124 ἀνάθεμα
1502 2088 1590 2115 ἔστω.
1621 2086 1702 2113 Ἀλλὰ
1735 2085 1783 2112 καὶ
1798 2086 1888 2120 τούτῳ

1089 2140 1196 2175 πληγὰς
1221 2138 1326 2170 ἐπιθεὶς
1343 2137 1393 2163 οὐκ
1416 2136 1519 2169 ὀλίγας.
1547 2133 1608 2161 ἐπεὶ
1620 2132 1779 2168 ,σοφώτερα
1795 2131 1888 2166 λέγειν

1090 2187 1237 2220 διέγνωκεν
1267 2183 1349 2211 αὑτοῦ
1377 2191 1407 2209 τε
1440 2180 1613 2216 δυνατώτερα
1637 2180 1735 2210 εἰπεῖν,
1753 2177 1822 2215 πρὸς
1841 2177 1889 2203 τὸν

1096 2232 1223 2266 Ἰωάννην
1239 2228 1452 2262 ἑξαπέοταλκεν,
1467 2226 1627 2262 καθηγητὴν
1655 2224 1738 2252 αὑτοῦ
1754 2225 1887 2258 γεγονότα

1091 2288 1120 2306 τε
1134 2279 1181 2305 καὶ
1192 2276 1362 2306 διδάσκαλον,
1374 2274 1559 2304 διαλεκτιχαῖς
1576 2271 1731 2304 ἀποδείξεσι
1743 2270 1888 2306 χρώμενον

1093 2321 1255 2350 καταϐαλεῖν
1278 2320 1359 2347 αὑτὸν
1379 2318 1622 2354 ἐγκελευσάμενος.
1653 2316 1735 2343 Ἀλλὰ
1761 2316 1810 2343 καὶ
1822 2315 1886 2342 τοῦ-

1091 2378 1138 2397 τον
1152 2370 1166 2395 ὁ
1178 2368 1298 2402 γενναῖος
1308 2365 1461 2401 ἀγωνιστὴς
1474 2365 1504 2390 οὒ
1516 2365 1576 2395 ταῖς
1588 2363 1758 2398 σοφιστικαῖς
1771 2362 1820 2388 καὶ
1830 2361 1890 2388 δια-

1094 2415 1234 2446 λεκτικοῖς
1249 2412 1412 2445 ἀποδείξεσι,
1428 2412 1483 2442 τοῖς
1497 2410 1686 2440 ἀποστολικιιῖς
1698 2409 1727 2435 δὲ
1741 2409 1789 2435 καὶ
1806 2408 1891 2441 εὐαγ-

1061 2446 1082 2473 D
1097 2462 1215 2498 γελικοῖς
1229 2460 1347 2496 ῥήμασιν
1358 2457 1530 2493 ἁφωνότερον
1546 2456 1643 2491 ἰχθύων
1660 2454 1806 2488 ἀποδείξας
1820 2454 1890 2485 τέως

1099 2509 1149 2544 μὲν
1164 2507 1218 2535 ἀπὸ
1235 2506 1329 2532 τούτου
1343 2504 1461 2538 ἐγένετο,
1482 2502 1592 2537 ὕστερον
1610 2502 1637 2528 δὲ
1665 2502 1731 2535 πρὸς
1751 2501 1782 2526 τὺ
1798 2500 1890 2527 Καλὸν

1098 2553 1169 2580 οὕτω
1199 2552 1344 2586 λεγόμενον
1370 2548 1550 2583 ἀποδημήσας
1577 2546 1648 2582 ὅρος,
1674 2546 1805 2580 Ἰγνάτιόν
1829 2552 1891 2572 τινα

1099 2599 1229 2635 θεοφόρον
1244 2597 1329 2633 ἄνδρα
1343 2594 1503 2622 καταλαϐὼν
1527 2592 1693 2629 χειροτονίας
1716 2601 1744 2618 τε
1761 2592 1889 2626 ἠξίωσεν,

1099 2647 1146 2674 καὶ
1164 2647 1229 2681 περὶ
1240 2645 1292 2671 τῶν
1305 2643 1455 2678 μελλόντων
1468 2640 1640 2676 πραγμάτων
1653 2648 1682 2666 τε
1696 2639 1742 2665 καὶ
1755 2638 1891 2674 βασιλέων

1099 2692 1271 2725 ἁναδιδάξας,
1294 2691 1359 2725 ἄχρι
1383 2688 1430 2715 καὶ
1441 2687 1489 2714 τοῦ
1515 2685 1686 2721 φιλοχρίστου
1708 2685 1822 2716 Λέοντος
1844 2684 1892 2710 καὶ

1098 2739 1153 2766 τῶν
1165 2738 1268 2765 τέκνων
1284 2734 1366 2763 αὑτοῦ
1380 2732 1531 2768 διαμείνας,
1550 2732 1617 2767 πρὸς
1636 2731 1738 2766 Κύριον
1752 2729 1891 2765 ἐξεδήμη-

1099 2794 1155 2812 σεν.
