2011 3156
145 191 193 225 117

537 191 611 222 LIB.
627 190 686 221 ΙΙΙ.
703 202 737 208 -
749 188 1003 220 THEOPHILUS
1023 187 1233 219 MICHAELIS
1259 188 1399 218 FlLlUS.

1734 187 1785 221 ns
1837 161 1839 163 ’

176 246 209 279 ιγ’
212 265 220 272 .
241 245 320 272 Ἐπεὶ
332 245 362 271 δὲ
376 244 480 276 πάντας
494 245 558 275 τοὺς
579 243 628 276 τὰς
648 242 725 276 θείας
750 241 936 269 ὲκτυποῦντας

1024 242 1069 270 13.
1083 241 1170 269 Porro
1184 249 1247 270 cum
1267 241 1438 277 Theophilus
1459 240 1614 269 divinarum
1633 243 1783 278 imaginum

141 291 248 327 μορφὰς
262 291 292 324 ὲξ
307 290 459 326 ἀνθρώπων
478 291 565 316 ποιεῖν
585 290 599 316 ὁ
621 289 753 324 τύραννος
769 286 940 323 ἐνενόησενῆ

139 339 169 365 τδ
184 336 236 373 ζῇν
252 337 431 372 αῑρουμένους
459 336 591 371 ἐμπτύειν
607 345 636 363 τε
650 337 698 362 καὶ
713 335 750 365 ὡς
763 334 865 371 βέῦηλά
880 343 941 361 τινα

140 382 184 410 ἐπ’
205 383 321 417 ἐδάφους
336 384 442 418 ῥιπτεῖν
459 383 505 410 καί
522 384 689 410 καταπατεῖν
703 382 750 408 καὶ
762 380 833 408 οὕτω
858 380 942 412 σώζε-

141 430 215 462 σθαι,
231 429 279 455 καὶ
296 429 342 455 τὸν
363 429 479 464 μοναχὸν
494 429 619 464 Λάζαρον
638 427 813 463 (περιὸόητος
826 427 853 453 δὲ
865 435 941 462 τηνι-

142 475 230 502 καῦτα
242 475 315 502 κατὰ
328 475 377 511 τὴν
404 475 461 506 ξῶο.
490 476 651 510 γράφουσαν
689 475 796 510 ὑπῆρχε
830 472 940 509 τέχνην)

143 520 287 555 βιάζεσθαι
312 520 359 547 τὸν
383 520 468 557 ἄνδρα
495 521 653 555 διέγνωκεν.
673 521 755 547 Ἀλλὰ
784 520 831 547 καὶ
846 519 941 546 τοῦτον

141 567 261 602 κρείττω
275 567 326 602 μὲν
337 567 392 593 τῶν
403 566 540 600 θωπειῶν,
553 567 671 602 κρείττω
685 567 714 594 δὲ
735 567 782 594 καὶ
793 568 842 601 τῆς
858 566 941 593 αὑτοῦ

141 611 255 648 γνώμης
270 612 420 648 εὑρίσκων,
436 613 485 648 οὐχ
500 612 576 646 ἅπαξ
592 613 609 648 ἢ
619 613 670 645 δὶς,
689 612 758 639 ἀλλὰ
773 613 820 639 καὶ
837 612 940 639 πολλά-

142 666 185 689 κις
209 658 255 685 ὑπ’
278 658 362 685 αὑτοῦ
380 659 569 694 ἐλεγχόμενος,
586 659 714 686 τοσοῦτον
733 660 793 691 ταῖς
811 657 941 694 βασάνοις

141 703 292 740 κατῄκισεν
307 704 344 736 ὠς
359 704 468 740 πρῶτον
484 705 534 740 μὲν
554 705 751 741 συναπορρέειν
767 707 817 738 τὰς
833 707 939 742 σάρκας

139 750 180 785 τῷ
193 750 292 785 αἵματι
303 750 352 778 καὶ⁵
368 751 435 787 μηδὲ
447 751 496 787 ζῇν
512 752 579 783 ὅλως
594 751 767 780 ὑπονοεῖσθαι
781 753 857 788 παρὰ.
875 753 942 780 πολ-

141 796 204 823 λῶν.
227 797 307 823 Ἐπεὶ
329 797 358 823 δὲ
375 797 413 833 τῷ
428 798 608 834 δεσμωτηρίῳ
630 798 725 826 τοῦτον
745 797 824 831 αὖθις
839 800 940 834 ἐγκαθ-

141 842 288 879 ειργμένον
315 843 392 878 μόλις
424 852 454 870 τε
477 844 682 880 ἀναρῤαῗσαντα
722 845 850 880 διήκουσε
867 867 875 880 ,
896 850 944 878 καὶ

141 891 174 925 τῇ
190 888 294 916 ἑαυτοῦ
321 890 403 926 τέχνῃ
414 889 644 926 ὲνασχολούμενον
669 891 717 923 τὰς
730 892 786 919 τῶν
812 893 899 927 ἁγίων
911 894 941 920 ὲν

142 934 253 968 πίναξιν
269 935 440 970 ἅναστηλοῦν
453 937 572 971 μορφὰς,
601 937 703 964 πέταλα
734 937 833 974 σιδηρᾶ
853 938 941 966 ἁπαν-

141 980 323 1016 ορακωθέντα
346 981 407 1012 ταῖς
436 981 580 1016 παλάμαις
610 982 692 1008 αὐτοῦ
714 982 825 1018 τεθῆναι
850 986 939 1019 προσα

139 1025 250 1058 ιταξεν.
271 1026 417 1053 Ἐὗόσκετο
429 1024 475 1054 οἶν
488 1027 519 1053 τὸ
534 1027 591 1063 πῦρ
603 1028 652 1060 τὰς
675 1028 780 1064 σάρκας
799 1029 882 1056 αὐτοῦ
893 1029 941 1057 καὶ

140 1070 318 1105 κατενέμετο,
330 1071 395 1107 ἄχρι
410 1071 476 1099 ποτὲ
490 1072 685 1109 ἀπαγορεύσας
702 1073 790 1101 ἔκειτο
810 1075 939 1112 ήμιθνής.

145 1116 221 1143 Ἀλλ’
235 1116 289 1143 ἔδει
304 1116 399 1144 τοῦτον
412 1117 466 1145 ὑπὸ
476 1119 527 1154 τῆς
542 1118 655 1154 χάριτος
683 1119 870 1156 διατηρεῖσθαι
892 1123 940 1149 καὶ

139 1164 196 1194 τοῖς
207 1162 325 1200 ὕστερον
340 1163 465 1200 ἐναυσμα
485 1173 492 1180 υ
508 1165 569 1192 ὅθεν
584 1167 646 1193 ἐπεὶ
656 1167 691 1193 τὰ
704 1167 850 1195 τελευταῖα
862 1170 940 1196 πνεῖν

141 1208 189 1235 τὺν
204 1209 277 1237 ὅσιον
294 1210 494 1246 ἀνεμάνθανεν,
511 1211 642 1245 ἱκετείαις
652 1213 703 1249 τῆς
717 1214 876 1250 Δύγούστης
893 1215 940 1242 καί

143 1263 224 1282 τινων
239 1256 330 1284 ἄλλων
344 1257 518 1293 οῑκειοτέρων
532 1259 581 1293 τῆς
594 1259 706 1295 εἱρκτῆς
724 1259 775 1295 μὲν
791 1260 940 1294 ἀπέλυσεν,

140 1303 156 1328 ό
170 1302 204 1329 δὲ
216 1302 287 1338 πρὸς
306 1303 353 1330 τὸν
372 1303 436 1331 ναὸν
451 1304 499 1331 τοῦ
517 1304 677 1341 Προδρόμου
693 1305 739 1333 τὸν
757 1306 828 1334 οὕτω
843 1307 942 1334 καλού-

141 1356 222 1382 μενον
234 1349 283 1376 τοῦ
292 1349 412 1385 Φοὸερωῗ)
426 1350 612 1386 ὲναπεκρύὸη.
624 1350 665 1387 [Ρ.
675 1351 721 1387 65]
748 1351 811 1378 ἔνθα
824 1353 872 1379 καὶ
884 1352 939 1379 τῶν

141 1394 253 1430 πληγῶν
268 1396 409 1423 συνουσῶν
421 1396 496 1433 αὺτῷ
513 1397 604 1424 εἰκόνα
614 1397 743 1433 διέγραψε
759 1398 806 1425 τοῦ
821 1399 941 1434 Προδρό-

142 1446 192 1472 μου
227 1439 280 1474 τὴν
298 1440 345 1466 καὶ
375 1440 472 1475 μέχρις
496 1441 575 1476 ἡμῶν
601 1441 806 1478 διασωζομένην
834 1452 863 1470 τε
893 1444 942 1470 καὶ

141 1484 229 1516 ἰάσεις
254 1485 436 1514 ἐπιτελοῦσαν
459 1487 569 1519 πολλάς.
600 1488 653 1514 Καὶ
675 1489 736 1514 τότε
763 1489 814 1524 μὲν
842 1489 940 1521 ταῦτα,

141 1530 212 1565 μετὰ
224 1531 254 1557 δὲ
271 1531 321 1566 τὴν
335 1531 382 1558 τοῦ
398 1533 529 1569 τυράννου
552 1534 714 1567 ἁποὸίωσιν,
727 1535 775 1570 τῆς
787 1534 942 1570 ὸρθοδοξίας

139 1577 354 1614 ἁναλαμψάσης,
366 1579 416 1614 τὴν
431 1581 460 1606 ὲν
469 1581 501 1615 τῇ
518 1580 612 1615 Χαλκῇ
631 1573 727 1608 εἰκόνα
741 1581 789 1608 τοῦ
804 1582 943 1618 Θεανθρὼ-

141 1632 194 1650 που
209 1623 299 1659 Ἰησοῦ
306 1625 424 1660 Χριστοῦ
431 1626 517 1653 οἰκεία
522 1635 545 1658 ις
550 1623 628 1659 οὗτος
635 1628 729 1663 χερσὶν
741 1628 881 1663 ἁνεστήλω
885 1637 940 1657 σεν.

144 1669 194 1701 ’ος
207 1670 257 1697 καὶ
278 1670 448 1706 καλούμενος
468 1672 520 1699 ὑπὸ
544 1673 595 1708 τῆς
619 1674 787 1709 περιφανοῦς
801 1675 943 1710 Θεοόώρας

141 1716 312 1753 συγγνώμην
320 1717 412 1745 δοῦναί
422 1727 451 1744 τε
461 1718 508 1745 καὶ
521 1719 728 1755 αἰτήσασθαιτῷ
738 1720 840 1755 ταύτης
853 1721 941 1757 ἀνδρὶ,

141 1762 204 1789 οὐκ
216 1762 322 1795 ἄδικος
330 1764 347 1790 ό
359 1763 442 1797 Θεὸς,
449 1763 511 1799 ἔφη,
521 1762 545 1791 ὦ
551 1765 736 1798 βασίλισσα,
746 1766 942 1794 ἐπιλαθέσθαι

141 1807 197 1842 τῆς
214 1808 301 1843 ἡμῶν
325 1809 448 1844 ἀγάπης
471 1810 521 1836 καὶ
542 1809 601 1837 τῶν
619 1810 695 1845 πρὸς
710 1812 805 1839 αὑτὸν
827 1812 939 1846 κόπων,

141 1854 263 1882 ἐκείνου
289 1855 325 1882 δὲ
343 1855 378 1883 τὸ
399 1856 490 1891 μῖσος
518 1857 569 1884 καὶ
599 1857 658 1892 τὴν
686 1858 940 1892 ὑπερϐάλλουσαν

139 1900 256 1934 μανίαν
279 1902 330 1929 και
354 1902 546 1937 προτιμῆσαι.
567 1903 646 1930 Ἀλλὰ
669 1904 756 1930 ταῦτα
782 1904 832 1939 μὲν
861 1905 941 1932 ὓστε-

143 1953 201 1979 ρον.

180 2054 222 2082 ιδ’.
238 2055 294 2082 Καί
322 2064 388 2083 ποτε
412 2057 441 2084 δὲ
469 2057 515 2084 τδν
541 2058 711 2093 ὁμολογητὴν
738 2059 878 2094 Θεοφάνην
894 2060 940 2086 καὶ

144 2100 284 2137 Θεόδωρον
308 2103 355 2129 τὸν
373 2103 457 2130 αὐτοῦ
487 2104 614 2139 ἀδελφὸν,
652 2104 770 2140 ἐπείπερ
802 2105 940 2140 λογιότητι

142 2145 324 2181 διαφέροντας
337 2147 503 2181 ἀνεγίνωσκε
518 2148 574 2174 τῶν
599 2147 716 2179 πολλῶν,
741 2149 812 2176 κατὰ
833 2149 878 2176 τὸν
891 2149 939 2176 τοῦ

146 2192 303 2218 Λαυσιακοῦ
318 2192 454 2227 τρίκλινον
469 2193 593 2225 ἑξεκάλει
605 2194 723 2230 δημοσία
731 2194 938 2229 διαλεξομένους

146 2236 210 2271 περὶ
221 2236 271 2271 τῆς
280 2237 397 2269 πίστεως
410 2245 417 2252 '
427 2238 484 2271 καὶ,
497 2239 564 2273 Ἄγε
571 2238 621 2272 δὴ,
638 2239 731 2274 φησιν,
747 2238 862 2274 ὑμεῖςῶ
872 2248 940 2267 κατι

994 287 1112 324 pictores
1137 295 1233 316 omnes
1249 296 1263 315 e
1278 287 1369 315 medio
1391 287 1486 315 tollere
1507 289 1661 320 statuisset.
1693 294 1741 316 aut
1761 291 1785 317 si

993 335 1056 362 vita:
1072 334 1184 362 mallent
1197 333 1340 362 consulere
1367 341 1461 362 sacras
1477 333 1611 368 imagines
1634 342 1787 369 conspuere

993 388 1026 408 ac
1046 381 1120 408 velut
1131 379 1246 416 profana
1261 380 1386 415 quaedam
1405 380 1465 408 solo
1484 379 1598 407 allidere
1620 384 1648 407 et
1672 381 1786 408 concul-

993 435 1056 454 care
1075 426 1216 462 iussisset.
1241 431 1272 454 ut
1290 426 1342 454 hoc
1371 427 1444 454 iacto
1466 426 1682 454 incolumitatem
1705 435 1785 455 suam

993 472 1169 504 redimerent.
1187 472 1322 500 Lalarum
1338 480 1446 508 quoque
1472 473 1551 508 103
1572 474 1739 501 monachum
1752 481 1785 501 ea

993 522 1073 545 :etate
1088 517 1216 553 pingendi
1242 522 1300 546 arte
1318 518 1453 546 celebrem
1479 518 1505 545 in
1520 526 1569 545 sua
1600 525 1663 546 vota
1683 527 1783 555 cogen-

996 562 1061 590 dum
1080 569 1141 590 esse
1163 563 1279 597 putavit.
1299 561 1377 591 Unde
1392 570 1454 590 cum
1470 567 1498 591 et
1518 563 1723 592 adulationibus
1735 572 1785 592 su-

992 608 1128 644 periorem
1167 616 1218 636 nec
1241 616 1297 636 suae
1335 609 1485 644 quidquam
1512 609 1647 638 voluntati
1682 610 1785 638 ceden-

992 659 1046 683 tem
1073 655 1247 689 oti‘endisset,
1273 663 1336 684 cum
1360 656 1404 684 ille
1424 663 1479 683 non
1511 656 1596 684 semel
1613 661 1641 684 et
1667 656 1782 690 iterum,

992 700 1041 728 sed
1076 704 1105 728 et
1139 700 1238 736 saepius
1256 703 1338 728 ’eum
1373 701 1614 736 reprehendisset,
1638 701 1707 729 adeo
1740 702 1786 730 di-

993 747 1031 774 ris
1055 746 1146 782 ipsum
1174 747 1336 775 verberibus
1362 747 1502 782 subjecit,
1527 753 1557 775 ut
1588 747 1707 782 primum
1731 755 1785 775 una

994 799 1057 819 cum
1073 799 1171 820 cruore
1185 799 1283 819 carnes
1298 793 1450 820 dissilirent
1467 800 1499 820 ac
1513 800 1547 821 ne
1565 793 1658 821 vivere
1672 793 1783 828 quidem

994 838 1089 866 multis
1101 838 1297 866 aestimaretur.
1324 838 1376 866 Ubi
1396 844 1488 867 autem
1506 839 1534 867 iu
1558 847 1670 868 carcere
1696 840 1784 868 inclu-

995 891 1067 918 sum,
1083 884 1163 917 paqu
1179 883 1274 912 mitius
1290 884 1324 911 ab
1344 884 1507 920 aegritudine
1522 885 1670 914 habentem
1683 890 1786 914 artem-

991 939 1045 967 que
1064 935 1243 967 repetentem,
1261 938 1356 959 sacras
1371 932 1461 960 denuo
1478 933 1505 959 in
1531 933 1640 961 tabellis
1652 933 1786 969 imagines

991 977 1104 1012 pingere
1123 977 1238 1010 audivit,
1270 977 1388 1005 laminas
1413 976 1519 1006 ferreas
1549 979 1698 1007 candentes
1723 979 1785 1015 ejus

992 1024 1093 1059 palmis
1117 1023 1258 1051 admoveri
1279 1024 1374 1059 jussit.
1391 1023 1456 1059 Igne
1474 1024 1566 1060 itaque
1596 1024 1657 1060 ejus
1685 1025 1785 1060 depas-

991 1074 1070 1098 cente
1102 1077 1202 1098 carnes
1226 1069 1321 1097 tandiu
1348 1070 1468 1104 duravit,
1492 1070 1581 1099 donec
1601 1071 1690 1099 victus
1712 1072 1785 1099 malo

991 1117 1161 1146 semianimis
1172 1116 1268 1152 jacuit.
1287 1116 1389 1145 Verum
1413 1117 1529 1146 decebat
1546 1122 1577 1146 ut
1591 1118 1680 1146 divina
1697 1118 1785 1153 gratia

991 1172 1054 1192 cum
1069 1164 1187 1200 posteris
1198 1163 1272 1192 velut
1284 1163 1436 1199 igniculum
1448 1163 1616 1192 incolumem
1624 1169 1783 1199 praestaret.

991 1209 1126 1243 Quoniam
1160 1209 1243 1245 igitur
1267 1213 1400 1245 tyrannus
1416 1216 1479 1237 eum
1493 1209 1549 1244 jam
1565 1209 1686 1238 animam
1700 1217 1785 1245 agere

992 1255 1128 1288 audierat,
1147 1254 1278 1292 Augustae
1306 1254 1553 1290 supplicationibus
1573 1256 1785 1283 nonnullorum-

993 1309 1048 1338 que
1061 1301 1178 1329 aliorum
1195 1309 1228 1328 ex
1243 1300 1347 1328 intimis
1362 1300 1504 1335 magisque
1517 1301 1682 1329 necessariis
1694 1306 1787 1329 motus

993 1348 1082 1382 ipsum
1095 1353 1110 1374 e
1123 1353 1233 1374 carcere
1245 1345 1360 1374 dimisit.
1372 1345 1411 1373 ita
1424 1346 1545 1377 demum,
1561 1346 1588 1373 in
1605 1345 1786 1374 Praecursoris

993 1393 1187 1429 tcinplo,,quod
1198 1391 1316 1420 Phoberi
1333 1397 1431 1420 vocant
1441 1393 1527 1427 (velut
1541 1392 1618 1420 dicas
1629 1393 1785 1428 terribilis).

993 1447 1021 1466 se
1040 1438 1199 1471 occultavit;
1217 1438 1263 1465 ubi
1291 1439 1373 1465 etiam
1400 1445 1473 1472 aegre
1507 1445 1540 1466 ex
1566 1438 1655 1474 plagis
1681 1438 1786 1467 habens

995 1485 1116 1521 ejusdem
1145 1484 1328 1512 Praecursoris
1351 1484 1499 1520 imaginem
1519 1484 1653 1519 depinxit,
1672 1492 1733 1520 quae
1757 1490 1787 1512 ct

995 1532 1130 1558 hactenus
1160 1535 1251 1559 exstat
1279 1530 1436 1565 multosque
1461 1530 1655 1565 agrotantium
1670 1531 1783 1559 morbos

956 1595 984 1626 Ο
999 1577 1120 1612 depellit.
1133 1576 1223 1612 Atque
1241 1577 1299 1604 bac
1311 1577 1454 1604 hactenus.
1470 1576 1614 1605 Exstincto
1627 1582 1719 1605 autem
1742 1582 1785 1613 ty-

997 1631 1082 1651 ranno
1098 1631 1160 1651 cum
1175 1628 1257 1651 recta
1272 1623 1333 1651 ﬁdei
1346 1623 1392 1651 lux
1413 1622 1575 1656 aﬂulsisset,
1600 1623 1648 1651 Dei
1666 1624 1785 1651 hominis

994 1669 1057 1698 Jesu
1066 1670 1166 1698 Christi
1179 1669 1327 1704 imaginem
1342 1670 1370 1696 in
1381 1668 1484 1697 Chalce
1498 1674 1575 1704 porta
1587 1670 1597 1705 (
1609 1670 1635 1697 id
1650 1675 1691 1697 est
1699 1670 1784 1705 aerea)

995 1716 1053 1744 suis
1071 1716 1129 1751 ipse
1156 1716 1285 1743 manibus
1312 1715 1454 1744 excitavit.
1481 1715 1550 1743 Tum
1569 1715 1703 1744 invitante
1719 1715 1784 1744 illu-

994 1762 1043 1789 stri
1068 1761 1212 1790 Theodora
1228 1765 1258 1789 ut
1274 1762 1333 1789 vlro
1345 1762 1452 1789 veniam
1469 1762 1548 1789 daret
1568 1767 1650 1797 atque
1664 1767 1783 1797 rogaret,

995 1808 1057 1836 Non
1065 1808 1193 1842 injustas.
1205 1808 1328 1843 inquit,o
1342 1807 1473 1842 Augusta,
1489 1813 1527 1835 est
1547 1807 1627 1840 Deus,
1646 1812 1675 1835 ut
1686 1811 1784 1835 nostra

993 1854 1142 1882 dilectionis
1157 1853 1237 1890 ιοά,
1263 1857 1467 1888 nostrorumque
1480 1852 1538 1888 ejus
1558 1861 1640 1880 causa
1662 1852 1784 1880 laborum

994 1909 1025 1928 ac
1046 1908 1229 1928 terumnarum
1245 1899 1429 1933 obliviscatur,
1446 1899 1572 1934 illiusque
1597 1900 1652 1926 odii
1672 1908 1783 1933 exsupe-

993 1948 1128 1982 rantisque
1142 1947 1255 1974 insania:
1269 1947 1396 1981 majorem
1412 1946 1542 1973 rationem
1553 1945 1661 1973 habeat.
1681 1946 1782 1974 Verum

994 1993 1052 2019 haec
1069 1995 1173 2027 postea.

1031 2049 1076 2076 ll.
1100 2048 1167 2082 Quia
1183 2053 1274 2075 autem
1294 2047 1489 2083 Theophanem
1511 2047 1697 2075 confessorem
1710 2048 1784 2083 ejus-

992 2105 1045 2133 que
1063 2097 1175 2125 fratrem
1193 2095 1379 2128 Theodorum,
1401 2103 1482 2130 quam
1499 2102 1550 2131 pro
1563 2095 1635 2130 vulgi
1649 2102 1710 2128 usu,
1723 2103 1782 2122 ma-

989 2144 1050 2179 jore
1065 2147 1195 2178 prwstare
1225 2141 1380 2169 eruditione
1409 2149 1462 2168 non
1488 2140 1640 2177 ignorabat,
1661 2140 1714 2169 sibi
1735 2149 1783 2168 eos

992 2190 1026 2217 ad
1042 2188 1208 2216 Lausiacum
1230 2187 1379 2215 triclinium
1403 2186 1567 2221 quandoque
1591 2186 1650 2215 sisti
1675 2185 1784 2221 publice

991 2236 1092 2265 deiide
1127 2234 1314 2270 disputaturos
1340 2233 1434 2268 jussit.
1462 2235 1550 2268 Atque
1578 2232 1627 2264 ibi.
1653 2232 1782 2267 Agedum,

149 2281 264 2315 ἀραῖσι,
282 2282 343 2309 τίσι
371 2284 541 2318 πειθόμενοι
550 2284 664 2318 ρήσεσι
683 2285 739 2320 τῆς
748 2286 872 2321 Γραφῆς
890 2287 939 2314 καὶ

994 2281 1092 2318 inquit,
1112 2279 1285 2308 exsecrabile:
1300 2287 1354 2311 vos,
1379 2278 1538 2314 quibusnam
1559 2277 1781 2312 Scripturaztacis

148 2329 362 2363 τεθαρῤηκότες
387 2329 423 2357 τὰ
445 2330 567 2362 εἴδωλα,
591 2332 683 2368 ἀφέτῳ
697 2331 729 2368 δὴ
759 2332 871 2370 γλώσσῃ
895 2333 942 2360 καὶ

149 2375 234 2410 μιαρᾷ
247 2374 299 2407 τὰς
310 2375 391 2409 ἁγίας
411 2376 518 2408 εἰκόνας
531 2377 602 2404 οὕτω
613 2378 713 2412 καλῶν,
731 2379 939 2412 προσκυνεῖτε,

148 2420 195 2447 καὶ
215 2421 289 2455 τοὺς
308 2422 445 2456 πολλοὺς
474 2424 524 2451 καὶ
554 2424 714 2459 ἀκεραίους
736 2425 836 2459 καλῶς
859 2426 942 2460 ἔχειν

149 2466 235 2493 οὔτιν’
245 2467 345 2495 ποιεῖν
363 2468 606 2503 διαϐεϐαιοῦσθε;
623 2471 670 2497 καὶ
688 2471 745 2498 ἄλλ’
771 2471 841 2499 ἄττα
855 2479 940 2507 προσ-

153 2512 233 2539 ετίθει
249 2513 400 2549 βλάσφημα
421 2515 468 2541 καὶ
487 2516 579 2551 ἀπηχῆ
600 2516 670 2542 κατὰ
688 2516 737 2551 τῆς
754 2516 857 2547 εἰκὸνος
871 2517 941 2552 Χρι-

151 2559 212 2585 στοῦ
228 2559 275 2586 τοῦ
288 2559 358 2587 Θεοῦ
374 2562 548 2598 γεγωνοτέρᾳ
561 2564 648 2598 φωνῇ.
658 2562 713 2590 Καὶ
723 2559 795 2589 οὗτοι
808 2563 840 2597 δὴ
855 2563 876 2579 η
890 2572 944 2598 μα-

151 2606 248 2638 κάριοι,
257 2606 454 2642 Ἐμφριιχθειή
466 2608 499 2634 τὸ
511 2610 618 2643 στόμα,
626 2608 799 2644 εἰπόντεςητὸ
809 2610 883 2636 κατὰ
890 2609 943 2636 τοῦ

150 2651 225 2678 Θεοῦ
241 2653 359 2680 λαλοῦν
366 2652 473 2688 ἄνομα,
490 2655 536 2681 καὶ
549 2655 634 2690 τούτῳ
655 2655 686 2690 δὴ
704 2655 733 2681 τὸ
746 2655 846 2690 Θράσος
860 2655 942 2682 αὐτοῦ

150 2698 351 2731 καταῦαλόντες
371 2700 413 2733 (οὐ
439 2701 517 2736 φέρει
545 2702 599 2737 γὰρ
623 2701 749 2736 βασιλεὺς
765 2701 857 2731 ἄδικος
871 2701 943 2728 κατὰ

150 2743 295 2776 πρίτωπον
307 2745 509 2780 ἐλεγχόμενος),
526 2747 569 2773 τὸν
585 2747 663 2775 Θῶπα
675 2747 743 2780 τέως
753 2747 941 2782 ὑποκρίνεται,

190 2821 205 2842 ε
219 2821 286 2850 I'sal.
306 2832 373 2855 un.
395 2824 434 2851 ιε.

993 2337 1026 2356 ac
1049 2327 1206 2356 testimoniis
1228 2325 1348 2361 persuasi
1371 2325 1515 2361 idolu(sic
1540 2324 1668 2352 nimirum
1688 2332 1781 2352 sacras

995 2375 1128 2410 imagines
1156 2372 1296 2407 impotenti
1313 2371 1475 2406 impuroque
1487 2378 1534 2397 ore
1551 2369 1780 2404 vocans)colitis.

994 2420 1160 2456 simplicique
1171 2418 1248 2453 uulgo
1267 2422 1295 2444 ut
1312 2417 1350 2444 sic
1365 2417 1466 2451 faciant
1482 2424 1566 2451 opere
1589 2416 1703 2450 pretium
1727 2424 1782 2442 esse

996 2466 1138 2495 asseritis?
1153 2465 1267 2499 Aliaque
1283 2462 1441 2497 blasphema
1462 2467 1544 2497 atque
1563 2461 1665 2489 absona
1684 2461 1781 2488 adver-

997 2522 1045 2542 sus
1060 2512 1161 2541 Christi
1177 2510 1223 2537 Dei
1239 2509 1384 2544 imaginem
1399 2508 1509 2535 clariori
1537 2514 1604 2534 voce
1639 2507 1781 2542 magisque

997 2561 1125 2584 contenta
1150 2553 1259 2590 adjecit.
1283 2553 1323 2580 Ad
1339 2553 1395 2580 haec
1410 2559 1472 2579 cum
1493 2551 1563 2579 beati
1575 2551 1625 2578 viri
1643 2551 1780 2579 dicerent:

1000 2604 1163 2632 Obstruatur
1195 2609 1248 2633 os,
1277 2599 1346 2635 quod
1378 2598 1495 2634 loquitur
1537 2597 1662 2625 adversus
1698 2597 1782 2625 Deum

995 2650 1161 2685 iniquitatem
1189 2648 1212 2679 ε,
1236 2652 1323 2681 eoque
1346 2645 1423 2673 vocis
1456 2644 1578 2672 tonitruo
1601 2644 1708 2679 tyranni
1731 2652 1781 2671 au-

994 2698 1102 2726 daciam
1130 2693 1336 2730 depressissent
1355 2691 1425 2726 (non
1457 2691 1529 2719 enim
1572 2699 1621 2718 rex
1661 2690 1782 2726 injustus

998 2745 1132 2779 patienter
1143 2740 1269 2773 sustinet,
1290 2745 1352 2768 cum
1363 2738 1392 2766 in
1401 2737 1497 2766 faciem
1509 2737 1657 2772 arguitur),
1672 2736 1780 2764 interim

796 2891 913 2920 \‘Alllxii
934 2889 1137 2919 LECTIONES.

195 2937 213 2952 "
225 2939 265 2975 ὀὴι
283 2940 329 2967 ni?
345 2948 379 2967 an
395 2939 426 2975 δὴ
441 2941 485 2967 oi?
