2011 3156
99 191 141 223 12]

476 192 550 224 LIB.
570 193 628 223 IlI.
648 202 684 210 -
701 192 951 223 THEOPHILUS
968 193 1179 223 MICIIAELIS
1193 194 1332 224 FILIUS.

1675 195 1726 228 ζει

97 248 337 284 μεθαρμοσάμενος
348 249 395 276 καὶ
409 249 512 284 ῥυθμὸν
534 250 694 286 παρασχὼν,
716 252 745 277 ἐν
768 251 802 286 τῇ
829 249 879 277 τοῦ

935 251 1048 278 cinnans
1063 251 1423 287 rhythmumqueapponens
1434 251 1461 279 in
1472 250 1517 279 Dei
1537 251 1654 280 ecclesia
1667 262 1732 281 cun.

95 294 151 322 Θεοῦ
168 295 309 331 ἐκκλησίᾳ
329 296 374 328 εἰς
402 297 512 323 πάντων
533 298 652 333 ἐπήκοον
665 298 779 334 ᾄδεσθαι
791 298 884 334 διωρί-

95 349 158 367 σατο.
194 341 311 376 Φέρεται
329 342 362 377 δὴ
376 342 423 368 καὶ
437 342 515 376 λόγος
535 351 578 375 τις
604 343 642 375 ὡς
661 343 743 376 αὐτὸς
769 340 846 375 οὗτος
870 344 885 370 ὁ

94 386 216 422 Θεόφιλος
231 388 315 424 ἔρωτι
327 388 374 415 τοῦ
388 388 487 424 μέλους
500 389 676 424 βαλλόμενος,
692 389 820 426 καθάπερ
833 399 886 416 πα-

93 435 161 469 τέρες
179 434 247 470 περὶ
261 434 296 461 τὰ
306 435 416 469 ἔκγονα,
431 436 502 463 κατὰ
509 436 558 471 τὴν
569 436 700 471 Μεγάλην
718 436 885 472 Ἐκκλησίαν

93 481 117 507 ὲν
126 481 228 516 φαιδρᾷ
244 482 399 517 πανηγύρει
410 482 439 509 οὐ
454 483 632 520 παρῃτήσατο
653 483 684 510 τὸ
698 486 883 519 χειρονομεῖν,

93 525 128 562 [Ρ.
145 526 195 563 67]
222 527 286 560 δοὺς
311 529 350 563 τῷ
374 528 468 564 κλήρῳ
480 530 565 565 αὐτῆς
581 529 677 565 λίτρας
694 530 765 566 ὑπὲρ
789 530 884 558 τούτου

92 572 198 606 χρυσίου
218 573 328 600 ἑκατόν.
360 574 416 600 Καὶ
432 575 472 601 ’τὸ
493 575 622 610 στιχηρὺν
636 575 665 602 δὲ
682 576 714 603 τὸ
737 576 809 603 κατὰ
833 576 885 612 τὴν

93 617 243 654 βαῖοςςόρον,
265 620 432 653 Ἔξέλθετε,
454 621 537 655 ἔθνη,
562 621 702 654 ἐξέλθετε
727 622 778 650 καὶ
803 623 884 661 λαοὶ,

91 664 131 700 τῆς
148 665 260 692 ἐκείνου
278 667 299 683 ¹⁹
315 667 397 701 φασιν
412 665 483 694 εἶναι
497 669 576 695 τόκον
593 669 697 704 ψυχῆς.

120 753 160 786 ιζ’.
171 753 287 781 Ἐπεὶδὲ
299 754 403 782 καὶτὸν
418 756 468 790 τῆς
482 755 605 791 κεφαλῆς
615 756 718 792 κόσμον
725 756 816 791 ὀλίγον
825 765 885 788 πως

92 801 232 835 ἐκφύσεως
242 801 325 836 ἔφερε
338 802 466 836 καὶψιλδς
481 803 530 834 τὰς
538 803 636 838 τρίχας
645 803 727 839 ὑπῆν,
739 803 885 830 ἐθέσπισεν

91 848 227 882 ἅπανταχῆ
254 848 284 874 ὲν
306 848 367 884 χρῷ
391 849 493 881 ταύτας
509 850 669 885 ἀποκείρειν
682 851 730 877 καὶ
762 851 799 886 μή
823 858 886 878 τινα

95 895 226 929 Ῥωμαῖον
242 894 308 922 ὂντα
320 895 368 924 τοῦ
377 895 515 931 τραχήλου
532 897 690 933 περαιτέρω
705 897 800 932 φέρειν
817 905 885 932 συγ-

91 927 181 975 χωρεῖν
199 949 206 956 ·
231 941 257 967 εί
272 941 301 968 δέ
324 950 367 973 τις
383 927 508 978 ᾧωρὀίθῇ,
531 927 656 975 πολλαῖς.
667 927 842 979 αἰκιζομενον
857 927 885 959 '"
903 927 924 956 Β

92 988 196 1022 μάστιξι
219 988 290 1023 πρὸς
307 989 357 1023 τὴν
375 989 431 1016 τῶν
455 989 599 1025 προγόνων
633 990 779 1025 Ῥωμαίων
799 992 883 1018 επαν-

91 1034 202 1069 άγεσθαι
213 1036 316 1071 ἀρετήν
329 1043 336 1050 ·
350 1035 437 1072 τούτῳ
451 1036 507 1071 γὰρ
519 1037 567 1063 καὶ
584 1033 658 1063 οὗτοι
684 1036 839 1071 τριχώματι
856 1037 884 1063 ἐ-

90 1090 116 1108 σε
120 1081 260 1116 μνύνοντο.
265 1082 347 1109 Ὅθεν
355 1082 494 1118 καὶινόμον
506 1082 615 1116 ἐξέθετο
622 1082 669 1109 τοῦ
680 1083 717 1119 μή
727 1092 788 1109 τινα
794 1082 882 1110 διόλου

90 1129 261 1165 κατατολμᾷν
297 1129 455 1164 περαιτέρω
486 1129 535 1156 τοῦ
574 1129 687 1165 αὐχένος
722 1129 883 1165 προϐαίνειν

91 1176 142 1202 ἐᾶν.
189 1199 191 1201 .

125 1222 166 1257 ιη’.
197 1223 270 1249 Ἔδει
286 1223 314 1250 δὲ
331 1223 386 1258 ἄρα
399 1222 491 1250 καὶτὰ
503 1223 564 1250 κατ’
584 1222 665 1250 αὑτὸν
677 1223 723 1250 καὶ
735 1223 784 1259 τὴν
799 1222 882 1250 αὑτοῦ

95 1269 245 1302 συγγένειαν
266 1269 476 1305 προνοήσασθαί
501 1278 531 1296 τε
547 1269 595 1307 καὶ
611 1269 749 1305 διοικῆσαι
764 1270 835 1297 κατὰ
853 1269 883 1296 τὺ

90 1315 167 1350 τούτῳ
179 1314 279 1341 δοκοῦν
296 1323 303 1330 ·
320 1315 367 1341 καὶ
380 1315 425 1341 διὰ
439 1315 529 1347 τοῦτο,
545 1316 605 1342 ἐπεὶ
632 1316 718 1342 πέντε
737 1316 788 1351 μὲν
801 1316 881 1352 ἔτυχε

94 1361 233 1396 τηνικαῦτα
260 1361 420 1397 θυγατέρων
442 1361 578 1397 ὑπάρχειν
598 1362 700 1398 πατὴρ,
724 1362 827 1398 ἕρημος
853 1362 882 1390 δὲ

95 1408 228 1443 ἀρῤενικῆς
244 1407 336 1443 ὡρᾶτο
350 1408 442 1443 γονῆς,
457 1407 507 1443 τὴν
523 1407 619 1434 πασῶν
638 1408 756 1444 ἐσχάτην
772 1408 882 1444 Μαρίαν

93 1454 215 1489 ὑπερϐαλ)
222 1455 310 1486 ὄντως
335 1455 519 1490 ἠγαπημένην
544 1454 627 1481 οὖσαν
639 1455 693 1481 τῶν
708 1455 796 1482 ἄλλων
803 1454 881 1491 ᾠήθη

91 1501 135 1527 δεῖν
152 1501 284 1535 συζεῦξαι
307 1501 396 1537 ἀνδρί.
417 1501 445 1528 ’0
472 1501 494 1527 δ’
512 1501 582 1536 ἀνὴρ
597 1502 647 1536 τῆς
663 1501 718 1528 τῶν
736 1501 881 1537 Κρηνιτῶν

90 1548 217 1582 κατήγετο
227 1548 337 1581 γενεᾶς,
348 1546 441 1583 χώρας
450 1547 499 1583 τῆς
508 1547 563 1574 τῶν
580 1548 747 1583 Ἀρμενίων,
758 1546 882 1580 Ἀλέξιος

89 1592 339 1628 τοῦνομα,Μουσελὲ
347 1594 396 1629 τὴν
407 1593 580 1628 ἐπωνυμίαν,
589 1593 628 1630 τῷ
638 1594 704 1620 εἴδει
712 1593 823 1629 ὡραῖος,
833 1595 881 1621 ἁκ-
894 1605 917 1635 c

89 1638 174 1673 μέζων
185 1638 236 1675 τὴν
246 1639 368 1674 ἡλικίαν,
377 1639 460 1666 οίκῶν
469 1640 540 1667 κατὰ
550 1640 581 1668 τὸ
588 1640 638 1675 τῆς
648 1641 823 1676 ἀκροπόλεως
833 1641 880 1676 μέ-

89 1686 221 1719 poemati
231 1686 283 1717 τὰς
298 1685 369 1712 οὕτω
385 1686 557 1721 καλουμένας
573 1687 623 1722 τῆς
640 1686 827 1722 Κρηνιτίσσης
839 1687 880 1715 οι-

88 1733 152 1764 κίας·
160 1732 191 1759 ὃν
200 1733 312 1768 πρῶτον
322 1733 411 1768 μὲν-τῇ
419 1732 473 1759 τῶν
482 1733 634 1769 πατρικίων
643 1734 752 1760 καὶτῶν
761 1733 882 1761 ἀνθυπά-

87 1788 133 1806 των
140 1780 263 1815 τιμήσας
274 1780 337 1815 ἀξίᾳ
346 1780 426 1807 διὰτὸ
435 1780 505 1815 πρὸς
516 1783 565 1815 τὴν
575 1780 715 1816 θυγατέρα
723 1781 819 1808 τούτου
837 1791 881 1816 φι·

86 1825 237 1861 λύστοργον,
253 1827 350 1853 ἔπειτα
362 1827 390 1853 δὲ
405 1827 454 1853 καὶ
477 1827 631 1862 μάγιστρον
647 1828 694 1853 καὶ
706 1827 835 1864 Καίσαρα
850 1829 881 1855 τὸ

86 1873 193 1908 ἔσχατον
208 1874 409 1909 ἀνηγόρευσεν,
417 1874 534 1910 στρατεύ
539 1875 613 1910 ματά
620 1883 649 1901 τε
655 1875 715 1906 δοὺς
725 1876 804 1903 ἱκανὰ
813 1875 880 1911 πρὸς

86 1919 130 1954 τὴν
138 1919 346 1956 Λπγοὸαρδίαν
355 1920 518 1955 ἐξέπεμψεν,
536 1921 630 1956 χρείας
648 1921 801 1957 τηνικαῦτα
815 1930 882 1948 κατ-

87 1966 251 2001 επειγούσης
275 1965 360 1997 τινός.
393 1966 449 1992 Καὶ
462 1966 476 1992 ὁ
500 1965 550 2001 μὲν
563 1966 646 2002 ἀπῄει
661 1966 752 1998 καλῶς
768 1967 803 1993 τὰ
818 1967 880 1994 κατ’

85 2010 161 2038 αὑτὸν
171 2012 274 2045 ἀνύων,
288 2012 336 2038 καὶ
349 2011 386 2043 ὡς
400 2012 488 2040 ἐδόκει
499 2012 538 2048 τῷ
554 2011 663 2047 βασιλεῖ
673 2005 746 2042 "xui
759 2013 804 2039 διὰ
816 2012 880 2039 τοῦ-

85 2066 112 2085 το
127 2059 235 2094 ἤκμαζε
265 2059 317 2094 μὲν
333 2060 348 2085 ὁ
365 2058 432 2094 πρὸς
448 2059 529 2086 αὑτὸν
553 2059 635 2091 πόθος
662 2059 710 2086 τοῦ
735 2058 879 2096 βασιλέως,

86 2105 240 2141 σδνήκμαζε
264 2105 295 2131 δὲ
313 2105 362 2131 καὶ
376 2106 390 2131 ὁ
402 2104 432 2137 ἐξ
445 2104 598 2139 ἀνθρώπων
617 2104 714 2142 φθόνος
736 2105 821 2141 αὐτῷ,
834 2105 880 2132 καί

84 2160 152 2183 τινες
179 2151 334 2187 ἐλοιδόρουν
352 2152 399 2178 καὶ
419 2151 570 2187 βλάσφημὰ
591 2160 653 2178 τινα
675 2151 796 2186 ἔφασκον
813 2151 876 2178 κατ’

85 2198 175 2231 αὑτοῦ,
187 2198 226 2230 ὡς
241 2199 291 2234 τῆς
302 2207 333 2224 τε
342 2198 480 2233 βασιλείας
498 2197 628 2232 ἐπιθυμεῖ
640 2197 689 2224 καὶ
705 2198 745 2224 δεῖ
766 2206 833 2225 ποτε
850 2198 880 2226 τὸ

83 2246 154 2281 ἂκρα
175 2246 223 2274 τοῦ
242 2246 311 2281 θῆτα
327 2244 555 2280 κατακυριεῦσαι.
575 2245 657 2272 Ὀθεν
672 2247 734 2272 ἐπεὶ
753 2245 803 2278 τὰς
816 2245 877 2273 κατ’

81 2293 164 2320 αὐτοῦ
171 2292 359 2328 συῤῥαφείσας
367 2291 494 2323 διαϐολὰς
508 2293 521 2318 ὁ
534 2293 643 2328 Καῖσαρ
651 2291 771 2326 Ἀλέξιος
780 2292 875 2328 διακή-

82 2349 154 2372 κοεν,
168 2340 214 2366 τδν
227 2340 326 2374 φθόνον
342 2338 438 2374 ὥσπερ
457 2339 712 2374 κατευλαὸούμενος
727 2339 812 2366 πολλὰ
827 2338 874 2365 τοῦ

82 2386 213 2422 βασιλέως
237 2386 328 2415 ἐδέετο
353 2387 487 2422 οἰκτεῖραι
504 2386 599 2413 τοῦτον
625 2387 673 2413 καὶ
695 2386 875 2422 συγχωρῆσαι

82 2434 150 2469 πρὸς
166 2433 211 2460 τὸν
226 2435 335 2469 μονήρη
351 2433 408 2468 βίον
420 2432 634 2468 μετατάξασθαι.
654 2432 735 2460 Ἀλλὰ
748 2434 809 2460 τότε
827 2434 876 2469 μὲν

83 2481 138 2507 οὒτ’
159 2482 261 2513 ἐκεῖνος
277 2480 480 2515 συνεχώρησεν,
497 2480 547 2515 τὴν
559 2480 673 2515 χηρείαν
683 2480 733 2515 τῆς
744 2480 880 2517 θυγατρὸς

84 2527 320 2563 προϐαλλόμενος,
348 2528 395 2554 καὶ
411 2527 425 2554 6
456 2527 551 2563 ῥηθεὶς
579 2528 687 2562 Καῖσαρ
711 2528 808 2563 ἔμενεν
836 2529 879 2564 ἐφ’

83 2574 199 2609 ἡσυχίας
211 2574 313 2609 πολλῆς
330 2575 386 2606 τοῖς
396 2574 536 2610 δημοσίοις
549 2574 779 2609 ένασχολούμενος
788 2576 863 2611 πράγ
870 2591 878 2597 -

84 2629 179 2655 μασιν.
201 2621 244 2654 Ὠς
260 2621 289 2648 δὲ
304 2621 351 2648 τὸν
370 2621 479 2657 Μιχαὴλ
495 2621 640 2657 ἐγέννησεν
653 2622 666 2648 ό
681 2621 822 2656 Θεόφιλος,
834 2624 881 2650 καὶ

83 2669 99 2702 ἠ
115 2667 213 2695 τούτου
229 2668 278 2704 μὲν
294 2668 420 2704 θυγάτηρ
430 2668 477 2695 τοῦ
492 2667 634 2704 Καίσαρος
659 2668 688 2696 δὲ
704 2670 812 2705 γαμετὴ
833 2670 880 2697 τὸν

83 2714 144 2748 βίον
163 2714 338 2749 μετήλλαξεν,
356 2713 459 2749 ταύτην
476 2713 525 2749 μὲν
535 2715 661 2742 τοσοῦτον
682 2715 831 2752 τετίμηκεν
843 2716 881 2749 ὡς

83 2762 132 2786 καὶ
149 2759 196 2786 τὸν
208 2759 272 2795 χοῦν
284 2761 372 2795 αὐτῆς
386 2761 416 2789 ὲν
429 2760 546 2795 λάρνακι
570 2760 657 2788 θεῖναι
685 2770 881 2799 περιηργυρω-

85 2803 159 2841 μένῃ
173 2807 218 2833 καὶ
245 2807 395 2841 προνόμιον
424 2806 516 2834 δοῦναι
541 2807 585 2834 διὰ
614 2807 817 2844 λελαξευμένων
851 2809 881 2836 ἐν

83 2852 159 2887 αἰτῇ
173 2851 277 2887 ἰάμϐων
286 2852 399 2884 ἀσυλίας
413 2854 469 2885 τοῖς
485 2854 534 2888 ἐφ’
544 2853 610 2886 οἵοις
623 2854 723 2890 δήποτε
739 2855 881 2892 ἐγκλήμα-

893 2277 915 2304 D

936 296 988 324 etis
1004 297 1180 325 audientibus
1198 298 1303 325 cantari
1320 297 1457 333 praecepit.
1484 298 1537 326 Sed
1555 304 1582 326 et
1596 299 1666 326 fama
1689 304 1732 327 est

936 342 1062 370 eumdem
1080 343 1170 378 ipsum
1189 343 1383 378 Theophilum,
1401 345 1440 372 sic
1463 344 1596 371 modulati
1628 349 1728 373 cantus

936 396 1030 416 amore
1048 389 1127 425 107
1141 390 1273 422 illectum,
1290 396 1322 417 ac
1335 390 1407 417 velut
1423 397 1454 417 se
1468 395 1597 425 parentes
1612 391 1646 418 ad
1659 390 1731 419 lilios

937 443 970 463 ac
984 442 1099 471 nepotes
1113 436 1223 468 habent,
1241 437 1314 464 haud
1330 444 1345 464 a
1361 436 1493 472 dignitate
1509 437 1654 473 ofﬁcioque
1664 438 1730 466 alie-

937 489 1002 509 num
1019 485 1131 517 putasse
1146 481 1261 509 solemni
1289 483 1456 518 quandoque
1486 482 1599 510 fesloiu
1632 483 1729 519 Magna

936 529 1054 557 ecclesia
1079 536 1161 556 manu
1186 533 1320 564 gestuque
1335 534 1410 557 certa
1426 529 1485 565 lege
1506 530 1641 558 movendo
1664 538 1731 558 can-

936 576 1044 604 toribus
1072 576 1181 611 praire,
1211 583 1270 603 eam
1285 576 1312 603 in
1340 584 1397 604 rem
1429 580 1539 604 centum
1562 576 1622 604 auri
1651 576 1730 604 libris

936 623 996 658 ejus
1016 624 1140 653 ecclesia:
1156 625 1232 652 clero
1251 625 1370 653 tributis.
1399 624 1539 652 Modulum
1568 633 1679 661 quoque
1701 626 1728 653 in

935 669 980 698 die
995 669 1065 698 festo
1095 671 1261 706 palmarum,
1278 670 1366 702 Exite.
1380 675 1478 705 gentes,
1495 671 1565 699 exite
1580 676 1605 699 et
1626 671 1728 706 populi,

935 717 996 753 ejus
1016 717 1117 752 ingenii
1135 717 1218 745 fetum
1244 725 1304 745 esse
1319 718 1423 746 dicunt.

972 764 1016 791 l7.
1034 763 1104 797 Quia
1118 771 1185 791 vero
1198 772 1213 791 a
1231 769 1330 791 natura
1345 772 1448 800 paucos
1464 772 1599 800 rarosque
1613 765 1729 800 capillos

937 809 1056 836 habcbat
1069 817 1103 836 ac
1117 810 1281 837 recalvaster
1294 815 1361 842 erat,
1384 810 1442 845 lege
1463 811 1555 838 sanxit
1580 810 1614 837 ad
1637 816 1728 838 cutem
1783 810 1790 818 ‘

937 857 1040 893 ubique
1056 857 1255 890 detondendos,
1273 865 1324 885 nec
1341 857 1389 885 ulli
1407 858 1595 886 Romanorum
1612 858 1654 886 fas
1667 866 1729 888 esse

937 903 1009 931 ultra
1040 903 1140 931 collum
1162 903 1297 931 demissos
1318 910 1436 940 gestare.
1460 904 1507 932 Sin
1523 910 1613 932 autem
1629 904 1729 940 aliquis

937 950 1005 987 legis
1020 955 1208 986 transgressor
1222 951 1410 986 deprehensus
1428 955 1512 983 esset,
1527 952 1620 980 multis
1634 960 1729 980 emen-

937 997 1031 1025 datum
1050 997 1220 1029 verberibus,
1239 997 1272 1025 ad
1293 998 1436 1032 pristinam
1459 998 1648 1026 Romanorum
1670 999 1727 1025 vir-

937 1049 1022 1071 tutem
1051 1043 1235 1072 revocandum
1265 1052 1336 1072 esse.
1371 1043 1438 1072 Nam
1468 1045 1518 1072 hac
1546 1051 1656 1080 quoque
1689 1044 1729 1071 illi

936 1091 1155 1119 honestabautur
1180 1091 1304 1119 caesarie.
1332 1090 1403 1127 Lege
1430 1091 1523 1128 itaque
1551 1095 1672 1127 cautum
1693 1098 1728 1118 ne

935 1137 998 1174 quis
1013 1137 1127 1165 omnino
1137 1138 1209 1165 ultra
1219 1137 1321 1166 collum
1335 1137 1450 1173 capillos
1459 1137 1602 1166 demittere
1616 1137 1726 1166 audeat.

972 1228 1017 1256 18.
1033 1228 1102 1262 Quia
1118 1235 1183 1256 vero
1196 1235 1261 1255 suas
1279 1235 1389 1262 quoque
1404 1227 1480 1254 illum
1495 1234 1539 1254 res
1550 1225 1728 1261 amniumque

935 1276 1081 1311 disponere
1097 1282 1185 1310 exque
1199 1274 1313 1301 arbitrio
1327 1281 1492 1308 componere
1506 1273 1629 1306 decebat,
1653 1273 1728 1308 quod

935 1323 1057 1358 quinque
1074 1327 1139 1349 tunc
1156 1321 1226 1349 ﬁlias
1246 1328 1297 1348 nec
1313 1320 1395 1347 ullam
1419 1320 1552 1347 hactenus
1577 1319 1727 1346 masc-.ulam

935 1369 1039 1404 prolem
1055 1371 1223 1403 susceperat.
1249 1375 1282 1394 ex
1301 1367 1356 1394 illis
1375 1371 1440 1394 natu
1463 1366 1603 1394 minimam
1619 1366 1729 1401 sibique

935 1423 991 1451 prae
1007 1414 1120 1449 reliquis
1133 1413 1233 1442 eximie
1241 1412 1487 1445 charam,Mariam
1502 1412 1623 1445 nomine,
1632 1412 1729 1440 statuit

935 1462 992 1489 viro
1008 1466 1122 1496 nuptum
1139 1460 1258 1488 tradere.
1287 1460 1413 1487 Delectus
1428 1459 1544 1487 maritus
1558 1467 1591 1486 ex
1604 1458 1729 1487 Crenila-

933 1517 994 1536 rum
1010 1512 1100 1543 gente,
1115 1508 1264 1534 Armenius
1284 1507 1384 1542 patria,
1411 1505 1524 1533 Alexius
1543 1509 1729 1541 cognomento

934 1555 1063 1587 Moscles,
1078 1555 1167 1581 ferina
1182 1554 1295 1588 elegans
1314 1561 1347 1580 ac
1360 1552 1469 1580 ﬂorenti
1493 1556 1582 1586 aetate,
1607 1551 1640 1579 ad
1655 1551 1728 1579 arcis

934 1607 1037 1638 partem
1053 1602 1080 1629 in
1098 1601 1261 1629 Crenetissae
1277 1601 1360 1636 108
1374 1600 1455 1628 dictis
1469 1599 1574 1627 aedibus
1587 1598 1727 1626 habitans.

934 1649 1005 1676 Huic
1026 1648 1135 1684 patricii
1155 1648 1276 1683 primum
1292 1655 1325 1674 ac
1339 1646 1526 1681 proconsulis,
1545 1652 1602 1680 quo
1623 1648 1684 1673 erat
1699 1645 1728 1672 in

933 1695 1018 1723 ﬁliam
1035 1701 1140 1726 amore,
1158 1692 1255 1721 collata
1272 1700 1288 1720 ει
1300 1692 1454 1728 Theophilo
1467 1691 1586 1728 dignitas
1597 1696 1650 1725 est;
1669 1697 1727 1718 tum

932 1749 999 1769 vero
1013 1742 1097 1769 etiam
1110 1741 1252 1776 magister,
1269 1748 1302 1768 ac
1319 1740 1430 1768 demum
1445 1739 1536 1767 Caesar
1551 1739 1586 1766 ab
1602 1746 1635 1766 eo
1655 1746 1730 1766 crea-

933 1793 988 1822 tus,
1002 1789 1114 1823 copioso
1131 1787 1284 1816 instructus
1302 1786 1425 1814 exercitu
1449 1786 1475 1813 in
1495 1785 1728 1821 Longobardiam,

933 1835 1016 1862 rebus
1037 1834 1075 1862 ita
1096 1834 1287 1869 poscentibus.
1309 1833 1439 1861 mittitur.
1470 1832 1508 1860 Eo
1523 1832 1637 1860 Alexius
1662 1839 1727 1866 pro-

932 1878 1021 1907 fectus
1037 1885 1099 1906 eum
1113 1882 1196 1911 esset,
1219 1877 1351 1912 praeclare
1365 1877 1390 1905 ei
1416 1885 1461 1905 res
1479 1880 1625 1905 cesserunt
1638 1883 1730 1911 exque

932 1926 1023 1953 soceri
1041 1930 1114 1952 voto.
1138 1924 1198 1958 Quo
1217 1924 1319 1952 factum
1334 1929 1375 1951 est
1401 1929 1431 1951 ut
1456 1928 1599 1952 crescente
1621 1923 1649 1950 in
1664 1929 1729 1949 eum

933 1971 1106 2007 imperatoris
1121 1978 1216 1998 amore
1230 1978 1262 1997 ac
1277 1970 1415 1998 desiderio
1434 1977 1487 1996 una
1506 1977 1618 2004 quoque
1640 1969 1730 1996 homi-

934 2026 999 2046 num
1021 2017 1047 2044 in
1061 2024 1124 2045 eum
1140 2015 1242 2043 invidia
1255 2015 1343 2049 magis
1359 2019 1530 2050 augesceret.
1544 2013 1604 2041 Non
1616 2014 1729 2041 deerant

932 2065 979 2101 qui
1007 2063 1220 2092 criminarentur
1242 2067 1269 2091 et
1297 2061 1443 2090 maledicta
1468 2061 1594 2096 quredam
1615 2060 1643 2088 in
1663 2067 1728 2088 eum

930 2113 1076 2150 iactarent,
1100 2111 1180 2147 quasi
1194 2110 1355 2138 dominandi
1372 2109 1472 2145 cupido
1490 2109 1581 2144 ipsum
1597 2108 1729 2137 incessis-

932 2164 984 2193 set,
1002 2166 1034 2186 ac
1051 2157 1110 2185 fore
1124 2161 1154 2185 ut
1173 2157 1195 2184 A
1210 2157 1237 2184 in
1251 2157 1272 2183 Θ
1286 2156 1454 2192 quandoque
1475 2155 1621 2190 imperium
1645 2162 1729 2182 usur-

931 2210 1019 2242 paret.
1041 2205 1229 2239 Quamobrem
1254 2204 1300 2231 ubi
1324 2204 1382 2231 haec
1404 2203 1432 2230 in
1450 2211 1480 2231 se
1494 2211 1541 2238 per
1560 2202 1727 2230 calumniam

934 2252 1046 2280 rescivit
1060 2252 1174 2280 Alexius
1185 2251 1287 2284 Caesar,
1305 2251 1380 2278 velut
1397 2250 1497 2278 timens
1512 2257 1669 2284 carensque
1684 2250 1728 2277 in-

929 2299 1043 2331 vidiam,
1068 2298 1164 2326 multis
1180 2298 1254 2332 apud
1269 2298 1463 2331 imperatorem
1487 2296 1616 2332 precibus
1631 2295 1729 2332 agebat

929 2351 959 2374 ut
969 2353 1027 2374 sua:
1041 2346 1172 2374 misertus
1183 2345 1266 2373 sortis
1277 2344 1311 2372 ad
1325 2344 1476 2372 monastic:
1488 2352 1551 2372 eum
1564 2348 1626 2371 vota
1638 2349 1729 2371 trans-

930 2393 970 2421 ire
1001 2397 1149 2428 pateretur.
1162 2390 1267 2419 Verum
1286 2396 1352 2419 tunc
1366 2391 1478 2426 quidem
1491 2398 1542 2418 nec
1559 2389 1729 2424 Theophilus

931 2439 1038 2472 annuit,
1054 2439 1135 2466 ﬁliam
1159 2438 1259 2465 marito
1278 2438 1389 2466 viduam
1405 2445 1488 2473 grave
1508 2445 1569 2465 esse
1580 2437 1726 2472 objiciens,

932 2494 974 2517 ac,
990 2493 1072 2521 quem
1088 2485 1222 2518 diximus,
1236 2484 1330 2512 Caesar
1341 2484 1427 2511 multa
1443 2492 1504 2511 cum
1523 2483 1616 2518 quiete
1633 2491 1666 2511 ac
1682 2491 1727 2510 sc~

931 2539 1016 2558 curus
1027 2530 1144 2565 publicis
1157 2530 1241 2558 rebus
1256 2538 1368 2565 operam
1386 2530 1479 2557 dabat.
1504 2529 1556 2557 Ubi
1576 2534 1667 2557 autem
1683 2529 1729 2557 ille

932 2576 1091 2605 Michaelcm
1103 2576 1187 2603 lilium
1201 2580 1373 2611 susceperat,
1395 2575 1538 2610 ipsiusque
1553 2575 1605 2602 lilia
1622 2583 1654 2603 ac
1669 2575 1729 2603 Ca2-

935 2624 1006 2652 saris
1025 2631 1096 2650 uxor
1108 2623 1180 2650 diem
1195 2623 1315 2656 obierat,
1335 2622 1408 2657 illam
1424 2622 1535 2657 quidem
1550 2630 1639 2658 usque
1659 2623 1729 2650 adeo

934 2670 1028 2702 coluit,
1047 2674 1077 2697 ut
1091 2675 1117 2697 et
1131 2669 1190 2705 ejus
1206 2670 1313 2697 cineres
1331 2669 1361 2697 in
1379 2676 1445 2696 arca
1460 2669 1598 2705 argenteis
1619 2669 1729 2698 laminis

934 2717 1052 2745 obducta
1075 2717 1240 2749 condiderit,
1263 2717 1465 2752 insculptisque
1481 2717 1506 2744 iu
1521 2724 1552 2744 ea
1567 2716 1665 2744 iambis
1678 2724 1729 2744 cn-

933 2764 1090 2800 juscunque
1111 2763 1205 2800 ﬂagitii
1231 2763 1285 2792 reis
1299 2771 1333 2792 eo
1359 2763 1584 2799 confugientibus
1597 2763 1665 2799 asyli
1681 2763 1729 2798 jns

935 2810 1127 2838 constituerit:
1156 2810 1280 2838 Alexium
1305 2817 1381 2844 vero,
1405 2810 1452 2845 qui
1479 2809 1550 2837 clam
1576 2814 1730 2839 mutaverat

935 2858 1060 2885 ordinem
1080 2865 1112 2886 ac
1129 2856 1312 2886 nmnasticum
1328 2857 1450 2885 habitum
1472 2861 1643 2892 susceperat,
1663 2865 1726 2886 cum

732 2903 847 2931 ΥΑΙΗΑΞ
867 2905 1069 2934 LECTIONES.

125 2945 148 2960 “
161 2945 264 2981 ἐκείνης
280 2946 309 2974 Ρ.
350 2948 371 2963 ὀ
381 2947 553 2983 αὲκιζόμενσς
569 2948 600 2979 l‘.
