2011 3156
259 176 309 208 123

256 232 331 259 mtlla
346 230 372 257 vi
387 235 434 257 aut
449 229 577 258 suasione
590 228 625 256 ab
648 228 774 256 instituto
787 234 879 263 posset
895 228 1041 260 deducere,
1056 228 1081 256 Δ

256 285 328 314 aegre
340 277 400 312 ejus
418 275 593 304 consectandi
609 275 717 302 veniam
738 275 813 306 iecit.
833 274 926 302 multis
945 281 1045 309 expro-

256 317 340 352 brans
357 323 437 359 109
451 322 526 358 quod
547 330 640 350 secum
661 326 688 349 et
709 321 736 348 in
753 322 816 353 aula
832 321 935 349 versari
950 321 1045 352 nollet,

257 371 304 398 sed
316 370 452 397 obscurus
468 373 495 396 et
513 369 540 395 in
556 367 656 403 angulo
670 367 763 395 mallet
780 367 862 394 vitam
879 374 972 402 agere.
1002 366 1047 394 ld—

257 418 330 445 circo
359 416 463 452 regium
490 415 688 443 monasterium
704 413 738 441 ad
756 414 948 449 Chrysopolim
962 414 985 443 ei
1003 414 1047 441 tri-

257 463 316 490 buit
333 471 341 495 ;
360 462 394 490 ad
425 462 483 489 haec
515 462 596 489 etiam
625 460 753 493 Coriarii,
782 464 810 487 et
830 461 901 495 quod
925 464 984 487 erat
1012 460 1047 487 ad

259 508 371 536 Elaeam.
399 506 435 535 At
452 514 518 535 vero
534 514 596 534 cum
615 507 642 534 in
669 506 898 542 Chrysopolilano
924 513 1047 533 commo-

258 557 377 585 raretur,
402 559 434 579 ac
452 552 620 588 quandoque
644 551 795 579 commoda:
816 551 1048 579 deambulationis

259 606 342 627 causa
358 599 391 626 ad
412 598 503 627 locum
525 597 664 625 Anthemii
679 597 794 630 dictum,
808 597 843 625 ad
859 597 1048 625 Armamenta-

259 645 331 672 rium
365 648 432 672 tunc
457 643 666 678 imperatorium
693 646 883 678 spectantem,
915 644 1047 675 venisset,

259 698 354 719 secum
370 694 502 725 reputans
517 689 624 725 singula
643 696 758 724 quaque
772 689 936 717 monasteria
952 689 1048 716 condi-

261 743 352 766 torum
368 737 479 765 nomina
491 736 572 763 viridi
589 743 697 770 semper
715 743 746 764 ac
758 735 904 763 immortali
917 736 1048 764 memoria

260 790 390 816 servare,
421 782 567 817 impetrato
604 781 778 816 imperatoris
806 781 936 808 mandato
971 781 1049 808 illutn

261 836 387 856 coemere
413 827 531 861 statuit,
560 827 658 862 suique
685 827 756 862 juris
784 827 887 854 factum
910 831 1050 855 exstructo

261 874 430 902 monasterio
449 881 594 906 exornare;
610 873 682 908 quod
697 878 724 900 et
739 871 890 900 Theodorus
906 872 1047 908 Augustae,

263 920 339 948 illius
367 928 465 948 socrus
490 927 552 955 ope,
584 926 745 947 concessum
771 923 823 947 est.
855 918 929 947 Loco
958 908 1088 955 itaque”

262 967 377 1003 pulchre
394 966 517 994 aediliciis
542 971 639 993 ornato
655 966 738 1000 inque
754 966 913 994 monasterii
931 966 1047 993 formam

263 1020 401 1048 usumque
423 1013 600 1047 composito,
630 1011 686 1039 illic
716 1011 775 1046 ipse
804 1011 896 1039 vivere
922 1012 1049 1040 desinens

263 1059 394 1086 humatus
405 1062 456 1092 est;
470 1057 585 1093 ejusque
597 1057 670 1092 quod
683 1057 785 1085 dictum
797 1064 811 1084 a
824 1057 904 1084 nobis
914 1062 956 1084 est
969 1057 1049 1085 ﬁdem

263 1104 330 1132 facit
355 1111 418 1132 eum
443 1103 517 1130 illius
546 1103 716 1139 sepulcrum,
747 1107 805 1131 tum
837 1111 897 1138 quae
926 1103 991 1131 olim
1015 1112 1048 1131 ex

263 1149 325 1184 ejus
353 1148 466 1176 nomine
491 1147 547 1175 illic
565 1149 655 1183 posita
670 1148 759 1183 imago
781 1152 833 1176 est.
858 1148 930 1181 Quin
947 1153 974 1176 et
991 1149 1050 1184 ejus

264 1200 411 1229 germanus
440 1191 616 1220 Theodosius
641 1199 727 1227 prope
758 1193 886 1220 conditus
910 1197 971 1226 est,
1001 1194 1050 1229 qui

263 1237 406 1272 patriciam
437 1236 597 1271 dignitatem
628 1240 793 1264 consecutus
828 1237 914 1264 multa
941 1237 1051 1272 optimae

264 1283 326 1310 vitae
342 1291 399 1311 suae
415 1282 578 1310 documenta
597 1282 624 1309 in
641 1289 673 1309 eo
687 1282 854 1310 monasterio
874 1283 1031 1319 reliquerat.

301 1330 345 1358 £9.
380 1328 466 1356 Porro
496 1329 630 1364 Agarenis
657 1329 859 1364 ingruentibus,
886 1329 1051 1365 illm-umque

263 1376 334 1403 duce
353 1375 472 1404 lbraimo
488 1383 550 1402 cum
567 1374 661 1402 multis
680 1375 849 1410 myriadibus
863 1375 890 1403 in
911 1376 1051 1405 Romanos

264 1421 465 1457 expeditionem
487 1425 624 1453 movente,
648 1419 815 1454 Theophilus
832 1429 943 1457 quoque
959 1424 1051 1460 magni

265 1468 349 1496 animi
370 1468 504 1502 fortisque
526 1466 633 1494 laudem
663 1466 796 1498 ambiens,
823 1475 873 1494 nec
901 1469 1051 1503 quidquam

265 1513 392 1541 timidum
411 1516 459 1539 aut
478 1511 562 1539 molle
584 1511 677 1538 animo
703 1519 825 1543 versans,
849 1513 1050 1547 expeditionem

264 1564 292 1587 et
310 1559 369 1594 ipse
383 1558 509 1593 suscipit.
527 1557 596 1584 Nam
618 1557 668 1584 etsi
693 1557 798 1584 timoris
820 1557 922 1593 aliquid
952 1559 1050 1594 inerat,
1065 1579 1087 1607 ο

266 1612 379 1633 suorum
400 1609 491 1632 tamen
518 1603 557 1630 rei
583 1603 710 1630 militaris
735 1604 830 1638 peritia
858 1609 886 1632 et
909 1606 1007 1639 virtus,
1025 1608 1053 1635 id

266 1656 400 1686 quantum
417 1655 488 1684 erat,
513 1650 593 1677 facile
615 1651 758 1677 avertebat
779 1658 811 1678 ac
826 1652 920 1687 procul
936 1653 1056 1688 depelle-

267 1697 324 1724 bat.
359 1696 489 1724 Virorum
522 1696 600 1723 alteri
633 1695 839 1731 Theophobus,
868 1697 948 1733 110
978 1699 1055 1728 alteri

266 1743 375 1770 Manucl
407 1750 505 1770 nomen
538 1747 609 1771 erat.
644 1742 729 1771 Porro
758 1743 866 1775 Manuel
897 1746 1057 1775 fortitudine

266 1788 424 1824 spectabilis
441 1789 507 1824 ipsis
529 1797 638 1824 quoque
661 1789 788 1818 hostibus
812 1790 949 1820 universis
975 1797 1057 1821 notus

268 1839 337 1863 erat.
366 1835 407 1862 Ex
422 1836 561 1863 Armeniis
580 1843 700 1871 namque
714 1841 803 1869 ortus,
829 1836 920 1865 Leone
936 1837 1056 1873 impera-

268 1886 328 1909 tore
347 1881 527 1909 Orientalinm
553 1882 641 1917 copiis
663 1882 820 1918 praeluerat,
845 1884 1057 1920 decessorisque

268 1927 329 1963 ejus
352 1927 492 1956 Michaelis
520 1929 685 1964 equisonum
715 1930 855 1965 princeps,
884 1938 966 1966 quem
993 1940 1057 1967 pro-

268 1979 444 2004 tostratorcm
458 1980 568 2009 vocant,
582 1974 733 2004 exstiterat.
746 1975 784 2004 De
797 1976 963 2013 Theophobo
975 1980 1055 2007 etiam

267 2021 426 2054 dicendum,
447 2021 519 2049 unde
541 2024 569 2049 et
595 2022 734 2058 quomodo
756 2030 790 2050 ex
807 2022 951 2051 Persarum
973 2025 1057 2060 stirpe

268 2075 350 2097 natus
366 2069 393 2097 in
411 2069 586 2105 imperatoris
601 2070 727 2098 notitiam
747 2071 852 2098 venerit
871 2071 987 2107 ejusque
1004 2072 1056 2100 sibi

269 2124 393 2144 sororem
410 2116 587 2157 matrimonio
600 2116 733 2151 iunxerit.
761 2116 878 2149 Quidam
897 2118 1055 2153 regia'Per-

268 2170 362 2189 sarum
386 2165 462 2189 satus
482 2161 608 2197 prosapia
624 2161 772 2197 aliquando
789 2161 895 2197 Cpolim
913 2163 1056 2200 fungendae

269 2208 413 2244 legationis
434 2216 516 2236 causa
535 2213 658 2236 venerat.
682 2208 707 2236 ls
731 2216 784 2236 non
805 2217 838 2236 ex
854 2210 975 2244 legitimo
990 2218 1056 2239 con-

267 2243 354 2290 jugio,
372 2254 419 2282 sed
436 2254 546 2282 occulto
560 2255 707 2283 concubitu
729 2260 858 2289 suscepto
875 2243 1053 2292 ’l‘heophobo,
1068 2243 1094 2274 D

269 2301 339 2328 urbe
359 2300 498 2328 discessit.
522 2300 658 2334 Quoniam
684 2305 775 2329 autem
791 2301 862 2337 apud
885 2302 984 2331 Persas
1011 2304 1054 2332 in-

268 2346 391 2374 violabili
411 2346 473 2381 jure
496 2346 538 2374 lex
564 2347 679 2380 obtinet,
701 2355 801 2375 cavens
818 2348 924 2376 scilicet
941 2357 976 2377 ιι.
993 2349 1055 2385 quis

270 2393 350 2421 aliter
366 2394 443 2429 regni
463 2401 577 2428 compos
604 2393 747 2427 eﬂiciatur,
769 2402 851 2430 quam
880 2395 903 2423 si
926 2403 958 2423 ex
981 2396 1055 2432 regia

269 2443 348 2467 ortus
371 2439 455 2475 stirpe
482 2439 528 2472 sit,
553 2439 688 2475 regiaeque
709 2440 820 2468 familia:
840 2441 891 2468 viri
919 2442 1057 2471 continuis

269 2487 349 2515 hellis
364 2494 397 2515 ac
411 2487 543 2522 Agarenis
561 2486 615 2514 huc
629 2487 695 2514 illuc
713 2488 793 2515 sedes
808 2493 914 2516 mutare
933 2491 1054 2524 cogenti-

270 2533 322 2561 bus
339 2541 372 2561 ac
383 2533 549 2568 pellentibus
561 2533 730 2567 defecerant,
743 2541 861 2570 eumque
872 2535 975 2570 alioqui
986 2536 1055 2572 apud

269 2585 320 2604 eos
339 2578 385 2612 qui
405 2578 527 2606 Persidis
542 2578 682 2614 regionem
696 2578 834 2612 colebant,
853 2580 957 2607 multus
976 2580 1010 2607 de
1024 2588 1057 2608 eo

271 2631 365 2650 rumor
379 2623 590 2658 percrebuisset,
603 2632 665 2653 esse
674 2625 819 2660 quemdam
832 2625 953 2662 Byzantii
965 2625 1057 2654 Theo-

271 2670 392 2705 phobum
426 2671 536 2698 nomine
572 2672 665 2706 (quem
701 2673 789 2708 ipsum
825 2680 964 2700 rumorem
997 2674 1058 2709 ejus

273 2721 338 2744 tunc
357 2721 432 2752 pater
454 2717 614 2752 sparserat),
638 2718 726 2746 visum
742 2722 785 2746 est
805 2718 950 2747 Persarum
966 2723 1057 2747 satra-

271 2763 315 2797 pis
331 2771 364 2790 2c
383 2764 543 2798 proceribus
571 2765 676 2793 occulte
700 2765 834 2801 quosdam
864 2766 982 2798 mittere,
1011 2767 1057 2802 qui

273 2815 331 2835 rem
346 2808 490 2844 diligenter
507 2810 688 2846 inquirerent.
707 2811 738 2838 lii
751 2811 845 2846 itaque
857 2811 889 2838 ad
904 2811 1057 2840 Romanum

802 173 1057 204 THEOPHANES
1076 174 1355 207 CONTINUATUS.

1839 172 1891 206 124

1095 237 1136 256 σιν
1150 229 1305 266 ἀνθρώποις
1331 229 1442 257 ἁλοῦσιν
1455 230 1502 257 καὶ
1518 229 1722 265 προσφυγοῦσιν
1744 230 1804 258 ἐκεῖ
1819 239 1827 247 ’
1842 231 1891 258 τὸν

1102 277 1219 310 ’Ᾱλὲξιον
1229 277 1257 304 δὲ
1275 277 1362 313 λάθρα
1381 278 1600 319 μετα-ταξάμενον
1616 277 1659 314 [Ρ.
1673 275 1719 313 63]
1733 277 1781 305 καὶ
1797 278 1827 305 τὸ
1843 287 1893 313 μου

1096 325 1206 359 ναχικὺν
1222 325 1485 359 μεταμφιασάμενον
1502 323 1621 359 ἔσθημα,
1636 323 1696 350 ἐπεὶ
1721 323 1759 359 μὴ
1775 323 1893 358 ἠδύνατο

1097 371 1188 397 πεῖσαι
1202 371 1249 396 τοῦ
1266 370 1347 397 πάλιν
1362 369 1428 396 αὐτὸ
1438 369 1594 400 ἁποῦαλείν.
1608 369 1684 404 μόλις
1700 369 1890 404 συγχωρῆσαιι

1096 416 1205 448 πολλοῖς
1219 416 1332 443 ὀνείδεσι
1349 415 1503 450 περιϐαλὼν
1514 414 1554 448 οἷς
1566 416 1595 441 οὐ
1609 415 1670 450 μετ’
1683 414 1767 442 αὑτοῦ
1781 415 1892 450 ἔκρινεν

1097 459 1181 494 εἷναι,
1196 462 1253 488 ἀλλ’
1270 463 1299 488 ὲν
1313 461 1481 498 παραϐύστῳ
1497 470 1548 488 που
1560 462 1607 488 καὶ
1622 461 1718 496 γωνίᾳ.
1737 461 1822 487 ’Όθεν
1835 460 1893 487 ἐδί-

1097 509 1142 536 δου
1159 508 1245 544 τούτῳ
1256 509 1361 544 δωρεὰν
1382 509 1413 535 τό
1436 517 1465 535 τε
1482 508 1552 535 κατὰ
1563 507 1737 542 Χρυσόπολιν
1747 506 1891 542 βασιλικὸν

1099 556 1292 591 μοναστήριον,
1308 555 1420 591 προσέτι
1434 554 1487 590 μὴν
1496 555 1544 581 καὶ
1554 554 1584 581 τὸ
1595 553 1642 581 τοῦ
1656 553 1783 589 Βυρσέως
1800 553 1850 580 καὶ
1860 553 1894 579 τὸ

1097 600 1145 627 τοῦ
1168 600 1239 628 κατὰ
1254 600 1300 627 τὸν
1323 600 1442 627 Ἐλαίαν.
1465 600 1535 626 Ἀλλ’
1550 600 1655 630 ικεῖνος
1679 598 1718 634 τῷ
1742 597 1814 625 κατὰ
1838 597 1891 633 τὴν

1099 647 1269 683 Χρυσόπολιν
1287 647 1344 674 δντι
1359 645 1576 682 ἐνδιαιτώμενος,
1589 645 1651 672 ὲπεί
1661 654 1724 673 ποτε
1737 644 1893 680 περιπάτου

1098 693 1196 730 ἐδεήθη
1207 694 1254 720 καὶ
1271 693 1342 721 κατὰ
1356 693 1401 720 τὸν
1420 692 1561 728 Ἀνθεμίου
1571 693 1652 719 τόπον
1663 691 1780 725 ἐγένετο,
1812 690 1894 726 βασι-

1098 739 1183 767 λικῶν
1193 739 1344 774 τηνικαῦτα
1357 739 1524 774 τυγχάνοντα
1549 738 1603 765 τῶν
1622 738 1782 772 μαγγάνων,
1798 736 1894 770 ιλεγεν

1099 785 1128 812 δὲ
1141 786 1179 817 ὡς
1196 785 1313 812 ἕκαστον
1323 785 1377 811 τῶν
1395 784 1528 818 σεμνείων
1543 784 1598 811 τῶν
1611 783 1828 817 οὶκοδομούντων
1842 782 1894 816 φέ-

1102 840 1143 867 ρει
1156 831 1206 867 τὴν
1220 831 1315 866 κλῆσιν
1326 830 1470 862 ἀθάνατον,
1486 830 1573 857 εἵλετο
1586 829 1679 856 τοῦτον
1692 828 1736 856 διὰ
1748 828 1894 864 βασιλικῆς

1102 877 1275 913 προστάξεως
1290 875 1476 911 ἐξωνήσασθαι
1488 877 1534 904 καὶ
1545 876 1610 903 ἴδιον
1625 875 1841 903 κατασκευάσαι.
1860 874 1896 900 Ὂ

1100 923 1149 950 καὶ
1164 922 1209 949 διὰ
1223 922 1272 957 τῆς
1285 921 1419 957 βασιλίδος
1431 921 1574 956 Θεοδώρας
1598 921 1719 955 ἐγένετο,
1739 919 1790 954 τῆς
1809 918 1896 946 αὑτοῦ

1099 968 1244 1004 πενθερᾶς.
1262 967 1344 994 Ὅθεν
1359 967 1449 998 καλῶς
1464 967 1682 1001 ἐποικοδομήσας
1697 965 1745 992 καὶ
1759 965 1800 996 είς
1812 972 1897 999 μοναμ-

1098 1014 1178 1051 χιχὴν
1191 1014 1267 1048 τάξιν
1275 1013 1387 1049 ἀγαγὼν
1397 1015 1485 1040 ἐκεῖσε
1493 1013 1538 1040 τὸν
1549 1013 1605 1048 βίον
1616 1012 1791 1048 ἐκλιμπάνων
1801 1011 1896 1047 ἐτέθη,
1908 1041 1910 1043 ,

1099 1060 1144 1087 τὸν
1166 1060 1253 1096 τάφον
1281 1061 1329 1086 καὶ
1351 1059 1401 1095 τὴν
1424 1059 1508 1086 αὐτοῦ
1522 1059 1626 1086 ἄνωθεν
1647 1058 1896 1094 ἐπιγεγραμμένην

1099 1106 1195 1134 εἰκόνα
1210 1106 1338 1142 μάρτυρα
1354 1105 1424 1140 ἔχων
1439 1106 1492 1132 τῶν
1511 1104 1676 1140 λεγομένων.
1705 1105 1741 1131 Οὐ
1755 1103 1809 1140 μὴν
1825 1103 1898 1130 ἀλλὰ

1100 1154 1148 1180 καὶ
1170 1153 1185 1179 ό
1214 1151 1311 1179 τούτου
1340 1152 1455 1186 ἁδελφὸς
1481 1151 1620 1183 Θεοδόσιος
1640 1151 1754 1186 πλησίον
1776 1150 1898 1177 τέθειται

1100 1199 1194 1231 αὐτοῦ,
1206 1198 1358 1234 πατρικίων
1374 1199 1441 1233 τιμῇ
1469 1197 1675 1232 ἐγκαταλεγεὶς,
1692 1196 1777 1223 πολλὰ
1793 1195 1901 1231 γνωρί-

1101 1254 1193 1281 σματα
1206 1247 1256 1281 τῆς
1269 1244 1353 1271 αὑτοῦ
1367 1243 1483 1279 ἀρίστης
1496 1243 1617 1279 βιώσεως
1630 1244 1660 1270 ὲν
1671 1243 1710 1279 τῷ
1722 1243 1900 1280 μοναστηρίῳ

1101 1291 1271 1320 καταλιπών.

1137 1337 1180 1366 ιθ’.
1199 1338 1381 1373 Ἑγκειμένων
1396 1338 1424 1365 δὲ
1439 1337 1493 1364 τῶν
1515 1337 1674 1372 Ἀγαρηνῶν
1689 1336 1736 1363 καὶ
1751 1335 1819 1371 μετὰ
1829 1335 1900 1362 πολ-

1100 1384 1155 1412 λῶν
1171 1384 1310 1420 μυριάδων
1323 1384 1371 1412 τοῦ
1392 1384 1509 1419 Ἰσραὴμ
1521 1384 1593 1410 κατᾶ
1612 1383 1757 1419 Ῥωμαίων
1776 1383 1900 1417 ἐκστρα-

1101 1432 1236 1464 τεύοντος,
1260 1431 1308 1458 καὶ
1321 1433 1335 1458 ὁ
1350 1431 1478 1466 Θεόφιλος
1497 1431 1579 1466 ἔρωτι
1598 1430 1755 1465 φιλοτιμίας
1770 1429 1819 1456 καὶ
1830 1438 1899 1463 γεν-

1101 1479 1242 1513 ναιότητος
1256 1477 1303 1504 ἐπὶ
1316 1478 1435 1513 πόλεμον
1458 1477 1568 1511 ἔξεισιν,
1589 1476 1719 1512 ἄνανδρον
1744 1476 1821 1504 οὐδὲν
1838 1475 1901 1502 οὐδὲ

1105 1522 1226 1557 μαλακὸν
1239 1522 1338 1549 ἐννοῶν
1361 1530 1368 1538 ·
1386 1523 1410 1549 εί
1425 1522 1514 1556 γάρτι
1538 1523 1585 1549 καὶ
1608 1521 1669 1553 δέος
1683 1521 1802 1556 προσῆν,
1833 1519 1895 1548 ἀλλ’

1105 1569 1122 1604 ἡ
1134 1568 1188 1595 τῶν
1199 1569 1247 1595 σὺν
1262 1568 1336 1603 αὐτῷ
1350 1568 1455 1604 ἀνδρῶν
1469 1567 1541 1595 κατὰ
1557 1568 1693 1603 πολέμοῡς
1709 1567 1794 1602 πεῖρα
1805 1575 1837 1593 τε
1851 1561 1902 1594 καὶ

1106 1616 1263 1651 γενναιότης
1274 1615 1412 1651 ἀπέτρεπε
1424 1615 1503 1642 τοῦτο
1518 1615 1565 1642 καὶ
1573 1615 1668 1651 πόρῤω
1682 1622 1729 1641 ποι
1741 1614 1889 1650 ἑναπέπεμ
1897 1629 1903 1634 -

1107 1670 1151 1688 πε.
1180 1661 1314 1696 Θεόφοδος
1340 1660 1365 1688 οἱ
1395 1660 1490 1697 ἄνδρες
1513 1661 1561 1687 καὶ
1583 1660 1712 1696 Μανουὴλ
1740 1660 1902 1688 ἐκαλοῦντο.

1113 1706 1183 1733 Ἀλλ’
1196 1707 1209 1733 ὁ
1218 1706 1348 1743 Μανουὴλ
1363 1707 1384 1722 ¹¹
1400 1706 1486 1739 δεινὸς
1499 1707 1543 1733 ἐπ’
1560 1706 1683 1741 ἀνδρείᾳ,
1697 1706 1807 1737 καὶτοῖς
1819 1706 1902 1732 tvmv-

1107 1752 1174 1785 τίοις
1187 1752 1274 1779 ἅπασι
1290 1753 1427 1789 γνώριμος
1440 1761 1447 1768 ·
1459 1752 1488 1786 ἐξ
1507 1751 1658 1788 Ἀρμενίων
1666 1751 1720 1787 γὰρ
1732 1751 1782 1788 τὴν
1791 1751 1904 1786 γένεσιν

1106 1796 1151 1836 ἦν,
1166 1800 1214 1826 καὶ
1229 1799 1277 1826 τοῦ
1289 1799 1407 1835 στρατοῦ
1422 1798 1478 1826 τῶν
1499 1798 1679 1825 Ἀνατολικῶν
1696 1798 1742 1825 ἐπὶ
1753 1797 1800 1825 τοῦ
1817 1798 1905 1825 Διον-

1107 1852 1153 1876 τος
1170 1844 1386 1880 προηγούμενος.
1404 1843 1451 1871 καὶ
1465 1843 1512 1870 τοῦ
1524 1844 1577 1879 πρὸ
1597 1843 1680 1870 αὐτοῦ
1688 1843 1800 1879 Μιχαὴλ
1824 1843 1906 1870 ίππο.

1108 1890 1223 1926 κόμωνὸ
1235 1890 1344 1926 πρῶτος
1355 1899 1361 1906 ·
1379 1890 1610 1926 πρωτοστράτορα
1625 1889 1720 1916 τοῦτόν
1737 1898 1831 1924 φασιν.
1847 1891 1904 1924 Δη-

1108 1934 1190 1962 λώσει
1204 1935 1233 1962 δὲ
1249 1935 1296 1962 καὶ
1309 1935 1355 1962 τὸν
1370 1934 1507 1969 Θεόφοδον
1519 1935 1533 1961 ὁ
1547 1934 1637 1968 λόγος,
1651 1934 1713 1960 ὅθεν
1731 1942 1761 1960 τε
1771 1933 1818 1961 καὶ
1827 1934 1906 1966 ὅπως

1108 1982 1140 2008 ἐκ
1152 1980 1267 2017 Περσῶν
1280 1981 1468 2016 καταγόμενος
1481 1980 1520 2016 τῷ
1532 1980 1638 2016 βασιλεῖ
1654 1980 1749 2015 γέγονε
1761 1979 1906 2016 γνώριμος

1108 2027 1155 2054 καὶ
1174 2027 1222 2063 τὴν
1238 2027 1357 2063 ἀδελφὴν
1380 2027 1464 2054 αὐτοῦ
1496 2027 1536 2058 εἰς
1559 2026 1648 2061 γάμον
1670 2027 1822 2062 ἡρμόσατο.
1855 2027 1907 2059 El;

1108 2073 1257 2108 πρεσϐείαν
1269 2073 1311 2105 τίς
1328 2081 1393 2099 ποτε
1407 2071 1462 2099 τῶν
1473 2073 1505 2099 ἐκ
1517 2072 1661 2108 βασιλικῆς
1677 2073 1771 2108 σειρᾶς
1787 2073 1907 2108 Περσῶν

1107 2117 1272 2152 ἀφικόμενος
1285 2117 1353 2153 πρὸς
1364 2117 1413 2153 τὴν
1422 2117 1639 2150 Κωνσταντίνου,
1654 2117 1705 2144 οὐκ
1729 2118 1761 2143 ὲκ
1783 2117 1907 2152 νομίμου

1111 2164 1268 2200 συναφείας,
1286 2163 1401 2199 κρυφίου
1417 2163 1445 2190 δὲ
1460 2163 1507 2190 καὶ
1517 2163 1649 2198 λαθραίας
1662 2163 1755 2190 τοῦτον
1769 2163 1908 2198 γεννηθῆ-

1107 2219 1150 2236 ναι
1164 2210 1279 2246 ποιήσας
1297 2209 1516 2244 ὲξαπεδήμησεν.
1546 2209 1623 2236 Ἐπεὶ
1633 2209 1661 2236 δὲ
1671 2209 1752 2244 νόμος
1764 2210 1821 2241 τοῖς
1835 2209 1910 2245 Πέρ-

1109 2265 1170 2287 σαις
1182 2255 1358 2291 ἀπαράϐατος
1374 2254 1416 2291 [Ρ.
1431 2254 1476 2291 69]
1496 2255 1533 2290 μή
1558 2263 1619 2281 τινα
1642 2256 1692 2291 τῆς
1720 2255 1786 2291 παρ’
1813 2255 1909 2283 αὐτῶν

1109 2302 1196 2338 ἀρχῆς
1211 2302 1332 2337 ἐγκρατῆ
1348 2301 1487 2336 γενέσθαι,
1500 2302 1524 2327 εῑ
1539 2301 1577 2337 μὴ
1596 2302 1647 2337 τῆς
1672 2301 1817 2337 βασιλικῆς
1837 2310 1908 2337 μετ-

1109 2349 1158 2384 έχῃ
1173 2348 1276 2382 σειρᾶς,
1290 2346 1412 2380 ἐξέλιπον
1420 2348 1448 2374 δὲ
1462 2348 1495 2374 ὲκ
1511 2347 1566 2374 τῶν
1577 2348 1696 2383 συνεχῶν
1714 2347 1842 2383 πολέμων
1856 2357 1911 2383 και

1108 2393 1172 2429 τῇδε
1180 2393 1290 2420 κάκεῖσε
1298 2392 1533 2428 μετασκηνώσεων
1541 2393 1593 2420 ὕπδ
1600 2393 1816 2429 τῶνἌγαρηνῶν
1826 2394 1912 2421 ἐλαυ-

1111 2440 1218 2474 νόμενοι
1231 2440 1256 2466 οἰ
1272 2439 1323 2475 τῆς
1334 2439 1477 2474 βασιλικῆς
1487 2439 1584 2475 φυλῆς,
1602 2439 1671 2467 ἀλλὰ
1680 2439 1729 2467 καὶ
1743 2440 1823 2474 λόγος
1839 2440 1910 2474 ἐφέ-

1112 2494 1173 2520 ρετο
1184 2485 1266 2517 πολὺς
1280 2485 1344 2520 περὶ
1356 2484 1438 2512 αὑτοῦ
1452 2485 1528 2520 παρὰ
1549 2485 1604 2511 τῶν
1619 2485 1648 2511 ὲν
1665 2484 1781 2519 ’Περσίδι
1807 2486 1910 2520 μενόν-

1109 2540 1174 2564 των,
1189 2529 1253 2568 ὡςῇ
1268 2539 1309 2563 τις
1331 2531 1401 2558 κατὰ
1415 2531 1445 2558 τὸ
1456 2531 1601 2563 Βυζάντιον
1619 2531 1817 2566 ὠνομασμένος
1837 2532 1910 2558 Θεό-

1111 2579 1192 2614 φοὸος
1211 2577 1270 2614 (καὶ
1282 2577 1337 2614 γὰρ
1346 2576 1380 2613 ἦν
1392 2578 1478 2609 δοθεὶς
1494 2578 1517 2593 ²¹
1531 2577 1584 2604 ὐπῆ
1596 2577 1644 2604 τοῦ
1655 2577 1808 2612 τηνικαῦτα
1825 2579 1910 2604 σπεε-

1111 2633 1207 2660 ριντος
1223 2623 1318 2651 τοῦτον
1329 2623 1455 2659 πατρδς),
1474 2623 1548 2657 εδοξε
1561 2625 1617 2655 τοῖς
1627 2624 1750 2658 ἀρίστοις
1764 2624 1819 2650 τῶν
1831 2625 1908 2660 Περ-

1111 2671 1166 2697 σῶν
1189 2670 1282 2706 κρύφα
1306 2669 1382 2702 τινὰς
1411 2668 1551 2704 ἐκπέμψαι
1580 2669 1628 2696 τοῦ
1659 2670 1828 2705 ζητουμένου
1863 2672 1911 2702 εἰς

1112 2717 1236 2753 ἔρευναν.
1266 2716 1320 2743 Καὶ
1333 2716 1365 2752 δὴ
1378 2715 1577 2748 καταλαϐόντες
1599 2716 1648 2750 τὴν
1658 2716 1798 2751 ἡμετέραν
1823 2715 1913 2751 μόγις

1112 2763 1206 2790 τοῦτόν
1221 2771 1286 2789 ποτε
1298 2764 1330 2797 τῇ
1353 2763 1438 2798 μητρὶ
1452 2761 1567 2788 συνόντα
1579 2763 1625 2788 καὶ
1638 2762 1710 2788 καὶ
1724 2762 1774 2797 τὴν
1797 2761 1912 2794 Ὀξεῖαν

1112 2811 1320 2844 ἐνδιαιτὼειειλην
1346 2808 1589 2844 προσεφεύρισκον.
1622 2809 1697 2836 Ἐπεὶ
1708 2809 1774 2843 γοῦν
1796 2809 1845 2835 οὐκ
1875 2809 1912 2835 ἐκ

908 2856 1026 2884 VARLE
1051 2855 1250 2886 LECTIONI‘JS.

312 2902 332 2918 ’¹
346 2903 358 2928 ὁ
375 2901 423 2936 μὲν
436 2902 585 2938 Mannum?
623 2903 649 2919 "
658 2902 790 2934 διαδοθεὶς
809 2910 902 2936 margo
917 2902 1040 2931 Cotuhcl‘.
