2011 3156
258 170 310 202 127

257 235 308 255 nos
330 227 364 256 ad
392 227 493 255 bellum
521 227 733 263 procedentibus
760 235 821 255 eam
852 228 1047 255 connumerari
1063 229 1086 257 Δ

255 274 350 309 jussit.

294 319 340 347 22.
371 319 419 348 llis
442 328 509 355 ergo
537 319 603 347 viris
629 318 715 347 fretus
735 318 915 354 Theophilus,
930 319 1003 354 quod
1020 323 1047 347 et

260 367 329 394 alias
356 366 429 394 bello
462 370 592 394 strenuos
624 365 723 398 sciret,
747 365 879 393 adversus
906 365 1047 400 Agaronos

260 411 454 447 proﬁciscitur,
482 419 546 438 cum
571 415 598 438 et
622 410 773 443 lbraemus.
792 410 831 439 uti
863 411 968 439 dictum
992 415 1047 443 est,

262 457 340 493 113
368 457 450 485 etiam
479 457 536 492 ipse
563 456 590 484 in
616 464 666 485 nos
687 457 827 485 movisset.
861 457 929 486 Cum
954 457 1049 492 itaque

260 504 347 531 amba:
354 503 412 538 jam
431 502 514 534 acies,
530 510 562 530 ac
578 507 634 530 tum
647 503 836 538 Agarenorum
848 503 978 538 princeps
990 509 1049 531 tum

260 548 429 584 Theophilus
444 548 471 575 in
483 548 574 575 vicino
588 553 692 582 essent,
704 554 832 583 essetque
846 557 891 577 res
903 548 931 576 in
947 549 1051 577 delibe-

260 595 396 623 rationem
417 600 526 628 vocata,
552 595 684 624 Manuelis
699 603 731 624 ea
756 596 892 624 sententia
918 595 982 629 fuit,
1005 596 1050 623 in-

260 642 372 678 dignum
393 641 479 669 videri
490 641 677 669 Romanorum
688 642 883 677 imperatorem
896 650 958 671 cum
974 649 1051 670 ame-

259 695 396 715 ramnune
423 692 551 715 conserta
579 689 638 716 acie
662 696 794 723 pugnare;
821 696 906 716 unum
931 688 1049 723 aliquem

259 741 323 761 cum
344 738 422 769 parte
446 734 583 762 exercitus
604 734 631 762 in
653 741 716 762 eum
736 735 948 767 immittendum,
969 735 1052 769 idque

261 779 380 807 interdiu
405 779 585 807 factitandum
619 787 691 808 esse.
734 779 836 808 Contra
866 780 1052 815 Theophohus

261 830 425 862 praesentem
450 825 477 853 in
499 827 558 855 acie
574 827 766 861 imperatorem
791 828 888 856 adesse
906 828 1050 862 suadebat;

263 877 347 901 noctu
372 877 463 902 tamen
486 873 740 907 congrediendum,
769 873 951 908 impressione
981 873 1051 902 facta

262 927 312 954 per
328 920 454 949 Persicas
468 920 608 956 pedestres
624 920 728 955 copias;
751 928 786 948 ac
806 925 863 949 tum
881 926 975 956 postea
989 928 1051 949 cum
1067 910 1088 938 Β

263 974 378 994 necesse
394 967 489 1001 fuerit,
504 971 648 1002 equestres
670 971 774 994 turmas
789 972 888 1002 praesto
906 967 975 1001 fore,
992 975 1054 1003 qum

262 1011 391 1039 hostilem
410 1011 560 1039 exercitum
572 1015 666 1039 essent
680 1011 863 1038 conclusurae.
882 1011 983 1039 Verum
998 1021 1054 1041 nou

262 1049 403 1092 acquievit
417 1058 579 1093 imperator,
601 1056 696 1084 multis
717 1057 820 1085 idcirco
837 1065 955 1093 pugnam
970 1064 1053 1086 noctu

263 1103 462 1131 conserendam
487 1103 605 1131 suadere
624 1102 823 1138 Theophobum
838 1104 1004 1137 dicentibus,
1024 1108 1055 1133 ut

263 1148 316 1176 sibi
342 1149 393 1184 ipsi
418 1149 605 1176 Romanorum
631 1149 786 1177 vindicaret
802 1150 928 1185 gloriam.
954 1150 1053 1186 Aperte

264 1195 359 1230 itaque.
373 1195 458 1222 Marte
471 1195 610 1223 decretum
633 1199 662 1223 ut
676 1203 739 1224 cum
756 1195 834 1223 hoste
854 1197 1055 1232 congrederen-

264 1244 321 1267 tur.
342 1239 477 1267 Caeterum
494 1240 646 1273 lbraemus,
668 1241 802 1268 int-crtum
817 1249 882 1270 nnm
900 1243 1055 1278 arrogantia

264 1286 364 1314 ductus
389 1294 423 1313 an
454 1286 628 1321 imperatoris
659 1292 732 1314 metu
766 1289 948 1322 conterritus,
980 1294 1055 1324 parte

264 1332 404 1360 exercitus
430 1338 571 1367 assumpta
595 1334 720 1366 recessit,
747 1334 872 1362 immisso
893 1335 1055 1363 Abuchazar

264 1386 328 1406 eum
359 1379 498 1414 octoginta
530 1379 650 1407 millibus
680 1384 848 1407 armatorum
878 1380 911 1408 ad
935 1389 1054 1416 pugnam

265 1425 476 1453 conserendam.
512 1424 562 1452 Diu
593 1426 721 1460 utrinque
751 1426 858 1454 fortiter
883 1427 1054 1462 dimicatum;

266 1471 375 1498 tandem
400 1471 501 1499 schola:
522 1478 584 1499 curn
610 1471 762 1499 domestico
785 1472 906 1500 adversae
920 1473 988 1500 aciei
1004 1474 1056 1500 im-

266 1521 331 1551 petu
350 1520 451 1543 coactae
470 1515 567 1544 cedere
584 1523 616 1544 ac
636 1517 727 1551 fugam
747 1516 826 1544 inire.
853 1516 978 1552 Hincque
988 1518 1056 1546 adeo

267 1564 417 1598 imperator
439 1570 502 1590 cum
525 1563 637 1591 cohorte
663 1562 792 1598 praetoria
813 1568 842 1591 et
857 1563 966 1591 duobus
990 1564 1057 1592 Per-
1073 1578 1093 1605 ρ

267 1617 363 1638 sarum
388 1609 520 1642 millibus,
546 1617 600 1637 una
617 1609 699 1637 etiam
723 1609 853 1644 adjuncto
879 1609 1057 1646 Theophobo,

269 1658 297 1684 in
322 1656 419 1685 collem
442 1656 588 1691 quemdam
605 1655 687 1684 saluti
702 1660 827 1683 metuens
840 1656 936 1684 evasit.
954 1657 1060 1684 Acriter

269 1703 303 1730 ad
325 1710 579 1738 vesperam‘usque
601 1702 675 1730 circa
701 1702 778 1729 illum
805 1708 968 1738 pugnatum,
999 1704 1061 1732 aliis

269 1753 401 1784 capturos
421 1757 451 1777 se
476 1749 668 1784 imperatorem
692 1749 906 1783 conﬂuentibus,
935 1750 996 1778 aliis
1019 1750 1061 1778 ul-

270 1794 439 1822 ciscentibus
461 1794 542 1831 114
563 1802 614 1822 nec
636 1802 700 1822 eum
720 1795 836 1830 prodere
850 1795 1060 1824 sustinentibus.

269 1841 357 1869 Nocte
379 1842 471 1875 itaque
494 1841 716 1876 superveniente,
741 1841 788 1876 qui
810 1848 873 1868 cum
897 1841 1062 1877 imperatore

271 1892 361 1921 erant,
379 1887 507 1917 simulata
522 1887 614 1921 gaudii
628 1888 719 1922 specie
734 1892 905 1922 perstrepere
921 1889 1060 1922 manibus,

271 1934 455 1966 conclamare,
466 1934 601 1970 cinnyris,
613 1933 735 1966 chordis,
746 1934 869 1969 aliasque
883 1935 1062 1964 buccinarum

272 1981 363 2010 sonitu
375 1989 466 2009 aerem
489 1982 606 2017 strepitu
634 1981 760 2016 implere;
785 1989 840 2016 quo
863 1982 993 2010 nimirum
1017 1982 1062 2010 in-

271 2033 366 2064 gentes
379 2028 432 2056 sibi
448 2033 545 2057 auctas
560 2036 624 2064 spes
636 2028 755 2063 novique
770 2029 887 2056 subsidii
903 2029 1063 2063 opinionem

273 2074 462 2102 conterrendis
484 2074 604 2101 hostium
629 2074 730 2101 animis
752 2074 918 2109 ingererent.
939 2074 1016 2108 Quod
1036 2080 1064 2103 et

274 2121 310 2147 ita
331 2120 456 2155 contigit.
473 2119 529 2147 Hoc
541 2120 615 2147 enim
627 2120 717 2155 ipsum
733 2120 772 2147 illi
788 2120 972 2155 suspicantes,
987 2129 1019 2149 ac
1029 2129 1064 2150 ne

274 2166 302 2194 in
313 2166 388 2201 ipsos
401 2166 494 2193 hostes
507 2165 690 2200 irrumperent
703 2166 737 2193 ab
751 2165 846 2200 eisque
858 2166 1064 2195 circumdaren-

275 2216 331 2244 tur,
352 2211 385 2238 ad
412 2219 459 2238 sex
482 2211 555 2238 milia
579 2219 711 2246 passuum
739 2219 888 2240 recessere.
914 2213 1064 2248 Imperator

274 2265 338 2285 cum
353 2257 411 2285 suis
428 2257 598 2292 aliquantum
613 2258 736 2292 periculo
755 2258 913 2287 sublevatus
933 2259 997 2294 fuga
1017 2267 1063 2287 sa-
1079 2250 1102 2278 1)

275 2304 361 2332 lutem
377 2302 525 2338 expedivit,
537 2307 565 2331 et
575 2303 608 2331 ad
623 2304 776 2332 exercitum
794 2304 840 2339 qui
857 2305 1017 2340 prodiderat
1031 2313 1065 2333 ac

276 2351 392 2386 turpiter
407 2354 482 2386 terga
498 2350 610 2378 dederat
623 2351 770 2378 incolumis
780 2351 882 2380 evadit.
897 2351 937 2379 Ac
951 2352 1063 2387 quidem

276 2398 443 2433 proditorem
467 2397 618 2425 exercitum
636 2397 784 2432 imperator
812 2398 903 2426 acrius
927 2398 1063 2434 objurgat,

276 2451 411 2471 summam
427 2450 493 2470 vero
511 2443 680 2478 'l‘heophobo
702 2443 815 2478 suisque
834 2443 947 2479 gratiam
974 2444 1065 2476 habet,

276 2491 452 2526 premiisque
473 2498 506 2518 ac
528 2489 678 2517 honoribus
698 2489 842 2525 magniﬁce
861 2491 975 2526 accepit.
997 2489 1067 2518 Hinc

276 2537 368 2565 Persae
393 2537 508 2565 ferventi
538 2536 565 2563 in
598 2536 797 2572 Theophobum
826 2544 920 2564 amore
948 2536 1064 2569 incensi,

278 2583 487 2618 incredibilique
502 2584 601 2618 gaudio
620 2584 745 2617 animati,
770 2592 825 2612 uno
839 2584 887 2612 illo
908 2584 977 2612 duce
996 2585 1067 2619 Aga-

279 2636 409 2656 renorum
427 2629 479 2656 sibi
501 2629 602 2657 bellum
629 2629 756 2657 concredi
773 2630 924 2665 postulant,
951 2629 1068 2656 invicta-

279 2682 335 2710 que
361 2675 445 2702 animi
480 2675 506 2702 vi
529 2681 630 2703 certam
667 2677 719 2704 sibi
748 2676 914 2711 compressis
944 2675 1069 2703 hostibus

282 2722 446 2757 poliicentur
476 2722 632 2750 victoriam.
660 2723 845 2757 Quamobrem
873 2723 955 2750 etiam
983 2722 1069 2757 impe-

281 2774 357 2796 τοιοτ
372 2768 570 2805 Tlieophobum
590 2768 735 2798 Persarum
749 2770 846 2798 ducem
865 2768 922 2797 fore
938 2769 1068 2796 decrevit.

317 2815 364 2842 25.
384 2814 540 2852 Insequenti
568 2824 640 2845 anno
664 2815 833 2852 Theophilus
850 2822 946 2844 rursus
974 2814 1069 2850 copias

789 171 1044 202 THEOPHANES
1058 172 1342 204 CONTINUATUS.

1100 229 1220 265 πόλεμον
1249 229 1353 263 ἐξιοῦσι
1387 229 1535 265 Ῥωμαίοις
1563 230 1633 257 κατὰ
1652 230 1707 257 τῶν
1733 231 1894 267 ’Δγαρηνῶν

1098 275 1307 311 ³ναριθμ.εῖσθαι
1324 275 1486 311 προσέταξε.

1133 320 1187 356 ιβ’.
1200 320 1312 352 Τούτοις
1324 321 1389 355 γοῦν
1403 321 1584 357 τεθαρρηκὼς
1594 322 1608 348 ὁ
1621 321 1760 356 Θεόφιλος,
1773 323 1834 349 ἐπεὶ
1846 323 1896 350 καὶ

1099 367 1187 398 ἄλλως
1201 367 1260 403 ᾔδει
1273 367 1386 399 τούτους
1400 367 1685 403 ἀνδραγαθιζομένους
1694 389 1702 400 ,
1720 369 1761 400 είς
1774 369 1896 403 πόλεμον

1099 415 1170 442 κατὰ
1183 414 1238 441 τῶν
1266 415 1425 450 Ἀγαρηνῶν
1445 415 1529 449 ἔξεισι
1548 416 1596 443 καὶ
1621 415 1669 443 τοῦ
1697 415 1813 452 Ίϐραὴμ
1831 415 1896 443 καθ’

1098 460 1188 496 ἡμῶν,
1206 460 1244 492 ὼς
1258 460 1377 495 εῖρηται,
1391 461 1651 496 ἐκστρατεύσαντος.
1683 461 1815 496 Ἐπείπερ
1828 461 1896 496 γοῦν

1099 507 1184 541 ἐγγὺς
1198 506 1322 542 ἀλλήλων
1333 507 1347 533 ὃ
1361 515 1391 534 τε
1404 507 1459 534 τῶν
1474 507 1642 543 Σαρακηνῶν
1659 507 1781 543 ἀρχηγδς
1798 507 1896 542 ἐγεγύ-

1099 561 1140 579 νει
1155 552 1202 579 καὶ
1213 553 1227 579 ὸ
1238 552 1379 588 Θεόφιλος,
1391 552 1445 579 ἔδει
1455 553 1483 580 δὲ
1495 554 1543 580 καὶ
1560 553 1669 589 βουλῆς,
1679 553 1693 579 ό
1705 553 1755 589 μὲν
1765 554 1896 591 Μανουὴλ

1099 599 1130 625 οὐ
1152 597 1258 626 δίκαιον
1284 599 1369 635 ἔφησε
1398 599 1511 634 βασιλέα
1532 599 1680 635 Ῥωμαίων
1706 599 1776 635 πρὸς
1789 600 1896 636 ἅμερα-

1103 646 1204 681 μνουνῆ
1215 644 1354 678 πολεμεῖν.
1366 645 1435 672 ἀλλά
1443 653 1504 672 τινα
1522 645 1607 680 μέρος
1619 645 1735 672 λαϐόντα
1746 645 1801 672 τῶν
1813 654 1897 681 στρα-

1101 690 1236 718 τιωτικῶν
1259 690 1362 723 ἐξιέναι
1388 693 1458 718 κατὰ
1472 691 1620 727 πρόσωπον
1639 691 1694 718 τῶν
1711 691 1828 727 ἐχθρῶν,
1848 692 1897 719 καὶ

1102 736 1160 772 ἃμα
1189 737 1249 772 μεθ’
1265 737 1374 772 ἡμέραν
1390 737 1470 764 τοῦτο
1485 738 1584 770 ποιεῖν,
1599 738 1612 764 6
1627 737 1763 772 Θεόφοϐος
1776 737 1805 764 δέ
1825 736 1896 765 εἶναι

1103 785 1155 818 μὶν
1172 784 1227 810 ἐπὶΔ
1242 784 1423 820 παρατάξεως
1441 784 1486 811 τδν
1502 784 1614 820 βασιλέα
1630 784 1768 818 ἐϐούλετο,
1785 784 1898 822 νύκτωρ

1102 829 1131 856 δέ
1145 829 1304 865 ἐπιτεθῆναι
1319 830 1412 862 αὐτοῖς
1430 830 1499 865 μετὰ
1509 829 1557 857 τοῦ
1569 830 1624 858 τῶν
1639 831 1752 867 Περσῶν
1767 828 1898 865 πεζικοῦζ

1103 875 1150 902 καὶ
1175 875 1220 902 ὅτε
1247 875 1329 902 πάλιν
1349 875 1481 911 δεήσειεν,
1507 876 1697 903 ἐπικυκλῶσαι
1722 877 1753 904 τὸ
1772 877 1899 905 ἱππικόν.

1110 921 1181 949 Ἀλλ’
1191 922 1241 949 οὐκ
1256 921 1348 948 ἔπεισε
1361 922 1408 949 τὸν
1422 922 1545 957 βασιλέα,
1557 923 1689 950 εἰπόντων
1702 923 1818 956 πολλῶν,
1832 931 1901 958 σφι-

1103 967 1279 1003 τεριζομένου
1292 967 1314 984 ’⁵
1324 968 1371 995 τοῦ
1386 967 1523 1003 Θεοφύϐου
1537 969 1586 1004 τὴν
1598 968 1652 995 τῶν
1665 968 1811 1004 Ῥωμαίων
1819 969 1900 1001 δόξαν

1104 1013 1153 1040 καὶ
1166 1013 1211 1040 διὰ
1226 1012 1306 1040 τοῦτο
1319 1013 1484 1049 βουλομένου
1501 1014 1530 1041 ἐν
1558 1015 1636 1041 νυκτὶ
1661 1015 1793 1049 πολεμεῖν
1804 1023 1811 1031 ·
1828 1014 1901 1051 πλὴν

1105 1059 1193 1092 ἔδοξεν
1208 1059 1248 1091 εἰς
1260 1059 1416 1095 τούμφανὲς
1429 1059 1490 1094 μεθ’
1508 1060 1616 1096 ἡμέραν
1638 1060 1772 1096 συρῤῆξαι
1786 1059 1833 1088 τὸν
1849 1061 1902 1088 πύ-

1104 1105 1198 1140 λεμον.
1215 1105 1270 1132 Καὶ
1284 1106 1299 1131 ὁ
1313 1105 1363 1141 μὲν
1377 1105 1504 1141 Ἰϐραὴμ,
1515 1106 1566 1132 εῖτ*
1579 1105 1667 1138 ἄλλως
1681 1105 1901 1139 καταλαζονευό-

1107 1159 1187 1186 μενος
1203 1151 1258 1178 είτε
1271 1150 1304 1187 δὴ
1319 1152 1366 1178 καὶ
1381 1151 1454 1187 φύϐῳ
1467 1152 1600 1187 βασιλέως
1616 1152 1902 1189 περιστοιχιζόμενος,

1107 1200 1190 1235 μέρος
1206 1199 1298 1226 λαϐὼν
1314 1199 1361 1226 τοῦ
1383 1199 1501 1235 στρατοῦ
1514 1199 1700 1236 ἀνεχώρησεν,
1725 1200 1902 1236 Ἀϐουχάξαρ

1105 1246 1134 1273 δὲ
1150 1246 1219 1281 πρὸς
1233 1246 1278 1272 τὺν
1305 1246 1376 1272 κατὰ
1390 1246 1523 1281 βασιλέως
1537 1247 1655 1282 πόλεμον
1674 1246 1743 1281 μετὰ
1756 1247 1902 1282 μυριάδων

1106 1291 1177 1318 ὀκτὼ
1190 1290 1393 1324 ἐξαπέστειλεν,
1420 1291 1445 1317 οἶ
1466 1292 1514 1318 καὶ
1529 1291 1672 1326 καρτερῶς
1687 1292 1756 1326 ἄγαν
1770 1291 1904 1327 ἀνδρισα-

1108 1338 1196 1372 μένων
1211 1336 1376 1372 ἀμφοτέρων
1393 1338 1440 1363 ἐπὶ
1457 1337 1537 1369 πολὺ,
1555 1336 1596 1373 [Ρ.
1618 1337 1663 1374 Ἠ]
1679 1338 1757 1370 τέλος
1776 1337 1905 1365 ἐνδοῦναι

1106 1382 1155 1414 τὰς
1180 1381 1278 1417 σχολὰς
1304 1381 1374 1416 μετὰ
1400 1381 1447 1408 τοῦ
1465 1381 1625 1417 δομεστίκου
1653 1383 1700 1409 καὶ
1727 1383 1796 1419 πρὸς
1810 1382 1904 1418 φυγὴν

1106 1428 1244 1463 τραπῆναι
1268 1427 1453 1460 ἐξεϐιάσαντο.
1482 1428 1564 1455 Ὅθεν
1588 1430 1602 1455 ὁ
1616 1428 1745 1463 βασιλεὺς
1760 1428 1831 1464 μετὰ
1853 1428 1904 1464 τῆς

1108 1473 1252 1509 βασιλικῆς
1266 1473 1406 1508 φάλαγγος
1416 1473 1522 1500 καὶδύο
1533 1474 1661 1509 χιλιάδων
1676 1474 1804 1511 Περσῶν,
1816 1483 1906 1511 προσ-

1107 1520 1184 1551 όντος
1212 1520 1317 1552 τούτοις
1344 1520 1391 1546 καὶ
1410 1519 1456 1547 τοῦ
1483 1520 1631 1555 Θεοφόϐου,
1646 1520 1694 1547 ἐπί
1707 1529 1781 1553 τινος
1807 1520 1907 1556 βουνοῦ

1111 1566 1242 1599 σέσωστο,
1256 1566 1302 1593 τὸν
1318 1567 1382 1601 περὶ
1396 1566 1487 1602 ψυχῆς
1502 1567 1625 1594 κίνδυνον
1641 1567 1830 1603 ὑφορώμενος.
1849 1568 1908 1596 Καὶ

1110 1612 1175 1648 ἄχρι
1192 1613 1241 1648 μέν
1266 1613 1386 1648 ἑσπέρας
1401 1613 1488 1645 πολὺς
1508 1611 1542 1649 ἦν
1568 1614 1581 1640 ὁ
1598 1614 1662 1650 περὶ
1678 1614 1760 1641 αὑτὸν
1774 1614 1907 1650 πόλεμος,

1110 1657 1165 1684 τῶν
1180 1657 1230 1692 μὲν
1244 1658 1412 1690 ἐλπιζόντων
1431 1658 1527 1685 τοῦτον
1546 1659 1593 1685 ἐπὶ
1610 1659 1706 1695 χεῖρας
1725 1658 1834 1692 λαϐεῖν,
1852 1659 1909 1686 τῶν

1110 1703 1139 1730 δὲ
1149 1703 1360 1738 ἁνταμυνόντων
1376 1703 1424 1730 καὶ
1438 1703 1476 1739 μὴ
1491 1703 1636 1739 προδοῦναι
1650 1703 1745 1731 τοῦτον
1756 1704 1910 1739 διακαρτε-

1113 1748 1242 1784 ρούντων.
1257 1749 1304 1776 Διὸ
1315 1749 1413 1781 νυκτὸς
1426 1749 1490 1785 ἄρτι
1500 1749 1652 1785 γενομένης
1675 1749 1783 1785 κρότοις
1805 1749 1911 1786 χειρῶν

1111 1804 1142 1822 τε
1154 1796 1201 1822 καὶ
1219 1796 1391 1831 ἀλαλαγμοῖς
1414 1796 1536 1831 ἐχρῶντο
1551 1797 1576 1822 οἱ
1604 1796 1675 1831 μετὰ
1697 1795 1744 1823 τοῦ
1759 1796 1911 1831 βασιλέως,

1113 1841 1221 1876 χαίρειν
1242 1841 1485 1876 προσποιούμενοι,
1513 1840 1656 1877 κιννύραις
1672 1849 1702 1867 τε
1721 1841 1770 1868 καὶ
1797 1841 1915 1877 χορδαῖς

1113 1889 1160 1915 καὶ
1173 1887 1260 1919 ἄλλως
1274 1887 1406 1923 βουκίνων
1431 1887 1534 1922 φωναῖς
1547 1887 1592 1914 τὸν
1609 1887 1708 1922 αἰθέρα
1718 1887 1912 1923 περιεδόνουν,

1113 1934 1224 1966 ἐλπίδας
1240 1934 1270 1960 οὺ
1283 1934 1332 1966 τὰς
1344 1932 1481 1969 τυχούσας
1492 1934 1549 1965 τοῖς
1565 1933 1674 1968 ἐχθροῖς
1685 1933 1812 1965 θέλοντες
1827 1942 1912 1970 περι-

1113 1981 1237 2016 ποιῆσαι.
1256 1981 1288 2007 Ὀ
1299 1980 1347 2007 καὶ
1363 1979 1464 2016 συνέϐη
1477 1987 1486 1995 ⁸
1504 1980 1581 2015 μίλια
1604 1979 1658 2015 γὰρ
1683 1979 1712 2012 ἐξ
1729 1979 1915 2016 ὑποχωρῆσαι

1113 2026 1226 2058 τούτους
1249 2027 1289 2058 εἰς
1311 2026 1435 2053 τούπίσω
1458 2026 1519 2053 τινὰ
1537 2025 1742 2061 κατορρωδοῦσι
1753 2026 1915 2063 προσϐολήν

1113 2080 1143 2099 τε
1160 2072 1207 2099 καὶ
1219 2071 1357 2099 κύκλωσιν
1373 2071 1567 2108 προσεγένετο.
1581 2072 1663 2099 Ὅθεν
1676 2071 1770 2104 ἁδείας
1782 2073 1915 2108 τυχόντες

1117 2119 1217 2155 μικρᾶς
1228 2119 1253 2145 οἰ
1268 2119 1332 2154 περὶ
1343 2118 1390 2146 τὸν
1403 2118 1525 2154 βασιλέα,
1539 2119 1633 2155 πόρῤω
1645 2127 1697 2146 που
1712 2118 1822 2146 νυκτῶν
1837 2121 1915 2156 φυγῇ

1114 2165 1284 2201 χρησάμενοι
1312 2165 1363 2199 τὴν
1391 2164 1530 2200 σωτηρίαν
1555 2164 1836 2200 ἐπραγματεύσαντο,
1865 2166 1917 2192 καὶ

1117 2213 1186 2247 πρὸς
1198 2211 1238 2246 τῷ
1252 2211 1452 2247 κατα-προδόντι
1474 2209 1569 2238 τοῦτον
1599 2210 1788 2246 στρατεύματι
1815 2211 1866 2238 καὶ
1881 2211 1919 2238 τὰ

1117 2258 1190 2287 νῶτα
1207 2258 1280 2285 δόντι
1295 2258 1351 2289 τοῖς
1377 2257 1486 2293 ἐχθροῖς
1509 2256 1691 2293 διεσώθησαν.
1710 2256 1844 2292 Μέμψεσι
1863 2257 1919 2293 μὲν

1117 2301 1164 2331 οὖν
1193 2303 1302 2335 πολλαῖς
1317 2303 1331 2329 ὀ
1346 2301 1474 2337 βασιλεὺς
1498 2302 1528 2329 τὸ
1550 2301 1724 2338 προδεδωκὸς
1753 2302 1920 2338 στράτευμα

1118 2349 1316 2381 καθυπέϐαλεν,
1330 2349 1423 2384 χάρισι
1436 2347 1465 2375 δέ
1478 2348 1525 2375 καὶ
1539 2349 1633 2384 τιμαῖς
1647 2348 1835 2384 διαφερόντως
1851 2350 1920 2380 τοὺς

1119 2396 1184 2431 περὶ
1194 2395 1240 2422 τὸν
1255 2394 1391 2429 Θεόφοὸον
1403 2394 1560 2430 ἐγέραιρεν.
1573 2393 1656 2421 Ὅθεν
1669 2395 1693 2421 οἱ
1713 2395 1820 2430 Πέρσαι
1831 2395 1920 2431 ἔρωτι

1118 2442 1243 2477 διαπύρῳ
1260 2441 1329 2478 πρὸς
1343 2440 1389 2467 τὸν
1403 2440 1538 2474 Θεόφοϐον
1547 2439 1715 2472 ἐξεκαίοντο,
1732 2441 1780 2467 καὶ
1794 2440 1921 2477 θυμηδίᾳ.

1117 2490 1171 2517 τινὶ
1185 2489 1297 2525 ἀρρήτῳ
1316 2487 1574 2523 κάναθαρῥυνόμενοι
1609 2487 1669 2522 μετ’
1691 2487 1775 2514 αὑτοῦ
1789 2489 1836 2515 τὸν
1853 2489 1922 2516 κατ’

1125 2535 1284 2572 Ἀγαρηνῶν
1297 2533 1461 2561 ὑποδύεσθαι
1474 2534 1592 2569 πόλεμον
1608 2533 1775 2566 ὲλιτάνευον,
1791 2535 1839 2561 καὶ
1854 2535 1923 2570 τρὶ-

1120 2590 1182 2609 πειν
1198 2581 1311 2613 τούτους
1329 2580 1359 2613 ἐξ
1370 2580 1505 2616 ἀηττήτου
1531 2579 1674 2615 δυνάμεως
1695 2580 1858 2608 ἐϐεϐαίουν·
1880 2581 1924 2608 διὸ

1121 2628 1168 2654 καὶ
1180 2628 1194 2653 ό
1212 2627 1339 2662 βασιλεὺς
1349 2626 1528 2661 ἡγεμονεύειν
1543 2625 1633 2652 αὐτῶν
1650 2625 1780 2653 ἐϐούλετο
1793 2625 1840 2654 τὸν
1853 2627 1925 2653 Θεό-

1123 2674 1218 2709 φοϐον.

1158 2810 1210 2844 κγ’.
1228 2808 1273 2842 Τῷ
1285 2808 1306 2835 δ’
1315 2807 1419 2835 ἐπιόντι
1436 2807 1553 2843 ἐνιαυτῷ
1566 2807 1648 2842 ἔξεισι
1664 2806 1744 2834 πάλιν
1759 2804 1930 2842 perstud—

932 2861 1050 2890 VARLE
1069 2856 1268 2890 LECTIONES.

321 2910 344 2924 "
361 2909 397 2941 ὠς
411 2910 478 2943 σφῦί
