2011 3156
97 201 142 233 129

476 201 549 231 LIB.
564 200 622 231 III.
636 212 671 218 --
689 198 937 230 THEOPHILUS
956 198 1167 229 MICHAELIS
1181 199 1320 230 FILIUS.

1665 201 1715 234 130

96 265 161 292 pta);
174 257 189 284 6
202 256 342 291 Θεόφιλος.
357 257 403 284 καὶ
418 258 489 285 κατὰ
513 258 544 285 τὸ
567 257 721 293 Χαρσιανδν
739 258 824 284 πολλὰ
844 258 876 284 ὲκ

931 256 1058 285 adversus
1075 257 1226 285 lsmaelitas
1243 257 1344 289 educit,
1361 263 1393 284 ac
1405 264 1467 284 cum
1483 256 1524 284 eis
1538 264 1571 285 ex
1584 259 1716 293 superiori

93 303 136 338 τῆς
149 303 287 339 προτέρας
306 303 385 338 νίκης
405 303 459 330 τῶν
480 304 662 339 Ἰσμαηλιτῶν
676 304 879 336 ἀπαυθαδιαζο-

94 349 178 384 μένων
188 350 235 377 καὶ
250 349 499 385 ἀλαζονευομένων,
510 350 615 382 τούτοις
631 349 803 385 συμπλακεὶς
815 350 880 377 πολ-

93 395 148 427 λούς
174 404 204 422 τε
222 397 364 432 χειροῦται
389 396 502 430 τούτων,
519 397 567 423 καὶ
591 396 666 423 λείαν
693 396 826 432 λαμσάνει
840 396 879 429 ὡς

92 441 140 467 τῶν
152 441 235 468 πέντε
251 442 298 469 καὶ
313 443 400 469 εἴκοσι
416 442 480 478 ἄχρι
497 442 632 478 χιλιάδων,
649 443 696 470 καὶ
712 442 782 478 μετὰ
800 443 879 478 νίκης

92 487 218 523 λαμπρᾶς
228 487 295 522 πρὸς
306 488 356 523 τὴν
367 488 563 524 βασιλεύουσαν
575 489 765 524 ἐπανέρχεται.
778 489 876 525 Ἔτυχε

92 532 150 567 γοῦν
168 541 213 565 τις
227 534 281 560 τῶν
296 535 342 561 ὲπὶ
374 535 475 570 χειρῶν
497 535 597 571 εὐφυΐᾳ
618 535 778 570 ὀνομαστῶν
793 536 876 571 αίχμ-

91 578 190 606 ἁλωτον
197 579 508 617 ληφθῆναιἈγαρηνῶν.
517 581 610 615 Τούτῳ
622 580 742 617 μεγάλας
750 581 798 613 τὰς
806 581 877 609 κατὰ

91 625 205 662 πόλεμον
217 626 319 662 ἀρετὰς
334 627 368 654 δι’
383 628 531 663 ἐγγράφων
547 628 694 663 ἐγκωμίων
712 629 726 655 ό
742 628 797 655 τῶν
811 637 875 664 σχο-

89 671 134 698 λῶν
168 671 310 707 προεστὼς
339 672 499 709 ἐμαρτύρει,
527 673 573 700 καὶ
596 673 720 700 ἐϐεϐαίου
733 674 772 706 ὠς
788 674 830 709 εἴη
846 682 875 701 τε

90 718 170 752 δεξιὸς
183 719 248 754 περὶ
255 719 304 754 τὴν
318 719 453 746 ἱππασίαν
465 719 513 746 καὶ
523 721 573 756 τὴν
583 719 630 748 τοῦ
642 720 767 756 σώματος
779 720 875 756 ῥώμην

90 766 220 799 γενναῖος,
241 766 288 792 καὶ
312 766 353 792 ὅτι
373 766 432 793 δυσὶ
446 765 540 800 δόρασι
569 766 711 802 χρώμενος
736 768 802 802 περὶ
824 767 875 802 τὴν

91 811 220 837 ἱππασίαν
250 810 325 847 [μὲν]
351 811 483 846 ἐντέχνως
515 811 586 846 ἄγαν
610 812 657 839 καὶ
680 812 788 846 εὐφυῶς
805 813 875 846 πρὸς

90 856 144 888 τοὺς
175 858 238 884 κατ’
257 857 340 885 αὐτοῦ
358 857 503 886 διαὸαίνει.
533 858 612 886 Ἐπεὶ
637 859 702 894 γοῦν
721 860 751 886 ιν
766 859 805 895 τῷ
819 859 874 888 τῶν

90 903 177 930 ἵππων
200 902 390 939 ἀμιλλητηρίῳ
404 905 418 930 6
433 903 480 931 τοῦ
491 904 654 940 δομεστίκου
668 905 800 940 θρίαμϐος
815 905 874 932 ἑτε-

89 948 166 982 λεῖτο,
194 951 343 985 προηγεῖτο
355 950 384 977 δὲ
397 946 475 983 οὗτος
493 950 532 986 τῷ
548 950 596 978 τοῦ
622 950 749 986 σώματος
766 951 877 986 μεγέθει

89 993 131 1021 καὶ
146 993 190 1029 τῷ
209 994 260 1029 τῆς
270 994 360 1030 ψυχῆς
373 995 549 1031 ἀναστήματι
560 996 623 1028 τοὺς
641 996 707 1032 περὶ
729 996 812 1023 αὑτοῦ
834 997 879 1023 λό-

89 1047 150 1074 γους
170 1039 388 1075 ὲπισφραγίζων,
405 1041 534 1068 ἐκέλευσέ
551 1049 611 1073 πως
634 1041 696 1069 ἱδὼν
711 1043 725 1069 6
740 1042 878 1077 βασιλεὺς,

90 1086 132 1111 καὶ
146 1086 207 1117 τοῖς
223 1085 343 1118 ἐπαίνοις
353 1086 478 1118 κλαπεὶς,
489 1086 530 1123 [Ρ.
542 1086 586 1123 72]
601 1087 684 1114 ἵππον
698 1096 728 1114 τι
740 1087 787 1114 τὸν
794 1088 880 1123 ἄνδρα

91 1129 216 1165 ἱπιϐῆναι
230 1130 276 1157 καὶ
287 1130 388 1165 δόρατα
401 1130 518 1158 λαδόντα
531 1131 578 1158 δύο
593 1132 641 1167 τὴν
653 1132 769 1167 εὐφυΐαν
782 1133 879 1160 τούτου

93 1176 136 1202 καὶ
151 1176 295 1212 ἀριστείαν
309 1177 405 1213 ἁπάσῃ
416 1178 450 1213 τῇ
468 1177 545 1205 πόλει
563 1178 745 1212 ἐνδείξασθαι.
771 1180 828 1207 Καὶ
845 1179 879 1215 δὴ

93 1220 184 1248 τούτου
199 1222 348 1256 γενομένου
365 1222 412 1248 καὶ
424 1223 480 1254 τοῖς
496 1223 687 1259 ἀπειροτέροις
701 1223 797 1258 τέρψιν
811 1233 879 1260 πσρ-

96 1266 199 1301 ίχοντος
210 1268 243 1302 τῇ
254 1267 361 1301 ὁράσει,
380 1267 519 1303 Θεόδωρος
529 1269 543 1295 6
560 1268 701 1305 Κρατερὸς
717 1269 790 1295 οὕτω
802 1269 880 1303 λεγόν

96 1320 180 1347 μενος,
192 1313 207 1340 6
220 1313 269 1340 καὶ
282 1313 354 1348 μετὰ
366 1312 454 1349 βραχὺ
463 1314 585 1350 ἀρχηγὸς
595 1314 645 1353 τῆς
661 1314 716 1341 τῶν
733 1315 819 1349 ἁγίων
836 1315 879 1350 μβι

98 1359 236 1394 μαρτύρων
248 1358 391 1394 φάλαγγος
405 1359 537 1394 γεγονὼς,
549 1359 709 1395 πλησιάζων
723 1360 762 1395 τῷ
775 1360 881 1396 βασιλετ

100 1403 288 1441 ἑξκμυκτήριζε
303 1405 349 1432 τὸν
365 1406 526 1442 Ἀγαρηνδν,
541 1406 664 1442 ἀνδρεῖον
679 1407 756 1433 οὐδὲν
768 1408 880 1442 φάσκων

96 1450 146 1477 οὐδὶ
161 1450 389 1486 καταπληκτικὸν
406 1451 623 1487 ἐνδεικνύμενον.
640 1449 676 1488 *ῼ
689 1453 735 1479 καὶ
757 1452 880 1488 χαλεπή-

96 1504 136 1528 νας
151 1496 166 1523 6
184 1495 325 1532 βασιλεὺς,
347 1497 436 1525 Ἀλλὰ
449 1497 487 1524 δι’
503 1498 609 1533 ἰσχύος
635 1498 715 1533 ἔχεις
729 1499 832 1533 αὐτὸς,
857 1497 882 1527 ὧ

95 1541 237 1576 θηλυδρια
255 1541 306 1568 καί
321 1542 462 1577 ἀνανδρε,
483 1543 622 1571 τοιοῦτόν
635 1553 661 1571 τι
675 1545 879 1579 ἐργάσασθαι;

931 303 1044 330 victoria
1060 303 1138 331 elatis
1151 311 1182 331 ac
1198 303 1394 330 ferocientibus
1406 303 1439 330 ad
1454 302 1636 331 Charsianum
1652 312 1717 332 con-

930 356 1052 384 gressus.
1069 349 1164 377 multis
1178 357 1274 376 eorum
1291 350 1455 385 subiugatis,
1479 350 1602 384 captivos
1619 351 1651 378 ad
1676 352 1718 378 vi-

930 394 996 427 ginti
1015 401 1098 428 supra
1110 394 1231 429 quinque
1252 394 1335 421 millia
1348 394 1479 427 abducit;
1495 395 1651 430 illustrique
1666 404 1718 431 po-

929 440 995 467 titus
1006 441 1095 475 praeda
1107 440 1140 467 ad
1153 441 1248 467 urbem
1267 444 1409 475 augustam
1422 440 1500 470 redit.
1513 441 1586 469 Inter
1596 441 1717 477 captivos

929 486 1072 521 Agarenos
1087 494 1223 514 nonnemo
1237 487 1289 514 fuit
1305 494 1434 514 manuum
1451 487 1574 522 agilitate
1588 487 1716 516 celebris.

931 531 1010 567 n5
1024 530 1105 558 Hunc
1117 531 1275 559 scholarum
1292 539 1392 567 praeses
1416 532 1512 560 bellica
1533 532 1635 560 virtute
1658 534 1717 561 exi-

928 577 1092 613 mium.ejus
1105 579 1208 614 scripto
1220 579 1388 614 consignatis
1402 579 1716 614 laudibus,perhihebat;

928 624 1124 659 asserebatque
1138 625 1278 660 equitandi
1293 630 1352 653 arte
1363 626 1493 660 praeclare
1507 625 1671 653 industrium
1684 633 1717 653 ac

927 670 1053 704 corporis
1071 670 1172 698 robore
1187 675 1341 704 strenuum,
1362 672 1497 706 ejusmodi
1524 672 1642 707 denique
1668 671 1716 706 qui

927 713 956 742 in
973 716 1052 751 equis
1077 716 1177 752 duplici
1204 717 1321 745 solerter
1339 718 1418 746 hasta
1434 718 1540 745 hostem
1556 718 1716 753 aggredere-

928 766 982 788 tur.
998 762 1077 795 Quod
1091 763 1173 797 igitur
1190 763 1217 790 in
1230 764 1304 791 circo
1326 764 1470 792 domestici
1485 764 1640 798 triumphus
1653 771 1718 799 age-

925 805 1017 839 batur,
1030 807 1102 835 inter
1122 809 1246 843 captivos
1263 809 1352 844 primo
1366 810 1389 836 is
1404 809 1465 836 loco
1482 809 1636 842 incedebat,
1655 817 1718 836 cor-

924 852 1000 886 poris
1011 852 1070 887 ipsa
1081 853 1245 887 proceritate
1257 854 1397 888 animique
1408 854 1536 889 superbia
1549 862 1581 883 ac
1593 854 1718 883 celsitate

927 897 962 925 de
975 898 1034 933 ipso
1049 906 1175 933 sparsum
1193 906 1331 928 rumorem
1346 901 1525 929 conﬁrmans.
1545 900 1647 929 Videns
1665 902 1718 929 ita-

932 952 987 980 que
1001 945 1164 980 imperator,
1178 945 1292 981 ejusque
1315 946 1416 974 celebri
1431 946 1504 974 fama
1528 952 1629 980 motus,
1651 955 1718 975 con-

929 998 1028 1020 scenso
1039 999 1111 1027 equo
1125 993 1283 1028 duplicique
1305 998 1413 1028 arrepta
1437 993 1515 1022 hasta
1527 994 1594 1022 artis
1615 1002 1672 1022 sua:
1685 1003 1718 1022 ac

929 1036 1048 1065 solertiae
1075 1038 1213 1073 specimen
1241 1043 1382 1073 spectante
1400 1046 1493 1066 coram
1523 1043 1581 1066 tota
1608 1039 1718 1068 civitate

929 1083 1063 1111 exhibere
1088 1083 1176 1118 jubet.
1191 1084 1219 1112 Id
1241 1091 1306 1113 cum
1322 1085 1399 1112 ﬂeret
1413 1089 1441 1112 et
1465 1085 1504 1113 rei
1531 1086 1717 1121 spectaculum

930 1127 1115 1163 imperitiores
1129 1128 1258 1162 alliceret,
1278 1128 1439 1157 Theodorus
1452 1134 1633 1165 cognomento
1648 1129 1718 1157 Cra-

929 1177 1006 1201 terus
1018 1173 1054 1207 (is
1067 1174 1112 1208 qui
1127 1181 1181 1202 non
1195 1174 1280 1202 multo
1293 1179 1354 1209 post
1365 1180 1522 1203 sanctorum
1535 1175 1716 1210 quadraginta

931 1217 1048 1246 duorum
1065 1224 1216 1254 martyrum
1236 1219 1358 1247 cohortis
1370 1219 1424 1247 dux
1440 1220 1555 1254 exstitit)
1581 1221 1614 1247 ad
1631 1221 1718 1255 impc-

931 1269 1046 1292 ratorem
1067 1266 1201 1293 accedens
1217 1266 1372 1301 Agarenunt
1398 1266 1578 1299 subsannare,
1595 1267 1718 1302 nihilque

930 1318 993 1338 eum
1008 1311 1080 1346 quod
1094 1311 1173 1339 tortis
1185 1312 1269 1339 animi
1281 1312 1317 1339 sit
1330 1312 1437 1346 quodve
1451 1317 1590 1347 stuporem
1607 1312 1719 1347 injicete

930 1357 1029 1385 debeat
1056 1365 1088 1385 ea
1115 1357 1257 1386 molitione
1273 1362 1404 1392 praestare
1418 1358 1500 1386 etiam
1530 1362 1612 1393 atque
1634 1359 1717 1386 etiam

931 1410 1066 1430 asserere.
1084 1402 1125 1430 Ad
1139 1410 1220 1438 quem
1236 1403 1458 1438 indignabundus
1469 1404 1626 1438 imperator,
1644 1403 1718 1430 Num

931 1456 1002 1478 vero,
1016 1448 1167 1482 effeminate
1183 1453 1211 1474 tu
1226 1452 1251 1475 et
1271 1449 1379 1480 erirate,
1398 1448 1528 1480 eiusmodi
1541 1448 1651 1483 aliquid,
1665 1456 1719 1483 qua

931 1494 1014 1529 polles
1027 1494 1194 1528 fortitudine,
1203 1494 1288 1527 possit
1303 1498 1431 1529 prwstare
1441 1495 1455 1521 ?
1465 1494 1567 1522 Contra
1578 1495 1718 1521 Craterus:

933 1540 1046 1567 Duabus
1074 1541 1178 1575 quidem
1193 1541 1288 1572 hastis,
1304 1548 1319 1566 ο
1334 1540 1490 1574 imperator,
1507 1547 1554 1566 nec
1565 1539 1650 1566 didici
1673 1547 1721 1566 nec

94 1588 184 1620 K116;
209 1588 322 1620 αὐτίκα,
335 1589 392 1616 Δύο
401 1590 469 1624 μὲν,
479 1590 622 1623 βασιλεῦ,
639 1590 682 1625 μὴ
693 1592 797 1626 μαθὼν
809 1593 880 1619 οὐδὲ

934 1587 973 1612 uti
987 1586 1080 1613 valeo:
1098 1593 1160 1612 nam
1175 1594 1221 1612 nec
1241 1594 1372 1620 nugarum
1396 1585 1526 1620 ejusmodi
1541 1593 1603 1612 usus
1621 1586 1719 1620 aliquis

90 1634 352 1668 μεταχειρίσασθαι
370 1634 481 1668 δόρατα
501 1635 631 1670 δύναμαι
643 1643 650 1651 ·
666 1635 738 1663 οὐδὲ
762 1637 818 1671 γὰρ
844 1637 879 1664 ἐν

93 1679 209 1714 πολέμῳ
216 1680 360 1714 τοιαύτης
374 1681 459 1715 χρεία
466 1680 651 1715 ἀδολεσχίας
660 1689 666 1695 ·
683 1681 727 1708 ἐνί
737 1681 771 1707 δὲ
780 1681 879 1716 δόρατι

92 1725 242 1759 χρώμενος
263 1725 320 1759 τὴν
334 1727 378 1759 είς
396 1726 471 1753 Θεὸν
483 1726 666 1760 πεποίθησιν⁵
676 1726 735 1761 ἔχω
751 1727 880 1759 βεϐαίαν

92 1771 295 1806 ὠςκρημνίσω
311 1780 343 1798 τε
358 1771 524 1799 τοῦτονκαὶ
539 1771 592 1799 τοῦ
607 1772 701 1799 ἵππου
711 1773 878 1801 καταϐαλῶ.

92 1817 143 1853 τὴν
158 1817 321 1854 παρρησίαν
336 1817 402 1852 γοῦν
428 1817 466 1853 μὴ
486 1817 577 1852 φέρων
600 1819 614 1845 6
629 1818 757 1853 βασιλεὺς
781 1816 800 1855 ἦ
825 1819 880 1856 μὴν

93 1861 183 1897 Ιφησε,
195 1863 270 1890 κατὰ
281 1863 331 1897 τῆς
343 1862 465 1897 κεφαλῆς
475 1862 557 1889 αὐτοῦ
568 1863 614 1889 τὸν
628 1863 709 1899 ὅρκον
722 1863 880 1898 ἐπαγαγὼν,

94 1907 196 1943 θανάτῳ
211 1907 383 1943 παραδοῦναι
397 1908 444 1934 τὸν
457 1906 545 1942 ἅγιον,
561 1908 586 1934 εἱ
604 1908 641 1943 μὴ
655 1909 718 1940 τοὺς
729 1908 825 1944 λόγους
834 1908 881 1935 ὂν-

91 1962 141 1986 τως
152 1955 193 1986 εἱς
205 1954 290 1990 ἔργον
305 1953 435 1988 ἀγάγοιεν
445 1953 479 1980 ³⁵.
497 1953 595 1980 Ἵππον
610 1951 656 1981 οὖν
674 1953 776 1986 ἀναϐὰς
790 1955 804 1981 6
816 1954 881 1982 Θεό-

92 1999 173 2033 δωρος
190 2000 238 2026 καὶ
252 1998 315 2034 δόρυ
328 1998 420 2026 λαϐὼν
432 1999 461 2025 ὲν
474 1999 566 2035 χεροῖν
582 1998 680 2025 θᾶττον
692 1999 708 2035 ἢ
721 1998 800 2034 λόγος
811 1999 841 2026 ιν
850 1999 881 2027 οὔ

92 2045 201 2077 πολλαῖς
212 2045 350 2081 περιόδοις
364 2045 409 2072 τὸν
426 2046 585 2082 Σαρακηνὸν
601 2047 815 2082 κατεκρήμνισε,
834 2048 883 2075 καὶ

94 2090 165 2124 μέγα
177 2090 269 2126 τούτῳ
283 2092 393 2127 φρονεῖν
416 2091 533 2119 δέδωκεν
556 2092 695 2128 οὐδαμῶς.
730 2093 759 2121 '0
773 2094 823 2129 μὲν
834 2091 882 2121 οὖν

92 2135 216 2169 βασιλεὺς
235 2136 359 2173 ¹ᾐσχύνθη
374 2137 422 2164 ᾰτε
450 2137 483 2173 δὴ
509 2138 748 2174 καταδεδλημένον
764 2139 825 2166 ἱδὼν
836 2140 882 2167 τὸν

92 2178 252 2216 Σιρακηνδν
283 2180 330 2207 ὑπ’
350 2181 446 2217 ἀνδρὸς
470 2181 599 2218 εὐνούχου
627 2183 676 2210 καὶ
699 2183 730 2210 οὐ
756 2184 882 2217 γενναίου

91 2226 176 2259 τινὸς,
193 2225 350 2262 πανοῦργος
361 2227 390 2254 δι
404 2227 474 2260 τέως
489 2227 527 2254 ὣν
542 2228 591 2255 καὶ
603 2228 653 2264 τὴν
675 2229 777 2266 ἀρετὴν
794 2229 883 2257 αἰδού-

90 2279 172 2306 μενος
185 2272 233 2300 τοῦ
249 2273 346 2308 ἀνδρὸς
368 2274 600 2310 ἐφιλοφρονήσατο
617 2275 666 2310 μὲν
681 2275 771 2309 λόγοις
785 2276 879 2310 αὐτὸν,
898 2267 921 2297 υ

88 2318 189 2350 στολάς
202 2327 234 2345 τε
253 2319 301 2346 καὶ
314 2319 463 2355 περιϐολὰς
478 2319 554 2355 αὺτῷ
568 2319 617 2355 τὴν
629 2320 768 2348 πολιτείαν
788 2321 879 2349 αἰδού-

90 2372 173 2400 μενος
189 2365 358 2401 ὶδωρήσατο.

124 2419 180 2447 κδ’.
199 2421 281 2455 ’Δρτι
296 2420 325 2447 δὲ
341 2420 423 2448 πάλιν
439 2420 487 2448 τοῦ
505 2420 585 2457 ἔαρος
599 2422 745 2458 ἱσταμένου
758 2423 806 2454 καί
817 2424 883 2457 τοὺς

92 2466 220 2501 μαχητὰς
231 2467 293 2493 κατ’
307 2466 431 2502 ἀλλήλων
445 2467 615 2502 ὁπλίζοντος,
637 2470 652 2496 6
665 2469 794 2504 Θεόφιλος
804 2470 883 2498 δύνα-

91 2521 137 2546 μιν
152 2511 255 2548 πολλὴν
282 2512 419 2548 ἠθροικὼς
434 2513 505 2541 κατὰ
527 2513 583 2541 τῶν
604 2514 773 2551 Σαρακηνῶν
786 2516 881 2550 ἔξεισι,

90 2557 138 2583 καὶ
158 2557 208 2584 τὸν
223 2558 297 2584 ὅσιον
311 2557 444 2584 Μεθόδιον
458 2559 507 2594 τῆς
524 2558 638 2593 εἱρκτῆς
657 2559 881 2595 ἁναρῤυσάμενος

89 2604 138 2630 καὶ
155 2603 219 2638 μεθ’
229 2602 328 2630 ἑαυτοῦ
341 2604 520 2639 ἑπαγόμενος,
532 2604 564 2631 οὺ
579 2603 626 2631 νῦν
652 2605 733 2640 μόνον
746 2606 794 2632 xxi.
809 2606 884 2642 πρῶ-

87 2659 135 2677 τον
151 2651 177 2667 ’⁸
198 2651 254 2678 ἀλλ’
276 2651 321 2678 ἀεὶ
334 2650 414 2678 τοῦτο
439 2652 524 2678 ποιῶν
542 2652 589 2679 καὶ
608 2652 722 2688 πλησίον
741 2661 793 2680 που
814 2653 883 2689 ἔχων

88 2698 192 2729 αὐτὸν,
204 2699 256 2724 the
271 2698 320 2725 τοῦ
334 2698 427 2733 ἀσαφῆ
451 2697 545 2725 ἕνεκεν
559 2699 607 2725 καὶ
628 2699 734 2731 πολλοῖς
757 2700 883 2733 ἄγνωστα

87 2743 214 2770 διαλύειν
230 2744 276 2770 καὶ
289 2742 417 2778 γνώριμα
438 2743 527 2779 τούτῳ
540 2745 628 2771 ποιεῖν
641 2744 685 2771 διὰ
699 2746 748 2780 τὴν
763 2745 882 2780 ἐνυπάρ-

88 2798 199 2824 χουσαν
213 2789 286 2825 αὑτῷ
298 2790 394 2824 σοφίαν
406 2789 464 2825 (καὶ
475 2790 528 2825 γὰρ
544 2789 675 2826 ἐτύγχανε
691 2790 746 2818 τῶν
760 2783 879 2827 ἀποκρῦ-

87 2845 150 2871 eum
167 2836 237 2870 ἆγον
248 2835 392 2873 ζητητικὸς
404 2836 580 2873 ὀΘεὸφιλος),
606 2837 660 2864 the
681 2837 712 2873 δή
728 2846 804 2870 τινας
834 2839 884 2866 επ-

929 1633 955 1660 ίιι
970 1633 1036 1660 bello
1052 1633 1155 1660 exsistit
1169 1642 1176 1660 :
1194 1641 1248 1659 una
1264 1641 1324 1660 vero
1336 1637 1441 1666 arrepta
1451 1652 1458 1664 ,
1477 1631 1525 1659 Dei
1540 1632 1623 1666 fretu:
1638 1633 1725 1659 καῖέ

929 1679 977 1710 lio,
994 1687 1058 1714 equo
1075 1679 1206 1713 dejectum
1221 1679 1255 1705 iri
1270 1679 1402 1706 hominem
1417 1687 1448 1705 ac
1458 1686 1597 1706 excussum
1609 1686 1718 1712 prorsus

930 1725 1045 1759 conﬁdo.
1066 1724 1145 1752 Tunc
1168 1725 1318 1759 imperator
1335 1725 1442 1752 dicendi
1463 1724 1538 1752 illam
1564 1725 1718 1752 libertatein

931 1778 985 1798 non
1002 1770 1102 1801 ferens,
1119 1779 1168 1806 per
1189 1776 1273 1806 caput
1294 1779 1375 1798 suum
1393 1771 1487 1806 jurare
1501 1771 1626 1803 Cratero.
1648 1778 1679 1798 se
1694 1771 1719 1798 ci

931 1815 1015 1843 vitam
1042 1820 1212 1851 erepturum.
1226 1816 1280 1844 nisi
1298 1817 1379 1853 116
1401 1824 1433 1845 re
1459 1817 1517 1852 ipsa
1534 1818 1609 1853 quod
1628 1818 1719 1845 verbis

929 1861 1082 1897 jactaverat
1096 1862 1230 1897 impleret.
1242 1862 1306 1890 Mox
1320 1870 1385 1898 ergo
1399 1862 1558 1891 Theodorus
1568 1871 1721 1892 conscenso

931 1915 1003 1943 equo
1026 1913 1188 1943 arreptaque
1214 1909 1291 1937 hasta
1319 1916 1429 1936 manum
1455 1916 1619 1941 conserens.
1647 1909 1719 1937 dicto

931 1953 1013 1982 citius
1038 1961 1089 1982 nec
1113 1954 1195 1990 longo
1210 1954 1326 1987 ambitu,
1351 1954 1507 1989 Agarenum
1533 1962 1606 1989 equo
1625 1956 1718 1983 datum

931 2000 1098 2035 prmcipitem
1115 2000 1201 2027 altum
1214 2007 1310 2034 sapere
1324 2007 1378 2026 non
1395 2000 1469 2026 sivit.
1486 1999 1587 2027 Puduit
1602 2000 1718 2035 impera-

933 2053 1030 2079 torem.
1045 2047 1110 2074 dum
1127 2053 1181 2074 non
1195 2054 1209 2074 a
1229 2046 1287 2074 viro
1301 2045 1419 2081 quodam
1441 2045 1583 2081 magniﬁce
1596 2050 1719 2079 strenuo,

933 2093 981 2121 sed
998 2094 1032 2120 ab
1045 2094 1151 2120 evitato
1166 2097 1334 2128 prostratum
1361 2091 1527 2120 Saracenum
1545 2091 1621 2119 vidit.
1649 2091 1722 2120 lute-

933 2139 985 2168 rim
1003 2145 1106 2172 tamen,
1126 2139 1226 2168 callido
1240 2139 1380 2174 vafroque,
1393 2138 1520 2171 consilio,
1538 2138 1644 2174 virique
1666 2139 1721 2166 vir—

933 2189 1018 2214 tutem
1047 2186 1194 2219 reveritus,
1223 2185 1310 2213 amice
1331 2185 1422 2213 verbis
1448 2184 1558 2220 accipit,
1583 2185 1722 2220 douatque

933 2232 1057 2260 vestibus
1074 2232 1190 2260 honoris
1205 2239 1300 2264 causa,
1330 2231 1431 2259 civium
1455 2231 1563 2259 animos
1586 2230 1722 2259 oﬂ‘endere

935 2277 1049 2312 veritus,
1063 2277 1087 2306 si
1100 2278 1168 2313 quid
1179 2277 1289 2305 homine
1303 2277 1382 2305 aliter
1399 2281 1531 2305 uteretur.

970 2424 1017 2453 26.
1034 2423 1094 2451 lam
1113 2430 1178 2450 vero
1194 2430 1304 2450 rursum
1320 2429 1383 2450 vere
1397 2427 1541 2458 appetente
1558 2431 1590 2452 ac
1606 2423 1723 2452 bellato-

937 2479 982 2499 res
996 2471 1071 2498 viros
1085 2469 1158 2498 inter
1175 2476 1204 2497 se
1218 2469 1417 2501 committente,
1434 2468 1604 2504 Theophilus
1627 2470 1722 2505 iugen-

937 2516 1011 2544 tibus
1024 2514 1173 2544 comi-actis
1189 2514 1275 2548 copiis
1290 2517 1385 2541 contra
1402 2514 1554 2541 Saracenos
1571 2514 1723 2549 proﬁcisci-

937 2567 993 2594 tur,
1011 2561 1110 2589 educto
1128 2568 1145 2587 e
1160 2567 1269 2588 carcere
1284 2560 1392 2595 sibique
1407 2559 1535 2594 adjuncto
1558 2564 1654 2588 sancto
1669 2560 1723 2588 Me-

936 2609 1040 2636 thodio.
1066 2607 1161 2642 Neque
1184 2613 1250 2634 vero
1277 2609 1343 2633 tunc
1369 2606 1488 2640 primum
1520 2606 1593 2639 fecit,
1619 2607 1666 2634 sed
1697 2613 1724 2634 ct

935 2661 1044 2689 semper
1071 2653 1221 2685 iactitabat.
1237 2659 1321 2687 penes
1336 2659 1366 2680 se
1378 2652 1467 2679 virum
1491 2652 1604 2686 habens,
1619 2652 1676 2681 sive
1693 2658 1723 2680 ut

935 2701 996 2736 ejus
1025 2699 1167 2734 sapientia
1183 2698 1208 2726 vi
1225 2699 1343 2726 obscura
1357 2698 1493 2734 vulgoque
1519 2698 1609 2735 ignota
1625 2699 1724 2727 dissol-

936 2750 1011 2773 veret
1037 2751 1125 2779 eaque
1152 2743 1204 2778 ipsi
1226 2743 1343 2778 aperiret
1361 2743 1430 2779 (erat
1453 2743 1527 2771 enim
1555 2741 1723 2778 Theophilus

936 2791 1125 2820 abstrusarum
1144 2796 1236 2818 rerum
1256 2796 1391 2825 operosus
1407 2789 1609 2825 investigator),
1624 2790 1680 2818 sive
1697 2790 1722 2817 id

936 2843 1048 2869 cavens.
1063 2842 1097 2863 ne
1111 2843 1181 2872 quas
1196 2835 1221 2864 is
1233 2835 1329 2864 turbas
1349 2842 1379 2864 se
1402 2835 1515 2863 absente
1530 2835 1565 2864 ob
1581 2842 1723 2872 sacrarum

744 2884 861 2914 VARIA‘I
881 2883 1082 2914 LECTIONES.

124 2934 152 2949 "
166 2932 288 2967 ἀγάγοιῖ
330 2932 353 2948 ’⁸
367 2932 414 2959 καὶ
431 2931 551 2969 πρῶτον]
566 2931 594 2958 δὲ
611 2940 656 2967 πρ.
676 2930 708 2959 Ρ.
