2011 3156
104 184 146 215 133

482 181 557 212 LIB.
568 180 625 210 III.
646 192 677 197 -
697 179 944 210 THEOPHILUS
962 179 1171 210 MICHAELIS
1193 180 1333 210 FILIUS.

1674 180 1724 214 131

101 238 180 266 καὶτὸ
195 236 324 273 Χορασὰν
348 236 458 270 λέγεται
483 237 630 271 κατασχεῖν
652 237 696 262 καὶ
716 235 755 272 τῷ
774 237 878 271 ἁμςραν

933 236 1012 262 vineti
1029 236 1054 262 in
1080 236 1239 263 carceribus
1260 240 1365 270 essent,
1381 235 1405 263 ei
1423 235 1572 263 militantes
1588 245 1723 273 exseque-

100 285 191 320 μνουνῇ
204 283 338 315 ὑποτάξαι
352 282 382 309 οὐ
395 283 435 317 τῷ
447 283 587 318 διαφέρειν
606 282 686 318 μόνον
707 283 748 315 εἰς
766 283 879 318 ἀνδρίαν

99 332 192 362 αὐτοῖς,
205 329 275 357 ἀλλὰ
286 329 334 356 καὶ
345 329 386 363 τῷ
395 328 497 360 καινῶς
507 337 567 361 πως
581 329 628 356 καὶ
643 328 879 364 παρηλλαγμένως

98 375 204 410 ἁφθῆναι
222 375 331 406 αὐτοῖς·
351 374 368 410 ἤ
383 382 414 400 τε
433 374 489 409 γὰρ
503 373 558 401 τῶν
578 374 727 410 σχημάτων
743 373 879 410 μεταϐολὴ

99 423 137 448 καὶ
152 423 169 457 ἠ
182 422 237 448 τῶν
255 420 353 456 φωνῶν
366 420 442 456 παρὰ
459 420 538 453 δόξαν
555 420 711 456 μεταλλαγὴ
727 420 766 452 εις
776 419 879 446 δειλίαν

98 467 238 502 ἐμπίπτειν
269 466 409 501 ἠνάγκαζε
443 466 508 498 τοὺς
536 465 694 501 πολεμίους.
720 465 758 492 Οὐ
775 465 831 501 μὴν
852 464 882 492 δὲ

98 513 157 539 ἀλλὰ
171 513 219 539 καὶ
235 511 342 539 πολλῶν
363 511 520 539 ἀτιθάσσων
538 511 640 547 θηρίων
660 510 882 546 κατασινομένων

97 559 188 591 αὐτοὺς
199 559 248 586 καὶ
264 558 438 593 βλαπτόντων
461 558 660 594 ἐλευθερώσας,
685 557 734 585 καὶ
757 557 883 592 μεγάλων

97 605 175 641 αἴτιος
189 604 281 632 καλῶν
294 603 385 635 αὐτοῖς
401 603 531 638 γεγονὼς,
544 602 730 638 διαφερόντως
749 602 882 638 ἠγαπήθη

97 651 161 686 αὐτῷ
178 659 207 677 τε
219 649 258 686 τῷ
272 650 382 686 ἄρχοντι
395 649 444 676 καὶ
455 651 489 685 τῇ
508 649 639 685 γερουσίᾳ
653 649 749 675 αὑτοῦ.

933 281 1025 312 batur,
1046 281 1108 308 data
1121 281 1254 317 Agarenis
1270 282 1321 309 fide
1338 281 1451 309 tuinime
1464 282 1498 309 ab
1520 282 1560 309 eis
1578 281 1723 318 fugituros.

932 326 1047 360 Quando
1061 327 1142 355 etiant
1158 328 1298 355 Chorasatt
1310 328 1415 363 cepisse
1433 328 1524 356 ferunt
1537 336 1569 356 ae
1589 336 1726 356 amerau-

933 381 1015 400 nume
1030 373 1191 408 stthjecisse.
1211 374 1307 401 lsthaac
1322 375 1364 401 vir
1380 378 1473 401 tantus
1488 374 1652 402 conficiebat
1669 383 1724 403 nott

932 418 1036 455 insigni
1052 424 1157 447 tantum
1176 420 1338 448 fortitudine
1355 429 1415 454 sua,
1434 422 1479 449 sed
1494 426 1521 448 et
1537 421 1610 457 quod
1627 429 1724 449 novant

930 465 1078 499 quamdam
1105 474 1156 493 nec
1185 467 1314 494 usitatam
1333 467 1468 494 rationem
1486 467 1554 494 inire
1569 467 1724 495 videretur:

930 511 1060 539 ordinum
1076 512 1149 540 enim
1170 516 1197 540 et
1212 513 1281 540 aciei
1299 513 1352 540 alia
1370 512 1479 548 aliaque
1494 513 1655 548 compositio
1674 517 1726 540 tes-

930 565 1054 593 serasque
1067 565 1101 586 ac
1117 565 1216 587 vocum
1237 559 1378 594 inopinata
1400 559 1513 587 mutatio
1530 559 1558 586 in
1576 559 1660 586 animi
1677 568 1726 586 an-

933 605 1038 639 gustias
1061 606 1142 642 119
1159 614 1191 634 ac
1208 614 1338 642 pavorem
1360 608 1454 634 hostes
1470 606 1645 642 conjiciehat.
1669 605 1726 633 Nec

933 651 1023 678 solum
1041 652 1174 680 adversus
1197 653 1293 681 hostes
1319 658 1430 680 strenue
1445 653 1511 688 egit,
1532 660 1626 680 verum
1641 652 1724 680 etiam

96 705 106 724 ί
131 696 196 724 feris
211 696 308 725 bestiis
326 696 431 732 regioni
458 696 613 723 vastitatem
636 694 815 722 aﬂerentibus
849 703 897 723 eos
918 696 1054 730 liberavit,
1072 699 1276 733 multorumque
1291 699 1331 726 eis
1348 699 1482 726 bonorum
1507 703 1613 731 auctor,
1648 698 1726 733 priu-

95 743 140 778 eipi
172 743 276 778 pariter
303 743 418 777 ejusque
451 742 613 777 proceribus
631 747 739 768 summe
769 741 872 768 charus
891 741 951 769 fuit.

123 788 179 822 ις’.
204 788 274 815 Ἀλλ’
286 788 349 815 ἐπεὶ
376 787 529 823 μετάμελον
552 787 593 823 τῷ
616 787 722 822 βασιλεῖ
734 787 879 822 ἐνεποίησε

95 835 171 862 ταῦτα
185 834 339 861 διακούοντι
361 834 408 861 καὶ
424 833 514 869 λύπης
529 834 616 864 αἴτιος
631 833 751 867 κατέστη
768 833 878 866 πολλῆς,

95 881 176 908 πάντα
198 880 290 907 κάλων
315 879 404 907 ἐδόκει
416 879 506 915 τούτῳ
531 880 618 906 κινεῖν
631 878 670 910 ὡς
686 878 719 905 ἃν
732 878 778 906 τὸν
792 878 879 914 ἄνδρα

94 926 300 962 μετακαλέσοιτο
321 925 369 952 καὶ
391 924 609 960 παλινδρομῆσαι
628 925 779 958 ποιήσειεν.
797 923 879 951 Ὅθεν

93 975 113 1001 οι
127 974 178 1009 μὲν
194 971 336 1009 εἰρηνικὰς
358 972 476 1004 σπονδὰς
496 971 541 998 διὰ
555 971 603 998 τοῦ
627 970 746 1006 μοναχοῦ
767 971 879 1006 ποιῆσαι

93 1020 184 1047 τοῦτόν
197 1028 277 1053 φασιν
298 1017 412 1051 Ἰανναῖο,
428 1018 497 1052 πρὸς
508 1018 605 1054 καιρὸν
618 1018 665 1044 τοῦ
680 1017 752 1044 κατὰ
766 1018 815 1049 τὰς
830 1026 880 1051 φυ-

94 1066 175 1097 λακὰς
189 1064 353 1098 διαλλαγίου,
367 1064 415 1091 καὶ
430 1063 500 1099 πρὸς
513 1063 548 1091 τὰ
565 1063 621 1090 ἴδια
637 1065 817 1099 μεταγαγεῖν,
835 1063 880 1090 ὂτε

94 1113 133 1139 καὶ
149 1110 358 1147 χρυσοόούλλιον
375 1109 464 1146 τούτῳ
490 1110 538 1137 καὶ
557 1110 657 1146 ὅρκους
683 1109 819 1141 ἀπαθείας
844 1108 888 1135 δι”

94 1158 169 1186 αὐτοῦ
181 1166 211 1185 τε
226 1157 274 1184 καὶ
287 1156 389 1192 ἑτέρων
400 1155 543 1192 προτέρων
556 1155 662 1182 πολλῶν
675 1154 879 1188 ἐξαπέστειλεν.

96 1206 124 1232 Oi
140 1205 168 1231 δὲ
180 1203 210 1230 δι’
222 1202 306 1230 αὑτοῦ
325 1203 374 1238 μὲν
396 1202 443 1228 τοῦ
466 1201 578 1235 ’1αννοῦ,
595 1201 626 1227 οὺ
657 1201 710 1236 μὴν
726 1199 813 1232 οὕτως
836 1200 880 1227 διὰ

97 1250 208 1285 φανερᾶς
228 1248 376 1281 ἐντεύξεως
397 1247 446 1275 καὶ
471 1247 627 1282 συντυχίας,
648 1246 775 1282 κρυπτῆς
788 1246 817 1272 δὲ
833 1246 881 1272 καὶ

95 1296 185 1332 ἀδήλου
199 1295 317 1328 πολλοῖς,
341 1295 358 1329 ἢ
383 1293 429 1321 τὸν
450 1293 554 1329 Ἰαννῆν
569 1293 668 1328 γνώμῃ
689 1292 736 1319 τοῦ
749 1292 880 1326 Θεοφίλου

98 1341 134 1376 ἀφ’
148 1341 228 1377 ἡμῶν
248 1342 446 1377 μεταστήσασα
467 1341 514 1367 καὶ
536 1339 754 1376 μεταμφιάσασα
765 1339 881 1370 καὶτοῖς

101 1387 283 1423 ῥακοδυτοῦσιν
313 1386 421 1422 Ἴϐηρσι
455 1386 502 1413 καὶ
525 1380 653 1421 μοναίοϊς
674 1386 730 1416 τοῖς
763 1384 832 1419 πρὸς
846 1384 881 1411 τὰ

103 1434 268 1470 Ἱεροσόλυμα
298 1433 368 1469 μετὰ
386 1433 462 1469 λιτῆς
478 1433 608 1468 φοιτῶσιν
636 1430 827 1466 ἐξομοιῶσασά
850 1439 880 1457 τι

97 1482 134 1507 καὶ
149 1478 379 1514 συγχαταμίξασα
393 1478 433 1514 τῷ
445 1479 473 1504 ἐν
485 1474 507 1512 ᾧ
522 1478 633 1514 διῃτᾶτο
647 1477 713 1512 οἴκῳ
725 1477 739 1504 ὁ
751 1477 881 1512 Μανουὴλ

96 1526 157 1553 κατὰ
174 1526 205 1552 τὸ
219 1524 315 1559 Βαγδᾶ
327 1523 529 1559 ἐγκατέστησεν
545 1524 668 1550 ἐπαιτεῖν
681 1530 711 1549 τε
730 1530 881 1558 προσποιη-

96 1572 205 1606 σάμενον
232 1571 282 1598 καὶ
299 1572 349 1607 τὴν
366 1569 414 1597 τοῦ
436 1570 569 1605 βασιλέως
593 1569 738 1605 μετάνοιαν
753 1569 882 1597 ἀναδιδά-

95 1627 199 1645 σκοντα.
215 1618 272 1644 Καὶ
291 1617 434 1653 μάρτυρας
448 1616 502 1643 τῶν
516 1616 670 1652 εἰρημένων
685 1616 717 1642 τό
727 1624 756 1642 τε
767 1616 815 1643 τοῦ
833 1617 882 1650 βα-

965 789 1012 816 26.
1034 789 1133 817 Verum
1150 797 1212 817 cum
1232 789 1294 824 ejus
1309 789 1535 824 percreheseente
1550 788 1622 816 fama
1638 788 1726 816 Theo-

930 836 1035 871 philttm
1062 836 1100 863 rei
1127 836 1285 871 pmniteret,
1314 843 1364 864 nec
1389 836 1457 864 levis
1484 835 1563 863 dolor
1578 835 1641 863 inde
1663 843 1726 863 etttu

931 882 1101 915 incessisset,
1117 883 1222 910 nullum
1240 890 1294 910 nou
1313 881 1407 909 funem
1436 881 1601 909 movendum
1618 882 1725 913 statuit,

931 933 961 955 ut
975 928 1065 955 virum
1082 929 1116 956 ad
1132 936 1161 956 se
1183 932 1327 956 revocaret
1341 928 1375 956 ad
1398 936 1483 963 seque
1499 928 1587 955 redire
1602 928 1726 963 compel-

896 990 918 1020 Β
931 974 1011 1001 leret.
1026 974 1105 1002 Unde
1120 974 1166 1001 alii
1194 974 1304 1010 quidem
1339 981 1386 1009 per
1401 973 1516 1001 Jannem
1547 974 1725 1005 monachum,

931 1028 986 1056 quo
1003 1025 1127 1055 tempore
1144 1021 1246 1048 missus
1259 1026 1300 1048 est
1318 1021 1350 1048 ad
1369 1021 1578 1048 commutandos
1590 1020 1725 1056 captivos,

930 1067 1006 1102 pacis
1017 1074 1079 1094 eum
1099 1066 1202 1094 foedera
1219 1067 1314 1095 iniisse
1329 1074 1360 1094 ac
1376 1066 1529 1094 Mauuelem
1545 1066 1579 1094 ad
1597 1074 1626 1094 se
1643 1074 1724 1094 revo-

930 1119 1008 1140 casse
1027 1112 1128 1144 ferunt.
1156 1112 1266 1147 quando
1284 1113 1366 1139 etiant
1393 1112 1499 1140 litteras
1515 1117 1542 1139 et
1570 1113 1727 1140 securitatis

931 1158 1010 1186 ﬁdem
1026 1158 1207 1193 jurejurando
1228 1158 1364 1185 ﬁrmatam
1380 1167 1427 1193 per
1439 1162 1501 1186 eum
1521 1158 1668 1193 pluresque
1680 1158 1726 1185 illo

931 1206 1038 1241 priores
1059 1205 1142 1232 misit.
1164 1204 1216 1231 Alii
1240 1204 1363 1238 ejusdem
1380 1204 1490 1239 quidem
1518 1203 1617 1231 Janttis
1643 1212 1726 1238 opera

931 1259 988 1279 rem
1001 1255 1137 1286 peractam
1156 1250 1272 1283 malunt,
1289 1257 1344 1277 non
1361 1255 1451 1277 tamen
1475 1250 1515 1278 sic
1530 1255 1628 1285 aperto
1642 1250 1727 1277 collo-

931 1297 1006 1332 quio,
1020 1296 1067 1325 sed
1081 1296 1189 1324 occulto
1205 1303 1237 1323 ac
1254 1295 1335 1331 vulgo
1354 1295 1484 1329 obscuro,
1500 1295 1537 1322 ita
1553 1295 1681 1322 nimirum
1698 1300 1727 1322 ut

930 1343 1033 1371 Jattnrs
1051 1342 1164 1377 jubente
1179 1341 1332 1376 Theophilo
1350 1341 1490 1376 profectus
1505 1341 1552 1374 sit,
1575 1341 1726 1376 habituque

931 1394 1036 1418 mutato
1055 1397 1087 1417 ac
1103 1389 1202 1424 pannis
1218 1388 1331 1416 indutus
1356 1387 1441 1415 lberis
1468 1393 1550 1422 atque
1578 1388 1727 1415 monachis

931 1437 1149 1472 Hierosolymam
1177 1435 1232 1462 voti
1259 1442 1341 1462 causa
1365 1434 1616 1469 proficiscetttibus,
1640 1441 1726 1460 unum

931 1483 1039 1511 illorum
1068 1483 1214 1514 simulans,
1239 1489 1299 1509 sese
1326 1481 1495 1515 adjunxerit,
1519 1487 1608 1514 eoque
1631 1479 1725 1506 habitu

931 1529 1066 1556 Manuelis
1080 1529 1193 1556 domutn
1220 1527 1318 1562 Bagdzc
1335 1527 1464 1555 subierit.
1481 1526 1539 1553 illic
1563 1525 1681 1553 mendici
1695 1533 1726 1552 ea

931 1575 1023 1611 specie
1032 1575 1065 1602 ad
1077 1582 1139 1602 eum
1153 1574 1257 1601 aditum
1273 1578 1370 1601 nactus
1382 1574 1575 1608 imperatorem
1594 1572 1728 1607 poenitere

931 1621 1040 1653 docuit,
1054 1620 1203 1655 verbisque
1222 1620 1303 1647 fidem
1320 1619 1384 1647 fecit
1410 1618 1485 1646 illius
1508 1618 1614 1654 prolata
1631 1617 1727 1645 collari

95 1663 183 1695 σιλέως
199 1662 347 1697 ὲγκόλπιον
360 1663 408 1689 καὶ
425 1662 458 1689 τὺ
473 1661 684 1698 χρυσοὸούλλιον
702 1661 802 1695 ἐδίδου,
814 1670 881 1697 συμ-

935 1675 1017 1696 cruce
1033 1674 1064 1695 ac
1081 1667 1189 1699 litteris,
1206 1666 1307 1701 quibus
1323 1665 1346 1693 is
1369 1672 1497 1693 securum
1524 1663 1651 1691 redderet
1667 1671 1727 1690 ont-

94 1709 204 1738 πίθειὰν
231 1718 263 1736 τε
290 1709 339 1736 καὶ
365 1709 484 1743 παντελῆ
517 1708 570 1734 τῶν
597 1708 691 1734 κακῶν
729 1708 883 1743 ἀμνηστίαν

93 1756 321 1792 εὓαγγελιζόμενα
330 1764 337 1771 ·
353 1755 371 1782 ἃ
384 1755 431 1781 καὶ
445 1754 536 1781 λαϐὼν
551 1754 592 1786 είς
604 1755 699 1790 χεῖρας
713 1754 728 1780 ὁ
740 1753 882 1788 Μανουὴλ,

93 1805 135 1830 καὶ
146 1804 232 1830 οἱονεὶ
246 1803 296 1838 τὴν
305 1801 395 1838 ψυχὴν
415 1801 556 1833 ἁνακαεὶς,
573 1801 623 1836 τὴν
650 1800 742 1827 οἴκαδε
765 1800 885 1835 ἐμελέτα

93 1851 230 1878 ἐπάνοδον.
254 1849 332 1876 Ἐπεὶ
350 1847 414 1882 γοῦν
428 1848 460 1875 ἐκ
469 1856 499 1874 τε
514 1847 561 1874 τοῦ
575 1847 671 1884 χρόνου
688 1848 735 1874 καὶ
747 1847 803 1874 τῶν
817 1847 885 1881 πρό-

93 1905 167 1932 τερον
185 1897 255 1931 ἡμῖν
281 1894 437 1930 εἰρημένων
465 1893 548 1921 αὐτοῦ
577 1893 648 1920 κατὰ
674 1893 729 1920 τῶν
745 1892 884 1928 πολεμίων

92 1944 179 1978 ἔργων
195 1943 212 1978 ἠ
232 1941 303 1976 πρὸς
318 1940 400 1967 αὑτὸν
424 1940 517 1972 πίστις
539 1939 569 1966 οὐ
587 1939 711 1974 μείωσιν,
727 1937 840 1974 αὔξησιν
855 1938 884 1965 δέ

91 1998 150 2017 τινα
158 1989 220 2016 καθ’
230 1988 352 2022 ἑκάστην
363 1985 528 2021 ἐλάμϐανεν,
544 1985 642 2021 μηνύει
655 1985 694 2020 τῷ
708 1985 885 2021 ἀμεραμνου-

91 2037 122 2071 νῇ
137 2036 174 2068 ὡς
190 2035 313 2070 ἐφέσεως
324 2032 381 2068 ἐχοι
397 2032 443 2058 καὶ
459 2032 530 2058 κατὰ
557 2031 611 2058 τῶν
633 2031 776 2066 Ῥωμαίων
801 2039 884 2066 στρα-

92 2081 197 2114 τεῦσαι,
222 2081 270 2107 καὶ
287 2079 351 2110 τοὺς
368 2077 494 2114 ἐχθροὺς,
522 2077 548 2104 οἳ
561 2078 691 2104 κατεῖπον
715 2077 799 2104 αὑτοῦ
818 2077 886 2113 πρὸς

90 2125 135 2152 τῆν
148 2125 274 2160 βασιλέα,
285 2122 453 2158 ἀμύνασθαι,
471 2122 518 2148 καὶ
530 2121 601 2149 κατὰ
616 2121 666 2158 τὴν
687 2121 886 2149 Καππαδοκίαν

83 2173 140 2202 «τὰς
157 2170 280 2206 οἰκήσεις
308 2168 437 2204 ἔχοντας·
463 2167 511 2195 καὶ
537 2168 586 2195 σὺν
612 2167 686 2203 αὺτῷ
706 2167 814 2195 καὶτὸν
829 2167 887 2194 υίδν

88 2215 169 2251 ἠξίου
180 2213 339 2250 πέμπεσθαι
349 2213 394 2239 τὸν
407 2211 604 2248 ἁμεραμνουνῆ
613 2212 635 2227 ’³
654 2212 695 2244 εἰς
706 2211 818 2239 πλείονα
831 2213 886 2240 τῶν

90 2261 303 2296 ὑπονοουμένων
330 2259 373 2296 [Ρ.
385 2258 433 2295 75]
461 2258 623 2292 ἀσφάλειαν.
651 2258 806 2285 Κατανεύει
831 2260 887 2291 τοῖς

88 2308 246 2343 αίτηῡεῖσιν
261 2308 275 2333 ὀ
304 2305 430 2340 Ίσμαὴλ,
461 2305 508 2331 καὶ
529 2305 600 2332 κατὰ
616 2305 671 2331 τῶν
693 2301 731 2332 ὧν
752 2305 886 2341 ἐπεθύμει

88 2355 260 2388 ἐξέπεμπεν.
282 2352 327 2384 Ὦς
342 2352 371 2379 δὲ
387 2351 503 2388 πλησίον
515 2360 566 2378 που
584 2353 641 2384 τοῖς
656 2352 711 2379 τῶν
741 2352 886 2388 Ῥωμαίων

87 2400 179 2434 ὁρίοις
204 2399 335 2434 ἐγίνοντο,
359 2398 426 2434 δῆλα
443 2399 559 2425 ποιεῖται
583 2399 606 2414 ¹⁹
623 2397 658 2425 τὰ
672 2399 733 2426 κατ’
748 2399 829 2426 αὐτὸν
847 2398 887 2434 τῷ

89 2445 296 2476 Καππαδοκίας
308 2443 454 2481 στρατηγῷ
470 2445 517 2471 καὶ
531 2444 581 2479 τὴν
593 2444 715 2476 εἰσαῦθις
727 2445 795 2480 πρὸς
818 2444 888 2472 Ῥω-

936 1715 1067 1749 niumque
1079 1712 1248 1741 oli‘ensarum
1259 1711 1424 1740 oblivionem
1440 1715 1534 1738 sancte
1546 1709 1727 1745 promitteret.

934 1760 1061 1795 Acceptis
1088 1759 1115 1786 in
1141 1766 1241 1786 manus
1261 1757 1370 1785 Manuel
1385 1757 1494 1789 litteris,
1517 1756 1632 1784 incenso
1645 1756 1729 1783 ardo-

934 1806 1010 1832 ribus
1023 1804 1126 1838 animo,
1145 1803 1218 1831 serio
1233 1804 1336 1838 cogitat
1359 1803 1386 1830 in
1418 1803 1535 1838 patriam
1563 1802 1731 1837 domumth

935 1851 1047 1878 reverti.
1077 1850 1146 1883 Quia
1168 1850 1251 1885 igitur
1281 1849 1412 1884 temporis
1439 1849 1499 1883 ipsa
1529 1848 1730 1883 longinquitate

935 1896 1075 1930 rebusque
1105 1895 1238 1922 adversus
1273 1894 1354 1929 12o
1387 1901 1592 1921 ameramnuna:
1617 1894 1728 1926 hostes,

936 1948 1005 1975 quas
1032 1948 1114 1975 supra
1134 1940 1291 1973 retulimus,
1309 1940 1380 1967 bello
1396 1940 1526 1974 praeclare
1553 1939 1638 1974 gestis
1651 1947 1729 1967 suum

937 1987 974 2014 illi
992 1988 1080 2023 magis
1094 1987 1119 2014 in
1136 1987 1195 2014 dies
1213 1987 1344 2022 probarat
1356 1986 1448 2019 tidem,
1468 1993 1519 2013 nec
1533 1985 1587 2012 ulla
1601 1985 1658 2020 jam
1683 1994 1730 2012 su-

936 2034 1059 2068 spicioue
1082 2033 1235 2066 lahorahat,
1255 2032 1393 2068 signiﬁcat
1405 2032 1458 2060 hoc
1473 2031 1526 2059 sibi
1541 2032 1635 2058 animo
1658 2039 1731 2058 eon-

937 2079 1074 2112 stitutum,
1089 2082 1119 2105 ut
1135 2083 1162 2105 et
1174 2077 1308 2105 adverstts
1324 2076 1464 2104 Romanos
1479 2076 1579 2104 educat
1595 2080 1622 2103 et
1640 2068 1743 2102 iuimi-'

936 2131 985 2152 eos
1002 2124 1079 2161 (suos
1097 2124 1168 2160 apud
1189 2124 1383 2159 imperatorem
1401 2120 1549 2156 delatores)
1569 2121 1730 2154 ulciscatur,

936 2169 982 2204 qui
1008 2169 1036 2196 in
1051 2167 1225 2204 Cappadocia
1241 2168 1323 2195 sedes
1348 2166 1496 2194 habebant.
1513 2165 1552 2193 Ae
1565 2172 1621 2200 quo
1645 2164 1733 2200 magis

936 2216 1093 2244 institutum
1113 2215 1191 2246 celet,
1207 2214 1296 2249 ipsum
1319 2219 1523 2241 ameramnuna
1540 2211 1625 2238 filium
1639 2219 1733 2238 secum

938 2261 1010 2290 mitti
1030 2265 1120 2297 rogat.
1137 2261 1243 2288 Annuit
1271 2259 1374 2295 petenti
1400 2258 1551 2290 lsmaelus,
1571 2265 1604 2284 ac
1618 2258 1645 2284 in
1663 2264 1734 2293 quos

937 2311 1090 2347 expetierat
1107 2310 1202 2337 hostes
1214 2307 1367 2336 Manuelem
1383 2307 1493 2334 emittit.
1520 2305 1572 2333 Ubi
1599 2305 1657 2341 jam
1676 2303 1734 2332 Ro.

940 2364 1038 2384 manos
1050 2363 1121 2391 pene
1140 2356 1207 2381 fines
1231 2354 1368 2389 attigerat,
1391 2352 1570 2387 Cappadociae
1589 2356 1733 2386 praetorem

941 2402 975 2430 de
994 2402 1052 2429 suis
1067 2401 1151 2428 rebus
1170 2405 1273 2432 monet,
1295 2406 1381 2434 seque
1414 2406 1511 2425 rursus
1536 2398 1569 2424 ad
1594 2395 1735 2423 Romanos

942 2448 1034 2476 redire
1047 2448 1195 2483 significat,
1217 2446 1353 2481 simulque
1370 2450 1444 2473 certo
1460 2445 1519 2472 loco
1545 2443 1675 2471 locandas
1691 2443 1734 2469 in-

90 2494 196 2527 μαίους
210 2491 354 2520 ὲπάνοδον.
373 2491 420 2518 καὶ
448 2490 506 2526 ἅμα
523 2490 664 2517 ἐδίδασκεν
685 2491 722 2522 ὡς
739 2491 793 2527 χρὴ
817 2491 882 2518 κατὰ

944 2495 1029 2523 sidias
1042 2495 1138 2521 docet:
1155 2492 1190 2520 Ut
1205 2501 1276 2525 cum,
1289 2492 1391 2527 inquit,
1413 2491 1478 2518 illuc
1496 2498 1600 2522 venero,
1620 2488 1736 2516 Sarace-

87 2539 139 2564 ιιδν
160 2537 235 2564 δεῖνα
247 2538 329 2564 τόπον
356 2535 435 2572 λόχον
460 2536 520 2562 τινὰ
549 2536 597 2563 καὶ
625 2535 743 2572 ἐνέδραν
752 2536 879 2571 γενέσθαι

944 2549 1039 2568 norum
1064 2539 1232 2575 prwdonibus
1258 2539 1311 2565 alio
1339 2537 1469 2569 dimissis,
1497 2536 1525 2563 in
1555 2535 1736 2562 Romanorum

90 2584 166 2610 Ἵνα
184 2583 254 2610 ὅταν
268 2582 368 2610 ἐκεῖσε
378 2581 416 2617 δὴ
432 2581 571 2617 γένωμαι,
585 2581 622 2609 τὰ
632 2583 692 2618 μὲν
707 2583 882 2617 Σαρακηνῶι

945 2585 1001 2619 ipse
1016 2592 1128 2611 cuneum
1145 2584 1274 2616 incidam,
1292 2588 1372 2618 atque
1383 2584 1421 2610 ita
1438 2581 1473 2608 ad
1490 2581 1592 2616 patrios
1611 2580 1680 2607 (arca
1696 2588 1737 2607 rc-

87 2630 217 2664 κοῦρσα
240 2631 285 2657 ἐπ’
320 2629 418 2656 ἄλλον
445 2628 483 2663 δή
506 2637 574 2656 τινα
604 2629 698 2656 τόπον
714 2629 882 2662 ἐξελαύνει,

944 2636 1049 2664 vertor;
1067 2631 1106 2658 uti
1122 2631 1205 2658 etiam
1223 2629 1324 2658 factum
1339 2633 1389 2657 est.
1412 2627 1463 2656 Ubi
1481 2628 1554 2655 enim
1582 2634 1668 2662 prope
1680 2627 1736 2661 jam

84 2677 231 2708 ποιήσας
243 2676 317 2711 μετὰ
328 2675 381 2702 τοῦ
395 2676 490 2710 λόχου
505 2674 542 2709 δὴ
558 2676 686 2710 γένωμαι
703 2675 842 2709 καὶπρὸς
856 2676 882 2703 τί

944 2678 978 2706 ad
993 2679 1081 2706 locum
1097 2681 1263 2711 accesserat,
1279 2676 1402 2704 lsmaetis
1423 2675 1508 2703 ﬁliuni
1529 2674 1635 2709 prohxe
1662 2673 1737 2698 salu-

91 2723 256 2756 Ῥωμαίωγ
270 2723 329 2758 ἤθη
340 2722 538 2757 ἐπαναδράμω
549 2724 650 2754 αὐτός.
665 2723 698 2749 Ὃ
710 2722 756 2748 καὶ
768 2722 879 2756 γέγονεν

945 2729 1007 2753 tans
1019 2732 1052 2752 ac
1063 2725 1210 2752 osculans:
1227 2724 1288 2756 Abi,
1304 2723 1402 2758 inquit,
1418 2722 1472 2753 ubi,
1483 2721 1533 2756 ﬁli,
1547 2720 1688 2747 incolumis
1704 2719 1738 2745 ad

83 2770 159 2804 ἄρτι
173 2768 326 2804 γὰρ’ἐκεϊσε
335 2769 367 2805 δή
382 2777 433 2795 που
446 2769 622 2805 ἐπλησίαζεν,
634 2770 680 2797 καὶ
692 2769 777 2797 πολλὰ
789 2769 835 2796 τὸν
842 2770 882 2796 τοί

945 2775 1155 2807 patrem-tuum;
1170 2771 1237 2798 scito
1252 2777 1312 2797 vero
1325 2777 1376 2796 non
1392 2769 1426 2795 ad
1447 2768 1531 2794 alium
1549 2774 1589 2793 me
1604 2765 1739 2800 proﬁcisci

92 2815 223 2852 Ἰσμαὴλ
234 2816 289 2843 υἱον
304 2816 566 2852 κατασπασάμενος,
585 2816 696 2852 Ἄπιθι,
709 2816 772 2851 ἔφη,
788 2815 882 2850 ὑγιὴς,

945 2826 1024 2853 quam
1045 2818 1078 2844 ad
1104 2825 1190 2844 meum
1212 2825 1299 2844 verum
1325 2816 1510 2851 imperatorem
1535 2821 1565 2840 ac
1589 2812 1737 2839 dominum.

765 2862 882 2891 VARUS
901 2864 1105 2893 LECTIONES.

129 2910 159 2927 ³⁸
177 2911 223 2938 τὴν
235 2911 280 2937 soi
297 2910 405 2946 ἀμερ,ἳ
442 2912 463 2927 ι·
476 2910 543 2945 δῆλα
559 2909 653 2936 ποιεῖῖ
670 2917 703 2938 an
720 2909 878 2946 δηλοποιεῑῇ)
