2011 3156
131 196 183 231 131

511 200 582 232 LIB.
605 201 661 232 lII.
678 215 713 220 —
728 202 977 234 THEOPHILUS
992 203 1206 235 MICHAELIS
1224 206 1363 236 FILIUS.

1702 212 1756 244 13?.

127 262 180 286 νοι.
191 262 239 280 κα.
254 255 321 289 πρὸς
335 254 383 290 τὴν
399 255 501 283 ἑαυτῶν
515 256 729 292 επανέστρεφσν.
744 258 822 285 Κατὰ
837 258 865 284 δὲ
876 257 913 284 τοι

974 259 1116 294 chaganus
1129 259 1270 288 Cbazaria:
1294 268 1325 288 ac
1340 259 1448 289 Pedius
1459 261 1542 290 missa
1561 263 1694 298 legatione
1711 257 1763 294 inl-

126 300 209 328 αὐτδν
228 299 324 335 καιρὸν
339 301 353 327 ὃ
364 309 394 328 τε
409 302 527 337 χαγάνος
539 302 683 338 Χαζαρίας
696 304 743 330 καὶ
756 304 771 330 ὁ
782 303 839 339 Πὲχ
850 304 919 339 πρὸς

124 346 171 374 τὸν
187 346 380 382 αὐτοκράτορα
399 348 529 382 Θεόφιλον
547 348 671 384 ἔπεμπον
689 349 870 385 πρεσὸευτὰς,
888 349 918 377 τὺ

125 391 247 426 κάστρον
263 392 333 427 ὅπερ
357 393 428 419 οὔτω
453 394 559 429 Σάρκελ
582 394 798 430 κατονομάζεται
825 395 918 427 αὐτοῖς

125 439 272 474 κτισθῆναι
279 440 475 476 ἐξαιτούμενοι,
483 441 738 478 ὄπερέρμηνεύεται
745 441 794 477 μὲν
801 442 919 471 Λευκὸν

113 487 249 521 ,οικημαν
269 486 326 514 ἔστι
350 487 378 514 δὲ
391 488 438 514 καὶ
463 488 533 516 κατὰ
546 488 592 515 τὸν
614 488 717 516 Τάναῖν
734 488 867 523 ποταμὸν,
889 487 919 520 ὃς

125 533 192 564 τούς
209 541 240 559 τε
253 531 454 565 Πατζινακίτας
478 533 602 561 ἐντεῦθεν
616 534 664 560 καὶ
679 534 779 566 αὐτοὺς
799 534 916 570 διείργει

111 581 189 612 λιτοὺς
201 579 347 615 Χαζάρους
360 580 477 612 ἐκεῖθεν,
490 581 554 608 ἔνθα
568 581 615 608 καὶ
630 580 767 616 Χαζάρων
784 581 917 614 ταξεῶται

124 626 288 658 καθέζονται
301 626 455 662 τριακόσιοι
473 627 545 654 κατὰ
563 627 660 662 χρόνον
677 626 916 662 ὲναλλασσόμενοι.

124 668 177 699 *Ων
193 674 228 708 τῇ
243 672 352 708 αἰτήσει
367 673 414 699 καὶ
436 673 608 709 παρακλήσει
625 673 747 705 πεισθεὶς
761 673 775 699 ὁ
788 673 917 708 Θεόφιλος

123 717 171 744 τὸν
187 717 472 753 σπαθαροκανδιδάτον
486 719 631 753 Πετρωνᾶν
649 718 695 746 τοῦ
711 718 918 754 ἐπονομαζομέ-

123 772 170 791 νου
195 763 376 800 Καματεροῦ,
404 764 474 799 μετὰ
491 764 637 799 χελανδίων
658 764 917 800 βασιλικοπλωτμων

124 809 174 835 καὶ
189 808 238 836 τοῦ
254 808 410 836 Κατεπάνω
424 810 444 826 ⁸¹
462 810 511 845 τῆς
529 810 721 845 Παφλαγονίας
745 810 916 842 ἀπέστειλεν,

122 855 165 885 εἰς
185 852 273 889 πέρας
287 853 338 890 τὴν
356 854 460 881 τούτων
475 855 585 892 αἴτησιν
606 855 739 887 κελεύσας
753 856 916 891 ὑπαγαγεῖν.

125 901 176 932 ’ος
190 900 249 935 ἃμα
263 900 303 936 τῷ
320 901 370 936 τὴν
389 901 524 937 Χερσῶνα
547 902 710 929 καταλαϐεῖν
730 902 780 935 τὰς
798 902 847 938 μὲν
861 911 917 938 μα-

121 947 195 982 κρὰς
209 947 278 983 νῆας
296 948 387 975 έκεῖσέ
401 957 453 976 που
470 949 662 985 προσορμίσας
683 950 730 976 ἐπὶ
745 950 795 985 τῆς
817 949 918 985 χέρσου

122 993 282 1027 κατέλιπεν,
308 993 354 1022 τὸν
377 995 406 1021 δὲ
421 994 484 1022 λαὸν
504 997 534 1022 έν
557 996 736 1031 στρογγύλαις
760 995 918 1031 εἰσαγαγὼν

122 1041 207 1068 ναυσὶ
222 1040 301 1076 μέχρι
317 1041 364 1068 τοῦ
381 1041 513 1074 Τανάϊδος
529 1042 704 1078 διεὸιὸάσθη,
727 1042 793 1070 ἔνθα
807 1043 855 1069 καὶ
869 1042 918 1078 τὴν
954 1072 955 1075 η

122 1087 207 1114 πόλιν
224 1087 276 1114 ἔδει
297 1087 402 1119 τούτοις
421 1089 583 1123 οἰκοδομεῖν.
608 1089 684 1116 Ἐπεὶ
708 1088 737 1116 δὲ
753 1088 834 1116 λίθων
848 1089 862 1115 ὸ
873 1089 918 1116 τό-

121 1142 174 1166 πος
189 1133 299 1169 ἠπόρει,
319 1135 351 1160 ὲκ
369 1134 418 1169 μὲν
431 1135 486 1161 τῶν
508 1134 615 1170 μικρῶν
640 1135 786 1171 καχλήκων
805 1134 851 1162 τοῦ
868 1144 918 1161 πο.

121 1178 211 1214 ταμοῦ
223 1177 370 1211 ἄσϐεστον,
386 1180 418 1206 ὲκ
435 1180 464 1206 δὲ
482 1180 533 1215 τῆς
548 1180 734 1215 ὑποκειμένης
757 1180 808 1215 γῆς
833 1180 919 1214 πηλὸν

123 1225 260 1258 ὶγιαύσας
287 1225 332 1252 διὰ
357 1225 564 1261 καμίνων,καὶ
581 1226 692 1262 βίσαλον
717 1226 916 1262 ἐργασάμενος,

123 1270 175 1306 τὴν
186 1271 342 1305 ὁρισθεῖσαν
357 1270 433 1307 αὑτῷ
455 1271 578 1298 δουλείαν
596 1272 676 1307 μόγις
701 1272 760 1308 μὲν,
787 1272 916 1309 έπεραίου

119 1315 148 1342 δὲ
165 1316 210 1343 διὰ
233 1316 410 1352 πολυχειρίας
435 1316 583 1353 λαμπρῶς,
603 1318 737 1354 καὶπρὸς
761 1318 810 1353 τὴν
838 1317 916 1353 βασι-

119 1360 254 1388 λεύουσαν
280 1361 496 1396 ὲπανέστρεφεν.
528 1361 630 1388 Ἐδίδου
650 1361 678 1388 δὲ
705 1362 753 1389 καὶ
779 1364 845 1398 περὶ
868 1362 916 1389 τοῦ

121 1406 267 1441 Χερσῶνος
283 1407 321 1442 τῷ
336 1407 443 1443 βασιλεῖ
458 1407 572 1443 γνώμην
589 1416 618 1434 τε
634 1408 681 1435 καὶ
696 1408 806 1444 βουλὴν,
822 1405 862 1440 οἷς
876 1409 917 1441 είς

119 1454 221 1487 πεῖραν
230 1452 285 1479 τῶν
297 1452 451 1488 ἀνθρώπων
463 1451 545 1490 ἦλθεν
556 1454 602 1480 καὶ
612 1454 665 1481 τῶν
675 1454 765 1481 τόπων
774 1454 915 1490 όμοῦ,καὶ,

122 1508 133 1524 ι
150 1499 208 1525 οὐκ
215 1498 305 1530 ἄλλως
319 1498 410 1534 ἄρξεις
421 1500 471 1535 τῆς
479 1499 571 1535 χώρας
579 1500 627 1527 καὶ
639 1500 694 1526 τῶν
706 1500 795 1527 τόπων
808 1501 917 1536 ὁλοσχε-

119 1545 175 1580 ρῶς
189 1544 206 1579 ἢ
227 1545 381 1580 στρατηγὸν
398 1545 642 1582 προχειριζόμενος
656 1545 730 1578 ἴδιον,
746 1545 803 1573 ἀλλ’
817 1547 846 1574 οὐ
858 1548 914 1579 τοῖς

116 1591 234 1618 ἐκείνων
258 1591 373 1627 ἄρχουσί
387 1599 418 1618 τε
437 1592 485 1623 καὶ
504 1591 676 1627 πρωτεύουσι
702 1592 912 1620 καταπιστεύων
925 1602 947 1632 α

119 1635 230 1663 σαυτόν.
252 1645 262 1662 ι
282 1637 349 1664 Οὐδὲ
366 1636 435 1673 γὰρ,
451 1636 505 1665 οὐδ’
516 1637 649 1673 ἡμέτερός
668 1646 712 1664 πω
727 1637 775 1673 τῆς
798 1637 912 1666 ἐκείνων

118 1681 322 1717 προνοούμενος
347 1682 560 1714 ὲξαπεστέλλετο
592 1683 764 1719 στρατηγὸς,
794 1683 835 1720 [Ρ.
867 1684 911 1721 77]

117 1729 176 1755 ἀλλ’
190 1730 205 1756 ὸ
223 1729 371 1764 λεγόμενος
393 1730 544 1769 πρωτεύων
560 1731 630 1766 μετά
653 1731 700 1758 καὶ
713 1731 766 1758 τῶν
783 1731 912 1767 πατέρων

117 1775 167 1808 τῆς
193 1775 299 1807 πόλεως
313 1775 348 1802 τὰ
368 1776 457 1803 πάντα
471 1775 504 1812 ἦν
521 1776 641 1804 διοικῶν.
672 1776 736 1805 Ἐπὶ
753 1777 774 1795 ³³
793 1778 881 1813 τούτῳ
897 1778 911 1805 ὸ

118 1819 249 1854 βασιλεὺς
263 1820 393 1855 Θεόφιλος
405 1821 455 1848 οὐκ
465 1821 543 1849 ἄλλον
558 1822 626 1849 ἀλλὰ
639 1822 684 1850 τδν
698 1823 843 1859 εἰρημένον
859 1824 909 1851 Πε-

118 1868 236 1900 τρωνᾶν,
252 1866 290 1898 ὡς
305 1867 437 1904 ἔμπειρον
455 1868 552 1903 κρίνας
567 1869 613 1895 τοῦ
629 1869 724 1903 τόπου,
745 1878 910 1905 πρωτοσπα-

118 1911 211 1948 ὓάριόν
226 1920 257 1938 τε
272 1912 403 1948 ὲτίμησεν
418 1913 465 1940 καὶ
479 1913 632 1949 στρατηγὸν
651 1913 854 1947 ἐξαπέστειλεν,
865 1914 909 1941 τόν

116 1965 146 1983 τε
161 1957 340 1993 πρωτεύοντα
357 1959 405 1985 καὶ
422 1958 485 1990 τοὺς
509 1958 607 1991 ἄλλους
624 1958 758 1991 Θεσπίσας
785 1959 910 1987 ὑπείκειν

970 311 1123 339 peratorem
1140 310 1238 342 rogant
1257 310 1286 334 ut
1300 311 1421 334 castrum
1448 307 1539 335 Sarcel
1564 316 1763 345 nuncupatum,

969 351 1042 385 quod
1055 353 1282 388 interpretatione
1295 353 1416 382 nominis
1440 354 1539 382 domus
1559 356 1675 383 candida
1690 357 1764 384 (Ποπι-

978 401 1033 430 tur,
1050 397 1118 433 ipsis
1129 398 1253 426 aediﬁcet.
1275 398 1361 427 Porro
1373 399 1450 427 locus
1463 403 1505 427 cst
1519 399 1552 426 ad
1579 400 1693 427 Tanaim
1715 401 1766 428 llu-

968 443 1054 476 vium,
1068 451 1123 478 quo
1135 443 1200 472 hinc
1210 443 1274 471 inde
1287 443 1445 473 Patzinaces
1460 450 1486 472 ct
1497 445 1650 473 Chazaritze
1665 446 1764 474 dister-

969 488 1128 522 minantur;
1145 489 1190 516 ubi
1207 493 1234 517 et
1249 490 1402 517 Chazarita:
1421 489 1499 526 123
1521 491 1684 526 praesidiarii
1709 497 1766 519 trc-

969 533 1054 567 centi,
1080 534 1258 561 commutatis
1283 535 1391 562 vicibus
1418 543 1466 570 per
1496 540 1604 571 tempus
1628 535 1673 564 alii
1704 536 1765 564 aliis

969 578 1120 611 substituti,
1135 578 1282 607 stationem
1299 579 1410 608 habent.
1431 579 1535 608 Horum
1554 581 1700 616 postulatis
1713 590 1764 610 an-

969 631 1058 652 nuens
1083 623 1233 659 imperator
1267 625 1411 654 Pctronam
1445 626 1582 654 Camateri
1605 627 1655 662 (sic
1684 628 1764 664 dicti)

969 669 1282 705 spatharocandidatum
1317 679 1378 698 cum
1403 671 1492 699 classe
1512 672 1586 708 regia
1601 677 1627 700 et
1647 673 1765 710 Paphla-

969 715 1056 750 gouiae
1071 716 1214 750 capitaneo
1230 716 1306 743 misit
1317 735 1325 748 .
1338 724 1396 744 rem
1413 718 1581 752 przestituros
1595 726 1655 754 qum
1667 719 1706 746 illi
1719 728 1764 748 ro-

969 766 1109 795 gaveram.
1124 761 1176 790 Ubi
1194 766 1285 789 autem
1302 762 1468 791 Chersonem
1484 764 1616 799 appulsus
1633 771 1683 798 est,
1702 766 1762 794 lon—

969 805 1059 840 giores
1070 813 1154 834 naves
1168 806 1195 834 in
1227 810 1329 834 terram
1360 807 1511 837 subductas
1541 810 1597 838 illic
1614 810 1640 838 in
1661 815 1761 840 terram

969 852 1086 879 statione
1107 852 1252 888 relinquit,
1271 853 1396 882 rotundis
1419 862 1484 882 vero
1502 855 1646 891 impositas
1667 858 1763 892 copias

969 897 1003 925 ad
1024 897 1139 925 Tanaim
1166 906 1271 933 usque,
1302 906 1358 934 quo
1388 899 1451 927 loco
1487 902 1683 930 cxstruendum
1708 902 1762 930 illis

970 943 1100 978 oppidum
1120 947 1189 977 erat,
1218 944 1337 979 trajecit.
1361 943 1431 978 Quia
1454 950 1546 974 autem
1564 947 1642 975 locus
1655 948 1762 984 lapides

970 997 1025 1016 non
1047 990 1220 1022 habebat.ex
1243 989 1316 1018 ﬂuvii
1344 991 1435 1025 glarea
1451 992 1552 1019 calcem
1574 992 1659 1027 facit;
1673 1001 1762 1030 exque

969 1035 1090 1071 subjecta
1119 1037 1202 1064 humo
1226 1039 1312 1064 lutum
1335 1036 1361 1064 in
1378 1037 1479 1065 lateres
1493 1036 1661 1074 excoquens,
1675 1040 1760 1067 ardua

969 1082 1079 1117 quidem
1097 1082 1249 1116 molitione,
1268 1081 1451 1111 laborantium
1475 1088 1566 1112 tamen
1587 1085 1761 1113 multitudine

969 1129 1115 1164 magniﬁce
1143 1128 1264 1164 perfecto
1289 1137 1372 1166 opere
1400 1131 1510 1158 domum
1526 1131 1606 1158 redit.
1624 1130 1760 1160 Reversus

971 1183 1036 1203 vero
1063 1176 1196 1204 Petronas
1224 1176 1417 1212 imperatorem
1443 1176 1478 1204 de
1500 1176 1759 1211 Cliersonemo‘net.

969 1227 996 1248 ut
1011 1221 1057 1256 qui
1075 1221 1164 1256 gentis
1180 1229 1272 1249 mores
1293 1222 1400 1257 locique
1422 1222 1530 1258 genium
1546 1228 1673 1259 expertus
1690 1224 1761 1252 didi—

968 1272 1054 1299 cerat.
1073 1276 1127 1296 non
1145 1267 1225 1296 aliter
1234 1268 1353 1304 regionis
1365 1269 1586 1304 oppidorumque
1603 1270 1683 1305 pleno
1695 1269 1760 1304 jure

968 1318 1122 1348 compotem
1139 1313 1208 1345 fore.
1222 1321 1305 1348 quam
1325 1314 1349 1342 si
1375 1314 1517 1349 proprium
1545 1315 1605 1342 urbi
1630 1316 1759 1351 gentique

969 1360 1112 1395 praesidem
1125 1359 1280 1395 ducemque
1294 1360 1460 1395 praeﬁceret;
1473 1368 1527 1388 non
1545 1361 1681 1397 indigenis
1694 1370 1759 1397 pro-

967 1405 1077 1433 ceribus
1092 1413 1125 1433 ac
1138 1405 1303 1440 primatibus
1322 1412 1366 1433 res
1385 1413 1450 1434 suas
1466 1406 1599 1434 Crederet.
1619 1406 1758 1436 llactenus

966 1452 1038 1478 enim
1070 1459 1150 1479 nemo
1176 1451 1314 1486 regionem
1338 1458 1539 1487 procuraturus
1561 1452 1637 1488 Cpoli
1653 1461 1757 1489 prmses

968 1498 1037 1525 mitti
1053 1497 1177 1531 solebat;
1195 1497 1241 1525 sed
1261 1505 1341 1532 quem
1364 1497 1403 1525 illi
1422 1497 1565 1533 primatem
1580 1503 1688 1532 vocant,
1702 1507 1757 1527 una

967 1551 1028 1571 cum
1044 1543 1169 1578 patribus
1184 1542 1303 1571 civitatis
1323 1548 1420 1572 cuncta
1438 1545 1619 1579 gubernabat.
1639 1543 1757 1581 Impera-

967 1594 1010 1617 tor
1025 1589 1176 1625 approbato
1186 1589 1303 1617 consilio
1322 1590 1411 1625 ipsum
1426 1598 1508 1624 quem
1525 1590 1646 1619 diximus
1659 1591 1756 1620 Petro-

965 1644 1038 1669 nam,
1065 1643 1115 1663 usu
1142 1635 1261 1671 regionis
1275 1636 1392 1671 peritum
1414 1636 1550 1670 iudicans.
1566 1637 1757 1673 protospatha-

965 1683 996 1711 rii
1013 1682 1145 1718 dignitate
1165 1686 1275 1710 auctum
1292 1683 1435 1718 prasidem
1454 1683 1534 1720 124
1547 1683 1641 1718 mittil,
1653 1685 1756 1719 prima-

963 1729 1005 1757 rio
1025 1736 1058 1756 ac
1073 1729 1186 1764 reliquis
1199 1729 1306 1757 civibus
1325 1723 1473 1764 imperans.
1485 1735 1515 1756 ut
1535 1730 1608 1757 nulla
1625 1731 1756 1766 tergiver-

963 1775 1071 1803 satione
1090 1775 1174 1803 misso
1186 1775 1305 1811 praesidii
1321 1775 1482 1803 obaudiant.
1498 1774 1622 1811 Hincque
1643 1784 1752 1812 percre-

963 1822 1021 1849 butt
1032 1826 1061 1849 ut
1077 1821 1207 1857 prasides
1236 1821 1368 1849 Cliersoni
1393 1821 1587 1857 pratﬂciantur.
1616 1822 1706 1858 Atque
1726 1822 1753 1850 in

961 1875 1024 1896 eum
1049 1867 1159 1896 modum
1187 1870 1244 1894 tum
1269 1867 1427 1903 praesidium
1448 1866 1542 1895 Sarcel
1584 1872 1753 1896 exstructum

961 1917 1015 1947 est,
1029 1917 1086 1941 tum
1103 1912 1232 1949 deinceps
1256 1913 1333 1941 missi
1352 1913 1483 1948 Byzantio
1500 1913 1668 1942 Chersonem
1682 1921 1753 1949 prm-

963 1959 1049 1988 sides.

116 2005 313 2038 ἁνενδοιάστως
338 2005 432 2041 αὐτῷ⁴
449 2006 479 2039 ἐξ
500 2007 618 2043 ὅτουπερ
654 2006 701 2033 καὶ
724 2006 806 2042 μέχρι
823 2007 903 2043 ἡμῶν
923 2008 1077 2044 ἆκράτησεν
1094 2006 1148 2035 ἀπὸ
1162 2005 1217 2033 τῶν
1240 2005 1366 2033 ἐντεῦθεν
1398 2007 1439 2038 εἰς
1465 2006 1596 2041 Χερσῶνα
1631 2007 1752 2042 προσάλ-

116 2051 210 2079 λεσοαι
235 2052 417 2088 στρατηγούς.
436 2053 514 2080 Οὕτω
536 2054 586 2088 μὶν
601 2053 647 2080 οὖν
661 2053 679 2088 ἢ
696 2062 725 2080 τι
757 2054 804 2081 τοῦ
837 2054 944 2091 Σάρκελ

116 2096 242 2124 ἐντεῦθεν
258 2097 394 2134 ἀποστολὴ
415 2099 578 2134 στρατηγῶν

111 2180 115 2181 ν
152 2146 202 2173 κῦ’.
218 2145 325 2178 Ἐξεισι
336 2146 364 2172 δὲ
381 2146 619 2182 πάλινὸΘεόφιλος
635 2148 767 2175 κατὰτῶν
786 2149 904 2184 Ἀγαρη-

116 2191 170 2219 νῶν
188 2192 414 2228 ὲμδριοέστερος,
430 2193 479 2228 τῆς
499 2194 636 2230 πατρικῆς
652 2195 784 2231 ἡττᾶσθαι
799 2196 902 2232 τόλμης

114 2238 264 2273 ἀνέραστος
279 2238 327 2266 ὢν.
353 2239 436 2267 Ὀθεν
462 2241 510 2267 καὶ
535 2241 703 2277 πορρωτέρω
729 2242 838 2278 πρόεισι
854 2242 904 2279 τῆς

113 2283 236 2319 Συρίας,
262 2284 332 2320 ὁμοῦ
351 2284 401 2320 μὲν
429 2286 528 2322 κείρων
552 2287 602 2323 τὴν
629 2289 681 2324 γῆν
707 2289 755 2316 καὶ
783 2289 904 2326 πορθῶν,

112 2329 186 2364 ὁμοῦ
203 2330 232 2357 δὲ
246 2330 454 2368 λαφυραγωγῶν
465 2333 551 2370 αὐτὴν
564 2334 611 2361 καὶ
624 2335 845 2370 αίχμαλωτίζων,
857 2336 905 2364 καὶ

112 2375 209 2408 πόλεις
236 2377 462 2413 παραλαμϐάνων
490 2378 573 2412 ἄλλας
598 2389 627 2406 τε
651 2381 699 2408 δύο
730 2382 778 2408 καὶ
808 2383 906 2418 μέχρις

111 2421 233 2456 ἐδάφους
259 2424 528 2460 καταστρεφόμενος,
544 2426 591 2453 καὶ
609 2427 696 2464 αὐτὴν
715 2427 743 2454 δὲ
757 2428 806 2464 τὴν
818 2427 906 2461 Σωζό-

111 2475 220 2503 πετραν
248 2469 469 2505 ἐκπολιορκήσας
501 2471 621 2507 πατρίδα
649 2473 836 2508 τυγχάνουσαν
859 2474 906 2501 τοῦ

111 2514 324 2550 ἀμεραμνουνῆ,
342 2515 413 2558 ὑπὲρ
427 2512 460 2551 ἦς
474 2516 582 2551 ἐγένετο
598 2518 702 2544 ἐκεῖθεν
717 2519 763 2546 διὰ
775 2521 908 2556 γραμμά-

109 2567 171 2584 των
194 2560 396 2595 προτρέψασθαι
422 2561 575 2598 ἀναχωρεῖν
592 2563 638 2589 τὸν
652 2563 780 2598 Θεόφιλον
801 2565 835 2592 ὲκ
855 2565 905 2600 τῆς

108 2605 243 2640 πατρίδος
268 2605 365 2639 αὑτοῦ,
386 2607 437 2634 κᾶν
462 2608 514 2636 οὐκ
530 2605 588 2644 εἶχέ
609 2618 668 2642 πως
688 2610 733 2640 τὸν
756 2611 902 2639 ἀκούοντα.

109 2651 172 2678 .11!
183 2651 266 2679 ταῦτα
281 2653 332 2687 μὲν
343 2652 552 2690 διοικησάμενος
563 2656 631 2690 πρὸς
647 2655 696 2691 τὴν
708 2656 902 2692 βασιλεύουσαν

105 2698 254 2725 ἐπάνεισιν
270 2699 284 2725 ὁ
299 2699 439 2734 Θεόφιλος,
457 2700 496 2736 τῷ
511 2702 639 2738 Θεοφόὸῳ
662 2704 697 2729 τά
710 2703 765 2730 τῶν
789 2703 902 2738 Περσῶν

105 2744 284 2772 ἑνδιαθέσθαι
308 2746 536 2783 προτρεψάμενος
559 2748 607 2775 καὶ
623 2746 702 2781 αὖθις
724 2749 770 2777 διὰ
794 2750 901 2785 ταχέων

105 2792 317 2826 ἐπαναδραμεϊν
329 2792 398 2828 πρὸς
408 2793 499 2821 αὐτόν.
519 2794 588 2821 Ἀλλ’
599 2795 624 2821 οἱ
637 2795 742 2830 Πέρσαι
756 2795 901 2831 συσχόντες

104 2837 199 2864 αὐτὸν
213 2838 281 2865 κατὰ
293 2838 344 2874 τὴν
359 2838 484 2874 Σινώπην
497 2840 609 2875 βασιλέα
621 2842 667 2868 καὶ
683 2841 784 2869 ἄκοντα
800 2843 899 2878 ἀνεκή-

962 2054 1092 2091 οίκοδομὴ
1109 2054 1219 2088 ἐγένετο
1237 2054 1281 2080 καὶ
1296 2053 1313 2088 ἡ
1331 2052 1399 2087 πρὸς
1424 2052 1487 2083 τοὺς
1504 2052 1679 2088 Χερσωνίτας
1697 2053 1750 2080 τῶν

993 2147 1038 2176 29.
1055 2146 1140 2174 Porro
1153 2144 1321 2180 Theophilus
1347 2143 1498 2179 majoribus
1518 2151 1627 2171 rursum
1651 2144 1750 2172 animis

956 2195 1087 2223 adversus
1097 2192 1235 2227 Agarenos
1250 2190 1444 2226 proﬁciscitur,
1456 2196 1569 2225 paterna
1578 2197 1607 2218 se
1616 2189 1749 2217 minaretur

917 2231 945 2262 Ῑ)
958 2239 1072 2270 audacia
1087 2239 1174 2267 videri
1185 2245 1256 2274 σιεγε
1271 2238 1372 2266 ferens.
1391 2237 1481 2273 Longe
1498 2237 1590 2272 itaque
1604 2237 1630 2264 in
1643 2236 1749 2273 Syriam

956 2295 1119 2324 progressus
1128 2285 1208 2314 obvia
1217 2291 1333 2320 quaeque
1339 2288 1438 2318 vastat,
1448 2284 1630 2319 depraedatur,
1644 2284 1748 2320 diripit,

957 2335 1081 2369 duasque
1094 2336 1188 2368 captas
1206 2331 1336 2358 civitates
1349 2330 1408 2357 solo
1425 2334 1505 2357 tenus
1518 2330 1621 2362 diruit;
1637 2330 1703 2365 quin
1723 2335 1750 2358 et

956 2379 1045 2418 ipsam
1061 2382 1199 2414 expugnat
1213 2376 1388 2412 Sozopetram
1398 2383 1607 2404 amcrainnunaa
1619 2376 1748 2411 patriam,

958 2435 1035 2462 aqua
1049 2427 1095 2454 ille
1105 2431 1135 2453 ut
1152 2425 1292 2453 recederet
1318 2423 1430 2458 scriptis
1456 2423 1554 2450 litteris
1566 2423 1648 2450 etiam
1666 2427 1749 2458 atque

958 2474 1040 2502 etiam
1052 2476 1214 2508 rogaverat;
1238 2478 1396 2507 quanquam
1411 2470 1579 2506 Theophilus
1598 2471 1622 2498 ei
1634 2471 1748 2498 minime

958 2519 1166 2555 obtemperavit.
1176 2518 1280 2553 Hisque
1303 2518 1371 2545 adeo
1399 2517 1481 2553 gestis
1499 2516 1605 2551 Cpolim
1621 2524 1747 2545 reversus

959 2570 1010 2599 est,
1026 2565 1122 2593 relicto
1138 2563 1291 2599 Theophila
1311 2571 1374 2591 cum
1390 2562 1526 2590 mandatis
1545 2565 1575 2589 ut
1589 2569 1632 2590 res
1648 2560 1748 2589 Persa-

957 2620 1018 2641 rum
1031 2616 1208 2647 componeret
1222 2611 1312 2646 iisque
1330 2609 1491 2644 comp03itis
1508 2608 1608 2637 l'estine
1626 2609 1660 2636 ad
1682 2615 1746 2636 eum

956 2659 1067 2687 rediret.
1081 2657 1116 2686 At
1128 2657 1217 2686 Persa;
1236 2665 1297 2686 eum
1311 2656 1411 2692 Sinope
1425 2656 1573 2685 destientes
1585 2677 1593 2688 .
1607 2655 1746 2684 reluctan-

956 2708 1009 2732 tem
1029 2711 1106 2735 sane.
1138 2703 1329 2738 imperatorem
1353 2702 1574 2730 consalutarunt.
1598 2700 1623 2728 ls
1645 2700 1745 2735 partim

956 2749 1128 2786 imperatoris
1142 2749 1293 2777 reverentia
1310 2754 1338 2777 et
1352 2749 1438 2781 cultu.
1463 2748 1561 2784 partim
1573 2753 1645 2775 metu
1655 2746 1745 2774 deter-

957 2797 1036 2829 ritns,
1063 2804 1120 2824 rem
1145 2797 1326 2828 detrectabat.
1352 2796 1466 2830 diraque
1491 2802 1621 2830 passuros
1633 2801 1682 2829 pro
1695 2793 1747 2821 hac

953 2843 1105 2871 temeritate
1117 2850 1241 2880 ausuquc
1253 2842 1353 2871 aiebat.
1367 2841 1502 2874 Quocirca
1513 2841 1551 2868 illi
1562 2840 1645 2868 minis
1658 2839 1745 2867 territi

747 2888 864 2916 νΑιιιΑε
880 2887 1082 2917 LECTlONES.

149 2928 178 2944 "
197 2930 339 2966 καπετάνῳ
357 2930 378 2957 P
391 2940 397 2957 :
410 2930 446 2959 cl'.
463 2939 490 2966 p.
507 2931 559 2959 500
573 2941 598 2961 c.
637 2935 658 2951 "
675 2935 734 2962 ιπεὶ
750 2935 778 2964 Ρ.

285 2977 421 3008 Ριτιιοι..
442 2977 500 3009 Gn.
518 2979 599 3011 CIX.
