2011 3156
153 185 219 230 157,

533 185 605 216 LIB.
628 185 684 215 ΙΙΙ.
706 198 740 203 -
756 184 1003 216 THEOPHILUS
1013 185 1222 218 MICHAELIS
1241 188 1382 219 FILIUS.

1711 190 1767 223 158

150 251 177 278 γε
188 240 342 277 δημάρχους
354 241 472 277 ἔχοντες.
488 240 596 268 Τούτων
613 240 710 276 lectio;
726 237 761 276 ἦν
776 241 904 268 ἁπάντων
916 240 929 266 ὁ

983 241 1112 275 repletus,
1138 241 1164 270 in
1180 249 1265 270 aureo
1280 243 1450 278 gemmisque
1464 243 1594 274 distincto
1610 243 1710 273 sedens
1722 253 1769 273 so-

127 287 275 324 .βασιλεὺς,
302 286 351 314 καὶ
375 287 507 322 Θυμηδίας
539 286 647 322 ἁπάσης
676 286 875 322 πληρούμενος,
900 286 929 312 ἐν

147 332 229 369 χρυσῷ
249 331 362 368 διαλίθῳ
383 331 471 367 θρόνῳ
490 331 657 367 καθήμενος,
673 333 720 359 καὶ
739 333 776 367 μὴ
797 332 930 368 πρότερον

148 377 361 413 ἰξανιστάμενος,
383 376 420 409 ὡς
436 378 483 405 καὶ
499 378 618 405 τακτικὰ
632 378 723 413 βιϐλία
737 379 785 405 καὶ
801 377 929 413 βασιλικὰ

146 424 352 459 διαγορεύουσιν.
376 424 392 459 ἦ
412 424 467 451 τῶν
490 425 683 460 σκιρτημάτων
698 424 810 451 ἐκείνων
824 425 930 452 ἐπαπο-

146 471 233 498 λαῦσαι
256 470 300 498 διὰ
314 470 364 504 τῆς
377 470 441 502 θέας
457 471 504 497 καὶ
523 470 577 497 τῶν
597 470 743 497 πολιτικῶν
758 469 928 505 ὲξαλμάτων.

146 516 214 543 οὕτω
228 515 280 550 μὲν
302 515 389 542 ταῦτα
413 515 460 545 καὶ
479 515 523 542 διὰ
545 515 624 542 τοῦτο
657 515 695 550 τῷ
718 515 840 550 Θεοφίλῳ
862 523 930 543 κατ-

146 561 358 597 εσκευάσθησαν,
373 560 501 594 τοσοῦτος
511 561 540 588 δὲ
554 561 625 598 ἔρως
638 559 671 598 ἦν
686 560 789 588 τούτων
803 560 877 596 αὐτῷ
891 560 929 593 ὡς

145 608 185 636 καὶ
206 607 258 639 τὰς
276 608 403 643 συνήθεις
425 608 480 635 τῶν
503 608 675 644 πραγμάτων
699 607 856 643 ἀντιλήψεις
882 608 929 635 καὶ

145 652 198 680 καθ’
211 652 236 668 ⁸⁸
252 652 360 688 ἡμέραν
383 652 560 688 προελεύσεις
582 653 612 679 ὲν
628 652 704 689 αὖτῷ
730 653 763 689 δὴ
785 653 929 689 Τρικόγχῳ

143 698 268 726 ἐκτελεῖν.
287 695 325 726 Οὗ
349 699 397 725 καὶ
423 699 494 726 κατὰ
516 699 662 735 πρόσωπον
684 699 735 733 τῆς
756 698 785 733 ἐξ
807 699 928 735 ἀργύρου

143 744 396 779 κατεσκευασμένης
411 744 463 771 τῶν
477 744 568 771 πυλῶν
579 744 746 781 ἀνεστηκυῖά
758 746 831 773 ἐστιν
843 746 929 783 ὀροφὴ

143 791 268 824 τέσσαρσι
289 791 361 818 κίοσι
380 791 602 828 μετεωριζομένη
628 793 659 819 ἐκ
683 793 861 827 Θετταλικοῖι,
881 794 927 821 τοῦ

143 838 182 865 καὶ
196 839 343 873 πρασίνου,
368 839 455 867 λίθου.
473 839 598 876 Ἀντικρὺ
618 839 645 867 δὲ
667 841 769 876 ταύτης
792 841 838 868 καὶ
858 842 928 872 κατὰ

144 884 282 920 μέτωπον,
307 884 420 921 πλησῖον
442 885 474 921 δὴ
497 885 551 913 τῶν
573 887 726 922 εἰρημένων
750 887 926 922 ἀναὸαθμῶν,

143 930 204 957 κατὰ
223 930 257 957 τὸ
278 930 346 966 πρὸς
368 931 473 967 δυσμὰς
498 931 579 968 μέρος
602 932 649 960 τοῦ
678 933 768 969 Σίγμα
796 933 927 968 τρίκλινοι

143 976 291 1010 mouths;
324 977 364 1013 τῷ
394 978 517 1014 Θεοφίλῳ
545 978 774 1015 ὲξῳκοδόμηνται.
809 979 927 1015 Πυξίτης

144 1022 221 1063 Europa
232 1022 272 1058 τῷ
284 1023 324 1050 ἑνί
345 1032 376 1051 τε
394 1025 441 1052 καὶ
454 1025 617 1061 κατωτέρω,
634 1025 731 1061 ἅτερος
745 1026 773 1052 δὲ
787 1026 928 1062 ἀνώνυμος

146 1069 191 1104 μὶν
203 1069 340 1106 ἁνὼτερος
353 1070 391 1104 δὲ,
407 1071 455 1099 καὶ
468 1071 552 1098 αὑτοῦ
572 1072 617 1098 τὸν
631 1072 766 1107 βασίλειον
784 1073 884 1108 κλῆρον
899 1073 928 1100 ὲν

144 1113 226 1150 ἐαυτῷ
249 1115 404 1142 διαιτᾶσθαι
425 1116 527 1152 λαχών.
553 1116 654 1144 Τούτου
674 1116 707 1153 δὴ
728 1117 842 1150 Πυξίτου
857 1118 928 1146 κατὰ

145 1160 188 1197 τὴν
199 1161 323 1198 πλευρὰν
345 1163 431 1199 στίχοι
448 1163 659 1199 λελατόμηνται,
677 1164 831 1200 ἀσηκρῆτις
852 1164 929 1196 ὄντες

147 1207 296 1243 γεννήματα
308 1208 443 1244 Στεφάνου
465 1209 514 1246 μὲν
533 1210 641 1246 ἔχοντος
655 1210 785 1246 τοῦνομα,
809 1211 880 1241 οὕτω
900 1211 928 1241 BE

148 1254 188 1282 τοῦ
200 1254 396 1282 Καπετωλίτου
410 1256 693 1292 προσαγορευομένου.
709 1258 741 1284 Ut
755 1257 782 1284 δὲ
796 1256 866 1284 κατὰ
883 1257 929 1284 τὸν

145 1299 185 1327 τοῦ
196 1300 288 1336 Σίγμα
303 1301 468 1337 περίδρομον
482 1301 696 1337 ἐγκολαςξθέντες
716 1300 763 1329 τοῦ
775 1303 929 1338 οἶκουμενι.

144 1345 186 1374 κοῦ
196 1346 361 1375 διδασκάλου
379 1346 521 1383 (Ἰγνάτιος
539 1344 616 1379 οὗτος
632 1348 766 1383 ἐκαλεῖτο)
780 1347 929 1383 τυγχάνου-

145 1399 189 1419 σιν.
204 1392 286 1419 Κατὰ
300 1392 330 1419 τὺ
346 1391 487 1429 εὐώνυμον
502 1393 530 1420 δὲ
548 1394 640 1430 μέρος,
661 1393 699 1426 ὡς
714 1393 782 1430 πρὸς
797 1394 929 1426 ἀνατολὰς

143 1438 183 1465 τοῦ
195 1438 299 1474 Σῖγμα,
315 1438 409 1474 ἕτερός
421 1447 463 1471 τις
478 1439 614 1474 τρίκλινος
626 1439 783 1475 ἐξήρτηται,
797 1440 826 1472 ὃς
839 1440 930 1475 Ἔρως

145 1483 187 1518 μὲν
202 1483 398 1520 ἐπικέκληται,
421 1485 560 1521 ὁπλοθήκη
583 1485 611 1512 δὲ
633 1485 707 1521 αὐτῷ
734 1486 928 1521 ἐχρημάτιζεν.

148 1528 286 1557 Ἐντεῦθεν
304 1531 353 1557 οὐκ
366 1530 430 1561 ᾷλλο
453 1539 480 1557 τι
498 1530 516 1567 ἢ
542 1531 722 1567 ἱστορημένας
744 1531 858 1564 ἀσπίδας
883 1532 929 1559 καὶ

143 1576 206 1603 ὅπλα
224 1577 341 1607 παντοῖα
360 1577 408 1604 ῐδοι
432 1585 474 1608 τις
496 1578 525 1604 ὲν
554 1577 639 1613 αὐτῷ,
663 1578 711 1605 καὶ
733 1578 846 1610 ταύταις
867 1579 930 1611 τοὺς
943 1588 966 1621 c

143 1623 244 1658 τοίχους
262 1622 512 1659 διαμορφουμένας,
528 1623 565 1656 ὡς
579 1624 608 1650 τὸ
621 1625 702 1656 είκός.
720 1624 774 1652 Καὶ
785 1625 818 1651 τὰ
835 1625 885 1659 μὲν
901 1625 929 1659 ἐξ

143 1667 221 1695 αὐτοῦ
246 1669 294 1695 τοῦ
319 1669 473 1706 Τρικόγχου
500 1670 564 1705 ἃχρι
586 1670 618 1705 δὴ
637 1670 691 1698 τῶν
716 1671 827 1706 δυσμῶν
845 1671 930 1703 οὕτως

143 1713 243 1742 [Vtva
259 1715 324 1742 ίδεῖν
338 1715 401 1748 τοὺς
413 1716 652 1752 ἁνεγηγερμένους
663 1717 754 1750 οἴκους
769 1719 842 1744 ἐκεῖ·
859 1719 929 1745 κατᾶ

143 1760 168 1787 δὲ
183 1761 213 1788 τὺ
227 1761 297 1797 πρὸς
311 1761 444 1793 ἀνατολὰς
457 1762 541 1798 μέρος
559 1763 621 1795 ἴδοις
636 1763 685 1798 μὲν
698 1764 746 1791 καὶ
756 1764 802 1791 τὸν
814 1765 930 1800 Μαργα-

145 1806 217 1843 ρίτην
234 1806 277 1844 [Ρ.
293 1807 338 1844 89]
353 1808 634 1844 προσαγορευόμενον.
652 1809 793 1844 Τρίκλινος
806 1806 883 1842 οὗτος
899 1811 931 1837 ἐκ

144 1853 248 1891 βάθρων
261 1854 300 1890 τῷ
311 1854 432 1891 Θεοφίλῳ
445 1855 601 1891 ἀνεστηκὼς
613 1856 646 1889 δ’,
657 1856 686 1888 ὃς
697 1856 768 1883 ὀκτὼ
781 1856 830 1892 μὲν
845 1857 930 1884 κίοσιν

145 1900 334 1934 ῥοδοποικίλοις
349 1901 394 1928 τὸν
408 1901 506 1937 δροφον
522 1903 690 1938 στηρίξεται,
705 1904 769 1935 τοὺς
783 1904 888 1939 τοίχους
902 1904 930 1931 δὲ

144 1945 219 1979 ζώοις
241 1947 470 1982 πεποικιλμένους
497 1948 675 1980 παντοδαπῶς
692 1949 738 1975 καὶ
751 1950 773 1965 ⁵⁸
789 1949 818 1975 τὸ
834 1950 930 1984 ἔδαφος

144 1990 198 2028 ἔχει
219 1994 252 2020 ὲκ
273 1994 486 2030 Προικοννησίου
515 1993 590 2021 λίθου
618 1994 666 2021 καὶ
693 1995 833 2030 συγκοπῆς
858 1995 931 2026 ᾄπαν

144 2041 377 2076 κατεστρωμένον.
397 2040 476 2072 Ἰδοις
495 2040 523 2067 δὲ
541 2041 588 2067 καὶ
603 2040 650 2067 τοῦ
666 2041 694 2067 ὲν
711 2040 786 2077 αὐτῷ
803 2042 931 2072 κοιτῶνος

143 2086 173 2113 ιι
191 2087 332 2122 τεσσάρων
354 2087 404 2122 μὲν
433 2086 530 2114 κιόνων
553 2086 692 2114 Βαθυῖνων
706 2087 752 2114 τὸν
774 2086 867 2123 χρυσῷ
881 2097 931 2118 κα-

143 2132 284 2159 τάστικτον
305 2131 404 2159 κύκλον
428 2132 478 2168 τῆς
498 2131 600 2168 ὀροφῆς
625 2133 798 2168 ἀνεχόμενον,
818 2134 850 2160 ἐκ
867 2142 930 2162 τεσρ

145 2178 232 2213 σᾶρων
245 2178 274 2205 δὲ
292 2177 464 2205 Θετταλικῶν
478 2179 527 2211 τὰς
545 2178 625 2210 στοὰς
642 2179 868 2215 ἀνεγηγερμένας
883 2179 931 2210 καὶ

144 2223 357 2260 βασταζομένας,
376 2224 422 2251 τοῦ
445 2233 476 2251 τε
502 2223 661 2251 ἀνατολικοῦ
688 2226 790 2260 μέρους
812 2225 859 2256 καὶ
882 2224 930 2252 τοῦ

984 287 1029 320 lio,
1044 295 1095 314 nec
1121 288 1197 322 prius
1225 289 1363 324 surgebat,
1385 294 1413 317 ut
1436 289 1514 317 libris
1537 289 1634 319 bellica
1658 291 1770 326 ipsaque

983 332 1180 368 imperatorum
1218 335 1370 362 domestica
1408 335 1614 363 continentibus
1637 340 1771 371 statutum

982 384 1034 412 est,
1060 387 1142 415 quam
1171 381 1425 415 gesticulationibus
1449 380 1584 419 ejusmodi
1614 381 1771 416 civiumque

982 424 1106 459 tripudio
1115 426 1268 454 delectatus
1277 431 1359 454 esset.
1378 426 1418 459 Ita
1431 427 1498 460 haec,
1515 428 1598 462 inque
1612 435 1675 456 eum
1691 435 1771 458 usum

981 477 996 497 a
1011 469 1162 506 Theophila
1172 475 1322 499 exstructa.
1335 471 1423 499 Tanto
1447 476 1539 499 autem
1555 472 1652 499 borum
1678 480 1771 504 amore

981 517 1136 553 tenebatur,
1148 523 1178 545 ut
1192 522 1340 547 consuetas
1354 525 1500 546 causarum
1517 517 1577 546 lites
1593 518 1620 545 in
1636 517 1770 545 Trincon-

981 563 1034 591 cbo
1051 563 1112 599 ipso
1126 563 1266 592 dirimeret
1276 568 1304 591 et
1314 564 1437 599 quotidie
1446 564 1479 591 ad
1492 563 1580 602 ipsum
1592 564 1768 599 procederet:

980 612 1024 639 cui
1041 611 1122 640 etiam
1154 619 1170 639 a
1196 610 1285 640 fronte
1310 615 1397 647 portae
1411 615 1546 647 argentea:
1564 610 1643 649 143
1654 610 1771 639 sublime

980 663 1099 693 quatuor
1121 657 1257 686 columnis
1284 656 1436 685 Thessalici
1461 658 1618 691 marmoris,
1641 657 1713 692 quod
1730 662 1772 689 est

981 703 1077 735 viride,
1105 708 1205 730 tectum
1231 701 1365 730 imminet.
1385 701 1406 728 E
1427 703 1541 738 regione
1556 707 1645 729 autem
1660 702 1734 730 illius
1746 707 1773 730 et

981 758 996 776 a
1012 754 1097 784 tergo,
1113 750 1183 776 haud
1195 749 1290 784 procul
1304 749 1338 776 ab
1354 750 1388 776 iis
1404 756 1474 784 qu0s
1495 748 1616 776 diximus
1631 748 1770 784 gradibus.

982 793 1014 821 ad
1045 794 1137 829 Sigma
1165 793 1360 821 occidentalem
1379 797 1495 827 partem,
1518 800 1579 828 quae
1595 797 1704 820 exstant
1719 792 1770 820 tri-

980 840 1074 872 clinia,
1092 839 1247 875 Theophila
1263 843 1377 866 auctore
1397 842 1462 867 sunt
1485 841 1636 866 exstructa.
1663 837 1772 874 Pyxites

981 893 1080 914 nomen
1099 886 1144 913 uni
1166 893 1199 912 ac
1213 884 1336 912 inferiori
1359 894 1367 912 :
1392 884 1522 918 alterum,
1545 884 1617 920 quod
1632 887 1673 912 est
1687 891 1770 919 supc—

980 933 1046 966 rius,
1069 935 1144 960 carct
1158 931 1280 963 nomine,
1299 931 1326 958 in
1353 938 1407 965 quo
1438 930 1520 957 etiam
1539 929 1652 964 palatini
1678 929 1772 957 clerici

979 977 1073 1005 vestiri
1088 977 1186 1005 solent.
1200 976 1239 1003 Ad
1251 975 1434 1012 Pyxitislatus
1447 973 1574 1011 insculpti
1585 978 1650 1001 sunt
1664 981 1771 1006 versus.

980 1023 1110 1059 Stephani
1128 1031 1143 1051 a
1159 1022 1272 1053 secretis
1292 1021 1437 1057 Capetoliti
1463 1028 1531 1048 vena
1543 1020 1666 1055 producti
1690 1028 1696 1045 :
1721 1020 1768 1055 qui

979 1074 1070 1097 autem
1100 1069 1128 1096 in
1154 1067 1247 1104 Signia
1276 1068 1386 1104 porticu
1408 1071 1516 1094 exstant
1539 1066 1655 1099 exarati,
1673 1064 1771 1101 lgnatii

979 1116 1019 1145 sic
1035 1115 1187 1151 nuncupati
1202 1114 1366 1143 universalis
1394 1111 1527 1148 magistri,
1544 1112 1646 1148 ingenii
1671 1118 1771 1140 monu-

980 1165 1070 1189 menta
1085 1165 1159 1189 sunt.
1172 1160 1212 1188 Ad
1229 1160 1325 1187 laevum
1344 1159 1427 1191 latus.
1437 1158 1511 1186 velut
1526 1158 1559 1186 ad
1577 1158 1670 1194 Sigma
1682 1157 1773 1185 orien-

979 1207 1060 1234 talem
1082 1211 1199 1242 partem,
1214 1205 1288 1233 allud
1305 1204 1443 1241 quoddam
1461 1203 1611 1232 triclinium
1635 1203 1772 1236 imminet,

979 1256 1164 1288 cognomento
1183 1251 1272 1285 Eros;
1296 1250 1369 1287 quod
1389 1250 1427 1277 illi
1441 1257 1582 1277 armorum
1601 1256 1688 1284 penus
1702 1252 1773 1276 erat.

979 1297 1049 1325 Hinc
1065 1305 1119 1325 non
1129 1295 1202 1324 aliud
1220 1297 1281 1332 quis
1297 1295 1326 1323 in
1345 1303 1377 1331 eo
1390 1294 1480 1322 videat
1490 1302 1573 1330 quam
1589 1294 1699 1329 clypeos
1714 1301 1774 1321 om-

980 1345 1078 1379 nisque
1093 1343 1202 1380 generis
1217 1350 1293 1370 arma
1321 1342 1348 1369 in
1376 1341 1528 1377 parietibus
1548 1340 1666 1377 depicta,
1689 1337 1774 1374 inque

981 1390 1044 1424 illis,
1074 1394 1105 1418 ut
1131 1397 1180 1425 par
1207 1393 1259 1422 est,
1281 1387 1419 1416 coloribus
1438 1394 1578 1422 manuque
1599 1393 1631 1413 ac
1645 1384 1774 1421 penicillo

980 1443 1118 1472 expressa.
1134 1435 1218 1471 lnque
1232 1442 1296 1462 eum
1324 1434 1435 1462 modum
1465 1441 1482 1462 a
1501 1431 1658 1460 Triconcbo
1671 1431 1704 1458 ad
1722 1438 1774 1458 oc-

980 1482 1077 1510 ciduas
1092 1489 1180 1517 usque
1191 1486 1282 1517 partes
1309 1481 1441 1508 excitatas
1464 1479 1500 1506 ibi
1514 1479 1586 1509 aedes
1610 1478 1691 1505 liceat
1705 1484 1774 1504 eon-

981 1530 1087 1566 Spicere
1101 1538 1108 1557 :
1121 1529 1154 1556 ad
1168 1529 1300 1556 orientem
1316 1534 1409 1555 autem
1422 1527 1503 1554 etiam
1525 1525 1617 1553 rideas
1630 1532 1711 1560 quam
1726 1531 1775 1552 vo-

982 1580 1045 1604 cant
1059 1575 1248 1611 Margaritam.
1270 1573 1319 1603 Est
1343 1577 1432 1600 autem
1452 1572 1498 1600 illa
1515 1571 1664 1599 triclinium
1683 1569 1774 1597 al’un-

980 1621 1116 1649 damentis
1128 1629 1143 1648 a
1155 1620 1307 1656 Theophilo
1331 1619 1495 1651 excitatum,
1514 1616 1595 1654 cujus
1609 1620 1711 1645 tectum
1727 1623 1775 1643 eo-

981 1667 1081 1695 lumnaa
1097 1672 1160 1695 octo
1173 1666 1282 1694 Rhodio
1297 1672 1435 1694 marmore
1450 1663 1532 1692 variae
1551 1663 1666 1691 fulciunt
1682 1671 1688 1689 :
1701 1660 1774 1689 muri

981 1713 1071 1742 omnis
1082 1713 1190 1749 generis
1203 1711 1285 1748 pictis
1294 1711 1460 1739 animalibus
1473 1709 1614 1745 variegati,
1628 1708 1774 1744 pavimen-

982 1763 1039 1788 tum
1056 1756 1137 1787 omne
1167 1757 1362 1787 Proeconnesio
1386 1762 1503 1785 stratum
1520 1756 1610 1792 lapide
1631 1759 1659 1782 et
1675 1753 1773 1782 tessel-

982 1806 1078 1835 latum.
1115 1805 1214 1833 Videre
1236 1805 1319 1832 etiam
1345 1805 1409 1832 licet
1432 1804 1526 1832 orbem
1555 1802 1636 1840 ιω
1658 1809 1774 1829 camera:

982 1852 1100 1881 cubiculi
1119 1852 1191 1887 quod
1213 1851 1269 1879 illic
1288 1855 1341 1883 est.
1358 1858 1426 1878 auro
1441 1850 1599 1878 distinctum
1614 1852 1640 1875 et
1657 1852 1774 1883 quatuor

982 1899 1118 1928 columnis
1141 1897 1284 1925 Bathuinis
1299 1897 1457 1930 suﬂultum;
1471 1900 1590 1932 quatuor
1610 1894 1674 1921 item
1688 1893 1774 1921 Thes-

982 1945 1076 1975 salicis
1101 1947 1268 1972 sustentatas
1292 1944 1426 1977 porticus,
1445 1947 1501 1971 tum
1525 1941 1665 1969 orientalis
1680 1940 1775 1968 lateris

983 1993 1040 2017 tum
1054 1988 1212 2016 meridialis.
1242 1987 1309 2023 Ejus
1327 1988 1445 2024 parietes
1467 1991 1494 2014 et
1517 1987 1704 2020 pavimentum
1720 1993 1776 2012 ma-

982 2034 1081 2070 gniﬁce
1096 2038 1182 2062 strata
1198 2033 1311 2068 perinde
1328 2040 1361 2061 ac
1374 2031 1537 2069 lilargaritce.
1561 2031 1728 2059 Versabatur
1749 2031 1774 2058 in

982 2089 1015 2110 eo
1033 2080 1161 2109 cubiculo
1184 2079 1353 2116 TbeOphilus
1379 2079 1413 2106 ab
1439 2078 1605 2114 aequinoctio
1635 2085 1718 2105 verno
1741 2077 1775 2104 ad

982 2126 1176 2164 mquinoctium
1199 2125 1358 2154 autumnale
1391 2133 1423 2153 ac
1450 2124 1590 2159 deinceps.
1605 2123 1665 2152 Jam
1684 2128 1774 2151 autem

983 2177 1126 2208 appetente
1138 2171 1249 2200 hiemali
1279 2171 1398 2198 solstitio
1419 2169 1452 2200 ad
1481 2170 1554 2197 aliud
1575 2169 1732 2202 cubiculum
1749 2169 1775 2196 in

982 2218 1225 2246 Cariani‘triclinio
1232 2217 1416 2251 commeabat,
1425 2216 1497 2252 quod
1508 2217 1566 2252 ipse
1574 2220 1776 2249 construxerat;

145 2256 422 2304 μεσημϐρινοῦξτοὺς
441 2269 548 2305 τοίχους
561 2269 590 2296 δὲ
608 2269 655 2296 καὶ
674 2256 705 2296 cli
719 2256 816 2304 έδαυος
829 2271 930 2306 ὁμοίως

985 2266 1077 2301 inquo
1089 2265 1123 2292 ab
1138 2264 1302 2294 australium
1317 2267 1462 2292 ventorum
1483 2262 1733 2290 vehementioribus
1749 2269 1778 2289 se

143 2315 199 2345 τοῖς
226 2315 405 2351 Μαργαρίτου
436 2315 648 2351 κατεστρωμένα
672 2315 818 2350 λαμπρῶς.
846 2313 932 2349 Οὗτος

146 2359 216 2392 μὲνὸ
232 2360 328 2388 κοιτὼν
343 2358 416 2397 εἶχεν
436 2362 465 2388 ὲν
480 2359 568 2396 ἑαυτῷ
581 2360 758 2396 διαιτώμενον
774 2361 820 2389 τὸν
833 2361 932 2398 Θεόφι-

142 2403 190 2432 λον
206 2405 256 2432 ἀπὸ
270 2407 320 2440 τῆς
336 2407 446 2442 ἐαρινῆς
462 2405 633 2442 μεσημερίας
649 2407 670 2423 ⁸¹
692 2407 774 2442 μέχρι
791 2407 840 2443 τῆς
869 2417 932 2444 μετ-

143 2452 278 2488 οπωρινῆς
289 2453 311 2468 "
325 2452 373 2479 καὶ
387 2451 465 2483 αὖθις
476 2460 483 2466 ·
499 2452 562 2487 αρτι
577 2452 605 2479 δὲ
619 2452 669 2487 τῆς
684 2454 843 2490 χειμερινῆς
857 2462 932 2488 γειτ-

144 2496 285 2533 νιαζούσης
304 2497 410 2534 τροπῆς
433 2497 504 2524 κατὰ
525 2497 571 2525 τὸν
588 2497 666 2524 ἄλλον
691 2499 858 2534 μετῳκίζετο
875 2508 933 2527 κοι-

145 2542 217 2568 civ:
232 2543 276 2570 τὸν
300 2542 373 2572 κατὰ
388 2542 433 2570 τὸν
453 2542 590 2580 Καριανδν
611 2542 757 2578 τρίκλινον,
782 2544 829 2571 καὶ
850 2544 933 2572 αὑτὸν

146 2587 194 2614 ὕπ’
207 2589 305 2616 ἑκείνου
317 2589 526 2626 ᾠκοδομημένον
539 2588 583 2616 διὰ
596 2588 644 2620 τὰς
658 2588 713 2614 τῶν
726 2589 809 2616 νότων
824 2590 933 2627 ίσχυρο-

146 2633 226 2670 τέρας
240 2637 285 2662 καὶ
301 2635 458 2671 βιαιοτέρας
472 2635 555 2666 πνοάς
570 2641 577 2649 ·
589 2633 603 2661 ὃ
618 2634 664 2661 καὶ
676 2633 723 2660 νῦν
741 2634 787 2661 τοῦ
806 2635 931 2665 παππίου

147 2679 218 2706 εστιν
231 2681 292 2708 ltier
307 2681 490 2715 καταγώγιον.
504 2681 560 2715 Οὐχ
571 2677 652 2717 ἦττον
671 2679 699 2707 δὲ
713 2680 825 2716 κατόψει
841 2681 887 2707 καὶ
901 2681 932 2708 τὸ

148 2726 235 2756 bis?“
249 2727 281 2763 δὴ
295 2727 409 2763 ἡλιακὴν
426 2727 472 2754 ὑπ’
486 2727 589 2754 ἑκείνου
607 2726 761 2763 κατασεσλη
766 2727 847 2762 μένον
861 2728 932 2759 κατὰ

149 2772 287 2806 πρόσωπον
300 2773 347 2800 τοῦ
360 2773 455 2809 βορρᾶ,
472 2772 502 2806 ἒξ
516 2770 547 2800 οἵ)
561 2772 592 2808 δὴ
607 2772 696 2808 ῶρᾷτο
711 2773 758 2799 καὶ
773 2773 804 2799 τὺ
816 2773 932 2801 παλαιὸν

982 2313 1145 2346 protegeret.
1160 2308 1326 2336 Cubiculum
1348 2308 1399 2335 hoc
1414 2314 1486 2337 nunc
1504 2308 1590 2344 papia:
1603 2307 1775 2335 domicilium

982 2362 1033 2386 cst.
1048 2356 1103 2385 Nec
1117 2356 1208 2385 minus
1223 2354 1340 2387 videbis,
1353 2353 1428 2389 quod
1444 2353 1499 2381 illic
1508 2357 1607 2386 exstat,
1621 2353 1660 2380 sic
1674 2353 1777 2380 dictum

983 2403 1078 2431 Solare
1091 2402 1125 2430 ab
1141 2409 1173 2430 eo
1190 2401 1223 2428 ad
1238 2399 1395 2437 aquilonem
1413 2398 1577 2431 fundatum;
1593 2406 1626 2426 ex
1646 2405 1700 2434 quo
1712 2405 1777 2424 con-

983 2446 1161 2486 spiciebatur,
1180 2447 1253 2483 quod
1277 2451 1344 2474 tunc
1360 2445 1416 2473 illic
1438 2450 1508 2478 erat,
1523 2449 1601 2472 vetus
1620 2443 1778 2479 Sphaeriste-

982 2496 1066 2528 rium,
1082 2493 1129 2521 ubi
1144 2496 1171 2520 ct
1186 2500 1255 2519 nova
1271 2495 1411 2519 exstructa
1433 2490 1549 2518 ecclesia
1562 2498 1569 2522 ;
1582 2494 1702 2523 suntque
1717 2488 1778 2515 dum

981 2542 1078 2578 phialae
1091 2545 1118 2568 et
1136 2540 1232 2567 hortus
1242 2538 1368 2571 interior,
1389 2537 1423 2565 ab
1446 2536 1554 2574 inclytae
1570 2535 1710 2563 memoriae
1728 2535 1778 2567 Ba-

982 2588 1044 2616 silio
1069 2587 1232 2621 imperatore
1260 2583 1366 2612 eﬂ’ecta.
1403 2582 1436 2610 Et
1475 2583 1583 2618 quidem
1610 2583 1643 2609 ad
1671 2581 1777 2617 plagam

982 2634 1144 2665 orientalem
1169 2633 1226 2660 haec
1247 2635 1312 2660 sunt
1340 2630 1400 2665 ejus
1411 2629 1525 2658 aedilicia
1554 2638 1561 2656 :
1589 2629 1622 2656 ad
1653 2632 1778 2655 austrum

985 2687 1061 2712 vero,
1086 2678 1225 2714 productis
1249 2678 1367 2711 primum
1393 2675 1546 2706 Solaribus.
1577 2675 1614 2702 uti
1649 2669 1779 2708 superius

986 2728 1115 2759 diximus,
1142 2725 1294 2760 bortisque.
1318 2724 1365 2759 qui
1397 2732 1471 2751 nunc
1499 2727 1573 2756 sunt,
1609 2721 1776 2753 constitutis,

987 2777 1119 2809 pra-terea
1133 2771 1214 2798 etiam
1231 2769 1356 2797 cubicula
1376 2769 1526 2802 exstruxit,
1550 2767 1621 2803 quod
1642 2766 1776 2795 Camilam

149 2817 394 2859 τζονκανιστήριον,
419 2821 508 2847 ἐκεῖσε
530 2819 679 2855 τηνικαῦτα
702 2819 847 2855 τυγχάνον,
874 2821 930 2848 ἔνθα

991 2823 1101 2849 ιὀυειιιῐ.
1122 2818 1292 2852 altcrutnquc
1313 2815 1351 2843 illi
1377 2816 1514 2848 vicinum;
1529 2814 1655 2850 quodque
1678 2814 1777 2842 iterum

794 2866 910 2897 VARUS
927 2865 1128 2895 LEC'I‘IONES.

186 2911 206 2928 δ’
220 2913 288 2951 καθ’]
304 2914 363 2950 μεθ’
377 2913 405 2942 Ρ.
447 2914 466 2931 ⁵⁵
483 2913 633 2949 ἐνεστηκώς
646 2922 651 2928 ·
663 2913 678 2940 ὃ
692 2913 712 2942 Ρ
760 2915 783 2931 ⁸⁸
796 2914 842 2941 καὶ
860 2923 914 2942 om.
929 2914 956 2941 Ρ.
997 2914 1017 2929 ¹¹
1035 2911 1200 2948 key-2951;?
1238 2911 1260 2925 "
1276 2909 1466 2944 μετοπωρινῆς
1484 2908 1511 2935 θ’
