2011 3156
229 195 279 228 159

225 257 310 284 prope
330 248 394 276 Illud
410 247 505 275 ordine
521 246 630 275 tertium
644 250 685 274 est
705 255 711 273 :
729 254 760 273 ac
783 245 864 273 modo
886 245 1014 279 Angusta:
1029 245 1051 273 Δ

226 296 342 322 vestium
370 302 456 329 penus
473 294 535 329 (hoc
558 297 599 320 est
613 292 785 328 vestiarium)
810 296 861 319 est.
882 292 1016 318 Caeterum

228 339 358 373 Camilas,
389 340 428 367 sic
459 339 562 366 dictum
592 338 760 370 cubiculum,
783 342 884 364 tectum
905 336 1016 370 quidem

228 386 310 413 habet
324 393 392 413 auro
407 385 577 417 distinctum,
596 377 668 419 quod
682 384 817 411 columan
832 391 878 410 sex
898 382 1018 409 Thessa-

229 432 272 460 lici
287 432 384 466 lapillis
406 431 469 465 (hoc
482 436 523 459 est
537 431 644 465 viridis)
665 430 783 458 sublime
800 429 877 466 145
891 428 1016 456 ῐυΙοίιιῐιῑ.

229 478 366 506 Parietum
387 477 531 505 inferiores
551 477 661 512 quidem
679 480 770 512 partes
787 476 923 503 similibus
947 483 1020 502 mar-

229 525 331 553 moreis
360 524 464 551 crustis
490 527 643 567 constrata:
669 526 753 556 sunt;
779 521 936 556 superiores
955 528 1019 548 vero

229 571 359 598 exhibent
372 574 477 597 statuas
492 569 626 604 quasdam
642 577 676 596 ex
693 568 811 596 tessellis
839 568 1018 601 compositas,

228 627 287 653 quae
302 625 382 653 poma
408 617 568 652 decerpunt.
597 616 731 643 Praeterea
754 622 819 642 vero
840 615 922 642 etiam
943 614 1021 649 pavi—

229 668 350 690 mentum
366 671 398 690 ex
419 662 613 690 Prmconuesio
628 661 716 697 lapide
736 666 861 688 stratum.
877 660 934 688 Una
951 668 1021 695 quu-

229 718 282 745 que
296 714 466 737 exstructum
484 709 646 740 oratorium,
673 707 729 735 duo
743 707 888 735 continens
913 707 1020 739 altaria,

230 759 346 782 alterum
360 756 538 783 sanctissimae
562 754 605 781 Dei
620 754 765 781 Genitricis
775 753 893 786 nomine,
906 753 1021 781 alterum

231 801 373 829 Michaelis
389 801 521 836 principis
546 800 666 828 caelestis
691 800 805 831 militim,
836 800 976 833 subjectus
997 800 1022 827 ei

231 849 337 881 xystus,
356 853 402 879 per
415 845 531 871 clatrutu
562 851 747 872 marmoreum
763 845 789 871 in
812 845 957 872 triclinium
970 845 1022 872 Au.

232 899 309 918 reum
346 895 502 925 aspectans,
517 890 689 917 bibliotheca:
701 890 761 918 usui
776 890 903 919 addictus
921 899 934 918 a
944 891 1024 919 Chri-

232 938 267 965 sti
287 942 397 964 amante
423 935 603 964 Constantino
635 937 911 973 Pcrphyrogenneto;
943 938 1022 972 cujus

232 990 330 1010 rursus
341 981 514 1010 coenaeulum
531 981 649 1017 parietes
661 981 770 1016 quidem
789 989 822 1008 ex
837 981 973 1009 Batltuino
988 982 1024 1008 la~

232 1028 295 1064 pide
317 1028 473 1062 splendidos
497 1027 588 1060 habet,
604 1028 789 1062 pavimentum
810 1033 876 1054 vero
898 1035 979 1055 omne
989 1035 1022 1055 ex

233 1074 378 1102 tessellulis
391 1074 554 1101 marmoreis
565 1073 633 1100 varii
650 1073 751 1101 coloris
769 1073 950 1108 compositum
970 1078 1021 1101 est.

234 1120 312 1154 Quod
325 1120 456 1148 Camilam
470 1120 593 1155 sequitur
608 1119 723 1146 alterum
737 1119 905 1150 cubiculum,
921 1124 1021 1147 tectum

235 1167 320 1203 priori
345 1167 434 1195 simile
463 1167 553 1198 habet,
575 1166 725 1194 Dociminis
745 1170 863 1202 quatuor
888 1167 1024 1194 columnis

236 1213 394 1245 subnixum,
410 1213 596 1248 pavimentum
627 1212 822 1241 Prmconnesio
846 1217 965 1241 stratum
981 1213 1023 1241 la~

235 1259 308 1296 pide.
343 1259 481 1287 Parietum
513 1267 604 1287 aerem
633 1258 789 1295 (inferiores
802 1260 906 1289 scilicet
922 1260 1023 1295 partes)

236 1305 466 1340 quemadmodnm
481 1305 601 1341 primum
625 1304 781 1332 cubiculum
799 1305 890 1333 aureis
909 1306 1025 1333 tessellis

1039 913 1060 940 Β

236 1353 339 1387 ubique
352 1357 514 1379 exornatum
536 1351 637 1379 habet:
653 1351 789 1386 reliquum
811 1359 884 1383 vero,
900 1351 946 1378 ubi
960 1351 1025 1378 deii-

237 1397 311 1426 ciunl
339 1397 493 1430 tessellnlaz,
518 1397 631 1425 arbores
644 1397 768 1431 quaedam
791 1396 1026 1432 Versicoloresque

237 1445 330 1480 ﬁgurae
341 1445 454 1480 implent
465 1453 497 1471 ex
510 1443 625 1472 Prasino
634 1451 780 1471 marmore.
792 1442 860 1470 Huic
874 1443 1024 1478 subjectum

237 1490 404 1524 cubiculum,
419 1490 490 1525 quod
505 1494 532 1517 et
545 1491 651 1517 medius
665 1494 759 1525 xystus
774 1497 821 1517 seu
837 1490 1024 1518 ambulacrum

238 1536 349 1570 dicitur,
379 1541 550 1564 exsectorum
575 1543 702 1571 gynaeceo
724 1536 912 1570 praefectorum
935 1536 1024 1564 domi-

239 1583 303 1612 cilio
318 1583 454 1611 addictum
466 1587 517 1609 est.
534 1581 655 1609 Tertium
680 1582 808 1617 denique,
829 1590 882 1609 una
904 1590 966 1610 cum
983 1590 1030 1610 cu-
1043 1581 1065 1612 ϐ

182 1633 184 1635 ’
240 1629 341 1662 biculo,
362 1628 433 1664 quod
449 1636 523 1656 nunc
544 1628 674 1663 Augustae
698 1629 815 1655 vestium
836 1636 922 1663 penus
937 1633 978 1656 est
992 1629 1029 1663 (id

240 1680 282 1702 est
296 1674 479 1709 vestiarium),
495 1673 586 1701 simile
601 1673 643 1701 bis
662 1677 763 1702 tectum
783 1673 873 1700 habet.
889 1674 1032 1702 Pavitneu-

242 1724 300 1747 tum
315 1719 434 1747 candido
454 1719 544 1754 lapide
561 1718 756 1747 Proeconnesio
766 1724 898 1750 stratum:
917 1721 1033 1756 parietes

242 1774 347 1799 omnes,
365 1773 419 1793 non
439 1770 504 1793 tunc
529 1765 637 1800 quidem
666 1765 746 1802 146
772 1766 818 1794 sed
851 1771 955 1801 postea,
982 1767 1032 1794 Mi-

242 1812 337 1840 chaele
352 1811 496 1847 Theophili
517 1811 574 1839 lilio
605 1811 782 1847 imperatore,
812 1813 892 1847 pictis
907 1814 1035 1849 imagini-

243 1858 296 1886 bus
318 1859 424 1893 egregie
451 1858 551 1884 ornati.
578 1857 644 1892 Ejus
669 1859 743 1893 quod
774 1859 838 1887 huic
858 1859 1034 1895 conjunctum

245 1904 439 1939 roltaamnsque
467 1903 648 1931 diversorium
679 1909 739 1937 est,
768 1909 869 1932 tectum
898 1906 1035 1934 columnis

244 1954 347 1986 septem
368 1949 494 1978 Cariauis
521 1949 651 1984 fulcitur;
683 1951 805 1987 quinque
839 1959 870 1979 ex
900 1948 1034 1980 meridiali

245 1996 334 2032 plaga,
353 1996 459 2024 duabus
487 2004 520 2024 ex
552 2004 582 2024 ea
615 2005 676 2032 quae
708 1997 741 2025 ad
764 1997 898 2026 orientem
919 2003 1035 2033 spectat,

244 2050 324 2070 muro
335 2042 438 2077 duplici
468 2042 601 2076 munitur,
622 2042 723 2077 quibus
737 2043 931 2079 {porphyretici
949 2043 1036 2079 Pega-

245 2087 373 2122 nusiique
400 2092 427 2114 et
456 2087 578 2118 Cariani.
595 2096 701 2115 necnon
724 2093 752 2115 et
776 2088 894 2122 Prasini,
912 2090 1036 2118 undulati

245 2134 364 2169 denique
390 2133 542 2162 Thessalici
559 2135 706 2163 marmoris
728 2139 827 2163 crustae
842 2141 1036 2165 ornamentum

768 191 1022 224 THEOI’HANES
1039 191 1316 222 CONTINUATUS.

1066 246 1112 271 καὶ
1128 245 1144 280 ἡ
1159 244 1216 271 Ns:
1225 245 1348 271 ἔκτισται
1362 243 1512 280 Ἐκκλησία
1528 243 1574 271 καὶ
1584 243 1611 270 αἱ
1626 243 1672 270 δύο
1680 243 1773 277 φιάλαι
1788 243 1858 270 τισὶ-ι

1069 290 1116 317 καὶ
1129 291 1159 317 τὸ
1175 291 1344 325 μεσοκήπιον
1358 290 1409 317 ὕπο
1427 289 1566 316 Βασιλείου
1578 288 1625 316 τοῦ
1642 289 1764 324 ἀοιδίμου
1779 289 1859 324 γινό-

1070 345 1138 372 μενα
1153 337 1297 372 βασιλέως.
1316 337 1370 363 Καὶ
1390 336 1458 371 πρὸς
1483 336 1532 372 μὲν
1546 336 1577 362 τὸ
1598 335 1756 363 ἀνατολικὸν
1775 335 1861 371 μέρος

1069 379 1148 409 αὗται
1163 383 1243 410 αὐτοῦ
1256 383 1283 409 αἱ
1298 382 1452 417 οἰκοδομαί·
1468 382 1537 418 πρὸς
1553 381 1581 409 δὲ
1598 382 1643 409 τὸν
1661 382 1736 408 νότον
1750 382 1861 418 πρῶτον

1071 429 1120 463 μὲν
1136 429 1207 456 αὐτὰ
1221 429 1254 456 τὰ
1279 429 1379 464 ήλιακὰ
1405 429 1559 464 προτείνας,
1574 428 1613 461 ὡς
1635 429 1700 464 ἡμῖν
1726 428 1862 465 πρότερον

1070 476 1188 511 εἴρηται,
1213 476 1260 502 καὶ
1283 475 1346 507 τοὺς
1366 475 1414 502 νῦν
1436 475 1515 507 ὄντας
1535 476 1642 511 κήπους
1666 475 1782 509 ποιήσας
1797 484 1861 503 κου-

1071 521 1199 549 σοῦκλεια
1214 522 1424 557 προσεδείματο,
1439 522 1484 548 τόν
1502 531 1532 548 τε
1549 521 1677 556 Καμιλᾶν
1695 522 1767 549 οὕτω
1782 521 1864 555 λεγό-

1073 577 1152 604 μενον
1165 569 1211 595 καὶ
1226 569 1257 595 τὺ
1276 568 1390 603 πλησίον
1409 568 1513 596 ἐκείνου
1531 568 1720 595 κουϐοῶιλειον
1735 568 1865 602 δεύτερον

1072 614 1118 641 καὶ
1131 614 1162 640 τδ
1173 613 1267 641 τούτου
1280 613 1362 641 πάλιν
1374 614 1444 641 κατὰ
1457 614 1532 646 τάξιν
1545 614 1658 649 πλησίον
1671 614 1774 649 τρίτον,
1787 615 1801 641 δ
1815 614 1866 641 καὶ

1071 660 1118 686 νῦν
1132 659 1180 694 τῆς
1196 659 1354 695 Αὑγούστης
1370 660 1428 686 ἐστὶ
1441 658 1604 696 βεστιάριον.
1629 660 1697 686 Ἀλλ’
1710 661 1724 686 ὸ
1740 660 1791 695 μὲν
1803 661 1864 688 Κα-

1074 706 1154 740 μιλᾶς
1166 705 1196 738 ἐξ
1210 705 1297 732 κίοσιν
1319 707 1350 733 ἐκ
1369 705 1532 733 Θετταλικοῦ
1555 706 1642 739 λίθου,
1661 706 1708 733 τοῦ
1729 706 1777 734 καὶ
1789 714 1865 742 πρα-

1074 753 1158 784 σίνου,
1169 753 1218 789 τὴν
1228 752 1493 788 χρυσοκατάστικτον
1503 753 1605 789 ὀροφὴν
1617 753 1866 788 μετεωριζόμενος.

1073 798 1127 825 τῶν
1144 798 1173 825 δὲ
1186 798 1284 834 τοίχων
1300 799 1334 826 τὰ
1354 799 1428 827 κάτω
1459 799 1507 834 μὲν
1533 799 1602 835 ἔχων
1627 799 1657 832 ὲξ
1678 799 1779 835 ὁμοίων
1797 808 1866 826 κατ-

1075 844 1234 879 εστρωμένα
1250 844 1372 877 πλακῶν,
1386 844 1421 870 τὰ
1435 844 1457 871 δ’
1472 845 1529 871 ἀνω
1542 845 1573 872 ὲκ
1589 845 1768 880 χρυσοαυγῶν
1781 845 1869 881 ψηφί-

1074 891 1127 917 δων
1143 890 1290 926 ἀγάλματά
1313 900 1373 918 τινα
1391 891 1536 927 τρυγῶντα
1556 891 1690 927 καρποὺς.
1712 890 1752 918 ἔτι
1772 891 1800 918 δὲ
1819 891 1869 918 καὶ

1073 936 1205 972 τοῦδαφος
1219 938 1251 963 ἐκ
1265 936 1345 964 λίθων
1361 936 1590 973 Προικοννησίων,
1606 937 1869 973 συνῳκοδομημένον

1074 981 1196 1016 ἔχει’καὶ
1212 982 1367 1017 εΰκτήριον,
1379 982 1426 1009 δύο
1441 982 1568 1018 περιέχον
1578 982 1702 1017 βήματα,
1716 982 1745 1009 ἓν
1761 982 1812 1017 μὲν
1828 983 1869 1014 είς

1073 1027 1158 1062 δνομα
1174 1029 1224 1063 τῆς
1241 1027 1393 1063 ὑπεραγίας
1409 1028 1556 1063 Δεσποίνης
1570 1027 1703 1055 Θεοτόκου
1715 1049 1723 1061 ,
1750 1029 1870 1063 θάτερον

1073 1073 1102 1100 δὲ
1116 1074 1155 1104 εἰς
1169 1073 1255 1108 ὄνομα
1269 1073 1316 1101 τοῦ
1331 1074 1550 1110 ἀρχιστρατήγου
1568 1074 1688 1110 Μιχαήλ.
1712 1073 1871 1110 Ὕποεεόητ

1074 1119 1121 1151 κὸς
1134 1120 1162 1146 δὲ
1174 1119 1268 1146 τούτου
1293 1120 1448 1156 μεσόπατόν
1462 1121 1553 1153 suam,
1571 1120 1584 1147 ὃ
1605 1121 1655 1156 τὴν
1680 1121 1730 1156 μὲν
1751 1121 1872 1149 σκοπιὰν

1074 1166 1119 1192 διὰ
1134 1165 1308 1202 μαρμαρίνου
1326 1166 1452 1193 κλουόίου
1477 1165 1546 1202 πρὸς
1566 1167 1612 1194 τὸν
1635 1167 1872 1203 Χρυσοτρίκ).ινον

1074 1211 1135 1246 ἔχον
1150 1212 1189 1244 είς
1206 1212 1381 1247 βιϐλιοθήκην
1396 1212 1550 1248 ἀφώρισται
1569 1213 1645 1249 παρὰ
1660 1213 1873 1241 Κωνσταντίνου

1076 1258 1122 1285 τοῦ
1139 1258 1312 1294 φιλοχρὶστου
1338 1259 1597 1296 Πορφυρογεννήτου
1614 1258 1765 1295 ﬂuctum;-
1783 1255 1874 1295 οὗπερ

1075 1305 1105 1331 τὸ
1122 1305 1318 1340 ἀριστητήριον
1335 1303 1412 1337 αὖθίς
1427 1306 1502 1332 ἐστιν
1518 1306 1552 1333 ἑκ
1567 1306 1649 1333 λίθων
1666 1306 1715 1342 μὲν
1730 1306 1873 1333 Βαθυῖνων

1075 1353 1138 1383 τοὺς
1154 1353 1261 1388 τοίχους
1282 1352 1343 1388 ἔχον
1362 1352 1637 1388 λελαμπρυσμὲνους,
1663 1353 1695 1378 ὲκ
1726 1351 1876 1386 συγκοπῶν

1076 1397 1103 1423 δὲ
1117 1398 1164 1424 καὶ
1178 1397 1313 1434 διαφόρων
1329 1399 1430 1434 χροιῶν
1452 1400 1482 1426 τὸ
1504 1399 1602 1434 ἔδαφος
1625 1399 1689 1426 πᾶν.
1707 1398 1749 1435 [Ρ.
1773 1397 1821 1434 90]
1837 1397 1877 1425 Τδ

1075 1443 1104 1470 δὲ
1131 1444 1201 1478 μετὰ
1222 1444 1268 1470 τὸν
1290 1445 1418 1479 Καμιλᾶν
1442 1445 1633 1472 κουὸούκλειον
1659 1445 1797 1480 δεύτερον,
1824 1445 1877 1481 τὴν

1077 1490 1178 1526 ὀροφὴν
1200 1491 1296 1526 ὁμοίαν
1311 1491 1350 1526 τῷ
1373 1492 1499 1528 προτέρῳ
1516 1491 1577 1527 ἔχον
1594 1491 1641 1519 καὶ
1662 1490 1715 1518 ὑπὸ
1731 1491 1878 1526 reactiqu

1078 1535 1176 1563 κιόνων
1194 1537 1391 1572 ὲστηριγμένον
1403 1537 1561 1573 δοκιμίνων,
1577 1537 1607 1564 τὸ
1628 1537 1725 1572 ἔδαφος
1740 1537 1773 1563 ἐκ
1792 1537 1878 1572 Προι-

1082 1582 1224 1616 κοννησίου
1242 1582 1316 1609 λίθου
1337 1583 1533 1619 κατέστρωται,
1551 1583 1605 1610 τῶν
1620 1583 1729 1618 τοίχων,
1752 1582 1791 1614 ὡς
1809 1583 1841 1609 es
1855 1583 1880 1598 "

1082 1627 1224 1662 πρότερον,
1239 1628 1284 1657 τὸν
1297 1628 1346 1663 μὲν
1360 1629 1429 1664 ἀέρα
1444 1629 1475 1655 ὲκ
1491 1629 1655 1664 χρυσοειδῶν
1665 1628 1793 1663 ψηφίδων
1808 1628 1879 1661 ὅλως

1082 1674 1318 1709 κατηγλαῖσμὲνον
1331 1674 1425 1710 φέρον,
1448 1675 1544 1710 δένδρα
1566 1675 1594 1702 δέ
1613 1683 1672 1702 τινα
1695 1676 1742 1702 καὶ
1769 1676 1880 1702 ποικίλ-

1086 1728 1158 1755 ματα
1170 1720 1202 1746 ἐκ
1214 1720 1352 1755 πρασίνων
1366 1720 1462 1755 ἔχοντα
1474 1720 1504 1747 τὸ
1516 1720 1608 1748 λεῖπον
1618 1712 1743 1756 ψηφίδων
1754 1720 1882 1757 ἀναπλη-

1086 1765 1225 1801 ρούμενον.
1242 1766 1278 1792 To
1292 1766 1379 1801 τούτῳ
1395 1766 1423 1793 δὲ
1435 1766 1614 1802 ὑποϐεϐηκδς,
1629 1767 1642 1793 δ
1656 1766 1703 1793 καὶ
1715 1767 1882 1798 Μεσὸπατος

1083 1811 1203 1846 λέγεται,
1226 1813 1266 1844 είς
1285 1813 1392 1847 οἴκησιν
1418 1812 1472 1839 τῶν
1499 1813 1548 1847 τὴν
1576 1814 1770 1846 γυναικωνῖτιν
1797 1821 1884 1844 112m.—

1086 1859 1242 1894 στευμένων
1261 1858 1453 1894 καρτζιμάδων
1470 1858 1554 1885 ἐστίν.
1576 1857 1613 1884 Τὸ
1640 1858 1669 1885 δὲ
1691 1857 1785 1893 τρίτον
1811 1858 1884 1894 μετὰ

1085 1905 1132 1932 τοῦ
1148 1905 1351 1937 κουσουκλείου,
1364 1905 1393 1931 τδ
1408 1905 1455 1931 καὶ
1469 1904 1516 1932 νῦν
1530 1904 1580 1939 τῆς
1593 1904 1752 1939 Δύγοῦστης
1769 1904 1883 1939 βεστιά-

1088 1960 1144 1987 ριον
1162 1950 1342 1986 χρηματίζον,
1357 1950 1453 1985 ὁμοίαν
1469 1950 1524 1985 ἔχει
1538 1950 1644 1982 τούτοις
1656 1950 1705 1986 τήν
1716 1950 1823 1985 ὀροφὴν
1835 1950 1884 1979 καὶ

1086 1997 1218 2032 τοῦδαφος
1235 1999 1267 2024 ὲκ
1287 1997 1384 2024 λευκοῦ
1397 1996 1471 2023 λίθου
1493 1997 1705 2032 Προικοννησίου
1722 2005 1886 2032 κατεστρω-

1089 2043 1180 2078 μένον,
1193 2042 1256 2073 τοὺς
1270 2042 1377 2077 τοίχους
1391 2042 1419 2070 δὲ
1431 2041 1555 2073 ἅπαντας
1570 2041 1622 2068 ὑπὸ
1638 2042 1751 2068 εἰκόνων
1766 2041 1886 2076 ὕστερον

1087 2089 1147 2116 ἀλλ’
1162 2089 1192 2115 οὐ
1207 2088 1267 2115 τότε
1279 2087 1529 2122 καταγλαῖσθέντας
1549 2087 1600 2114 ὑπὸ
1618 2087 1664 2114 τοῦ
1682 2087 1742 2114 υἱοῦ
1759 2088 1885 2123 Μιχαὴλ.

1088 2134 1125 2161 Τὸ
1144 2133 1232 2169 τούτῳ
1254 2134 1282 2160 δὲ
1307 2134 1446 2169 ἡνωμένον
1469 2133 1517 2160 καὶ
1541 2133 1719 2168 συμπεφυκὸς
1739 2133 1886 2168 κατώγεον

246 2181 378 2216 pra-bent.
394 2180 554 2215 Appellatur
565 2180 746 2208 diversorium
763 2181 834 2209 istud
849 2190 881 2209 ac
897 2183 957 2210 aula
976 2183 1026 2211 Μιιι

1089 2180 1159 2207 ἑπτὰ
1178 2180 1228 2216 μὲν
1249 2180 1321 2206 κίοσι
1342 2180 1492 2215 Καριανοῖς
1510 2178 1559 2215 τὴν
1583 2179 1686 2215 ὀροφὴν
1710 2180 1890 2215 στηρίζεται,

248 2227 322 2255 licus
334 2227 369 2255 ob
381 2234 548 2254 marmorum
558 2227 634 2254 vario
653 2227 744 2255 colore
755 2229 970 2263 compmitorum
991 2230 1026 2257 in-

1091 2226 1171 2253 πὲντε
1191 2226 1240 2262 μὲν
1255 2226 1322 2261 πρὸς
1342 2225 1517 2260 μεσημϐρίαν
1539 2225 1585 2252 δύο
1604 2225 1632 2252 δὲ
1651 2225 1720 2260 πρὸς
1735 2225 1887 2262 ἀνατολῆν,

248 2273 353 2309 signem
384 2272 556 2308 elegantiam,
582 2271 655 2300 unde
678 2278 705 2301 et
727 2273 875 2309 pavimenti
893 2274 990 2303 faciem
1001 2284 1026 2303 ei

1088 2273 1188 2308 τοίχοις
1201 2273 1229 2299 δὲ
1241 2272 1287 2299 δύο
1306 2271 1461 2306 ὠχύρωται,
1482 2272 1514 2298 ἐκ
1535 2271 1647 2298 μαλακῶν
1670 2271 1821 2308 Ῥωμαίων
1838 2273 1889 2299 καὶ

248 2318 367 2346 diversis
385 2318 478 2353 ﬁguris
493 2316 664 2353 diversisque
683 2326 716 2345 ac
731 2319 922 2354 pulcherrimis
938 2321 1026 2356 lapidi:

1086 2318 1283 2354 Πηγανουσίων
1299 2318 1346 2344 καὶ
1369 2317 1527 2353 Καριανῶν,
1544 2317 1613 2353 πρὸς
1633 2317 1660 2344 δὲ
1677 2319 1726 2345 καὶ
1741 2319 1889 2354 πρασίνων

249 2365 302 2392 bus
332 2363 439 2400 egregie
460 2364 653 2392 concinnatam
688 2363 779 2392 habet.
814 2365 893 2393 Dicas
919 2366 1026 2395 videndi

1087 2363 1338 2398 καλλωπιζομένους
1361 2363 1503 2395 ποταμίων
1524 2362 1712 2390 Θετταλικῶν·
1744 2363 1890 2395 Μουσικδς

249 2416 356 2447 pratum
371 2418 432 2439 esse
444 2409 559 2438 diversis
584 2409 698 2438 ﬂoribus
720 2416 839 2439 scatens.
855 2412 924 2440 lluic
942 2414 975 2440 ad
991 2421 1025 2442 oc

1087 2409 1164 2442 οὗτος
1180 2410 1393 2444 κατονομάζεται
1407 2409 1452 2436 διὰ
1469 2408 1517 2445 τὴν
1531 2409 1585 2435 τῶν
1604 2409 1763 2445 μαρμάρων
1781 2409 1889 2446 ἀκριϐῆ

250 2456 384 2485 cidentale
404 2457 475 2485 latus
497 2456 572 2484 aliud
595 2456 750 2484 cubiculum
779 2458 909 2492 adhaeret,
939 2459 1026 2487 eaden

1089 2456 1242 2492 συγκοπὴν,
1265 2455 1326 2482 ὅθεν
1351 2455 1397 2482 καὶ
1421 2454 1470 2490 τὴν
1499 2454 1547 2481 τοῦ
1575 2454 1691 2490 ἐδάφους
1714 2454 1826 2481 λείωσιν
1856 2456 1892 2481 ἐκ

251 2510 420 2531 marmorum
450 2502 582 2538 elegantia
608 2502 783 2531 instructum.
798 2503 839 2531 Ad
862 2505 919 2532 hmc
935 2509 1026 2532 tectun

1090 2503 1226 2537 διαφόρων
1246 2502 1296 2536 μὲν
1312 2501 1459 2537 σχημάτων
1473 2501 1505 2526 ἐκ
1518 2500 1656 2535 διαφόρων
1672 2499 1702 2526 δὲ
1717 2501 1766 2526 καὶ
1776 2499 1893 2533 ὡραίων

251 2547 326 2576 Illius
340 2549 474 2576 columnis
489 2549 610 2583 quinque
636 2547 771 2582 Carianis,
799 2550 886 2578 tribus
907 2551 941 2578 ad
957 2551 1024 2578 meri

1090 2549 1172 2576 λίθων
1186 2548 1372 2585 ἐξηρτυμένην
1386 2547 1449 2582 ἔχει.
1463 2546 1557 2578 Εἴποις
1571 2545 1605 2573 ἂν
1615 2545 1681 2573 αὐτὸ
1693 2546 1755 2573 ιδὼν
1765 2546 1893 2582 λειμιῖινσ.

253 2594 335 2627 diem,
350 2595 456 2621 duabus
468 2595 500 2622 ad
517 2602 656 2628 occasum,
673 2601 851 2624 sustentatur.
876 2597 956 2625 Aliud
975 2605 1026 2626 ven

1092 2594 1163 2623 εἶναι
1185 2595 1323 2630 διαφόροις
1351 2592 1444 2621 ἄνθεσι
1471 2591 1599 2628 βρύοντα.
1626 2591 1721 2628 Τούτῳ
1742 2592 1814 2626 πρὸς
1839 2592 1894 2627 μὲν

251 2644 297 2668 est
311 2639 344 2666 ad
359 2640 417 2673 ejus
429 2640 518 2673 pedes,
530 2640 632 2668 induas
645 2641 715 2669 aedes
733 2642 860 2675 divisum,
872 2642 943 2671 haud
961 2644 1026 2680 longi

1092 2642 1169 2669 δύσιν
1183 2642 1255 2669 κατὰ
1277 2639 1397 2676 πλευρὰν
1420 2639 1611 2666 κουϐούκλειον
1634 2639 1739 2673 ἥνωται
1765 2638 1815 2673 τὴν
1834 2637 1895 2665 τῶν

256 2685 290 2712 ab
300 2686 429 2720 Augustae
443 2687 651 2715 sacrocubiculo
661 2697 669 2721 ;
681 2688 725 2715 ubi
738 2689 820 2716 etiam
830 2689 930 2717 Cbristi
946 2697 1025 2717 aman

1097 2689 1250 2725 μαρμάρων
1270 2687 1423 2723 ὡραιότητα
1444 2686 1516 2714 κατὰ
1536 2686 1625 2713 πάντα
1639 2686 1723 2722 φέρον
1746 2685 1894 2721 ὲφόμοιον,

257 2730 311 2758 Leo
330 2731 476 2765 imperatOr
493 2732 598 2760 Sancta:
618 2733 702 2762 Annae
717 2735 853 2762 exstruxit
869 2736 1019 2763 oratorium

1096 2736 1137 2764 ἔτι
1155 2736 1183 2763 δὲ
1199 2735 1246 2762 καὶ
1267 2734 1339 2761 κίοσι
1365 2734 1447 2760 πέντε
1469 2733 1629 2768 Καριανοϊς,
1654 2733 1731 2768 τρισὶ
1754 2732 1805 2768 μὲν
1821 2730 1898 2767 πρὸς

258 2775 336 2808 cujus
363 2776 449 2811 ipsius
474 2782 575 2805 tectum
603 2779 737 2807 columnis
764 2785 882 2815 quatuor
900 2780 1025 2809 Batltuiui

1099 2781 1272 2818 μεημὸρίαν
1285 2780 1331 2808 δύο
1346 2779 1374 2806 δὲ
1388 2778 1458 2814 πρὸς
1471 2778 1588 2813 δυσμὰς,
1604 2778 1654 2814 τὴν
1671 2777 1775 2814 ὀροφὴν
1791 2776 1889 2813 βαστᾴη

259 2820 378 2854 fulcitur,
394 2823 575 2856 pavimentum
602 2833 632 2852 ex
651 2824 844 2855 Proeconncsio
866 2827 982 2854 candido
1000 2828 1025 2855 la

1097 2829 1200 2861 ξουσιν.
1214 2828 1328 2863 Ἕτερον
1350 2825 1378 2852 δὲ
1394 2824 1462 2861 πρδς
1476 2825 1561 2857 πόδας
1575 2824 1672 2851 τούτου
1689 2824 1775 2857 εστὶν,
1791 2824 1830 2856 εις
1845 2821 1901 2850 δὺο

899 2874 1015 2904 VARUE
1034 2872 1237 2904 LECTIONES.

295 2914 364 2947 ηὼς
375 2917 402 2944 τὺ
416 2917 477 2948 add.
491 2920 680 2949 Comlieﬁsius.
