  <div class='ocr_page' id='page_1' title='image "/cluster/home/n/w/nwhite01/storage/ocr_20150623/109/njp.32101077772927/088.png"; bbox 0 0 2011 3156; ppageno 0'>
   <div class='ocr_carea' id='block_1_1' title="bbox 138 162 1325 214">
    <p class='ocr_par' dir='ltr' id='par_1_1' title="bbox 138 162 1325 214">
     <span class='ocr_line' id='line_1_1' title="bbox 138 162 1325 214; baseline -0.005 -4"><span class='ocrx_word' id='word_1_1' title='bbox 138 162 180 214; x_wconf 55' lang='lat' dir='ltr'><strong>ibi</strong></span> <span class='ocrx_word' id='word_1_2' title='bbox 557 177 632 209; x_wconf 81' lang='lat' dir='ltr'><strong>LIB.</strong></span> <span class='ocrx_word' id='word_1_3' title='bbox 648 177 698 209; x_wconf 80' lang='lat' dir='ltr'><strong>IV.</strong></span> <span class='ocrx_word' id='word_1_4' title='bbox 718 189 753 195; x_wconf 83' lang='lat'><strong>-</strong></span> <span class='ocrx_word' id='word_1_5' title='bbox 772 174 1166 206; x_wconf 77' lang='lat' dir='ltr'><strong>MICHAELTHEOPHILI</strong></span> <span class='ocrx_word' id='word_1_6' title='bbox 1181 174 1325 205; x_wconf 80' lang='lat' dir='ltr'><strong>FILIUS.</strong></span> 
     </span>
    </p>
   </div>
   <div class='ocr_carea' id='block_1_2' title="bbox 1706 176 1758 210">
    <p class='ocr_par' dir='ltr' id='par_1_2' title="bbox 1706 176 1758 210">
     <span class='ocr_line' id='line_1_2' title="bbox 1706 176 1758 210; baseline 0 0"><span class='ocrx_word' id='word_1_7' title='bbox 1706 176 1758 210; x_wconf 72' lang='grc'><strong>162</strong></span> 
     </span>
    </p>
   </div>
   <div class='ocr_carea' id='block_1_3' title="bbox 135 229 926 271">
    <p class='ocr_par' dir='ltr' id='par_1_3' title="bbox 135 231 918 271">
     <span class='ocr_line' id='line_1_3' title="bbox 135 231 918 271; baseline -0.006 -9"><span class='ocrx_word' id='word_1_8' title='bbox 135 236 179 271; x_wconf 78' lang='grc' dir='ltr'><strong>μὲν</strong></span> <span class='ocrx_word' id='word_1_9' title='bbox 191 234 291 270; x_wconf 76' lang='grc' dir='ltr'><strong>δόμους</strong></span> <span class='ocrx_word' id='word_1_10' title='bbox 304 234 478 271; x_wconf 75' lang='grc' dir='ltr'><strong>διῃρημένον,</strong></span> <span class='ocrx_word' id='word_1_11' title='bbox 493 233 531 269; x_wconf 81' lang='grc' dir='ltr'><strong>τῷ</strong></span> <span class='ocrx_word' id='word_1_12' title='bbox 547 232 744 268; x_wconf 77' lang='grc' dir='ltr'><strong>Δῦγουστιακῷ</strong></span> <span class='ocrx_word' id='word_1_13' title='bbox 758 232 786 258; x_wconf 67' lang='grc' dir='ltr'><strong>δὲ</strong></span> <span class='ocrx_word' id='word_1_14' title='bbox 802 231 918 266; x_wconf 78' lang='grc' dir='ltr'><strong>πλησιά-</strong></span> 
     </span>
    </p>
   </div>
   <div class='ocr_carea' id='block_1_4' title="bbox 977 229 1758 271">
    <p class='ocr_par' dir='ltr' id='par_1_4' title="bbox 977 229 1758 265">
     <span class='ocr_line' id='line_1_4' title="bbox 977 229 1758 265; baseline 0.005 -8"><span class='ocrx_word' id='word_1_15' title='bbox 977 231 1040 263; x_wconf 86' lang='lat' dir='ltr'><strong>)ide,</strong></span> <span class='ocrx_word' id='word_1_16' title='bbox 1068 231 1099 257; x_wconf 74' lang='lat' dir='ltr'><strong>ad</strong></span> <span class='ocrx_word' id='word_1_17' title='bbox 1127 230 1244 265; x_wconf 76' lang='lat' dir='ltr'><strong>parietes</strong></span> <span class='ocrx_word' id='word_1_18' title='bbox 1278 229 1404 257; x_wconf 81' lang='lat' dir='ltr'><strong>Buthuiui</strong></span> <span class='ocrx_word' id='word_1_19' title='bbox 1433 231 1578 259; x_wconf 72' lang='lat' dir='ltr'><strong>marmoris</strong></span> <span class='ocrx_word' id='word_1_20' title='bbox 1597 233 1697 260; x_wconf 79' lang='lat' dir='ltr'><strong>crustis</strong></span> <span class='ocrx_word' id='word_1_21' title='bbox 1715 234 1758 262; x_wconf 88' lang='lat' dir='ltr'><strong>dl-</strong></span> 
     </span>
    </p>
   </div>
   <div class='ocr_carea' id='block_1_5' title="bbox 133 278 922 316">
    <p class='ocr_par' dir='ltr' id='par_1_5' title="bbox 133 278 922 316">
     <span class='ocr_line' id='line_1_5' title="bbox 133 278 922 316; baseline -0.004 -9"><span class='ocrx_word' id='word_1_22' title='bbox 133 282 172 314; x_wconf 77' lang='grc' dir='ltr'><strong>ςον</strong></span> <span class='ocrx_word' id='word_1_23' title='bbox 188 280 314 310; x_wconf 76' lang='grc' dir='ltr'><strong>κοιτῶνι·</strong></span> <span class='ocrx_word' id='word_1_24' title='bbox 332 281 396 308; x_wconf 69' lang='grc' dir='ltr'><strong>ἔνθα</strong></span> <span class='ocrx_word' id='word_1_25' title='bbox 413 281 460 308; x_wconf 80' lang='grc' dir='ltr'><strong>καὶ</strong></span> <span class='ocrx_word' id='word_1_26' title='bbox 473 281 549 308; x_wconf 78' lang='grc' dir='ltr'><strong>Λέων</strong></span> <span class='ocrx_word' id='word_1_27' title='bbox 569 282 583 307; x_wconf 76' lang='grc' dir='ltr'>ὁ</span> <span class='ocrx_word' id='word_1_28' title='bbox 607 281 779 316; x_wconf 80' lang='grc' dir='ltr'><strong>φιλόχριστος</strong></span> <span class='ocrx_word' id='word_1_29' title='bbox 796 278 922 314; x_wconf 65' lang='grc' dir='ltr'><strong>βασιλεὺς</strong></span> 
     </span>
    </p>
   </div>
   <div class='ocr_carea' id='block_1_6' title="bbox 132 324 922 362">
    <p class='ocr_par' dir='ltr' id='par_1_6' title="bbox 132 324 922 362">
     <span class='ocr_line' id='line_1_6' title="bbox 132 324 922 362; baseline -0.003 -9"><span class='ocrx_word' id='word_1_30' title='bbox 132 326 272 361; x_wconf 72' lang='grc' dir='ltr'><strong>εὐκτήριον</strong></span> <span class='ocrx_word' id='word_1_31' title='bbox 289 327 339 362; x_wconf 81' lang='grc' dir='ltr'><strong>τῆς</strong></span> <span class='ocrx_word' id='word_1_32' title='bbox 359 326 452 361; x_wconf 80' lang='grc' dir='ltr'><strong>Ἀγίας</strong></span> <span class='ocrx_word' id='word_1_33' title='bbox 469 327 569 361; x_wconf 76' lang='grc' dir='ltr'><strong>ΙἈννης</strong></span> <span class='ocrx_word' id='word_1_34' title='bbox 584 325 711 361; x_wconf 75' lang='grc' dir='ltr'><strong>ἐδείματο</strong></span> <span class='ocrx_word' id='word_1_35' title='bbox 736 325 784 352; x_wconf 75' lang='grc' dir='ltr'><strong>καὶ</strong></span> <span class='ocrx_word' id='word_1_36' title='bbox 808 324 874 351; x_wconf 73' lang='grc' dir='ltr'><strong>αὐτὸ</strong></span> <span class='ocrx_word' id='word_1_37' title='bbox 891 325 922 351; x_wconf 82' lang='grc' dir='ltr'><strong>ὲκ</strong></span> 
     </span>
    </p>
   </div>
   <div class='ocr_carea' id='block_1_7' title="bbox 132 369 922 405">
    <p class='ocr_par' dir='ltr' id='par_1_7' title="bbox 132 369 922 405">
     <span class='ocr_line' id='line_1_7' title="bbox 132 369 922 405; baseline -0.001 -9"><span class='ocrx_word' id='word_1_38' title='bbox 132 370 269 405; x_wconf 74' lang='grc' dir='ltr'><strong>τεσσάρων</strong></span> <span class='ocrx_word' id='word_1_39' title='bbox 284 370 334 405; x_wconf 79' lang='grc' dir='ltr'><strong>μὲν</strong></span> <span class='ocrx_word' id='word_1_40' title='bbox 349 371 447 398; x_wconf 85' lang='grc' dir='ltr'><strong>κιόνων</strong></span> <span class='ocrx_word' id='word_1_41' title='bbox 461 371 600 397; x_wconf 82' lang='grc' dir='ltr'><strong>Βαθυῒνων</strong></span> <span class='ocrx_word' id='word_1_42' title='bbox 609 371 658 404; x_wconf 87' lang='grc' dir='ltr'><strong>τὴν</strong></span> <span class='ocrx_word' id='word_1_43' title='bbox 669 369 769 405; x_wconf 74' lang='grc' dir='ltr'><strong>ὀροφὴν</strong></span> <span class='ocrx_word' id='word_1_44' title='bbox 781 369 922 404; x_wconf 75' lang='grc' dir='ltr'><strong>ἀνεγειρό-</strong></span> 
     </span>
    </p>
   </div>
   <div class='ocr_carea' id='block_1_8' title="bbox 133 416 922 459">
    <p class='ocr_par' dir='ltr' id='par_1_8' title="bbox 133 416 922 459">
     <span class='ocr_line' id='line_1_8' title="bbox 133 416 922 459; baseline -0.001 -17"><span class='ocrx_word' id='word_1_45' title='bbox 133 424 221 452; x_wconf 85' lang='grc' dir='ltr'><strong>μενον,</strong></span> <span class='ocrx_word' id='word_1_46' title='bbox 238 416 269 443; x_wconf 66' lang='grc' dir='ltr'><strong>τὸ</strong></span> <span class='ocrx_word' id='word_1_47' title='bbox 284 416 382 450; x_wconf 73' lang='grc' dir='ltr'><strong>ἔδαφος</strong></span> <span class='ocrx_word' id='word_1_48' title='bbox 399 416 427 443; x_wconf 76' lang='grc' dir='ltr'><strong>δὲ</strong></span> <span class='ocrx_word' id='word_1_49' title='bbox 442 417 474 444; x_wconf 79' lang='grc' dir='ltr'><strong>ὲκ</strong></span> <span class='ocrx_word' id='word_1_50' title='bbox 489 417 564 443; x_wconf 76' lang='grc' dir='ltr'><strong>λίθου</strong></span> <span class='ocrx_word' id='word_1_51' title='bbox 580 416 677 443; x_wconf 82' lang='grc' dir='ltr'><strong>λευκοῦ</strong></span> <span class='ocrx_word' id='word_1_52' title='bbox 696 416 922 459; x_wconf 48' lang='grc' dir='ltr'><strong>Προικοννησίου,</strong></span> 
     </span>
    </p>
   </div>
   <div class='ocr_carea' id='block_1_9' title="bbox 132 460 922 497">
    <p class='ocr_par' dir='ltr' id='par_1_9' title="bbox 132 460 922 497">
     <span class='ocr_line' id='line_1_9' title="bbox 132 460 922 497; baseline 0 -9"><span class='ocrx_word' id='word_1_53' title='bbox 132 460 197 496; x_wconf 72' lang='grc' dir='ltr'><strong>πρὸς</strong></span> <span class='ocrx_word' id='word_1_54' title='bbox 215 461 279 492; x_wconf 76' lang='grc' dir='ltr'><strong>τοὺς</strong></span> <span class='ocrx_word' id='word_1_55' title='bbox 292 461 400 497; x_wconf 81' lang='grc' dir='ltr'><strong>τοίχους</strong></span> <span class='ocrx_word' id='word_1_56' title='bbox 418 463 450 489; x_wconf 85' lang='grc' dir='ltr'><strong>ὲκ</strong></span> <span class='ocrx_word' id='word_1_57' title='bbox 466 461 606 488; x_wconf 77' lang='grc' dir='ltr'><strong>Βαθυῖνων</strong></span> <span class='ocrx_word' id='word_1_58' title='bbox 631 461 741 489; x_wconf 84' lang='grc' dir='ltr'><strong>πλακῶν</strong></span> <span class='ocrx_word' id='word_1_59' title='bbox 757 461 922 497; x_wconf 83' lang='grc' dir='ltr'><strong>διαμορφού-</strong></span> 
     </span>
    </p>
   </div>
   <div class='ocr_carea' id='block_1_10' title="bbox 133 507 921 544">
    <p class='ocr_par' dir='ltr' id='par_1_10' title="bbox 133 507 921 544">
     <span class='ocr_line' id='line_1_10' title="bbox 133 507 921 544; baseline 0.001 -11"><span class='ocrx_word' id='word_1_60' title='bbox 133 515 221 543; x_wconf 80' lang='grc' dir='ltr'><strong>μενον.</strong></span> <span class='ocrx_word' id='word_1_61' title='bbox 238 507 318 534; x_wconf 78' lang='grc' dir='ltr'><strong>Ἀλλὰ</strong></span> <span class='ocrx_word' id='word_1_62' title='bbox 330 507 410 534; x_wconf 76' lang='grc' dir='ltr'><strong>τοῦτο</strong></span> <span class='ocrx_word' id='word_1_63' title='bbox 422 508 471 543; x_wconf 75' lang='grc' dir='ltr'><strong>μὲν</strong></span> <span class='ocrx_word' id='word_1_64' title='bbox 484 508 522 544; x_wconf 80' lang='grc' dir='ltr'><strong>τῷ</strong></span> <span class='ocrx_word' id='word_1_65' title='bbox 541 508 591 543; x_wconf 82' lang='grc' dir='ltr'><strong>τῆς</strong></span> <span class='ocrx_word' id='word_1_66' title='bbox 605 508 765 543; x_wconf 80' lang='grc' dir='ltr'><strong>Αὖγούστης</strong></span> <span class='ocrx_word' id='word_1_67' title='bbox 777 507 921 543; x_wconf 79' lang='grc' dir='ltr'><strong>πλησιάζει</strong></span> 
     </span>
    </p>
   </div>
   <div class='ocr_carea' id='block_1_11' title="bbox 132 553 921 590">
    <p class='ocr_par' dir='ltr' id='par_1_11' title="bbox 132 553 921 590">
     <span class='ocr_line' id='line_1_11' title="bbox 132 553 921 590; baseline 0.003 -11"><span class='ocrx_word' id='word_1_68' title='bbox 132 553 250 586; x_wconf 79' lang='grc' dir='ltr'><strong>κοιτῶνι,</strong></span> <span class='ocrx_word' id='word_1_69' title='bbox 270 553 307 585; x_wconf 75' lang='grc' dir='ltr'>ὡς</span> <span class='ocrx_word' id='word_1_70' title='bbox 332 553 455 588; x_wconf 78' lang='grc' dir='ltr'><strong>ἔφαμεν·</strong></span> <span class='ocrx_word' id='word_1_71' title='bbox 480 555 568 582; x_wconf 80' lang='grc' dir='ltr'><strong>ἐκεῖνο</strong></span> <span class='ocrx_word' id='word_1_72' title='bbox 590 554 618 581; x_wconf 77' lang='grc' dir='ltr'><strong>δὲ</strong></span> <span class='ocrx_word' id='word_1_73' title='bbox 634 555 665 582; x_wconf 77' lang='grc' dir='ltr'><strong>τδ</strong></span> <span class='ocrx_word' id='word_1_74' title='bbox 686 554 754 590; x_wconf 78' lang='grc' dir='ltr'><strong>πρὸς</strong></span> <span class='ocrx_word' id='word_1_75' title='bbox 775 554 851 581; x_wconf 79' lang='grc' dir='ltr'><strong>δύσιν</strong></span> <span class='ocrx_word' id='word_1_76' title='bbox 872 555 921 581; x_wconf 82' lang='grc' dir='ltr'><strong>τοῦ</strong></span> 
     </span>
    </p>
   </div>
   <div class='ocr_carea' id='block_1_12' title="bbox 131 598 922 636">
    <p class='ocr_par' dir='ltr' id='par_1_12' title="bbox 131 598 922 636">
     <span class='ocr_line' id='line_1_12' title="bbox 131 598 922 636; baseline 0.003 -11"><span class='ocrx_word' id='word_1_77' title='bbox 131 598 270 625; x_wconf 73' lang='grc' dir='ltr'><strong>Μουσικοῦ</strong></span> <span class='ocrx_word' id='word_1_78' title='bbox 286 599 336 635; x_wconf 84' lang='grc' dir='ltr'><strong>τὴν</strong></span> <span class='ocrx_word' id='word_1_79' title='bbox 354 600 404 635; x_wconf 81' lang='grc' dir='ltr'><strong>μὲν</strong></span> <span class='ocrx_word' id='word_1_80' title='bbox 426 599 539 628; x_wconf 87' lang='grc' dir='ltr'><strong>κάθοδον</strong></span> <span class='ocrx_word' id='word_1_81' title='bbox 558 601 588 628; x_wconf 74' lang='grc' dir='ltr'><strong>ἐν</strong></span> <span class='ocrx_word' id='word_1_82' title='bbox 606 600 646 636; x_wconf 83' lang='grc' dir='ltr'><strong>τῷ</strong></span> <span class='ocrx_word' id='word_1_83' title='bbox 669 600 849 636; x_wconf 78' lang='grc' dir='ltr'><strong>προρῤηθέντι</strong></span> <span class='ocrx_word' id='word_1_84' title='bbox 865 600 922 635; x_wconf 82' lang='grc' dir='ltr'><strong>ἔχει</strong></span> 
     </span>
    </p>
   </div>
   <div class='ocr_carea' id='block_1_13' title="bbox 131 644 920 683">
    <p class='ocr_par' dir='ltr' id='par_1_13' title="bbox 131 644 920 683">
     <span class='ocr_line' id='line_1_13' title="bbox 131 644 920 683; baseline 0.003 -13"><span class='ocrx_word' id='word_1_85' title='bbox 131 644 241 671; x_wconf 83' lang='grc' dir='ltr'><strong>κοιτῶνι</strong></span> <span class='ocrx_word' id='word_1_86' title='bbox 262 645 307 672; x_wconf 81' lang='grc' dir='ltr'><strong>διὰ</strong></span> <span class='ocrx_word' id='word_1_87' title='bbox 326 644 471 680; x_wconf 83' lang='grc' dir='ltr'><strong>κλίμακος,</strong></span> <span class='ocrx_word' id='word_1_88' title='bbox 495 646 596 682; x_wconf 77' lang='grc' dir='ltr'><strong>ὁμοίως</strong></span> <span class='ocrx_word' id='word_1_89' title='bbox 618 647 645 675; x_wconf 82' lang='grc' dir='ltr'><strong>δὲ</strong></span> <span class='ocrx_word' id='word_1_90' title='bbox 666 646 713 673; x_wconf 73' lang='grc' dir='ltr'><strong>καὶ</strong></span> <span class='ocrx_word' id='word_1_91' title='bbox 739 645 788 683; x_wconf 79' lang='grc' dir='ltr'><strong>τὴν</strong></span> <span class='ocrx_word' id='word_1_92' title='bbox 802 646 920 673; x_wconf 79' lang='grc' dir='ltr'><strong>εἴσοδον·</strong></span> 
     </span>
    </p>
   </div>
   <div class='ocr_carea' id='block_1_14' title="bbox 132 687 921 727">
    <p class='ocr_par' dir='ltr' id='par_1_14' title="bbox 132 687 921 727">
     <span class='ocr_line' id='line_1_14' title="bbox 132 687 921 727; baseline 0.004 -11"><span class='ocrx_word' id='word_1_93' title='bbox 132 687 171 725; x_wconf 83' lang='grc' dir='ltr'><strong>[Ρ.</strong></span> <span class='ocrx_word' id='word_1_94' title='bbox 194 688 241 725; x_wconf 80' lang='lat'><strong>9!]</strong></span> <span class='ocrx_word' id='word_1_95' title='bbox 252 690 358 724; x_wconf 76' lang='grc' dir='ltr'><strong>εἰσάγει</strong></span> <span class='ocrx_word' id='word_1_96' title='bbox 377 691 405 717; x_wconf 76' lang='grc' dir='ltr'><strong>δὲ</strong></span> <span class='ocrx_word' id='word_1_97' title='bbox 423 691 470 718; x_wconf 78' lang='grc' dir='ltr'><strong>καὶ</strong></span> <span class='ocrx_word' id='word_1_98' title='bbox 485 692 554 727; x_wconf 83' lang='grc' dir='ltr'><strong>πρὸς</strong></span> <span class='ocrx_word' id='word_1_99' title='bbox 577 691 606 719; x_wconf 82' lang='grc' dir='ltr'><strong>τὸ</strong></span> <span class='ocrx_word' id='word_1_100' title='bbox 622 691 798 727; x_wconf 72' lang='grc' dir='ltr'><strong>καινούργιον</strong></span> <span class='ocrx_word' id='word_1_101' title='bbox 811 692 844 725; x_wconf 67' lang='grc'><strong>³⁵,</strong></span> <span class='ocrx_word' id='word_1_102' title='bbox 861 701 921 719; x_wconf 86' lang='grc' dir='ltr'><strong>κοι-</strong></span> 
     </span>
    </p>
   </div>
   <div class='ocr_carea' id='block_1_15' title="bbox 971 275 1758 310">
    <p class='ocr_par' dir='ltr' id='par_1_15' title="bbox 971 275 1758 310">
     <span class='ocr_line' id='line_1_15' title="bbox 971 275 1758 310; baseline 0.004 -7"><span class='ocrx_word' id='word_1_103' title='bbox 971 277 1111 304; x_wconf 87' lang='lat' dir='ltr'><strong>slinctum.</strong></span> <span class='ocrx_word' id='word_1_104' title='bbox 1141 275 1241 303; x_wconf 80' lang='lat' dir='ltr'><strong>Verum</strong></span> <span class='ocrx_word' id='word_1_105' title='bbox 1261 276 1333 303; x_wconf 88' lang='lat' dir='ltr'><strong>istud</strong></span> <span class='ocrx_word' id='word_1_106' title='bbox 1368 277 1498 310; x_wconf 64' lang='lat' dir='ltr'><strong>Augustae</strong></span> <span class='ocrx_word' id='word_1_107' title='bbox 1526 284 1606 304; x_wconf 87' lang='lat' dir='ltr'><strong>sacro</strong></span> <span class='ocrx_word' id='word_1_108' title='bbox 1632 278 1758 306; x_wconf 87' lang='lat' dir='ltr'><strong>cubiculo</strong></span> 
     </span>
    </p>
   </div>
   <div class='ocr_carea' id='block_1_16' title="bbox 973 321 1758 356">
    <p class='ocr_par' dir='ltr' id='par_1_16' title="bbox 973 321 1758 356">
     <span class='ocr_line' id='line_1_16' title="bbox 973 321 1758 356; baseline 0.003 -7"><span class='ocrx_word' id='word_1_109' title='bbox 973 321 1094 350; x_wconf 85' lang='lat' dir='ltr'><strong>vicinum</strong></span> <span class='ocrx_word' id='word_1_110' title='bbox 1108 325 1159 354; x_wconf 84' lang='lat' dir='ltr'><strong>est,</strong></span> <span class='ocrx_word' id='word_1_111' title='bbox 1180 322 1219 349; x_wconf 92' lang='lat' dir='ltr'><strong>uti</strong></span> <span class='ocrx_word' id='word_1_112' title='bbox 1248 321 1368 349; x_wconf 77' lang='lat' dir='ltr'><strong>diximus</strong></span> <span class='ocrx_word' id='word_1_113' title='bbox 1387 321 1479 356; x_wconf 89' lang='lat' dir='ltr'><strong>:quod</strong></span> <span class='ocrx_word' id='word_1_114' title='bbox 1493 327 1584 350; x_wconf 86' lang='lat' dir='ltr'><strong>autem</strong></span> <span class='ocrx_word' id='word_1_115' title='bbox 1613 323 1646 350; x_wconf 86' lang='lat' dir='ltr'><strong>ad</strong></span> <span class='ocrx_word' id='word_1_116' title='bbox 1661 323 1758 351; x_wconf 86' lang='lat' dir='ltr'><strong>Muslci</strong></span> 
     </span>
    </p>
   </div>
   <div class='ocr_carea' id='block_1_17' title="bbox 972 369 1760 406">
    <p class='ocr_par' dir='ltr' id='par_1_17' title="bbox 972 369 1760 406">
     <span class='ocr_line' id='line_1_17' title="bbox 972 369 1760 406; baseline 0.003 -10"><span class='ocrx_word' id='word_1_117' title='bbox 972 369 1117 396; x_wconf 87' lang='lat' dir='ltr'><strong>occiduum</strong></span> <span class='ocrx_word' id='word_1_118' title='bbox 1129 369 1201 397; x_wconf 87' lang='lat' dir='ltr'><strong>latus</strong></span> <span class='ocrx_word' id='word_1_119' title='bbox 1216 373 1268 402; x_wconf 88' lang='lat' dir='ltr'><strong>est,</strong></span> <span class='ocrx_word' id='word_1_120' title='bbox 1284 369 1319 396; x_wconf 91' lang='lat' dir='ltr'><strong>ita</strong></span> <span class='ocrx_word' id='word_1_121' title='bbox 1334 375 1491 396; x_wconf 83' lang='lat' dir='ltr'><strong>consertum</strong></span> <span class='ocrx_word' id='word_1_122' title='bbox 1504 374 1546 397; x_wconf 90' lang='lat' dir='ltr'><strong>cst</strong></span> <span class='ocrx_word' id='word_1_123' title='bbox 1561 374 1589 397; x_wconf 91' lang='lat' dir='ltr'><strong>ut</strong></span> <span class='ocrx_word' id='word_1_124' title='bbox 1606 377 1638 397; x_wconf 79' lang='lat' dir='ltr'><strong>ex</strong></span> <span class='ocrx_word' id='word_1_125' title='bbox 1650 370 1697 397; x_wconf 91' lang='lat' dir='ltr'><strong>illo</strong></span> <span class='ocrx_word' id='word_1_126' title='bbox 1712 379 1760 406; x_wconf 88' lang='lat' dir='ltr'><strong>per</strong></span> 
     </span>
    </p>
   </div>
   <div class='ocr_carea' id='block_1_18' title="bbox 972 415 1761 453">
    <p class='ocr_par' dir='ltr' id='par_1_18' title="bbox 972 415 1761 453">
     <span class='ocr_line' id='line_1_18' title="bbox 972 415 1761 453; baseline 0.004 -11"><span class='ocrx_word' id='word_1_127' title='bbox 972 415 1074 443; x_wconf 78' lang='lat' dir='ltr'><strong>scalam</strong></span> <span class='ocrx_word' id='word_1_128' title='bbox 1086 415 1113 442; x_wconf 92' lang='lat' dir='ltr'><strong>in</strong></span> <span class='ocrx_word' id='word_1_129' title='bbox 1129 423 1237 443; x_wconf 90' lang='lat' dir='ltr'><strong>sacrum</strong></span> <span class='ocrx_word' id='word_1_130' title='bbox 1257 415 1328 443; x_wconf 91' lang='lat' dir='ltr'><strong>idem</strong></span> <span class='ocrx_word' id='word_1_131' title='bbox 1343 415 1501 443; x_wconf 83' lang='lat' dir='ltr'><strong>cubiculum</strong></span> <span class='ocrx_word' id='word_1_132' title='bbox 1520 418 1668 445; x_wconf 73' lang='lat' dir='ltr'><strong>descensus</strong></span> <span class='ocrx_word' id='word_1_133' title='bbox 1680 423 1761 453; x_wconf 83' lang='lat' dir='ltr'><strong>atque</strong></span> 
     </span>
    </p>
   </div>
   <div class='ocr_carea' id='block_1_19' title="bbox 973 461 1761 498">
    <p class='ocr_par' dir='ltr' id='par_1_19' title="bbox 973 461 1761 498">
     <span class='ocr_line' id='line_1_19' title="bbox 973 461 1761 498; baseline 0.004 -10"><span class='ocrx_word' id='word_1_134' title='bbox 973 461 1064 489; x_wconf 88' lang='lat' dir='ltr'><strong>aditus</strong></span> <span class='ocrx_word' id='word_1_135' title='bbox 1075 466 1175 496; x_wconf 83' lang='lat' dir='ltr'><strong>pateat.</strong></span> <span class='ocrx_word' id='word_1_136' title='bbox 1196 461 1301 489; x_wconf 84' lang='lat' dir='ltr'><strong>inducit</strong></span> <span class='ocrx_word' id='word_1_137' title='bbox 1325 468 1389 488; x_wconf 89' lang='lat' dir='ltr'><strong>vero</strong></span> <span class='ocrx_word' id='word_1_138' title='bbox 1410 465 1437 488; x_wconf 88' lang='lat' dir='ltr'><strong>et</strong></span> <span class='ocrx_word' id='word_1_139' title='bbox 1463 461 1542 498; x_wconf 67' lang='grc'><strong>147</strong></span> <span class='ocrx_word' id='word_1_140' title='bbox 1564 463 1598 490; x_wconf 87' lang='lat' dir='ltr'><strong>ad</strong></span> <span class='ocrx_word' id='word_1_141' title='bbox 1618 471 1696 491; x_wconf 76' lang='lat' dir='ltr'><strong>nava:</strong></span> <span class='ocrx_word' id='word_1_142' title='bbox 1719 464 1761 491; x_wconf 82' lang='lat' dir='ltr'><strong>fa-</strong></span> 
     </span>
    </p>
   </div>
   <div class='ocr_carea' id='block_1_20' title="bbox 971 507 1762 545">
    <p class='ocr_par' dir='ltr' id='par_1_20' title="bbox 971 507 1762 545">
     <span class='ocr_line' id='line_1_20' title="bbox 971 507 1762 545; baseline 0.003 -10"><span class='ocrx_word' id='word_1_143' title='bbox 971 507 1054 535; x_wconf 71' lang='lat' dir='ltr'><strong>brica:</strong></span> <span class='ocrx_word' id='word_1_144' title='bbox 1075 508 1232 535; x_wconf 83' lang='lat' dir='ltr'><strong>cubiculum</strong></span> <span class='ocrx_word' id='word_1_145' title='bbox 1257 507 1472 543; x_wconf 80' lang='lat' dir='ltr'><strong>tricliniumque,</strong></span> <span class='ocrx_word' id='word_1_146' title='bbox 1504 516 1519 535; x_wconf 90' lang='lat' dir='ltr'><strong>a</strong></span> <span class='ocrx_word' id='word_1_147' title='bbox 1539 509 1762 545; x_wconf 78' lang='lat' dir='ltr'><strong>Basilioinclytaa</strong></span> 
     </span>
    </p>
   </div>
   <div class='ocr_carea' id='block_1_21' title="bbox 978 553 1760 590">
    <p class='ocr_par' dir='ltr' id='par_1_21' title="bbox 978 553 1760 590">
     <span class='ocr_line' id='line_1_21' title="bbox 978 553 1760 590; baseline 0.003 -10"><span class='ocrx_word' id='word_1_148' title='bbox 978 553 1119 581; x_wconf 79' lang='lat' dir='ltr'><strong>memoriae</strong></span> <span class='ocrx_word' id='word_1_149' title='bbox 1141 553 1306 588; x_wconf 83' lang='lat' dir='ltr'><strong>imperatore</strong></span> <span class='ocrx_word' id='word_1_150' title='bbox 1327 553 1465 581; x_wconf 87' lang='lat' dir='ltr'><strong>conditum</strong></span> <span class='ocrx_word' id='word_1_151' title='bbox 1479 564 1486 582; x_wconf 87' lang='lat'><strong>:</strong></span> <span class='ocrx_word' id='word_1_152' title='bbox 1499 554 1532 581; x_wconf 86' lang='lat' dir='ltr'><strong>ad</strong></span> <span class='ocrx_word' id='word_1_153' title='bbox 1548 555 1680 590; x_wconf 70' lang='lat' dir='ltr'><strong>porticuum</strong></span> <span class='ocrx_word' id='word_1_154' title='bbox 1696 555 1760 582; x_wconf 84' lang='lat' dir='ltr'><strong>item</strong></span> 
     </span>
    </p>
   </div>
   <div class='ocr_carea' id='block_1_22' title="bbox 972 599 1762 634">
    <p class='ocr_par' dir='ltr' id='par_1_22' title="bbox 972 599 1762 634">
     <span class='ocr_line' id='line_1_22' title="bbox 972 599 1762 634; baseline 0.003 -8"><span class='ocrx_word' id='word_1_155' title='bbox 972 599 1060 634; x_wconf 86' lang='lat' dir='ltr'><strong>quinti</strong></span> <span class='ocrx_word' id='word_1_156' title='bbox 1076 599 1206 633; x_wconf 86' lang='lat' dir='ltr'><strong>cubiculi,</strong></span> <span class='ocrx_word' id='word_1_157' title='bbox 1226 607 1281 634; x_wconf 91' lang='lat' dir='ltr'><strong>quo</strong></span> <span class='ocrx_word' id='word_1_158' title='bbox 1303 599 1364 630; x_wconf 85' lang='lat' dir='ltr'><strong>loco</strong></span> <span class='ocrx_word' id='word_1_159' title='bbox 1378 604 1466 627; x_wconf 78' lang='lat' dir='ltr'><strong>exstat</strong></span> <span class='ocrx_word' id='word_1_160' title='bbox 1496 599 1589 628; x_wconf 84' lang='lat' dir='ltr'><strong>Sancti</strong></span> <span class='ocrx_word' id='word_1_161' title='bbox 1608 600 1684 628; x_wconf 86' lang='lat' dir='ltr'><strong>Pauli</strong></span> <span class='ocrx_word' id='word_1_162' title='bbox 1701 609 1762 629; x_wconf 87' lang='lat' dir='ltr'><strong>ora-</strong></span> 
     </span>
    </p>
   </div>
   <div class='ocr_carea' id='block_1_23' title="bbox 973 645 1764 682">
    <p class='ocr_par' dir='ltr' id='par_1_23' title="bbox 973 645 1764 682">
     <span class='ocr_line' id='line_1_23' title="bbox 973 645 1764 682; baseline 0.004 -10"><span class='ocrx_word' id='word_1_163' title='bbox 973 646 1085 678; x_wconf 85' lang='lat' dir='ltr'><strong>torium,</strong></span> <span class='ocrx_word' id='word_1_164' title='bbox 1103 645 1138 673; x_wconf 84' lang='lat' dir='ltr'><strong>ab</strong></span> <span class='ocrx_word' id='word_1_165' title='bbox 1150 645 1259 682; x_wconf 62' lang='lat' dir='ltr'><strong>inclytae</strong></span> <span class='ocrx_word' id='word_1_166' title='bbox 1275 646 1414 673; x_wconf 76' lang='lat' dir='ltr'><strong>memoriae</strong></span> <span class='ocrx_word' id='word_1_167' title='bbox 1424 645 1522 674; x_wconf 81' lang='lat' dir='ltr'><strong>Basilio</strong></span> <span class='ocrx_word' id='word_1_168' title='bbox 1537 647 1701 682; x_wconf 83' lang='lat' dir='ltr'><strong>imperatore</strong></span> <span class='ocrx_word' id='word_1_169' title='bbox 1716 655 1764 675; x_wconf 78' lang='lat' dir='ltr'><strong>ex-</strong></span> 
     </span>
    </p>
   </div>
   <div class='ocr_carea' id='block_1_24' title="bbox 974 692 1098 719">
    <p class='ocr_par' dir='ltr' id='par_1_24' title="bbox 974 692 1098 719">
     <span class='ocr_line' id='line_1_24' title="bbox 974 692 1098 719; baseline 0 0"><span class='ocrx_word' id='word_1_170' title='bbox 974 692 1098 719; x_wconf 86' lang='lat' dir='ltr'><strong>citatum.</strong></span> 
     </span>
    </p>
   </div>
   <div class='ocr_carea' id='block_1_25' title="bbox 130 737 1762 776">
    <p class='ocr_par' dir='ltr' id='par_1_25' title="bbox 130 737 1762 776">
     <span class='ocr_line' id='line_1_25' title="bbox 130 737 1762 776; baseline 0.002 -13"><span class='ocrx_word' id='word_1_171' title='bbox 130 737 203 764; x_wconf 75' lang='grc' dir='ltr'><strong>τῶνα</strong></span> <span class='ocrx_word' id='word_1_172' title='bbox 224 739 271 765; x_wconf 75' lang='grc' dir='ltr'><strong>καὶ</strong></span> <span class='ocrx_word' id='word_1_173' title='bbox 293 737 430 774; x_wconf 78' lang='grc' dir='ltr'><strong>τρίκλινον</strong></span> <span class='ocrx_word' id='word_1_174' title='bbox 446 739 475 766; x_wconf 79' lang='grc' dir='ltr'><strong>ὃν</strong></span> <span class='ocrx_word' id='word_1_175' title='bbox 492 739 631 772; x_wconf 80' lang='grc' dir='ltr'><strong>Βασίλειος</strong></span> <span class='ocrx_word' id='word_1_176' title='bbox 647 741 661 767; x_wconf 81' lang='grc' dir='ltr'><strong>ὁ</strong></span> <span class='ocrx_word' id='word_1_177' title='bbox 685 740 807 776; x_wconf 80' lang='grc' dir='ltr'><strong>ἀοίδιμος</strong></span> <span class='ocrx_word' id='word_1_178' title='bbox 822 740 914 767; x_wconf 69' lang='grc' dir='ltr'><strong>ἔκτισε</strong></span> <span class='ocrx_word' id='word_1_179' title='bbox 936 740 1073 776; x_wconf 77' lang='grc' dir='ltr'><strong>βασιλεὺς,</strong></span> <span class='ocrx_word' id='word_1_180' title='bbox 1086 740 1212 776; x_wconf 75' lang='grc' dir='ltr'><strong>καὶπρὸς</strong></span> <span class='ocrx_word' id='word_1_181' title='bbox 1223 741 1268 767; x_wconf 73' lang='grc' dir='ltr'><strong>τὸν</strong></span> <span class='ocrx_word' id='word_1_182' title='bbox 1280 741 1398 776; x_wconf 68' lang='grc' dir='ltr'><strong>πόρτικα</strong></span> <span class='ocrx_word' id='word_1_183' title='bbox 1412 739 1460 767; x_wconf 79' lang='grc' dir='ltr'><strong>τοῦ</strong></span> <span class='ocrx_word' id='word_1_184' title='bbox 1490 740 1615 775; x_wconf 79' lang='grc' dir='ltr'><strong>πέμπτου</strong></span> <span class='ocrx_word' id='word_1_185' title='bbox 1647 741 1762 768; x_wconf 75' lang='grc' dir='ltr'><strong>κουϐου-</strong></span> 
     </span>
    </p>
   </div>
   <div class='ocr_carea' id='block_1_26' title="bbox 130 782 1545 825">
    <p class='ocr_par' dir='ltr' id='par_1_26' title="bbox 130 782 1545 825">
     <span class='ocr_line' id='line_1_26' title="bbox 130 782 1545 825; baseline 0.003 -14"><span class='ocrx_word' id='word_1_186' title='bbox 130 784 233 818; x_wconf 79' lang='grc' dir='ltr'><strong>κλείου,</strong></span> <span class='ocrx_word' id='word_1_187' title='bbox 249 786 278 812; x_wconf 80' lang='grc' dir='ltr'><strong>ὲν</strong></span> <span class='ocrx_word' id='word_1_188' title='bbox 340 786 369 812; x_wconf 80' lang='grc' dir='ltr'><strong>τὺ</strong></span> <span class='ocrx_word' id='word_1_189' title='bbox 382 786 431 813; x_wconf 74' lang='grc' dir='ltr'><strong>τοῦ</strong></span> <span class='ocrx_word' id='word_1_190' title='bbox 454 786 546 821; x_wconf 79' lang='grc' dir='ltr'><strong>’Δγίου</strong></span> <span class='ocrx_word' id='word_1_191' title='bbox 574 787 681 814; x_wconf 80' lang='grc' dir='ltr'><strong>Παύλου</strong></span> <span class='ocrx_word' id='word_1_192' title='bbox 697 788 843 825; x_wconf 77' lang='grc' dir='ltr'><strong>εὐκτήριον</strong></span> <span class='ocrx_word' id='word_1_193' title='bbox 863 787 916 815; x_wconf 78' lang='grc' dir='ltr'><strong>ὑπὸ</strong></span> <span class='ocrx_word' id='word_1_194' title='bbox 934 787 1077 815; x_wconf 84' lang='grc' dir='ltr'><strong>Βασιλείου</strong></span> <span class='ocrx_word' id='word_1_195' title='bbox 1089 787 1136 814; x_wconf 78' lang='grc' dir='ltr'><strong>τοῦ</strong></span> <span class='ocrx_word' id='word_1_196' title='bbox 1150 787 1273 822; x_wconf 73' lang='grc' dir='ltr'><strong>ἀοιδίμου</strong></span> <span class='ocrx_word' id='word_1_197' title='bbox 1283 787 1390 822; x_wconf 80' lang='grc' dir='ltr'><strong>ἵδρυται</strong></span> <span class='ocrx_word' id='word_1_198' title='bbox 1402 787 1545 822; x_wconf 76' lang='grc' dir='ltr'><strong>βασιλέως.</strong></span> 
     </span>
    </p>
   </div>
   <div class='ocr_carea' id='block_1_27' title="bbox 163 831 920 871">
    <p class='ocr_par' dir='ltr' id='par_1_27' title="bbox 163 831 920 871">
     <span class='ocr_line' id='line_1_27' title="bbox 163 831 920 871; baseline 0.003 -11"><span class='ocrx_word' id='word_1_199' title='bbox 163 831 220 868; x_wconf 83' lang='grc' dir='ltr'><strong>μδ¹.</strong></span> <span class='ocrx_word' id='word_1_200' title='bbox 238 832 332 859; x_wconf 82' lang='grc' dir='ltr'><strong>Ταῦτα</strong></span> <span class='ocrx_word' id='word_1_201' title='bbox 355 833 404 868; x_wconf 71' lang='grc' dir='ltr'><strong>μὲν</strong></span> <span class='ocrx_word' id='word_1_202' title='bbox 418 833 465 861; x_wconf 74' lang='grc' dir='ltr'><strong>οὖν</strong></span> <span class='ocrx_word' id='word_1_203' title='bbox 483 835 512 860; x_wconf 74' lang='lat' dir='ltr'><strong>tv</strong></span> <span class='ocrx_word' id='word_1_204' title='bbox 533 836 589 867; x_wconf 80' lang='grc' dir='ltr'><strong>τοῖς</strong></span> <span class='ocrx_word' id='word_1_205' title='bbox 609 835 770 871; x_wconf 78' lang='grc' dir='ltr'><strong>ἀνακτόροις</strong></span> <span class='ocrx_word' id='word_1_206' title='bbox 798 835 870 863; x_wconf 84' lang='grc' dir='ltr'><strong>κατὰ</strong></span> <span class='ocrx_word' id='word_1_207' title='bbox 890 844 920 862; x_wconf 81' lang='grc' dir='ltr'><strong>τε</strong></span> 
     </span>
    </p>
   </div>
   <div class='ocr_carea' id='block_1_28' title="bbox 131 879 920 918">
    <p class='ocr_par' dir='ltr' id='par_1_28' title="bbox 131 879 920 918">
     <span class='ocr_line' id='line_1_28' title="bbox 131 879 920 918; baseline 0.005 -13"><span class='ocrx_word' id='word_1_208' title='bbox 131 879 233 915; x_wconf 68' lang='grc' dir='ltr'><strong>βορρᾶν</strong></span> <span class='ocrx_word' id='word_1_209' title='bbox 248 879 297 906; x_wconf 74' lang='grc' dir='ltr'><strong>καὶ</strong></span> <span class='ocrx_word' id='word_1_210' title='bbox 312 879 389 907; x_wconf 81' lang='grc' dir='ltr'><strong>νότον</strong></span> <span class='ocrx_word' id='word_1_211' title='bbox 409 880 462 907; x_wconf 75' lang='grc' dir='ltr'><strong>ὑπὸ</strong></span> <span class='ocrx_word' id='word_1_212' title='bbox 477 881 609 916; x_wconf 76' lang='grc' dir='ltr'><strong>Θεοφίλου</strong></span> <span class='ocrx_word' id='word_1_213' title='bbox 626 881 676 916; x_wconf 80' lang='grc' dir='ltr'><strong>μὲν</strong></span> <span class='ocrx_word' id='word_1_214' title='bbox 688 882 920 918; x_wconf 80' lang='grc' dir='ltr'><strong>ἀνῳκοδόμηνται,</strong></span> 
     </span>
    </p>
   </div>
   <div class='ocr_carea' id='block_1_29' title="bbox 131 925 960 973">
    <p class='ocr_par' dir='ltr' id='par_1_29' title="bbox 131 925 960 973">
     <span class='ocr_line' id='line_1_29' title="bbox 131 925 960 973; baseline 0.002 -21"><span class='ocrx_word' id='word_1_215' title='bbox 131 925 174 960; x_wconf 75' lang='grc' dir='ltr'><strong>ὑφ’</strong></span> <span class='ocrx_word' id='word_1_216' title='bbox 191 925 269 960; x_wconf 79' lang='grc' dir='ltr'><strong>ἡμῶν</strong></span> <span class='ocrx_word' id='word_1_217' title='bbox 281 925 310 952; x_wconf 72' lang='grc' dir='ltr'><strong>δι</strong></span> <span class='ocrx_word' id='word_1_218' title='bbox 322 925 428 962; x_wconf 70' lang='grc' dir='ltr'><strong>ἱστορίᾳ</strong></span> <span class='ocrx_word' id='word_1_219' title='bbox 439 927 646 962; x_wconf 76' lang='grc' dir='ltr'><strong>παραδίδονται,</strong></span> <span class='ocrx_word' id='word_1_220' title='bbox 658 927 699 954; x_wconf 77' lang='grc' dir='ltr'><strong>ὅτι</strong></span> <span class='ocrx_word' id='word_1_221' title='bbox 715 928 753 963; x_wconf 85' lang='grc' dir='ltr'><strong>μὴ</strong></span> <span class='ocrx_word' id='word_1_222' title='bbox 768 927 921 963; x_wconf 80' lang='grc' dir='ltr'><strong>βουλόμεθα</strong></span> <span class='ocrx_word' id='word_1_223' title='bbox 937 943 960 973; x_wconf 81' lang='grc' dir='ltr'><strong>Β</strong></span> 
     </span>
    </p>
   </div>
   <div class='ocr_carea' id='block_1_30' title="bbox 130 972 923 1011">
    <p class='ocr_par' dir='ltr' id='par_1_30' title="bbox 130 972 923 1011">
     <span class='ocr_line' id='line_1_30' title="bbox 130 972 923 1011; baseline 0 -11"><span class='ocrx_word' id='word_1_224' title='bbox 130 974 160 1000; x_wconf 74' lang='grc' dir='ltr'><strong>τὰ</strong></span> <span class='ocrx_word' id='word_1_225' title='bbox 175 972 282 1000; x_wconf 66' lang='grc' dir='ltr'><strong>ἑκείνου</strong></span> <span class='ocrx_word' id='word_1_226' title='bbox 301 972 380 1008; x_wconf 74' lang='grc' dir='ltr'><strong>ἔργα,</strong></span> <span class='ocrx_word' id='word_1_227' title='bbox 396 973 478 1000; x_wconf 79' lang='grc' dir='ltr'><strong>ὁποῖά</strong></span> <span class='ocrx_word' id='word_1_228' title='bbox 502 974 563 1001; x_wconf 81' lang='grc' dir='ltr'><strong>ποτ’</strong></span> <span class='ocrx_word' id='word_1_229' title='bbox 582 974 615 1001; x_wconf 79' lang='grc' dir='ltr'><strong>ἂν</strong></span> <span class='ocrx_word' id='word_1_230' title='bbox 627 972 656 1011; x_wconf 82' lang='grc' dir='ltr'><strong>ᾖ,</strong></span> <span class='ocrx_word' id='word_1_231' title='bbox 677 974 748 1010; x_wconf 79' lang='grc' dir='ltr'><strong>λήθῃ</strong></span> <span class='ocrx_word' id='word_1_232' title='bbox 776 974 923 1010; x_wconf 73' lang='grc' dir='ltr'><strong>παραδεδο-</strong></span> 
     </span>
    </p>
   </div>
   <div class='ocr_carea' id='block_1_31' title="bbox 133 1018 924 1054">
    <p class='ocr_par' dir='ltr' id='par_1_31' title="bbox 133 1018 924 1054">
     <span class='ocr_line' id='line_1_31' title="bbox 133 1018 924 1054; baseline 0.003 -11"><span class='ocrx_word' id='word_1_233' title='bbox 133 1018 208 1049; x_wconf 64' lang='lat' dir='ltr'><strong>«om.</strong></span> <span class='ocrx_word' id='word_1_234' title='bbox 223 1018 262 1049; x_wconf 82' lang='grc' dir='ltr'><strong>είς</strong></span> <span class='ocrx_word' id='word_1_235' title='bbox 275 1018 423 1052; x_wconf 79' lang='grc' dir='ltr'><strong>διάγνωσιν</strong></span> <span class='ocrx_word' id='word_1_236' title='bbox 441 1019 491 1053; x_wconf 82' lang='grc' dir='ltr'><strong>τῆς</strong></span> <span class='ocrx_word' id='word_1_237' title='bbox 517 1018 624 1052; x_wconf 74' lang='grc' dir='ltr'><strong>ἐκείνου</strong></span> <span class='ocrx_word' id='word_1_238' title='bbox 644 1019 708 1054; x_wconf 67' lang='grc' dir='ltr'><strong>περὶ</strong></span> <span class='ocrx_word' id='word_1_239' title='bbox 724 1019 769 1046; x_wconf 77' lang='grc' dir='ltr'><strong>τὸν</strong></span> <span class='ocrx_word' id='word_1_240' title='bbox 784 1018 841 1054; x_wconf 84' lang='grc' dir='ltr'><strong>βίον</strong></span> <span class='ocrx_word' id='word_1_241' title='bbox 858 1027 924 1054; x_wconf 83' lang='grc' dir='ltr'><strong>προ-</strong></span> 
     </span>
    </p>
   </div>
   <div class='ocr_carea' id='block_1_32' title="bbox 134 1063 924 1100">
    <p class='ocr_par' dir='ltr' id='par_1_32' title="bbox 134 1063 924 1100">
     <span class='ocr_line' id='line_1_32' title="bbox 134 1063 924 1100; baseline 0.001 -10"><span class='ocrx_word' id='word_1_242' title='bbox 134 1063 279 1099; x_wconf 78' lang='grc' dir='ltr'><strong>αιρέσεως.</strong></span> <span class='ocrx_word' id='word_1_243' title='bbox 306 1063 387 1090; x_wconf 77' lang='grc' dir='ltr'><strong>Ἀλλὰ</strong></span> <span class='ocrx_word' id='word_1_244' title='bbox 404 1064 529 1096; x_wconf 76' lang='grc' dir='ltr'><strong>καὶτοὺς</strong></span> <span class='ocrx_word' id='word_1_245' title='bbox 556 1064 722 1100; x_wconf 82' lang='grc' dir='ltr'><strong>τρικλίνους,</strong></span> <span class='ocrx_word' id='word_1_246' title='bbox 742 1064 787 1091; x_wconf 85' lang='grc' dir='ltr'><strong>τόν</strong></span> <span class='ocrx_word' id='word_1_247' title='bbox 809 1073 839 1090; x_wconf 84' lang='grc' dir='ltr'><strong>τε</strong></span> <span class='ocrx_word' id='word_1_248' title='bbox 853 1063 924 1092; x_wconf 78' lang='grc' dir='ltr'><strong>οὕτω</strong></span> 
     </span>
    </p>
   </div>
   <div class='ocr_carea' id='block_1_33' title="bbox 134 1108 924 1145">
    <p class='ocr_par' dir='ltr' id='par_1_33' title="bbox 134 1108 924 1145">
     <span class='ocr_line' id='line_1_33' title="bbox 134 1108 924 1145; baseline 0.001 -10"><span class='ocrx_word' id='word_1_249' title='bbox 134 1108 303 1144; x_wconf 73' lang='grc' dir='ltr'><strong>καλούμενον</strong></span> <span class='ocrx_word' id='word_1_250' title='bbox 314 1109 482 1142; x_wconf 76' lang='grc' dir='ltr'><strong>Δαυσιακδν,</strong></span> <span class='ocrx_word' id='word_1_251' title='bbox 499 1110 612 1145; x_wconf 79' lang='grc' dir='ltr'><strong>προσέτι</strong></span> <span class='ocrx_word' id='word_1_252' title='bbox 630 1109 658 1136; x_wconf 83' lang='grc' dir='ltr'><strong>δὲ</strong></span> <span class='ocrx_word' id='word_1_253' title='bbox 672 1109 724 1144; x_wconf 87' lang='grc' dir='ltr'><strong>μὴν</strong></span> <span class='ocrx_word' id='word_1_254' title='bbox 740 1109 842 1136; x_wconf 74' lang='grc' dir='ltr'><strong>καὶτὸν</strong></span> <span class='ocrx_word' id='word_1_255' title='bbox 860 1109 924 1136; x_wconf 87' lang='grc' dir='ltr'><strong>Ἰου-</strong></span> 
     </span>
    </p>
   </div>
   <div class='ocr_carea' id='block_1_34' title="bbox 135 1152 922 1191">
    <p class='ocr_par' dir='ltr' id='par_1_34' title="bbox 135 1152 922 1191">
     <span class='ocr_line' id='line_1_34' title="bbox 135 1152 922 1191; baseline 0.001 -10"><span class='ocrx_word' id='word_1_256' title='bbox 135 1154 282 1188; x_wconf 78' lang='grc' dir='ltr'><strong>στινιανοῦ,</strong></span> <span class='ocrx_word' id='word_1_257' title='bbox 293 1155 395 1187; x_wconf 75' lang='grc' dir='ltr'><strong>ἐκεῖνος</strong></span> <span class='ocrx_word' id='word_1_258' title='bbox 406 1156 463 1186; x_wconf 86' lang='grc' dir='ltr'><strong>τοῖς</strong></span> <span class='ocrx_word' id='word_1_259' title='bbox 475 1152 646 1190; x_wconf 83' lang='grc' dir='ltr'><strong>χρυσοέιδέσι</strong></span> <span class='ocrx_word' id='word_1_260' title='bbox 657 1155 758 1191; x_wconf 80' lang='grc' dir='ltr'><strong>ψήφοις</strong></span> <span class='ocrx_word' id='word_1_261' title='bbox 769 1155 905 1191; x_wconf 75' lang='grc' dir='ltr'><strong>ἐκόσμησε</strong></span> <span class='ocrx_word' id='word_1_262' title='bbox 915 1163 922 1171; x_wconf 81' lang='lat'><strong><em>°</em></strong></span> 
     </span>
    </p>
   </div>
   <div class='ocr_carea' id='block_1_35' title="bbox 137 1200 924 1238">
    <p class='ocr_par' dir='ltr' id='par_1_35' title="bbox 137 1200 924 1238">
     <span class='ocr_line' id='line_1_35' title="bbox 137 1200 924 1238; baseline 0.001 -11"><span class='ocrx_word' id='word_1_263' title='bbox 137 1201 182 1227; x_wconf 78' lang='grc' dir='ltr'><strong>καὶ</strong></span> <span class='ocrx_word' id='word_1_264' title='bbox 195 1200 245 1236; x_wconf 77' lang='grc' dir='ltr'><strong>τὴν</strong></span> <span class='ocrx_word' id='word_1_265' title='bbox 258 1200 414 1228; x_wconf 73' lang='grc' dir='ltr'><strong>κιλάθωσιν</strong></span> <span class='ocrx_word' id='word_1_266' title='bbox 429 1201 461 1228; x_wconf 82' lang='grc' dir='ltr'><strong>ὲκ</strong></span> <span class='ocrx_word' id='word_1_267' title='bbox 480 1201 534 1228; x_wconf 81' lang='grc' dir='ltr'><strong>τῶν</strong></span> <span class='ocrx_word' id='word_1_268' title='bbox 549 1201 712 1228; x_wconf 79' lang='grc' dir='ltr'><strong>Βασιλίσκου</strong></span> <span class='ocrx_word' id='word_1_269' title='bbox 732 1201 779 1228; x_wconf 78' lang='grc' dir='ltr'><strong>τοῦ</strong></span> <span class='ocrx_word' id='word_1_270' title='bbox 793 1202 924 1238; x_wconf 84' lang='grc' dir='ltr'><strong>τυράννου</strong></span> 
     </span>
    </p>
   </div>
   <div class='ocr_carea' id='block_1_36' title="bbox 141 1246 925 1283">
    <p class='ocr_par' dir='ltr' id='par_1_36' title="bbox 141 1246 925 1283">
     <span class='ocr_line' id='line_1_36' title="bbox 141 1246 925 1283; baseline 0.001 -10"><span class='ocrx_word' id='word_1_271' title='bbox 141 1246 275 1275; x_wconf 73' lang='grc' dir='ltr'><strong>παλατίων</strong></span> <span class='ocrx_word' id='word_1_272' title='bbox 289 1246 456 1282; x_wconf 78' lang='grc' dir='ltr'><strong>μεταγαγὼν</strong></span> <span class='ocrx_word' id='word_1_273' title='bbox 469 1247 508 1283; x_wconf 82' lang='grc' dir='ltr'><strong>τῷ</strong></span> <span class='ocrx_word' id='word_1_274' title='bbox 521 1247 671 1282; x_wconf 82' lang='grc' dir='ltr'><strong>Λοιυσιακῷ</strong></span> <span class='ocrx_word' id='word_1_275' title='bbox 682 1247 854 1283; x_wconf 82' lang='grc' dir='ltr'><strong>περιέθηκεν.</strong></span> <span class='ocrx_word' id='word_1_276' title='bbox 870 1247 925 1274; x_wconf 74' lang='grc' dir='ltr'><strong>Καὶ</strong></span> 
     </span>
    </p>
   </div>
   <div class='ocr_carea' id='block_1_37' title="bbox 139 1292 925 1328">
    <p class='ocr_par' dir='ltr' id='par_1_37' title="bbox 139 1292 925 1328">
     <span class='ocr_line' id='line_1_37' title="bbox 139 1292 925 1328; baseline 0 -9"><span class='ocrx_word' id='word_1_277' title='bbox 139 1292 228 1328; x_wconf 65' lang='grc' dir='ltr'><strong>ἓτερον</strong></span> <span class='ocrx_word' id='word_1_278' title='bbox 254 1292 283 1319; x_wconf 74' lang='grc' dir='ltr'><strong>δὲ</strong></span> <span class='ocrx_word' id='word_1_279' title='bbox 307 1293 444 1328; x_wconf 80' lang='grc' dir='ltr'><strong>τρίκλινον</strong></span> <span class='ocrx_word' id='word_1_280' title='bbox 469 1294 539 1328; x_wconf 83' lang='grc' dir='ltr'><strong>μετὰ</strong></span> <span class='ocrx_word' id='word_1_281' title='bbox 565 1293 709 1328; x_wconf 82' lang='grc' dir='ltr'><strong>τεσσάρων</strong></span> <span class='ocrx_word' id='word_1_282' title='bbox 728 1292 925 1320; x_wconf 69' lang='grc' dir='ltr'><strong>κουὸουχλείων</strong></span> 
     </span>
    </p>
   </div>
   <div class='ocr_carea' id='block_1_38' title="bbox 139 1335 926 1374">
    <p class='ocr_par' dir='ltr' id='par_1_38' title="bbox 139 1335 926 1374">
     <span class='ocr_line' id='line_1_38' title="bbox 139 1335 926 1374; baseline 0 -9"><span class='ocrx_word' id='word_1_283' title='bbox 139 1337 244 1374; x_wconf 83' lang='grc' dir='ltr'><strong>σεμνῶν</strong></span> <span class='ocrx_word' id='word_1_284' title='bbox 256 1346 287 1364; x_wconf 80' lang='grc' dir='ltr'><strong>τε</strong></span> <span class='ocrx_word' id='word_1_285' title='bbox 302 1339 350 1365; x_wconf 80' lang='grc' dir='ltr'><strong>καὶ</strong></span> <span class='ocrx_word' id='word_1_286' title='bbox 364 1338 510 1374; x_wconf 82' lang='grc' dir='ltr'><strong>λαμπρῶν,</strong></span> <span class='ocrx_word' id='word_1_287' title='bbox 523 1335 560 1365; x_wconf 80' lang='grc' dir='ltr'><strong>ὧν</strong></span> <span class='ocrx_word' id='word_1_288' title='bbox 568 1338 603 1364; x_wconf 86' lang='grc' dir='ltr'><strong>τὰ</strong></span> <span class='ocrx_word' id='word_1_289' title='bbox 617 1338 663 1365; x_wconf 83' lang='grc' dir='ltr'><strong>δύο</strong></span> <span class='ocrx_word' id='word_1_290' title='bbox 680 1338 730 1374; x_wconf 76' lang='grc' dir='ltr'><strong>μὲν</strong></span> <span class='ocrx_word' id='word_1_291' title='bbox 746 1338 813 1373; x_wconf 83' lang='grc' dir='ltr'><strong>πρὸς</strong></span> <span class='ocrx_word' id='word_1_292' title='bbox 827 1339 857 1365; x_wconf 81' lang='grc' dir='ltr'><strong>τὺ</strong></span> <span class='ocrx_word' id='word_1_293' title='bbox 875 1346 926 1373; x_wconf 70' lang='grc' dir='ltr'><strong>με⁴</strong></span> 
     </span>
    </p>
   </div>
   <div class='ocr_carea' id='block_1_39' title="bbox 138 1382 926 1419">
    <p class='ocr_par' dir='ltr' id='par_1_39' title="bbox 138 1382 926 1419">
     <span class='ocr_line' id='line_1_39' title="bbox 138 1382 926 1419; baseline 0 -9"><span class='ocrx_word' id='word_1_294' title='bbox 138 1385 255 1411; x_wconf 79' lang='grc' dir='ltr'><strong>σόπατον</strong></span> <span class='ocrx_word' id='word_1_295' title='bbox 269 1382 317 1410; x_wconf 79' lang='grc' dir='ltr'><strong>τοῦ</strong></span> <span class='ocrx_word' id='word_1_296' title='bbox 342 1384 470 1419; x_wconf 79' lang='grc' dir='ltr'><strong>δευτέρου</strong></span> <span class='ocrx_word' id='word_1_297' title='bbox 500 1383 694 1411; x_wconf 80' lang='grc' dir='ltr'><strong>κουόουκλείου</strong></span> <span class='ocrx_word' id='word_1_298' title='bbox 720 1383 767 1411; x_wconf 80' lang='grc' dir='ltr'><strong>τοῦ</strong></span> <span class='ocrx_word' id='word_1_299' title='bbox 786 1383 856 1418; x_wconf 86' lang='grc' dir='ltr'><strong>μετὰ</strong></span> <span class='ocrx_word' id='word_1_300' title='bbox 880 1383 926 1410; x_wconf 81' lang='grc' dir='ltr'><strong>τὸν</strong></span> 
     </span>
    </p>
   </div>
   <div class='ocr_carea' id='block_1_40' title="bbox 139 1429 926 1466">
    <p class='ocr_par' dir='ltr' id='par_1_40' title="bbox 139 1429 926 1466">
     <span class='ocr_line' id='line_1_40' title="bbox 139 1429 926 1466; baseline -0.001 -9"><span class='ocrx_word' id='word_1_301' title='bbox 139 1430 275 1465; x_wconf 70' lang='grc' dir='ltr'><strong>Κιμιλᾶν,</strong></span> <span class='ocrx_word' id='word_1_302' title='bbox 286 1430 340 1456; x_wconf 79' lang='grc' dir='ltr'><strong>ὑπὸ</strong></span> <span class='ocrx_word' id='word_1_303' title='bbox 348 1430 488 1466; x_wconf 76' lang='grc' dir='ltr'><strong>τεσσάρων</strong></span> <span class='ocrx_word' id='word_1_304' title='bbox 499 1430 602 1465; x_wconf 75' lang='grc' dir='ltr'><strong>ἀψίδων</strong></span> <span class='ocrx_word' id='word_1_305' title='bbox 610 1430 660 1465; x_wconf 82' lang='grc' dir='ltr'><strong>τὴν</strong></span> <span class='ocrx_word' id='word_1_306' title='bbox 672 1430 815 1466; x_wconf 86' lang='grc' dir='ltr'><strong>χρυσοειδῆ</strong></span> <span class='ocrx_word' id='word_1_307' title='bbox 824 1429 926 1465; x_wconf 74' lang='grc' dir='ltr'><strong>ὀροφὴν</strong></span> 
     </span>
    </p>
   </div>
   <div class='ocr_carea' id='block_1_41' title="bbox 138 1477 926 1515">
    <p class='ocr_par' dir='ltr' id='par_1_41' title="bbox 138 1477 926 1515">
     <span class='ocr_line' id='line_1_41' title="bbox 138 1477 926 1515; baseline -0.001 -10"><span class='ocrx_word' id='word_1_308' title='bbox 138 1479 243 1515; x_wconf 72' lang='grc' dir='ltr'><strong>ἔχοντα,</strong></span> <span class='ocrx_word' id='word_1_309' title='bbox 257 1478 326 1514; x_wconf 72' lang='grc' dir='ltr'><strong>πρὸς</strong></span> <span class='ocrx_word' id='word_1_310' title='bbox 339 1479 388 1514; x_wconf 85' lang='grc' dir='ltr'><strong>τὴν</strong></span> <span class='ocrx_word' id='word_1_311' title='bbox 400 1478 548 1515; x_wconf 83' lang='grc' dir='ltr'><strong>Πορφύραν</strong></span> <span class='ocrx_word' id='word_1_312' title='bbox 560 1478 640 1511; x_wconf 77' lang='grc' dir='ltr'><strong>εἰσὶν,</strong></span> <span class='ocrx_word' id='word_1_313' title='bbox 660 1479 722 1514; x_wconf 79' lang='grc' dir='ltr'><strong>ἥτις</strong></span> <span class='ocrx_word' id='word_1_314' title='bbox 735 1477 807 1505; x_wconf 76' lang='grc' dir='ltr'><strong>οὕτω</strong></span> <span class='ocrx_word' id='word_1_315' title='bbox 817 1477 926 1512; x_wconf 81' lang='grc' dir='ltr'><strong>λέγεται</strong></span> 
     </span>
    </p>
   </div>
   <div class='ocr_carea' id='block_1_42' title="bbox 137 1523 928 1560">
    <p class='ocr_par' dir='ltr' id='par_1_42' title="bbox 137 1523 928 1560">
     <span class='ocr_line' id='line_1_42' title="bbox 137 1523 928 1560; baseline -0.003 -8"><span class='ocrx_word' id='word_1_316' title='bbox 137 1525 178 1552; x_wconf 76' lang='grc' dir='ltr'><strong>διὰ</strong></span> <span class='ocrx_word' id='word_1_317' title='bbox 198 1524 247 1551; x_wconf 78' lang='grc' dir='ltr'><strong>τὸν</strong></span> <span class='ocrx_word' id='word_1_318' title='bbox 263 1525 315 1560; x_wconf 83' lang='grc' dir='ltr'><strong>τὴν</strong></span> <span class='ocrx_word' id='word_1_319' title='bbox 336 1524 479 1552; x_wconf 81' lang='grc' dir='ltr'><strong>δέσποιναν</strong></span> <span class='ocrx_word' id='word_1_320' title='bbox 497 1526 587 1552; x_wconf 77' lang='grc' dir='ltr'><strong>ὲκείσε</strong></span> <span class='ocrx_word' id='word_1_321' title='bbox 608 1524 728 1552; x_wconf 73' lang='grc' dir='ltr'><strong>ἔκπαλαι</strong></span> <span class='ocrx_word' id='word_1_322' title='bbox 747 1523 928 1559; x_wconf 74' lang='grc' dir='ltr'><strong>διανέμειντὸ</strong></span> 
     </span>
    </p>
   </div>
   <div class='ocr_carea' id='block_1_43' title="bbox 138 1570 927 1607">
    <p class='ocr_par' dir='ltr' id='par_1_43' title="bbox 138 1570 927 1607">
     <span class='ocr_line' id='line_1_43' title="bbox 138 1570 927 1607; baseline -0.006 -6"><span class='ocrx_word' id='word_1_323' title='bbox 138 1573 181 1607; x_wconf 75' lang='grc' dir='ltr'><strong>ὀξὺ</strong></span> <span class='ocrx_word' id='word_1_324' title='bbox 196 1574 261 1605; x_wconf 82' lang='grc' dir='ltr'><strong>ταῖς</strong></span> <span class='ocrx_word' id='word_1_325' title='bbox 290 1571 483 1607; x_wconf 76' lang='grc' dir='ltr'><strong>ἀρχοντίσσαις</strong></span> <span class='ocrx_word' id='word_1_326' title='bbox 508 1571 581 1598; x_wconf 82' lang='grc' dir='ltr'><strong>κατὰ</strong></span> <span class='ocrx_word' id='word_1_327' title='bbox 605 1570 651 1598; x_wconf 75' lang='grc' dir='ltr'><strong>τὸν</strong></span> <span class='ocrx_word' id='word_1_328' title='bbox 680 1570 736 1597; x_wconf 82' lang='grc' dir='ltr'><strong>τῶν</strong></span> <span class='ocrx_word' id='word_1_329' title='bbox 754 1570 927 1606; x_wconf 87' lang='grc' dir='ltr'><strong>βρουμαλίων</strong></span> 
     </span>
    </p>
   </div>
   <div class='ocr_carea' id='block_1_44' title="bbox 1010 833 1765 869">
    <p class='ocr_par' dir='ltr' id='par_1_44' title="bbox 1010 833 1765 869">
     <span class='ocr_line' id='line_1_44' title="bbox 1010 833 1765 869; baseline -0.001 -6"><span class='ocrx_word' id='word_1_330' title='bbox 1010 835 1056 863; x_wconf 76' lang='grc' dir='ltr'><strong>Η.</strong></span> <span class='ocrx_word' id='word_1_331' title='bbox 1073 833 1135 861; x_wconf 67' lang='lat' dir='ltr'><strong>Haec</strong></span> <span class='ocrx_word' id='word_1_332' title='bbox 1166 835 1193 861; x_wconf 92' lang='lat' dir='ltr'><strong>in</strong></span> <span class='ocrx_word' id='word_1_333' title='bbox 1220 834 1321 869; x_wconf 79' lang='lat' dir='ltr'><strong>palatio</strong></span> <span class='ocrx_word' id='word_1_334' title='bbox 1336 834 1368 861; x_wconf 89' lang='lat' dir='ltr'><strong>ad</strong></span> <span class='ocrx_word' id='word_1_335' title='bbox 1395 834 1551 869; x_wconf 85' lang='lat' dir='ltr'><strong>aquilonem</strong></span> <span class='ocrx_word' id='word_1_336' title='bbox 1568 839 1595 861; x_wconf 86' lang='lat' dir='ltr'><strong>ct</strong></span> <span class='ocrx_word' id='word_1_337' title='bbox 1608 838 1732 862; x_wconf 84' lang='lat' dir='ltr'><strong>austrum</strong></span> <span class='ocrx_word' id='word_1_338' title='bbox 1749 842 1765 862; x_wconf 75' lang='grc' dir='ltr'>ι</span> 
     </span>
    </p>
   </div>
   <div class='ocr_carea' id='block_1_45' title="bbox 974 879 1764 915">
    <p class='ocr_par' dir='ltr' id='par_1_45' title="bbox 974 879 1764 915">
     <span class='ocr_line' id='line_1_45' title="bbox 974 879 1764 915; baseline -0.001 -7"><span class='ocrx_word' id='word_1_339' title='bbox 974 880 1126 915; x_wconf 80' lang='lat' dir='ltr'><strong>Theophila</strong></span> <span class='ocrx_word' id='word_1_340' title='bbox 1154 884 1313 907; x_wconf 84' lang='lat' dir='ltr'><strong>constructa</strong></span> <span class='ocrx_word' id='word_1_341' title='bbox 1339 879 1466 911; x_wconf 56' lang='lat' dir='ltr'><strong>aedilicia,</strong></span> <span class='ocrx_word' id='word_1_342' title='bbox 1489 879 1568 907; x_wconf 85' lang='lat' dir='ltr'><strong>nobis</strong></span> <span class='ocrx_word' id='word_1_343' title='bbox 1592 883 1695 911; x_wconf 81' lang='lat' dir='ltr'><strong>autem,</strong></span> <span class='ocrx_word' id='word_1_344' title='bbox 1716 879 1764 914; x_wconf 86' lang='lat' dir='ltr'><strong>qui</strong></span> 
     </span>
    </p>
   </div>
   <div class='ocr_carea' id='block_1_46' title="bbox 977 925 1764 960">
    <p class='ocr_par' dir='ltr' id='par_1_46' title="bbox 977 925 1764 960">
     <span class='ocr_line' id='line_1_46' title="bbox 977 925 1764 960; baseline 0 -7"><span class='ocrx_word' id='word_1_345' title='bbox 977 927 1104 953; x_wconf 89' lang='lat' dir='ltr'><strong>nolumus</strong></span> <span class='ocrx_word' id='word_1_346' title='bbox 1116 925 1218 960; x_wconf 84' lang='lat' dir='ltr'><strong>aliquid</strong></span> <span class='ocrx_word' id='word_1_347' title='bbox 1233 933 1328 953; x_wconf 90' lang='lat' dir='ltr'><strong>eorum</strong></span> <span class='ocrx_word' id='word_1_348' title='bbox 1345 933 1406 960; x_wconf 65' lang='lat' dir='ltr'><strong>quae</strong></span> <span class='ocrx_word' id='word_1_349' title='bbox 1434 926 1529 959; x_wconf 78' lang='lat' dir='ltr'><strong>gessit,</strong></span> <span class='ocrx_word' id='word_1_350' title='bbox 1553 925 1685 960; x_wconf 79' lang='lat' dir='ltr'><strong>quidquid</strong></span> <span class='ocrx_word' id='word_1_351' title='bbox 1703 930 1764 953; x_wconf 79' lang='lat' dir='ltr'><strong>tan-</strong></span> 
     </span>
    </p>
   </div>
   <div class='ocr_carea' id='block_1_47' title="bbox 974 971 1765 1006">
    <p class='ocr_par' dir='ltr' id='par_1_47' title="bbox 974 971 1765 1006">
     <span class='ocr_line' id='line_1_47' title="bbox 974 971 1765 1006; baseline -0.001 -6"><span class='ocrx_word' id='word_1_352' title='bbox 974 972 1035 1000; x_wconf 75' lang='lat' dir='ltr'><strong>dem</strong></span> <span class='ocrx_word' id='word_1_353' title='bbox 1051 972 1117 1000; x_wconf 90' lang='lat' dir='ltr'><strong>illud</strong></span> <span class='ocrx_word' id='word_1_354' title='bbox 1148 973 1195 1005; x_wconf 89' lang='lat' dir='ltr'><strong>sit,</strong></span> <span class='ocrx_word' id='word_1_355' title='bbox 1229 971 1360 999; x_wconf 84' lang='lat' dir='ltr'><strong>oblivioni</strong></span> <span class='ocrx_word' id='word_1_356' title='bbox 1387 971 1468 1003; x_wconf 80' lang='lat' dir='ltr'><strong>tradi.</strong></span> <span class='ocrx_word' id='word_1_357' title='bbox 1484 979 1538 1006; x_wconf 89' lang='lat' dir='ltr'><strong>quo</strong></span> <span class='ocrx_word' id='word_1_358' title='bbox 1559 971 1690 998; x_wconf 88' lang='lat' dir='ltr'><strong>nimirum</strong></span> <span class='ocrx_word' id='word_1_359' title='bbox 1705 972 1765 1006; x_wconf 87' lang='lat' dir='ltr'><strong>ejus</strong></span> 
     </span>
    </p>
   </div>
   <div class='ocr_carea' id='block_1_48' title="bbox 974 1017 1764 1049">
    <p class='ocr_par' dir='ltr' id='par_1_48' title="bbox 974 1017 1764 1049">
     <span class='ocr_line' id='line_1_48' title="bbox 974 1017 1764 1049; baseline -0.003 -3"><span class='ocrx_word' id='word_1_360' title='bbox 974 1018 1084 1046; x_wconf 82' lang='lat' dir='ltr'><strong>animus</strong></span> <span class='ocrx_word' id='word_1_361' title='bbox 1097 1017 1251 1045; x_wconf 82' lang='lat' dir='ltr'><strong>demerendi</strong></span> <span class='ocrx_word' id='word_1_362' title='bbox 1268 1017 1341 1045; x_wconf 82' lang='lat' dir='ltr'><strong>cives</strong></span> <span class='ocrx_word' id='word_1_363' title='bbox 1353 1017 1489 1044; x_wconf 85' lang='lat' dir='ltr'><strong>neminem</strong></span> <span class='ocrx_word' id='word_1_364' title='bbox 1507 1017 1598 1049; x_wconf 84' lang='lat' dir='ltr'><strong>lateat,</strong></span> <span class='ocrx_word' id='word_1_365' title='bbox 1611 1017 1764 1044; x_wconf 85' lang='lat' dir='ltr'><strong>litterarum</strong></span> 
     </span>
    </p>
   </div>
   <div class='ocr_carea' id='block_1_49' title="bbox 974 1061 1766 1096">
    <p class='ocr_par' dir='ltr' id='par_1_49' title="bbox 974 1061 1766 1096">
     <span class='ocr_line' id='line_1_49' title="bbox 974 1061 1766 1096; baseline -0.003 -6"><span class='ocrx_word' id='word_1_366' title='bbox 974 1064 1161 1091; x_wconf 88' lang='lat' dir='ltr'><strong>monumentis</strong></span> <span class='ocrx_word' id='word_1_367' title='bbox 1173 1063 1282 1090; x_wconf 77' lang='lat' dir='ltr'><strong>tradita.</strong></span> <span class='ocrx_word' id='word_1_368' title='bbox 1302 1062 1354 1090; x_wconf 91' lang='lat' dir='ltr'><strong>Sed</strong></span> <span class='ocrx_word' id='word_1_369' title='bbox 1372 1067 1398 1090; x_wconf 85' lang='lat' dir='ltr'><strong>et</strong></span> <span class='ocrx_word' id='word_1_370' title='bbox 1417 1062 1545 1096; x_wconf 89' lang='lat' dir='ltr'><strong>triclinia,</strong></span> <span class='ocrx_word' id='word_1_371' title='bbox 1563 1066 1620 1089; x_wconf 88' lang='lat' dir='ltr'><strong>tum</strong></span> <span class='ocrx_word' id='word_1_372' title='bbox 1635 1062 1678 1089; x_wconf 92' lang='lat' dir='ltr'><strong>cui</strong></span> <span class='ocrx_word' id='word_1_373' title='bbox 1693 1061 1766 1089; x_wconf 88' lang='lat' dir='ltr'><strong>Lau-</strong></span> 
     </span>
    </p>
   </div>
   <div class='ocr_carea' id='block_1_50' title="bbox 975 1108 1765 1144">
    <p class='ocr_par' dir='ltr' id='par_1_50' title="bbox 975 1108 1765 1144">
     <span class='ocr_line' id='line_1_50' title="bbox 975 1108 1765 1144; baseline -0.003 -8"><span class='ocrx_word' id='word_1_374' title='bbox 975 1108 1042 1136; x_wconf 84' lang='lat' dir='ltr'><strong>siaci</strong></span> <span class='ocrx_word' id='word_1_375' title='bbox 1061 1116 1159 1136; x_wconf 89' lang='lat' dir='ltr'><strong>nomen</strong></span> <span class='ocrx_word' id='word_1_376' title='bbox 1189 1113 1246 1136; x_wconf 88' lang='lat' dir='ltr'><strong>tum</strong></span> <span class='ocrx_word' id='word_1_377' title='bbox 1279 1109 1352 1144; x_wconf 92' lang='lat' dir='ltr'><strong>quod</strong></span> <span class='ocrx_word' id='word_1_378' title='bbox 1374 1108 1521 1136; x_wconf 72' lang='lat' dir='ltr'><strong>Iustiniani</strong></span> <span class='ocrx_word' id='word_1_379' title='bbox 1548 1108 1690 1135; x_wconf 64' lang='lat' dir='ltr'><strong>mdiﬁcatio</strong></span> <span class='ocrx_word' id='word_1_380' title='bbox 1711 1112 1765 1140; x_wconf 82' lang='lat' dir='ltr'><strong>est,</strong></span> 
     </span>
    </p>
   </div>
   <div class='ocr_carea' id='block_1_51' title="bbox 975 1154 1766 1190">
    <p class='ocr_par' dir='ltr' id='par_1_51' title="bbox 975 1154 1766 1190">
     <span class='ocr_line' id='line_1_51' title="bbox 975 1154 1766 1190; baseline -0.001 -8"><span class='ocrx_word' id='word_1_381' title='bbox 975 1161 1043 1182; x_wconf 88' lang='lat' dir='ltr'><strong>auro</strong></span> <span class='ocrx_word' id='word_1_382' title='bbox 1058 1154 1149 1182; x_wconf 83' lang='lat' dir='ltr'><strong>rutilis</strong></span> <span class='ocrx_word' id='word_1_383' title='bbox 1165 1155 1313 1182; x_wconf 88' lang='lat' dir='ltr'><strong>tessellulis</strong></span> <span class='ocrx_word' id='word_1_384' title='bbox 1335 1155 1460 1188; x_wconf 85' lang='lat' dir='ltr'><strong>ornavit;</strong></span> <span class='ocrx_word' id='word_1_385' title='bbox 1474 1155 1594 1190; x_wconf 85' lang='lat' dir='ltr'><strong>capitula</strong></span> <span class='ocrx_word' id='word_1_386' title='bbox 1610 1162 1719 1190; x_wconf 88' lang='lat' dir='ltr'><strong>quoque</strong></span> <span class='ocrx_word' id='word_1_387' title='bbox 1732 1162 1766 1181; x_wconf 76' lang='lat' dir='ltr'><strong>ex</strong></span> 
     </span>
    </p>
   </div>
   <div class='ocr_carea' id='block_1_52' title="bbox 975 1199 1765 1235">
    <p class='ocr_par' dir='ltr' id='par_1_52' title="bbox 975 1199 1765 1235">
     <span class='ocr_line' id='line_1_52' title="bbox 975 1199 1765 1235; baseline 0 -9"><span class='ocrx_word' id='word_1_388' title='bbox 975 1199 1086 1227; x_wconf 82' lang='lat' dir='ltr'><strong>Basilici</strong></span> <span class='ocrx_word' id='word_1_389' title='bbox 1103 1200 1322 1235; x_wconf 83' lang='lat' dir='ltr'><strong>tyrannipalatio</strong></span> <span class='ocrx_word' id='word_1_390' title='bbox 1338 1200 1471 1227; x_wconf 85' lang='lat' dir='ltr'><strong>translata</strong></span> <span class='ocrx_word' id='word_1_391' title='bbox 1486 1200 1620 1227; x_wconf 83' lang='lat' dir='ltr'><strong>Lausiaco</strong></span> <span class='ocrx_word' id='word_1_392' title='bbox 1630 1200 1765 1227; x_wconf 85' lang='lat' dir='ltr'><strong>adhibuit.</strong></span> 
     </span>
    </p>
   </div>
   <div class='ocr_carea' id='block_1_53' title="bbox 975 1246 1768 1281">
    <p class='ocr_par' dir='ltr' id='par_1_53' title="bbox 975 1246 1768 1281">
     <span class='ocr_line' id='line_1_53' title="bbox 975 1246 1768 1281; baseline 0.001 -9"><span class='ocrx_word' id='word_1_393' title='bbox 975 1246 1055 1273; x_wconf 86' lang='lat' dir='ltr'><strong>Aliud</strong></span> <span class='ocrx_word' id='word_1_394' title='bbox 1068 1246 1133 1273; x_wconf 92' lang='lat' dir='ltr'><strong>item</strong></span> <span class='ocrx_word' id='word_1_395' title='bbox 1152 1246 1300 1273; x_wconf 88' lang='lat' dir='ltr'><strong>triclinium</strong></span> <span class='ocrx_word' id='word_1_396' title='bbox 1316 1253 1378 1273; x_wconf 90' lang='lat' dir='ltr'><strong>cum</strong></span> <span class='ocrx_word' id='word_1_397' title='bbox 1388 1251 1506 1280; x_wconf 86' lang='lat' dir='ltr'><strong>quatuor</strong></span> <span class='ocrx_word' id='word_1_398' title='bbox 1521 1246 1670 1281; x_wconf 86' lang='lat' dir='ltr'><strong>splendidis</strong></span> <span class='ocrx_word' id='word_1_399' title='bbox 1686 1254 1768 1273; x_wconf 85' lang='lat' dir='ltr'><strong>orna-</strong></span> 
     </span>
    </p>
   </div>
   <div class='ocr_carea' id='block_1_54' title="bbox 977 1292 1767 1328">
    <p class='ocr_par' dir='ltr' id='par_1_54' title="bbox 977 1292 1767 1328">
     <span class='ocr_line' id='line_1_54' title="bbox 977 1292 1767 1328; baseline 0 -8"><span class='ocrx_word' id='word_1_400' title='bbox 977 1293 1066 1328; x_wconf 86' lang='lat' dir='ltr'><strong>tisque</strong></span> <span class='ocrx_word' id='word_1_401' title='bbox 1090 1292 1235 1325; x_wconf 85' lang='lat' dir='ltr'><strong>cubiculis,</strong></span> <span class='ocrx_word' id='word_1_402' title='bbox 1262 1300 1382 1327; x_wconf 90' lang='lat' dir='ltr'><strong>quorum</strong></span> <span class='ocrx_word' id='word_1_403' title='bbox 1400 1293 1453 1320; x_wconf 91' lang='lat' dir='ltr'><strong>duo</strong></span> <span class='ocrx_word' id='word_1_404' title='bbox 1475 1301 1572 1320; x_wconf 76' lang='lat' dir='ltr'><strong>versus</strong></span> <span class='ocrx_word' id='word_1_405' title='bbox 1595 1298 1767 1327; x_wconf 59' lang='lat' dir='ltr'><strong>mesupatum</strong></span> 
     </span>
    </p>
   </div>
   <div class='ocr_carea' id='block_1_55' title="bbox 976 1338 1767 1375">
    <p class='ocr_par' dir='ltr' id='par_1_55' title="bbox 976 1338 1767 1375">
     <span class='ocr_line' id='line_1_55' title="bbox 976 1338 1767 1375; baseline -0.003 -9"><span class='ocrx_word' id='word_1_406' title='bbox 976 1343 1142 1375; x_wconf 81' lang='lat' dir='ltr'><strong>xystumque</strong></span> <span class='ocrx_word' id='word_1_407' title='bbox 1158 1339 1272 1366; x_wconf 87' lang='lat' dir='ltr'><strong>secundi</strong></span> <span class='ocrx_word' id='word_1_408' title='bbox 1299 1339 1429 1372; x_wconf 86' lang='lat' dir='ltr'><strong>cubiculi,</strong></span> <span class='ocrx_word' id='word_1_409' title='bbox 1452 1339 1524 1374; x_wconf 89' lang='lat' dir='ltr'><strong>quod</strong></span> <span class='ocrx_word' id='word_1_410' title='bbox 1542 1343 1584 1366; x_wconf 86' lang='lat' dir='ltr'><strong>est</strong></span> <span class='ocrx_word' id='word_1_411' title='bbox 1598 1344 1660 1374; x_wconf 87' lang='lat' dir='ltr'><strong>post</strong></span> <span class='ocrx_word' id='word_1_412' title='bbox 1676 1338 1767 1365; x_wconf 81' lang='lat' dir='ltr'><strong>Cami-</strong></span> 
     </span>
    </p>
   </div>
   <div class='ocr_carea' id='block_1_56' title="bbox 976 1384 1768 1420">
    <p class='ocr_par' dir='ltr' id='par_1_56' title="bbox 976 1384 1768 1420">
     <span class='ocr_line' id='line_1_56' title="bbox 976 1384 1768 1420; baseline -0.004 -7"><span class='ocrx_word' id='word_1_413' title='bbox 976 1385 1042 1418; x_wconf 91' lang='lat' dir='ltr'><strong>lam,</strong></span> <span class='ocrx_word' id='word_1_414' title='bbox 1058 1390 1238 1413; x_wconf 80' lang='lat' dir='ltr'><strong>tcctumauro</strong></span> <span class='ocrx_word' id='word_1_415' title='bbox 1265 1385 1378 1412; x_wconf 91' lang='lat' dir='ltr'><strong>rutilum</strong></span> <span class='ocrx_word' id='word_1_416' title='bbox 1407 1385 1580 1420; x_wconf 83' lang='lat' dir='ltr'><strong>quadruplici</strong></span> <span class='ocrx_word' id='word_1_417' title='bbox 1608 1384 1701 1419; x_wconf 88' lang='lat' dir='ltr'><strong>apside</strong></span> <span class='ocrx_word' id='word_1_418' title='bbox 1719 1384 1768 1410; x_wconf 90' lang='lat' dir='ltr'><strong>ha-</strong></span> 
     </span>
    </p>
   </div>
   <div class='ocr_carea' id='block_1_57' title="bbox 977 1430 1769 1467">
    <p class='ocr_par' dir='ltr' id='par_1_57' title="bbox 977 1430 1769 1467">
     <span class='ocr_line' id='line_1_57' title="bbox 977 1430 1769 1467; baseline -0.003 -8"><span class='ocrx_word' id='word_1_419' title='bbox 977 1432 1080 1465; x_wconf 89' lang='lat' dir='ltr'><strong>bentia,</strong></span> <span class='ocrx_word' id='word_1_420' title='bbox 1109 1432 1142 1459; x_wconf 90' lang='lat' dir='ltr'><strong>ad</strong></span> <span class='ocrx_word' id='word_1_421' title='bbox 1162 1431 1331 1467; x_wconf 81' lang='lat' dir='ltr'><strong>Porphyram</strong></span> <span class='ocrx_word' id='word_1_422' title='bbox 1357 1431 1489 1466; x_wconf 78' lang='lat' dir='ltr'><strong>dirigunt.</strong></span> <span class='ocrx_word' id='word_1_423' title='bbox 1509 1430 1606 1458; x_wconf 85' lang='lat' dir='ltr'><strong>Palatii</strong></span> <span class='ocrx_word' id='word_1_424' title='bbox 1631 1431 1708 1458; x_wconf 88' lang='lat' dir='ltr'><strong>locus</strong></span> <span class='ocrx_word' id='word_1_425' title='bbox 1725 1433 1769 1457; x_wconf 77' lang='lat' dir='ltr'><strong>est</strong></span> 
     </span>
    </p>
   </div>
   <div class='ocr_carea' id='block_1_58' title="bbox 977 1470 1769 1511">
    <p class='ocr_par' dir='ltr' id='par_1_58' title="bbox 977 1470 1769 1511">
     <span class='ocr_line' id='line_1_58' title="bbox 977 1470 1769 1511; baseline -0.001 -8"><span class='ocrx_word' id='word_1_426' title='bbox 977 1475 1016 1503; x_wconf 87' lang='lat' dir='ltr'><strong>ita</strong></span> <span class='ocrx_word' id='word_1_427' title='bbox 1040 1475 1142 1507; x_wconf 88' lang='lat' dir='ltr'><strong>dictus,</strong></span> <span class='ocrx_word' id='word_1_428' title='bbox 1168 1475 1242 1510; x_wconf 88' lang='lat' dir='ltr'><strong>quod</strong></span> <span class='ocrx_word' id='word_1_429' title='bbox 1274 1476 1330 1503; x_wconf 88' lang='lat' dir='ltr'><strong>illic</strong></span> <span class='ocrx_word' id='word_1_430' title='bbox 1347 1483 1422 1503; x_wconf 84' lang='lat' dir='ltr'><strong>more</strong></span> <span class='ocrx_word' id='word_1_431' title='bbox 1435 1476 1500 1503; x_wconf 90' lang='lat' dir='ltr'><strong>olim</strong></span> <span class='ocrx_word' id='word_1_432' title='bbox 1523 1470 1634 1511; x_wconf 79' lang='lat' dir='ltr'><strong>recepto</strong></span> <span class='ocrx_word' id='word_1_433' title='bbox 1648 1477 1769 1510; x_wconf 77' lang='lat' dir='ltr'><strong>Augusta</strong></span> 
     </span>
    </p>
   </div>
   <div class='ocr_carea' id='block_1_59' title="bbox 977 1521 1771 1556">
    <p class='ocr_par' dir='ltr' id='par_1_59' title="bbox 977 1521 1771 1556">
     <span class='ocr_line' id='line_1_59' title="bbox 977 1521 1771 1556; baseline 0 -8"><span class='ocrx_word' id='word_1_434' title='bbox 977 1521 1084 1549; x_wconf 89' lang='lat' dir='ltr'><strong>nobiles</strong></span> <span class='ocrx_word' id='word_1_435' title='bbox 1111 1526 1250 1548; x_wconf 82' lang='lat' dir='ltr'><strong>matronas</strong></span> <span class='ocrx_word' id='word_1_436' title='bbox 1272 1521 1324 1549; x_wconf 85' lang='lat' dir='ltr'><strong>sub</strong></span> <span class='ocrx_word' id='word_1_437' title='bbox 1348 1521 1512 1548; x_wconf 81' lang='lat' dir='ltr'><strong>brumalium</strong></span> <span class='ocrx_word' id='word_1_438' title='bbox 1528 1525 1636 1556; x_wconf 88' lang='lat' dir='ltr'><strong>tempus</strong></span> <span class='ocrx_word' id='word_1_439' title='bbox 1657 1521 1771 1548; x_wconf 70' lang='lat' dir='ltr'><strong>coccino</strong></span> 
     </span>
    </p>
   </div>
   <div class='ocr_carea' id='block_1_60' title="bbox 978 1566 1771 1603">
    <p class='ocr_par' dir='ltr' id='par_1_60' title="bbox 978 1566 1771 1603">
     <span class='ocr_line' id='line_1_60' title="bbox 978 1566 1771 1603; baseline -0.001 -8"><span class='ocrx_word' id='word_1_440' title='bbox 978 1575 1152 1603; x_wconf 82' lang='lat' dir='ltr'><strong>purpuraque</strong></span> <span class='ocrx_word' id='word_1_441' title='bbox 1167 1567 1316 1602; x_wconf 85' lang='lat' dir='ltr'><strong>impartiat.</strong></span> <span class='ocrx_word' id='word_1_442' title='bbox 1335 1566 1393 1595; x_wconf 91' lang='lat' dir='ltr'><strong>Duo</strong></span> <span class='ocrx_word' id='word_1_443' title='bbox 1409 1567 1462 1594; x_wconf 88' lang='lat' dir='ltr'><strong>alia</strong></span> <span class='ocrx_word' id='word_1_444' title='bbox 1481 1567 1608 1594; x_wconf 88' lang='lat' dir='ltr'><strong>cubicula</strong></span> <span class='ocrx_word' id='word_1_445' title='bbox 1631 1567 1664 1594; x_wconf 84' lang='lat' dir='ltr'><strong>ad</strong></span> <span class='ocrx_word' id='word_1_446' title='bbox 1680 1570 1771 1602; x_wconf 81' lang='lat' dir='ltr'><strong>partes</strong></span> 
     </span>
    </p>
   </div>
   <div class='ocr_carea' id='block_1_61' title="bbox 138 1613 926 1656">
    <p class='ocr_par' dir='ltr' id='par_1_61' title="bbox 138 1615 926 1656">
     <span class='ocr_line' id='line_1_61' title="bbox 138 1615 926 1656; baseline -0.006 -9"><span class='ocrx_word' id='word_1_447' title='bbox 138 1621 253 1656; x_wconf 66' lang='grc' dir='ltr'><strong>καιρόν*</strong></span> <span class='ocrx_word' id='word_1_448' title='bbox 267 1618 350 1653; x_wconf 70' lang='grc' dir='ltr'><strong>ἔτερα</strong></span> <span class='ocrx_word' id='word_1_449' title='bbox 368 1616 397 1643; x_wconf 81' lang='grc' dir='ltr'><strong>δὲ</strong></span> <span class='ocrx_word' id='word_1_450' title='bbox 411 1616 457 1643; x_wconf 85' lang='grc' dir='ltr'><strong>δύο</strong></span> <span class='ocrx_word' id='word_1_451' title='bbox 471 1616 539 1652; x_wconf 81' lang='grc' dir='ltr'><strong>πρὸς</strong></span> <span class='ocrx_word' id='word_1_452' title='bbox 550 1615 581 1643; x_wconf 77' lang='grc' dir='ltr'><strong>τὸ</strong></span> <span class='ocrx_word' id='word_1_453' title='bbox 598 1616 682 1652; x_wconf 84' lang='grc' dir='ltr'><strong>μέρος</strong></span> <span class='ocrx_word' id='word_1_454' title='bbox 695 1615 743 1643; x_wconf 81' lang='grc' dir='ltr'><strong>τοῦ</strong></span> <span class='ocrx_word' id='word_1_455' title='bbox 759 1615 926 1649; x_wconf 85' lang='grc' dir='ltr'><strong>Λαυσιακοῦ,</strong></span> 
     </span>
    </p>
   </div>
   <div class='ocr_carea' id='block_1_62' title="bbox 977 1613 1771 1656">
    <p class='ocr_par' dir='ltr' id='par_1_62' title="bbox 978 1613 1771 1648">
     <span class='ocr_line' id='line_1_62' title="bbox 978 1613 1771 1648; baseline -0.003 -8"><span class='ocrx_word' id='word_1_456' title='bbox 978 1613 1115 1646; x_wconf 87' lang='lat' dir='ltr'><strong>Lausiaci,</strong></span> <span class='ocrx_word' id='word_1_457' title='bbox 1131 1621 1163 1640; x_wconf 79' lang='lat' dir='ltr'><strong>ex</strong></span> <span class='ocrx_word' id='word_1_458' title='bbox 1176 1613 1276 1648; x_wconf 85' lang='lat' dir='ltr'><strong>quibus</strong></span> <span class='ocrx_word' id='word_1_459' title='bbox 1286 1613 1366 1640; x_wconf 80' lang='lat' dir='ltr'><strong>etiam</strong></span> <span class='ocrx_word' id='word_1_460' title='bbox 1385 1613 1510 1648; x_wconf 86' lang='lat' dir='ltr'><strong>inipsum</strong></span> <span class='ocrx_word' id='word_1_461' title='bbox 1525 1617 1664 1648; x_wconf 80' lang='lat' dir='ltr'><strong>aspectum</strong></span> <span class='ocrx_word' id='word_1_462' title='bbox 1678 1613 1771 1645; x_wconf 76' lang='lat' dir='ltr'><strong>habet,</strong></span> 
     </span>
    </p>
   </div>
   <div class='ocr_carea' id='block_1_63' title="bbox 138 1661 932 1701">
    <p class='ocr_par' dir='ltr' id='par_1_63' title="bbox 138 1661 932 1701">
     <span class='ocr_line' id='line_1_63' title="bbox 138 1661 932 1701; baseline -0.009 -7"><span class='ocrx_word' id='word_1_463' title='bbox 138 1667 166 1701; x_wconf 61' lang='grc' dir='ltr'><strong>ἑξ</strong></span> <span class='ocrx_word' id='word_1_464' title='bbox 182 1663 220 1694; x_wconf 81' lang='grc' dir='ltr'><strong>ὧν</strong></span> <span class='ocrx_word' id='word_1_465' title='bbox 234 1664 284 1693; x_wconf 66' lang='grc' dir='ltr'><strong>καὶ</strong></span> <span class='ocrx_word' id='word_1_466' title='bbox 300 1665 350 1700; x_wconf 85' lang='grc' dir='ltr'><strong>τὴν</strong></span> <span class='ocrx_word' id='word_1_467' title='bbox 364 1663 432 1698; x_wconf 81' lang='grc' dir='ltr'><strong>πρὸς</strong></span> <span class='ocrx_word' id='word_1_468' title='bbox 451 1662 533 1689; x_wconf 79' lang='grc' dir='ltr'><strong>αὑτδν</strong></span> <span class='ocrx_word' id='word_1_469' title='bbox 551 1661 608 1698; x_wconf 72' lang='grc' dir='ltr'><strong>ἔχει</strong></span> <span class='ocrx_word' id='word_1_470' title='bbox 631 1661 821 1697; x_wconf 82' lang='grc' dir='ltr'><strong>κατασκοπὴν,</strong></span> <span class='ocrx_word' id='word_1_471' title='bbox 837 1661 932 1697; x_wconf 76' lang='grc' dir='ltr'><strong>εἰργά-</strong></span> 
     </span>
    </p>
   </div>
   <div class='ocr_carea' id='block_1_64' title="bbox 140 1707 932 1747">
    <p class='ocr_par' dir='ltr' id='par_1_64' title="bbox 140 1707 932 1747">
     <span class='ocr_line' id='line_1_64' title="bbox 140 1707 932 1747; baseline -0.008 -7"><span class='ocrx_word' id='word_1_472' title='bbox 140 1721 203 1740; x_wconf 75' lang='grc' dir='ltr'><strong>σατο</strong></span> <span class='ocrx_word' id='word_1_473' title='bbox 229 1711 293 1747; x_wconf 76' lang='grc' dir='ltr'><strong>μὲν,</strong></span> <span class='ocrx_word' id='word_1_474' title='bbox 309 1712 341 1737; x_wconf 77' lang='grc' dir='ltr'><strong>ὲκ</strong></span> <span class='ocrx_word' id='word_1_475' title='bbox 352 1709 429 1736; x_wconf 79' lang='grc' dir='ltr'><strong>λίθου</strong></span> <span class='ocrx_word' id='word_1_476' title='bbox 449 1707 662 1744; x_wconf 79' lang='grc' dir='ltr'><strong>Προικοννησίου</strong></span> <span class='ocrx_word' id='word_1_477' title='bbox 681 1708 716 1735; x_wconf 81' lang='grc' dir='ltr'><strong>τὰ</strong></span> <span class='ocrx_word' id='word_1_478' title='bbox 743 1708 832 1744; x_wconf 70' lang='grc' dir='ltr'><strong>ἐδάφη</strong></span> <span class='ocrx_word' id='word_1_479' title='bbox 847 1716 932 1735; x_wconf 80' lang='grc' dir='ltr'><strong>κατα-</strong></span> 
     </span>
    </p>
   </div>
   <div class='ocr_carea' id='block_1_65' title="bbox 141 1754 932 1795">
    <p class='ocr_par' dir='ltr' id='par_1_65' title="bbox 141 1754 932 1795">
     <span class='ocr_line' id='line_1_65' title="bbox 141 1754 932 1795; baseline -0.006 -9"><span class='ocrx_word' id='word_1_480' title='bbox 141 1758 266 1795; x_wconf 74' lang='grc' dir='ltr'><strong>στρώσας</strong></span> <span class='ocrx_word' id='word_1_481' title='bbox 277 1757 380 1788; x_wconf 82' lang='grc' dir='ltr'><strong>αὐτῶν,</strong></span> <span class='ocrx_word' id='word_1_482' title='bbox 392 1755 438 1782; x_wconf 75' lang='grc' dir='ltr'><strong>καὶ</strong></span> <span class='ocrx_word' id='word_1_483' title='bbox 451 1755 483 1781; x_wconf 82' lang='grc' dir='ltr'><strong>ὲκ</strong></span> <span class='ocrx_word' id='word_1_484' title='bbox 494 1754 650 1790; x_wconf 83' lang='grc' dir='ltr'><strong>χρωμάτων</strong></span> <span class='ocrx_word' id='word_1_485' title='bbox 664 1755 721 1782; x_wconf 78' lang='grc' dir='ltr'><strong>ἀλλ’</strong></span> <span class='ocrx_word' id='word_1_486' title='bbox 736 1755 767 1781; x_wconf 80' lang='grc' dir='ltr'><strong>οὐ</strong></span> <span class='ocrx_word' id='word_1_487' title='bbox 779 1754 932 1791; x_wconf 82' lang='grc' dir='ltr'><strong>μαρμάρων</strong></span> 
     </span>
    </p>
   </div>
   <div class='ocr_carea' id='block_1_66' title="bbox 140 1799 932 1838">
    <p class='ocr_par' dir='ltr' id='par_1_66' title="bbox 140 1799 932 1838">
     <span class='ocr_line' id='line_1_66' title="bbox 140 1799 932 1838; baseline -0.005 -8"><span class='ocrx_word' id='word_1_488' title='bbox 140 1805 201 1836; x_wconf 76' lang='grc' dir='ltr'><strong>τοὺς</strong></span> <span class='ocrx_word' id='word_1_489' title='bbox 218 1803 327 1838; x_wconf 77' lang='grc' dir='ltr'><strong>τοίχους</strong></span> <span class='ocrx_word' id='word_1_490' title='bbox 338 1801 471 1837; x_wconf 81' lang='grc' dir='ltr'><strong>ὼρατσας,</strong></span> <span class='ocrx_word' id='word_1_491' title='bbox 487 1800 540 1826; x_wconf 82' lang='grc' dir='ltr'><strong>ὑπὸ</strong></span> <span class='ocrx_word' id='word_1_492' title='bbox 553 1799 720 1836; x_wconf 76' lang='grc' dir='ltr'><strong>ἐμπρησμοῦ</strong></span> <span class='ocrx_word' id='word_1_493' title='bbox 733 1800 846 1835; x_wconf 81' lang='grc' dir='ltr'><strong>δὲὸμως</strong></span> <span class='ocrx_word' id='word_1_494' title='bbox 857 1801 932 1835; x_wconf 72' lang='grc' dir='ltr'><strong>ἀτρα-</strong></span> 
     </span>
    </p>
   </div>
   <div class='ocr_carea' id='block_1_67' title="bbox 141 1845 932 1886">
    <p class='ocr_par' dir='ltr' id='par_1_67' title="bbox 141 1845 932 1886">
     <span class='ocr_line' id='line_1_67' title="bbox 141 1845 932 1886; baseline -0.006 -9"><span class='ocrx_word' id='word_1_495' title='bbox 141 1850 200 1886; x_wconf 65' lang='grc' dir='ltr'><strong>νειᾳ</strong></span> <span class='ocrx_word' id='word_1_496' title='bbox 214 1847 416 1884; x_wconf 78' lang='grc' dir='ltr'><strong>παρεδόθησαν.</strong></span> <span class='ocrx_word' id='word_1_497' title='bbox 434 1846 490 1873; x_wconf 82' lang='grc' dir='ltr'><strong>Καὶ</strong></span> <span class='ocrx_word' id='word_1_498' title='bbox 509 1845 599 1872; x_wconf 82' lang='grc' dir='ltr'><strong>Θέκλα</strong></span> <span class='ocrx_word' id='word_1_499' title='bbox 625 1845 654 1872; x_wconf 72' lang='grc' dir='ltr'><strong>δὲ</strong></span> <span class='ocrx_word' id='word_1_500' title='bbox 682 1846 699 1881; x_wconf 83' lang='grc' dir='ltr'>ἠ</span> <span class='ocrx_word' id='word_1_501' title='bbox 720 1845 815 1873; x_wconf 86' lang='grc' dir='ltr'><strong>τούτου</strong></span> <span class='ocrx_word' id='word_1_502' title='bbox 838 1846 932 1882; x_wconf 84' lang='grc' dir='ltr'><strong>πρώτη</strong></span> 
     </span>
    </p>
   </div>
   <div class='ocr_carea' id='block_1_68' title="bbox 143 1891 934 1931">
    <p class='ocr_par' dir='ltr' id='par_1_68' title="bbox 143 1891 934 1931">
     <span class='ocr_line' id='line_1_68' title="bbox 143 1891 934 1931; baseline -0.006 -8"><span class='ocrx_word' id='word_1_503' title='bbox 143 1896 267 1931; x_wconf 73' lang='grc' dir='ltr'><strong>θυγάτηρ</strong></span> <span class='ocrx_word' id='word_1_504' title='bbox 281 1895 313 1921; x_wconf 83' lang='grc' dir='ltr'><strong>τδ</strong></span> <span class='ocrx_word' id='word_1_505' title='bbox 329 1894 402 1921; x_wconf 67' lang='grc' dir='ltr'><strong>κατὰ</strong></span> <span class='ocrx_word' id='word_1_506' title='bbox 412 1894 462 1926; x_wconf 77' lang='grc' dir='ltr'><strong>τὰς</strong></span> <span class='ocrx_word' id='word_1_507' title='bbox 476 1893 633 1928; x_wconf 81' lang='grc' dir='ltr'><strong>Βλαχὲρνας</strong></span> <span class='ocrx_word' id='word_1_508' title='bbox 653 1891 856 1925; x_wconf 78' lang='grc' dir='ltr'><strong>κουὸούκλειον,</strong></span> <span class='ocrx_word' id='word_1_509' title='bbox 869 1891 934 1918; x_wconf 74' lang='grc' dir='ltr'><strong>ἔνθα</strong></span> 
     </span>
    </p>
   </div>
   <div class='ocr_carea' id='block_1_69' title="bbox 144 1938 935 1977">
    <p class='ocr_par' dir='ltr' id='par_1_69' title="bbox 144 1938 935 1977">
     <span class='ocr_line' id='line_1_69' title="bbox 144 1938 935 1977; baseline -0.008 -8"><span class='ocrx_word' id='word_1_510' title='bbox 144 1941 191 1969; x_wconf 69' lang='grc' dir='ltr'><strong>καὶ</strong></span> <span class='ocrx_word' id='word_1_511' title='bbox 206 1941 238 1968; x_wconf 80' lang='grc' dir='ltr'><strong>τδ</strong></span> <span class='ocrx_word' id='word_1_512' title='bbox 252 1941 304 1975; x_wconf 83' lang='grc' dir='ltr'><strong>τῆς</strong></span> <span class='ocrx_word' id='word_1_513' title='bbox 319 1939 560 1977; x_wconf 77' lang='grc' dir='ltr'><strong>Πρωτομάρτυρος</strong></span> <span class='ocrx_word' id='word_1_514' title='bbox 581 1938 687 1973; x_wconf 81' lang='grc' dir='ltr'><strong>Θέκλης</strong></span> <span class='ocrx_word' id='word_1_515' title='bbox 700 1938 847 1973; x_wconf 84' lang='grc' dir='ltr'><strong>εὐκτήριον</strong></span> <span class='ocrx_word' id='word_1_516' title='bbox 861 1938 935 1973; x_wconf 74' lang='grc' dir='ltr'><strong>ἵδρυ-</strong></span> 
     </span>
    </p>
   </div>
   <div class='ocr_carea' id='block_1_70' title="bbox 143 1984 935 2023">
    <p class='ocr_par' dir='ltr' id='par_1_70' title="bbox 143 1984 935 2023">
     <span class='ocr_line' id='line_1_70' title="bbox 143 1984 935 2023; baseline -0.009 -7"><span class='ocrx_word' id='word_1_517' title='bbox 143 1995 201 2022; x_wconf 65' lang='grc' dir='ltr'><strong>ται,</strong></span> <span class='ocrx_word' id='word_1_518' title='bbox 213 1989 246 2016; x_wconf 72' lang='grc' dir='ltr'><strong>ὲκ</strong></span> <span class='ocrx_word' id='word_1_519' title='bbox 255 1987 306 2015; x_wconf 80' lang='grc' dir='ltr'><strong>τοῦ</strong></span> <span class='ocrx_word' id='word_1_520' title='bbox 326 1987 364 2023; x_wconf 76' lang='grc' dir='ltr'><strong>μὴ</strong></span> <span class='ocrx_word' id='word_1_521' title='bbox 389 1987 464 2018; x_wconf 78' lang='grc' dir='ltr'><strong>δντος</strong></span> <span class='ocrx_word' id='word_1_522' title='bbox 477 1986 582 2022; x_wconf 67' lang='grc' dir='ltr'><strong>ἢγαγεν</strong></span> <span class='ocrx_word' id='word_1_523' title='bbox 598 1985 803 2021; x_wconf 80' lang='grc' dir='ltr'><strong>εὐμορφότατον</strong></span> <span class='ocrx_word' id='word_1_524' title='bbox 814 1992 821 2000; x_wconf 89' lang='grc'><strong>·</strong></span> <span class='ocrx_word' id='word_1_525' title='bbox 845 1984 935 2010; x_wconf 73' lang='grc' dir='ltr'><strong>ἐκεῖσε</strong></span> 
     </span>
    </p>
   </div>
   <div class='ocr_carea' id='block_1_71' title="bbox 144 2030 777 2068">
    <p class='ocr_par' dir='ltr' id='par_1_71' title="bbox 144 2030 777 2068">
     <span class='ocr_line' id='line_1_71' title="bbox 144 2030 777 2068; baseline -0.008 -6"><span class='ocrx_word' id='word_1_526' title='bbox 144 2033 174 2061; x_wconf 76' lang='grc' dir='ltr'><strong>δι</strong></span> <span class='ocrx_word' id='word_1_527' title='bbox 187 2034 236 2062; x_wconf 76' lang='grc' dir='ltr'><strong>καὶ</strong></span> <span class='ocrx_word' id='word_1_528' title='bbox 249 2034 296 2061; x_wconf 74' lang='grc' dir='ltr'><strong>τὸν</strong></span> <span class='ocrx_word' id='word_1_529' title='bbox 310 2032 370 2068; x_wconf 81' lang='grc' dir='ltr'><strong>βίον</strong></span> <span class='ocrx_word' id='word_1_530' title='bbox 387 2031 454 2060; x_wconf 75' lang='grc' dir='ltr'><strong>οὖσα</strong></span> <span class='ocrx_word' id='word_1_531' title='bbox 469 2031 629 2066; x_wconf 81' lang='grc' dir='ltr'><strong>κλινοπετὴς</strong></span> <span class='ocrx_word' id='word_1_532' title='bbox 643 2030 777 2064; x_wconf 73' lang='grc' dir='ltr'><strong>ἐξέλιπεν.</strong></span> 
     </span>
    </p>
   </div>
   <div class='ocr_carea' id='block_1_72' title="bbox 981 1658 1773 1694">
    <p class='ocr_par' dir='ltr' id='par_1_72' title="bbox 981 1658 1773 1694">
     <span class='ocr_line' id='line_1_72' title="bbox 981 1658 1773 1694; baseline -0.004 -7"><span class='ocrx_word' id='word_1_533' title='bbox 981 1659 1169 1691; x_wconf 68' lang='lat' dir='ltr'><strong>exaediﬁcavit,</strong></span> <span class='ocrx_word' id='word_1_534' title='bbox 1195 1659 1351 1694; x_wconf 85' lang='lat' dir='ltr'><strong>pavimento</strong></span> <span class='ocrx_word' id='word_1_535' title='bbox 1363 1663 1450 1687; x_wconf 88' lang='lat' dir='ltr'><strong>strato</strong></span> <span class='ocrx_word' id='word_1_536' title='bbox 1469 1658 1665 1686; x_wconf 71' lang='lat' dir='ltr'><strong>Prmconnesio</strong></span> <span class='ocrx_word' id='word_1_537' title='bbox 1684 1658 1773 1693; x_wconf 77' lang='lat' dir='ltr'><strong>lapide</strong></span> 
     </span>
    </p>
   </div>
   <div class='ocr_carea' id='block_1_73' title="bbox 982 1704 1773 1741">
    <p class='ocr_par' dir='ltr' id='par_1_73' title="bbox 982 1704 1773 1741">
     <span class='ocr_line' id='line_1_73' title="bbox 982 1704 1773 1741; baseline -0.005 -7"><span class='ocrx_word' id='word_1_538' title='bbox 982 1713 1014 1734; x_wconf 86' lang='lat' dir='ltr'><strong>ac</strong></span> <span class='ocrx_word' id='word_1_539' title='bbox 1025 1705 1175 1741; x_wconf 81' lang='lat' dir='ltr'><strong>parietibus</strong></span> <span class='ocrx_word' id='word_1_540' title='bbox 1193 1704 1267 1731; x_wconf 84' lang='lat' dir='ltr'><strong>vario</strong></span> <span class='ocrx_word' id='word_1_541' title='bbox 1279 1705 1381 1738; x_wconf 85' lang='lat' dir='ltr'><strong>colore,</strong></span> <span class='ocrx_word' id='word_1_542' title='bbox 1399 1713 1555 1740; x_wconf 88' lang='lat' dir='ltr'><strong>quanquam</strong></span> <span class='ocrx_word' id='word_1_543' title='bbox 1579 1712 1632 1732; x_wconf 92' lang='lat' dir='ltr'><strong>non</strong></span> <span class='ocrx_word' id='word_1_544' title='bbox 1651 1712 1684 1731; x_wconf 79' lang='lat' dir='ltr'><strong>ex</strong></span> <span class='ocrx_word' id='word_1_545' title='bbox 1701 1712 1773 1730; x_wconf 86' lang='lat' dir='ltr'><strong>mar-</strong></span> 
     </span>
    </p>
   </div>
   <div class='ocr_carea' id='block_1_74' title="bbox 981 1749 1773 1787">
    <p class='ocr_par' dir='ltr' id='par_1_74' title="bbox 981 1749 1773 1787">
     <span class='ocr_line' id='line_1_74' title="bbox 981 1749 1773 1787; baseline -0.003 -7"><span class='ocrx_word' id='word_1_546' title='bbox 981 1752 1068 1784; x_wconf 77' lang='lat' dir='ltr'><strong>more,</strong></span> <span class='ocrx_word' id='word_1_547' title='bbox 1084 1751 1207 1785; x_wconf 80' lang='lat' dir='ltr'><strong>ornatis;</strong></span> <span class='ocrx_word' id='word_1_548' title='bbox 1224 1759 1285 1787; x_wconf 74' lang='lat' dir='ltr'><strong>quae</strong></span> <span class='ocrx_word' id='word_1_549' title='bbox 1312 1752 1420 1779; x_wconf 85' lang='lat' dir='ltr'><strong>tametsi</strong></span> <span class='ocrx_word' id='word_1_550' title='bbox 1446 1751 1509 1778; x_wconf 88' lang='lat' dir='ltr'><strong>talia</strong></span> <span class='ocrx_word' id='word_1_551' title='bbox 1537 1755 1624 1783; x_wconf 80' lang='lat' dir='ltr'><strong>erant,</strong></span> <span class='ocrx_word' id='word_1_552' title='bbox 1648 1749 1773 1778; x_wconf 88' lang='lat' dir='ltr'><strong>incendio</strong></span> 
     </span>
    </p>
   </div>
   <div class='ocr_carea' id='block_1_75' title="bbox 983 1797 1773 1833">
    <p class='ocr_par' dir='ltr' id='par_1_75' title="bbox 983 1797 1773 1833">
     <span class='ocr_line' id='line_1_75' title="bbox 983 1797 1773 1833; baseline -0.004 -8"><span class='ocrx_word' id='word_1_553' title='bbox 983 1798 1131 1833; x_wconf 87' lang='lat' dir='ltr'><strong>perierunt.</strong></span> <span class='ocrx_word' id='word_1_554' title='bbox 1149 1797 1202 1825; x_wconf 85' lang='lat' dir='ltr'><strong>Sed</strong></span> <span class='ocrx_word' id='word_1_555' title='bbox 1217 1801 1246 1824; x_wconf 90' lang='lat' dir='ltr'><strong>et</strong></span> <span class='ocrx_word' id='word_1_556' title='bbox 1257 1797 1357 1825; x_wconf 88' lang='lat' dir='ltr'><strong>Thecla</strong></span> <span class='ocrx_word' id='word_1_557' title='bbox 1367 1797 1426 1831; x_wconf 81' lang='lat' dir='ltr'><strong>ejus</strong></span> <span class='ocrx_word' id='word_1_558' title='bbox 1442 1797 1558 1824; x_wconf 82' lang='lat' dir='ltr'><strong>ﬁliarum</strong></span> <span class='ocrx_word' id='word_1_559' title='bbox 1576 1802 1639 1823; x_wconf 88' lang='lat' dir='ltr'><strong>natu</strong></span> <span class='ocrx_word' id='word_1_560' title='bbox 1653 1797 1773 1823; x_wconf 75' lang='lat' dir='ltr'><strong>maxima</strong></span> 
     </span>
    </p>
   </div>
   <div class='ocr_carea' id='block_1_76' title="bbox 983 1842 1774 1879">
    <p class='ocr_par' dir='ltr' id='par_1_76' title="bbox 983 1842 1774 1879">
     <span class='ocr_line' id='line_1_76' title="bbox 983 1842 1774 1879; baseline -0.005 -7"><span class='ocrx_word' id='word_1_561' title='bbox 983 1843 1152 1876; x_wconf 87' lang='lat' dir='ltr'><strong>cubiculum,</strong></span> <span class='ocrx_word' id='word_1_562' title='bbox 1185 1843 1230 1870; x_wconf 92' lang='lat' dir='ltr'><strong>ubi</strong></span> <span class='ocrx_word' id='word_1_563' title='bbox 1267 1847 1294 1871; x_wconf 90' lang='lat' dir='ltr'><strong>et</strong></span> <span class='ocrx_word' id='word_1_564' title='bbox 1323 1843 1406 1879; x_wconf 66' lang='grc'><strong>148</strong></span> <span class='ocrx_word' id='word_1_565' title='bbox 1432 1842 1541 1871; x_wconf 71' lang='lat' dir='ltr'><strong>Thecla:</strong></span> <span class='ocrx_word' id='word_1_566' title='bbox 1566 1843 1774 1878; x_wconf 80' lang='lat' dir='ltr'><strong>protomartyris</strong></span> 
     </span>
    </p>
   </div>
   <div class='ocr_carea' id='block_1_77' title="bbox 983 1888 1775 1924">
    <p class='ocr_par' dir='ltr' id='par_1_77' title="bbox 983 1888 1775 1924">
     <span class='ocr_line' id='line_1_77' title="bbox 983 1888 1775 1924; baseline 0 -8"><span class='ocrx_word' id='word_1_567' title='bbox 983 1890 1135 1917; x_wconf 88' lang='lat' dir='ltr'><strong>oratorium</strong></span> <span class='ocrx_word' id='word_1_568' title='bbox 1166 1894 1218 1920; x_wconf 82' lang='lat' dir='ltr'><strong>est.</strong></span> <span class='ocrx_word' id='word_1_569' title='bbox 1246 1897 1309 1916; x_wconf 91' lang='lat' dir='ltr'><strong>cum</strong></span> <span class='ocrx_word' id='word_1_570' title='bbox 1336 1890 1373 1917; x_wconf 87' lang='lat' dir='ltr'><strong>sit</strong></span> <span class='ocrx_word' id='word_1_571' title='bbox 1393 1889 1622 1924; x_wconf 85' lang='lat' dir='ltr'><strong>pulcherrimum,</strong></span> <span class='ocrx_word' id='word_1_572' title='bbox 1637 1897 1652 1916; x_wconf 82' lang='lat' dir='ltr'><strong>a</strong></span> <span class='ocrx_word' id='word_1_573' title='bbox 1675 1888 1775 1916; x_wconf 80' lang='lat' dir='ltr'><strong>funda-</strong></span> 
     </span>
    </p>
   </div>
   <div class='ocr_carea' id='block_1_78' title="bbox 984 1934 1775 1970">
    <p class='ocr_par' dir='ltr' id='par_1_78' title="bbox 984 1934 1775 1970">
     <span class='ocr_line' id='line_1_78' title="bbox 984 1934 1775 1970; baseline 0.001 -9"><span class='ocrx_word' id='word_1_574' title='bbox 984 1935 1084 1962; x_wconf 90' lang='lat' dir='ltr'><strong>mentis</strong></span> <span class='ocrx_word' id='word_1_575' title='bbox 1099 1935 1308 1970; x_wconf 83' lang='lat' dir='ltr'><strong>excitavit;quo</strong></span> <span class='ocrx_word' id='word_1_576' title='bbox 1323 1935 1404 1962; x_wconf 84' lang='lat' dir='ltr'><strong>etiam</strong></span> <span class='ocrx_word' id='word_1_577' title='bbox 1414 1935 1474 1963; x_wconf 82' lang='lat' dir='ltr'><strong>loco</strong></span> <span class='ocrx_word' id='word_1_578' title='bbox 1483 1935 1510 1962; x_wconf 88' lang='lat' dir='ltr'><strong>in</strong></span> <span class='ocrx_word' id='word_1_579' title='bbox 1526 1935 1596 1963; x_wconf 89' lang='lat' dir='ltr'><strong>lecto</strong></span> <span class='ocrx_word' id='word_1_580' title='bbox 1608 1934 1775 1963; x_wconf 83' lang='lat' dir='ltr'><strong>decumbens</strong></span> 
     </span>
    </p>
   </div>
   <div class='ocr_carea' id='block_1_79' title="bbox 984 1980 1187 2008">
    <p class='ocr_par' dir='ltr' id='par_1_79' title="bbox 984 1980 1187 2008">
     <span class='ocr_line' id='line_1_79' title="bbox 984 1980 1187 2008; baseline 0.005 -1"><span class='ocrx_word' id='word_1_581' title='bbox 984 1980 1076 2008; x_wconf 82' lang='lat' dir='ltr'><strong>vivere</strong></span> <span class='ocrx_word' id='word_1_582' title='bbox 1095 1980 1187 2008; x_wconf 81' lang='lat' dir='ltr'><strong>dcsiit.</strong></span> 
     </span>
    </p>
   </div>
   <div class='ocr_carea' id='block_1_80' title="bbox 786 2079 1123 2111">
    <p class='ocr_par' dir='ltr' id='par_1_80' title="bbox 786 2079 1123 2111">
     <span class='ocr_line' id='line_1_80' title="bbox 786 2079 1123 2111; baseline 0.012 -4"><span class='ocrx_word' id='word_1_583' title='bbox 786 2079 903 2109; x_wconf 65' lang='lat' dir='ltr'><strong>VARUS</strong></span> <span class='ocrx_word' id='word_1_584' title='bbox 923 2081 1069 2110; x_wconf 82' lang='lat' dir='ltr'><strong>LECTION</strong></span> <span class='ocrx_word' id='word_1_585' title='bbox 1074 2083 1123 2111; x_wconf 85' lang='lat' dir='ltr'><strong>ES.</strong></span> 
     </span>
    </p>
   </div>
   <div class='ocr_carea' id='block_1_81' title="bbox 182 2125 642 2165">
    <p class='ocr_par' dir='ltr' id='par_1_81' title="bbox 182 2125 642 2165">
     <span class='ocr_line' id='line_1_81' title="bbox 182 2125 642 2165; baseline -0.011 -8"><span class='ocrx_word' id='word_1_586' title='bbox 182 2128 207 2145; x_wconf 71' lang='lat'><strong>“</strong></span> <span class='ocrx_word' id='word_1_587' title='bbox 220 2129 378 2165; x_wconf 72' lang='grc' dir='ltr'><strong>κινούργιον</strong></span> <span class='ocrx_word' id='word_1_588' title='bbox 392 2126 411 2154; x_wconf 85' lang='grc' dir='ltr'><strong><em>Ρ</em></strong></span> <span class='ocrx_word' id='word_1_589' title='bbox 429 2135 436 2155; x_wconf 90' lang='lat'><strong>:</strong></span> <span class='ocrx_word' id='word_1_590' title='bbox 449 2127 486 2155; x_wconf 71' lang='lat' dir='ltr'><strong>ci.</strong></span> <span class='ocrx_word' id='word_1_591' title='bbox 503 2134 531 2162; x_wconf 87' lang='lat' dir='ltr'><strong>p.</strong></span> <span class='ocrx_word' id='word_1_592' title='bbox 546 2125 600 2153; x_wconf 63' lang='grc'><strong>204</strong></span> <span class='ocrx_word' id='word_1_593' title='bbox 613 2125 642 2152; x_wconf 84' lang='grc' dir='ltr'>Β.</span> 
     </span>
    </p>
   </div>
   <div class='ocr_carea' id='block_1_82' title="bbox 149 2208 379 2219">
    <p class='ocr_par' dir='ltr' id='par_1_82' title="bbox 149 2208 379 2219">
     <span class='ocr_line' id='line_1_82' title="bbox 149 2208 379 2219; baseline 0 -1"><span class='ocrx_word' id='word_1_594' title='bbox 149 2208 379 2219; x_wconf 70' lang='lat'><strong>.—</strong></span> 
     </span>
    </p>
   </div>
   <div class='ocr_carea' id='block_1_83' title="bbox 835 2280 1120 2324">
    <p class='ocr_par' dir='ltr' id='par_1_83' title="bbox 835 2280 1120 2324">
     <span class='ocr_line' id='line_1_83' title="bbox 835 2280 1120 2324; baseline 0 0"><span class='ocrx_word' id='word_1_595' title='bbox 835 2281 1019 2324; x_wconf 88' lang='grc' dir='ltr'><strong>ΛΟΓΟΣ</strong></span> <span class='ocrx_word' id='word_1_596' title='bbox 1058 2280 1099 2324; x_wconf 86' lang='grc' dir='ltr'><strong>Δ¹</strong></span> <span class='ocrx_word' id='word_1_597' title='bbox 1111 2305 1120 2315; x_wconf 88' lang='lat'><strong>-</strong></span> 
     </span>
    </p>
   </div>
   <div class='ocr_carea' id='block_1_84' title="bbox 519 2362 1415 2392">
    <p class='ocr_par' dir='ltr' id='par_1_84' title="bbox 519 2362 1415 2392">
     <span class='ocr_line' id='line_1_84' title="bbox 519 2362 1415 2392; baseline 0 0"><span class='ocrx_word' id='word_1_598' title='bbox 519 2364 598 2392; x_wconf 77' lang='grc' dir='ltr'><strong>ΠΕΡΙ</strong></span> <span class='ocrx_word' id='word_1_599' title='bbox 619 2364 688 2391; x_wconf 79' lang='grc' dir='ltr'><strong>ΤΗΣ</strong></span> <span class='ocrx_word' id='word_1_600' title='bbox 711 2363 891 2391; x_wconf 75' lang='grc' dir='ltr'><strong>ΒΑΣΙΛΕΙΑΣ</strong></span> <span class='ocrx_word' id='word_1_601' title='bbox 906 2362 1042 2391; x_wconf 75' lang='grc' dir='ltr'><strong>ΜΙΧΔΠΛ</strong></span> <span class='ocrx_word' id='word_1_602' title='bbox 1060 2363 1128 2390; x_wconf 82' lang='grc' dir='ltr'><strong>ΤΟΥ</strong></span> <span class='ocrx_word' id='word_1_603' title='bbox 1142 2363 1223 2390; x_wconf 73' lang='grc' dir='ltr'><strong>ἸΊΟΥ</strong></span> <span class='ocrx_word' id='word_1_604' title='bbox 1233 2363 1415 2392; x_wconf 76' lang='grc' dir='ltr'><strong>ΘΕΟΦΙΔΟΥ.</strong></span> 
     </span>
    </p>
   </div>
   <div class='ocr_carea' id='block_1_85' title="bbox 828 2521 1129 2567">
    <p class='ocr_par' dir='ltr' id='par_1_85' title="bbox 828 2521 1129 2567">
     <span class='ocr_line' id='line_1_85' title="bbox 828 2521 1129 2567; baseline 0 -2"><span class='ocrx_word' id='word_1_605' title='bbox 828 2521 1009 2566; x_wconf 83' lang='lat' dir='ltr'><strong>LIBER</strong></span> <span class='ocrx_word' id='word_1_606' title='bbox 1049 2521 1129 2567; x_wconf 84' lang='lat' dir='ltr'><strong>IV.</strong></span> 
     </span>
    </p>
   </div>
   <div class='ocr_carea' id='block_1_86' title="bbox 619 2608 1312 2639">
    <p class='ocr_par' dir='ltr' id='par_1_86' title="bbox 619 2608 1312 2639">
     <span class='ocr_line' id='line_1_86' title="bbox 619 2608 1312 2639; baseline 0.003 -2"><span class='ocrx_word' id='word_1_607' title='bbox 619 2608 806 2638; x_wconf 76' lang='lat' dir='ltr'><strong>MICHAELIS</strong></span> <span class='ocrx_word' id='word_1_608' title='bbox 823 2608 1011 2638; x_wconf 77' lang='lat' dir='ltr'><strong>THEOPHILI</strong></span> <span class='ocrx_word' id='word_1_609' title='bbox 1037 2608 1114 2636; x_wconf 81' lang='lat' dir='ltr'>FILII</span> <span class='ocrx_word' id='word_1_610' title='bbox 1133 2608 1312 2639; x_wconf 77' lang='lat' dir='ltr'><strong>IMPERIUM.</strong></span> 
     </span>
    </p>
   </div>
   <div class='ocr_carea' id='block_1_87' title="bbox 194 2751 1786 2790">
    <p class='ocr_par' dir='ltr' id='par_1_87' title="bbox 194 2751 1786 2790">
     <span class='ocr_line' id='line_1_87' title="bbox 194 2751 1786 2790; baseline 0 -10"><span class='ocrx_word' id='word_1_611' title='bbox 194 2752 234 2790; x_wconf 78' lang='grc' dir='ltr'><strong>[Ρ.</strong></span> <span class='ocrx_word' id='word_1_612' title='bbox 254 2752 301 2789; x_wconf 75' lang='lat'><strong>92]</strong></span> <span class='ocrx_word' id='word_1_613' title='bbox 316 2756 351 2780; x_wconf 90' lang='grc' dir='ltr'><strong>α’.</strong></span> <span class='ocrx_word' id='word_1_614' title='bbox 375 2751 496 2788; x_wconf 84' lang='grc' dir='ltr'><strong>Τοιούτῳ</strong></span> <span class='ocrx_word' id='word_1_615' title='bbox 514 2752 562 2788; x_wconf 76' lang='grc' dir='ltr'><strong>μὲν</strong></span> <span class='ocrx_word' id='word_1_616' title='bbox 591 2752 664 2778; x_wconf 86' lang='grc' dir='ltr'><strong>τέλει</strong></span> <span class='ocrx_word' id='word_1_617' title='bbox 691 2751 750 2788; x_wconf 80' lang='grc' dir='ltr'><strong>βίου</strong></span> <span class='ocrx_word' id='word_1_618' title='bbox 775 2752 789 2780; x_wconf 80' lang='grc' dir='ltr'><strong>ὁ</strong></span> <span class='ocrx_word' id='word_1_619' title='bbox 812 2751 942 2786; x_wconf 80' lang='grc' dir='ltr'><strong>Θεόφιλος</strong></span> <span class='ocrx_word' id='word_1_620' title='bbox 958 2760 980 2788; x_wconf 79' lang='grc' dir='ltr'><strong>ι)</strong></span> <span class='ocrx_word' id='word_1_621' title='bbox 1031 2753 1058 2780; x_wconf 78' lang='grc'><strong>1.</strong></span> <span class='ocrx_word' id='word_1_622' title='bbox 1073 2751 1230 2780; x_wconf 83' lang='lat' dir='ltr'><strong>Istiusmodi</strong></span> <span class='ocrx_word' id='word_1_623' title='bbox 1262 2752 1323 2779; x_wconf 63' lang='lat' dir='ltr'><strong>vitae</strong></span> <span class='ocrx_word' id='word_1_624' title='bbox 1350 2752 1429 2779; x_wconf 85' lang='lat' dir='ltr'><strong>tinem</strong></span> <span class='ocrx_word' id='word_1_625' title='bbox 1460 2757 1539 2780; x_wconf 79' lang='lat' dir='ltr'><strong>nacto</strong></span> <span class='ocrx_word' id='word_1_626' title='bbox 1565 2751 1717 2788; x_wconf 81' lang='lat' dir='ltr'><strong>Theophila</strong></span> <span class='ocrx_word' id='word_1_627' title='bbox 1738 2753 1786 2781; x_wconf 79' lang='lat' dir='ltr'><strong>Mi-</strong></span> 
     </span>
    </p>
   </div>
   <div class='ocr_carea' id='block_1_88' title="bbox 157 2797 1786 2835">
    <p class='ocr_par' dir='ltr' id='par_1_88' title="bbox 157 2797 1786 2835">
     <span class='ocr_line' id='line_1_88' title="bbox 157 2797 1786 2835; baseline 0.002 -10"><span class='ocrx_word' id='word_1_628' title='bbox 157 2799 302 2834; x_wconf 70' lang='grc' dir='ltr'><strong>ιχρήσιτο,</strong></span> <span class='ocrx_word' id='word_1_629' title='bbox 319 2799 369 2835; x_wconf 75' lang='grc' dir='ltr'><strong>τὴν</strong></span> <span class='ocrx_word' id='word_1_630' title='bbox 392 2799 420 2825; x_wconf 69' lang='grc' dir='ltr'><strong>δὲ</strong></span> <span class='ocrx_word' id='word_1_631' title='bbox 448 2798 587 2834; x_wconf 81' lang='grc' dir='ltr'><strong>βασιλείαν</strong></span> <span class='ocrx_word' id='word_1_632' title='bbox 611 2797 720 2834; x_wconf 78' lang='grc' dir='ltr'><strong>Μιχαὴλ</strong></span> <span class='ocrx_word' id='word_1_633' title='bbox 745 2799 759 2824; x_wconf 84' lang='grc' dir='ltr'><strong>ὸ</strong></span> <span class='ocrx_word' id='word_1_634' title='bbox 776 2798 871 2825; x_wconf 87' lang='grc' dir='ltr'><strong>τούτου</strong></span> <span class='ocrx_word' id='word_1_635' title='bbox 885 2798 945 2831; x_wconf 85' lang='grc' dir='ltr'><strong>υιὸς</strong></span> <span class='ocrx_word' id='word_1_636' title='bbox 999 2798 1078 2826; x_wconf 84' lang='lat' dir='ltr'><strong>chael</strong></span> <span class='ocrx_word' id='word_1_637' title='bbox 1094 2797 1154 2833; x_wconf 87' lang='lat' dir='ltr'><strong>ejus</strong></span> <span class='ocrx_word' id='word_1_638' title='bbox 1164 2797 1245 2828; x_wconf 82' lang='lat' dir='ltr'><strong>ﬁlius.</strong></span> <span class='ocrx_word' id='word_1_639' title='bbox 1263 2798 1337 2825; x_wconf 89' lang='lat' dir='ltr'><strong>illius</strong></span> <span class='ocrx_word' id='word_1_640' title='bbox 1349 2805 1502 2830; x_wconf 79' lang='lat' dir='ltr'><strong>successor.</strong></span> <span class='ocrx_word' id='word_1_641' title='bbox 1525 2798 1669 2832; x_wconf 85' lang='lat' dir='ltr'><strong>imperium</strong></span> <span class='ocrx_word' id='word_1_642' title='bbox 1688 2807 1786 2835; x_wconf 83' lang='lat' dir='ltr'><strong>capes-</strong></span> 
     </span>
    </p>
   </div>
   <div class='ocr_carea' id='block_1_89' title="bbox 158 2840 1787 2880">
    <p class='ocr_par' dir='ltr' id='par_1_89' title="bbox 158 2840 1787 2880">
     <span class='ocr_line' id='line_1_89' title="bbox 158 2840 1787 2880; baseline 0.003 -11"><span class='ocrx_word' id='word_1_643' title='bbox 158 2843 303 2878; x_wconf 74' lang='grc' dir='ltr'><strong>ιιεδὲξατθ,</strong></span> <span class='ocrx_word' id='word_1_644' title='bbox 318 2845 411 2880; x_wconf 83' lang='grc' dir='ltr'><strong>τρίτον</strong></span> <span class='ocrx_word' id='word_1_645' title='bbox 426 2845 485 2876; x_wconf 71' lang='grc' dir='ltr'><strong>ἔτος</strong></span> <span class='ocrx_word' id='word_1_646' title='bbox 512 2844 629 2871; x_wconf 81' lang='grc' dir='ltr'><strong>διανύων</strong></span> <span class='ocrx_word' id='word_1_647' title='bbox 644 2843 691 2878; x_wconf 77' lang='grc' dir='ltr'><strong>ἀφ’</strong></span> <span class='ocrx_word' id='word_1_648' title='bbox 708 2840 739 2871; x_wconf 78' lang='grc' dir='ltr'><strong>οὗ</strong></span> <span class='ocrx_word' id='word_1_649' title='bbox 763 2845 803 2876; x_wconf 81' lang='grc' dir='ltr'><strong>εις</strong></span> <span class='ocrx_word' id='word_1_650' title='bbox 824 2845 871 2871; x_wconf 79' lang='grc' dir='ltr'><strong>τὸν</strong></span> <span class='ocrx_word' id='word_1_651' title='bbox 887 2843 946 2880; x_wconf 79' lang='grc' dir='ltr'><strong>βίον</strong></span> <span class='ocrx_word' id='word_1_652' title='bbox 998 2845 1073 2878; x_wconf 85' lang='lat' dir='ltr'><strong>sivit,</strong></span> <span class='ocrx_word' id='word_1_653' title='bbox 1089 2852 1175 2872; x_wconf 86' lang='lat' dir='ltr'><strong>annos</strong></span> <span class='ocrx_word' id='word_1_654' title='bbox 1201 2850 1257 2872; x_wconf 81' lang='lat' dir='ltr'><strong>tres</strong></span> <span class='ocrx_word' id='word_1_655' title='bbox 1285 2849 1377 2876; x_wconf 80' lang='lat' dir='ltr'><strong>natus,</strong></span> <span class='ocrx_word' id='word_1_656' title='bbox 1394 2852 1426 2872; x_wconf 81' lang='lat' dir='ltr'><strong>ex</strong></span> <span class='ocrx_word' id='word_1_657' title='bbox 1441 2852 1496 2880; x_wconf 91' lang='lat' dir='ltr'><strong>quo</strong></span> <span class='ocrx_word' id='word_1_658' title='bbox 1505 2853 1566 2872; x_wconf 82' lang='lat' dir='ltr'><strong>eum</strong></span> <span class='ocrx_word' id='word_1_659' title='bbox 1579 2852 1678 2880; x_wconf 81' lang='lat' dir='ltr'><strong>parens</strong></span> <span class='ocrx_word' id='word_1_660' title='bbox 1695 2845 1787 2874; x_wconf 76' lang='lat' dir='ltr'><strong>Theo—</strong></span> 
     </span>
    </p>
   </div>
   <div class='ocr_carea' id='block_1_90' title="bbox 158 2890 944 2928">
    <p class='ocr_par' dir='ltr' id='par_1_90' title="bbox 158 2890 944 2928">
     <span class='ocr_line' id='line_1_90' title="bbox 158 2890 944 2928; baseline 0.003 -11"><span class='ocrx_word' id='word_1_661' title='bbox 158 2891 283 2927; x_wconf 62' lang='grc' dir='ltr'><strong>τροήχοη</strong></span> <span class='ocrx_word' id='word_1_662' title='bbox 295 2893 328 2928; x_wconf 76' lang='grc' dir='ltr'><strong>τῇ</strong></span> <span class='ocrx_word' id='word_1_663' title='bbox 348 2891 433 2928; x_wconf 70' lang='grc' dir='ltr'><strong>μητρὶ</strong></span> <span class='ocrx_word' id='word_1_664' title='bbox 445 2891 528 2918; x_wconf 72' lang='grc' dir='ltr'><strong>αὑτοῦ</strong></span> <span class='ocrx_word' id='word_1_665' title='bbox 543 2890 678 2927; x_wconf 79' lang='grc' dir='ltr'><strong>Θεοδώρᾳ.</strong></span> <span class='ocrx_word' id='word_1_666' title='bbox 698 2891 759 2918; x_wconf 85' lang='grc' dir='ltr'><strong>Τῶν</strong></span> <span class='ocrx_word' id='word_1_667' title='bbox 769 2890 798 2918; x_wconf 72' lang='grc' dir='ltr'><strong>δὲ</strong></span> <span class='ocrx_word' id='word_1_668' title='bbox 812 2892 944 2928; x_wconf 69' lang='grc' dir='ltr'><strong>πραγμάα</strong></span> 
     </span>
    </p>
   </div>
   <div class='ocr_carea' id='block_1_91' title="bbox 997 2890 1781 2928">
    <p class='ocr_par' dir='ltr' id='par_1_91' title="bbox 997 2890 1781 2928">
     <span class='ocr_line' id='line_1_91' title="bbox 997 2890 1781 2928; baseline 0 -8"><span class='ocrx_word' id='word_1_669' title='bbox 997 2893 1064 2920; x_wconf 79' lang='lat' dir='ltr'><strong>dora</strong></span> <span class='ocrx_word' id='word_1_670' title='bbox 1078 2895 1156 2928; x_wconf 81' lang='lat' dir='ltr'><strong>partu</strong></span> <span class='ocrx_word' id='word_1_671' title='bbox 1174 2891 1316 2920; x_wconf 73' lang='lat' dir='ltr'><strong>effuderat.</strong></span> <span class='ocrx_word' id='word_1_672' title='bbox 1349 2890 1450 2919; x_wconf 80' lang='lat' dir='ltr'><strong>Rerum</strong></span> <span class='ocrx_word' id='word_1_673' title='bbox 1477 2895 1619 2920; x_wconf 75' lang='lat' dir='ltr'><strong>curatores</strong></span> <span class='ocrx_word' id='word_1_674' title='bbox 1636 2900 1668 2920; x_wconf 85' lang='lat' dir='ltr'><strong>ac</strong></span> <span class='ocrx_word' id='word_1_675' title='bbox 1687 2900 1781 2926; x_wconf 25' lang='lat' dir='ltr'><strong>procul</strong></span> 
     </span>
    </p>
   </div>
  </div>
