2011 3156
126 223 168 258 πθ
554 223 629 253 LIB.
648 222 697 253 IV.
727 234 746 238 ι
766 221 937 253 MICHAEL

122 282 158 309 καὶ
170 279 419 315 ἐκκλησιαστικιῖΝ.
437 279 474 307 Οὐ
490 280 545 307 τῶν
568 279 690 307 εὐσεϐῶν
704 288 747 312 τις
768 280 854 315 ἀπῆν,
869 279 899 308 οὺ
913 279 938 309 Α

121 328 163 355 τῶν
172 326 291 358 ἀσεϐῶν,
306 327 337 354 οὐ
348 326 402 353 τῶν
419 327 523 361 μονήρη
541 326 598 361 βίον
612 326 834 362 ὲπειλημμένων,
851 326 901 353 οὐκ

120 373 186 404 ἄλλος
196 381 240 404 τις
249 372 305 399 τῶν
319 372 429 400 ἀκούειν
444 372 461 407 ἢ
475 371 567 399 λαλεῖν
578 372 734 407 δυναμένων
743 381 750 388 ·
769 372 834 404 τοὺς
853 372 902 408 μὲν

120 420 190 455 γὰρὴ
205 419 278 455 πρὸς
287 419 318 446 τὸ
332 419 404 452 ξένον
421 420 470 454 τῆς
487 419 620 455 λοιδορίας
637 420 831 454 κατηφιῶντας
846 416 902 446 οἷον

120 466 206 501 ἐνῆγεν
225 465 320 498 αἰδὼς,
338 466 401 498 τοὺς
415 465 438 492 δ’
454 467 470 501 ἡ
484 465 530 492 τοῦ
547 467 656 501 κροτεῖν
671 466 719 493 καὶ
734 466 840 501 χαίρειν
856 465 902 492 ὑπ’

119 511 247 547 ἀκρασίας
266 511 359 547 ἡδονή.
377 512 494 546 Ἠγοντο
506 511 571 546 γοῦν
591 512 615 538 οἱ
628 511 846 547 κατηγοροῦντες
862 512 903 543 εἰς

119 558 202 594 μέσον,
221 557 338 584 καὶτῶν
351 557 506 593 λεγομένων
529 559 546 593 ἡ
560 558 706 594 ἄνθρωπος
725 558 847 593 ἐλεγχος.
874 558 904 585 '0

117 603 139 631 δὲ
155 605 215 639 ἅμα
228 605 261 640 τῇ
275 605 448 639 παραστάσει
459 604 510 639 τῆς
529 605 669 639 γυναικὸς,
685 605 761 632 οὐδὲν
779 605 904 632 ὑποστει-

118 651 225 686 λάμενος
246 650 384 684 οὐδαμῶς,
402 650 502 683 ὀπως
521 659 550 677 τε
564 651 655 686 ἔχεις,
677 651 777 685 κυρία,
802 650 905 686 ταύτην

118 696 244 732 ἐπηρώτα
254 697 294 728 είς
306 697 424 730 ἐπήκοον
445 697 570 733 (καὶγὰρ
586 695 620 732 ῆν
634 697 710 733 αὐτῷ
723 696 861 733 γνώριμος
873 698 905 723 ὲκ

118 742 208 770 πολλοῦ
224 743 260 770 δι’
276 743 403 778 ἀρετὴν),
416 743 465 770 καὶ
486 742 566 777 ὅπως
581 745 597 770 ό
614 743 699 770 δεῖνα
711 744 758 770 καὶ
776 745 793 770 ό
809 743 904 775 δεῖνα,

118 789 170 824 περὶ
189 787 237 815 τοῦ
264 788 367 824 ταύτης
392 789 487 824 ἀνδρὸς
500 789 547 816 καὶ
571 789 627 816 τῶν
644 790 837 825 προσηκόντων
857 790 906 816 αὑ-

118 837 158 870 τῇ·
179 835 270 867 οὕτως
286 835 372 870 τούτῳ
386 835 537 870 ὲπήνθειτὺ
550 836 698 863 ἄπλαστον.
713 836 744 863 Ol.
758 836 787 862 δὲ
806 836 906 872 μᾶλλον

118 879 294 915 ἐκϐοήσαντες
320 882 459 918 ὲγαυρίων
477 882 522 917 ὑφ’
542 882 653 918 ἡδονῆς,
672 883 707 909 τὰ
722 883 772 918 τῆς
786 891 907 918 κατηγο-

120 928 169 962 ρίας
187 927 356 960 ἐπαύξοντες
371 927 420 955 καὶ
432 928 505 963 σαφῆ
519 928 564 956 τὸν
577 929 687 964 ἔλεγχον
699 929 789 960 δόντες
802 929 904 955 λοιπόν.

123 973 158 1005 Ὧς
173 972 195 1000 δ’
214 969 295 1005 οὗτος
311 974 387 1008 μόλις
406 974 455 1009 τῆς
473 975 642 1011 κατηγορίας
665 975 810 1010 ὲπῄσθετο,
831 974 905 1010 ζήλῳ

119 1019 259 1055 κυρωθεὶς,
269 1020 306 1052 ὼς
314 1020 347 1046 ἂν
354 1019 391 1055 μὴ
406 1020 440 1047 δι’
451 1021 535 1047 αὐτοῦ
551 1021 584 1048 τὰ
596 1021 647 1056 τῆς
667 1021 833 1056 Ἐκκλησίας
848 1030 907 1048 κιν-

118 1065 215 1092 δυνιύοι
237 1066 286 1093 καὶ
300 1067 348 1094 τοῦ
365 1067 497 1103 Χριστοῦ,
519 1067 600 1095 ἄλλον
616 1067 666 1102 μὲν
679 1065 750 1094 εἶναι
770 1068 792 1083 ⁶¹
811 1068 907 1103 καιρὸν

120 1110 213 1143 αἰδοῦς,
230 1111 312 1138 ἄλλον
322 1111 351 1138 δὲ
367 1112 521 1147 ὑποστολῆς
542 1113 590 1139 καὶ
614 1113 792 1148 σεμνότητος,
809 1113 907 1149 μικρὸν

119 1157 147 1184 ὲκ
154 1158 198 1184 τοῦ
218 1158 316 1193 θρόνου
333 1159 504 1194 μετεωρίσας
515 1158 597 1186 αὑτὸν
613 1159 662 1186 καὶ
676 1159 744 1194 πρὸς
752 1160 849 1187 ἑαυτὸν
861 1160 907 1187 τὸν

122 1204 211 1230 κόλπον
223 1205 387 1239 συναγαγὼν
404 1204 446 1241 [Ρ.
461 1205 505 1242 99]
525 1205 633 1241 γυμνὴν
656 1205 679 1243 '_’
694 1205 831 1233 ἐδείκνυεν
857 1206 908 1242 τὴν

124 1249 191 1282 αίδὼ,
198 1250 370 1285 τεθαυματου
374 1260 425 1287 ργη
429 1252 513 1287 μένην
519 1252 588 1288 ἔχων
595 1253 642 1279 καὶ
648 1253 679 1280 οὐ
686 1253 746 1280 κατ’
753 1253 906 1289 ἄνθρωπον,

122 1297 161 1323 καὶ
174 1296 230 1331 ἅμα
243 1296 364 1332 διηγεῖτο
378 1297 426 1333 τὴν
441 1298 678 1333 θαυματουργίαν,
692 1298 729 1330 ὡς
742 1298 794 1333 πρὸ
808 1298 908 1326 πολλοῦ

121 1342 180 1368 κατὰ
193 1342 246 1377 τὴν
263 1342 454 1378 πρεσϐυτέραν
470 1342 580 1378 Ῥώμην
596 1343 753 1378 γενόμενος,
770 1344 909 1380 σφριγῶν-

123 1395 166 1414 των
176 1387 219 1414 lt:
236 1388 286 1414 καὶ
298 1388 510 1424 ἐνακμαζόντων
525 1389 579 1416 τῶν
596 1390 702 1423 παθῶν,
717 1390 789 1425 ἔρως
800 1399 842 1422 τις
859 1392 909 1419 αὐ-

123 1434 158 1460 τὸν
169 1433 296 1468 ἐξέκαιεν
316 1435 484 1471 θερμότερον
496 1436 513 1472 ἦ
532 1437 580 1463 καὶ
593 1437 665 1464 κατὰ
679 1437 783 1469 πάθους
806 1438 908 1473 ὁρμήν.

127 1480 193 1508 Ἐπεὶ
207 1481 277 1516 γοῦν
289 1482 460 1509 ἐκινδύνευεν
473 1483 521 1510 καὶ
539 1485 735 1519 περιγενέσθαι
746 1475 844 1511 τούτου
858 1484 908 1510 οὐκ

120 1524 148 1563 ἦν
160 1525 213 1559 οἷός
226 1530 325 1560 τε,τὸν
345 1530 495 1564 κορυφαῖον
511 1529 615 1565 Πέτρον
628 1529 667 1557 τὼ
684 1531 759 1565 χεῖρε
777 1529 845 1565 πρὸς
862 1529 910 1560 τὸν

120 1573 174 1599 ναὸν
188 1574 346 1605 ἐκπετάσας
363 1573 518 1610 ἐξελιπὰρει
538 1578 629 1611 τυχεῖν
647 1585 720 1609 τινος
745 1578 908 1614 δπικουρίας

121 1618 162 1644 καὶ
179 1619 306 1654 ἀρωγῆς.
325 1620 381 1647 Καὶ
393 1621 424 1655 δὴ
443 1621 482 1656 τῷ
508 1622 585 1658 κόπῳ
600 1623 652 1657 τῆς
668 1623 753 1659 εὐχῆς
775 1624 825 1659 ὀψὲ
841 1625 909 1659 πρὸς
923 1631 945 1660 c

120 1663 195 1691 ὕπνον
205 1665 322 1698 κλιθεὶς,
338 1666 457 1700 φανῆναί
473 1667 498 1693 οἱ
521 1667 566 1694 τὸν
581 1668 731 1696 ἀπόστολον
745 1670 849 1697 ἐκείνου
862 1670 909 1697 τοῦ

121 1712 213 1745 μέρους
231 1711 387 1746 ἁπτόμενον
411 1712 458 1738 καὶ
479 1711 530 1745 τὰς
554 1714 642 1749 ὁρμὰς
667 1715 831 1742 σϐεννύοντα
855 1716 911 1747 τῶν

119 1756 220 1789 παθῶν,
233 1757 315 1784 τοῦτο
325 1758 404 1793 μόνον
415 1760 646 1794 προσεπιλέγοντα
656 1761 697 1794 τὸ,
707 1762 910 1791 ’Λκολέλυσαι

119 1802 154 1837 δὴ
172 1803 226 1838 τῆς
241 1803 302 1831 τῶν
312 1804 414 1831 παθῶν
432 1805 632 1840 ἐπικρατείας,
646 1807 781 1835 Μεθόδιε.
797 1809 910 1842 Τούτοις

120 1849 217 1881 ἐκεῖνος
232 1849 279 1875 τὸν
304 1849 411 1885 μακρὸν
435 1850 540 1877 ἐκεῖνον
564 1852 681 1878 πέπεικε
697 1852 839 1886 σύλλογον,
869 1854 912 1880 αι-

122 1894 216 1930 σχὺνης
233 1895 341 1931 πλήσας
356 1897 418 1928 τοὺς
434 1897 482 1931 τῆς
499 1896 760 1933 ἀληθείαςὲχθρούς.
776 1899 814 1925 Οὐ
830 1899 883 1934 μὴν
897 1900 912 1926 ὁ

121 1942 268 1977 μάγιστρος
279 1943 408 1978 Μανουὴλ
419 1943 524 1975 τούτοις
542 1943 618 1979 ἠξίου
634 1944 746 1971 λύεσθαι
768 1945 816 1976 τὰς
845 1954 911 1971 κατ-

119 1988 240 2023 ηγορίας,
256 1989 325 2015 ἀλλὰ
340 1990 388 2015 καὶ
399 1990 432 2024 τῇ
444 1990 556 2024 γυναικὶ
571 1989 678 2024 ἠπείλει
693 1987 711 2026 ἦ
731 1990 784 2026 μὴν
797 1991 910 2024 ἀπαγα-

119 2035 176 2064 γεῖν
190 2035 239 2069 τῆς
262 2034 346 2069 ζωῆς,
361 2036 386 2061 εἰ
415 2036 452 2070 μὴ
474 2036 524 2071 τὴν
540 2036 631 2062 πᾶσαν
651 2035 744 2072 διδάξῃ
769 2037 909 2071 ἀλήθειαν.

121 2080 173 2106 Καὶ
186 2081 204 2116 ῆ
214 2080 240 2115 γ’
255 2081 356 2113 εὐθέως
368 2081 501 2109 ἔκπυστον
523 2082 569 2109 καὶ
591 2083 664 2117 σαφῆ
675 2082 725 2118 τὴν
741 2084 831 2109 πᾶσαν
845 2083 910 2118 δρα-

121 2126 288 2162 ματουργίαν
300 2128 382 2157 ποιεῖ.
398 2129 477 2154 τόσου
500 2129 547 2154 καὶ
568 2128 646 2155 τόσου
659 2129 777 2162 λέγουσα
796 2129 909 2164 χρυσίου

119 2171 296 2208 ὲξωνηθῆναι,
309 2174 356 2200 καὶ
366 2173 428 2201 Ἔτι
438 2173 466 2200 ἐν
479 2174 533 2200 τινί
541 2183 591 2209 μου
599 2174 653 2201 τῶν
664 2175 810 2207 κιϐωτίων,
823 2175 911 2207 οὕτως

118 2217 156 2248 ὡς
175 2218 263 2254 ἐδόθη,
283 2219 494 2254 σεσημασμένον
504 2220 562 2246 ἐστὶ
577 2221 625 2246 καὶ
640 2220 814 2255 πεφύλακται
827 2229 910 2256 σφραι

119 2264 174 2297 γίδι
186 2265 286 2292 αὐτῶν.
316 2265 445 2301 Ᾱὺθωρδν
462 2265 508 2292 οὖν
529 2266 741 2298 ἀποστείλαντες
764 2267 852 2293 ἐκεῖνό
866 2275 908 2298 τε,

118 2309 157 2341 ὡς
171 2309 273 2346 ἔφησεν
287 2311 304 2346 ὴ
321 2311 402 2347 γυνὴ,
415 2307 494 2347 εὗρον
509 2311 539 2339 τὸ
554 2312 664 2347 χρυσίον
679 2313 751 2340 κατᾶ
762 2313 812 2348 τὴν
825 2312 908 2340 κιόω-
923 2315 945 2343 D

118 2354 166 2380 τὸν
182 2357 228 2382 καὶ
242 2356 358 2392 ἦτα-(ον,
373 2357 420 2384 καὶ
437 2353 511 2384 οὗτοι
530 2359 564 2393 τῇ
583 2357 630 2384 τοῦ
650 2358 820 2394 πατριάρχου
838 2367 908 2394 συμμ-

120 2401 223 2437 παθείᾳ
246 2403 295 2430 καὶ
315 2403 490 2438 παρακλήσει
514 2404 583 2439 πρὸς
608 2404 671 2436 τοὺς
691 2403 861 2439 κρατοῦντας
877 2405 908 2431 οὺ

121 2448 224 2476 πεδινῶν
236 2450 282 2476 καὶ
295 2449 429 2485 βασάνων,
442 2447 479 2478 ὧν
492 2448 562 2486 ἦσαν
572 2451 653 2484 ἄξιοι,
667 2450 910 2486 ἁλλὰσυγγνώμης

121 2493 247 2528 ἡξίωντο,
265 2496 345 2523 τοῦτο
360 2496 441 2531 μόνον
457 2497 497 2528 είς
507 2496 610 2523 ἔκτισιν
621 2496 749 2528 λαϐόντες
764 2497 812 2524 καὶ
824 2505 911 2532 τιμω-

123 2541 188 2576 ρίαν
198 2542 227 2570 τὸ
242 2543 293 2570 ἀνὰ
306 2544 360 2570 πᾶν
372 2544 431 2575 ἔτος
442 2544 472 2570 ιν
484 2545 516 2579 τῇ
530 2545 580 2579 τῆς
594 2543 750 2579 ὸρθοδοξίας
758 2543 912 2580 πανηγύρει

122 2587 198 2622 μετὰ
212 2588 360 2624 λαμπάδιον
374 2589 430 2616 ἀπὸ
453 2589 500 2616 τοῦ
526 2590 555 2616 ὲν
573 2589 740 2625 Βλαχιρναις
763 2589 913 2625 σεϐασμίου

122 2634 212 2669 σηκοῦ
223 2635 271 2670 τῆς
284 2636 450 2672 θεομήτορος
461 2636 529 2672 πρὸς
539 2636 585 2663 τὸν
593 2636 665 2663 θεῖον
677 2636 724 2662 καὶ
739 2635 915 2671 περιώνυμον

121 2680 180 2715 τῆς
197 2681 292 2717 Σοφίας
311 2683 486 2723 ἀφικνετσῦαι
500 2682 569 2709 νεὼν
586 2683 633 2710 καὶ
645 2683 677 2709 τὸ
691 2683 793 2710 οἰκεῖον
805 2683 914 2718 iw;st-

123 2726 194 2754 σθαι
207 2729 294 2760 αὐτοῖς
308 2728 377 2757 ὠσὶν
398 2728 524 2764 ἀνάθεμα
550 2728 596 2756 διὰ
619 2729 668 2765 τὴν
686 2729 755 2765 πρὸς
767 2729 816 2761 τὰς
840 2729 916 2762 Θείας

123 2773 234 2806 ιίκόνας
242 2775 390 2811 ἀπέχθειαν
400 2783 407 2790 θ
424 2774 469 2812 [Ρ.
484 2774 547 2812 100]
559 2775 574 2803 ὃ
584 2776 630 2803 καὶ
644 2775 813 2812 τηρούμενον
828 2775 916 2812 ἐφάνη

124 2818 180 2846 In!
194 2820 256 2848 πολὺ
271 2822 317 2849 καὶ
329 2821 380 2857 τῆς
394 2821 484 2848 αὐτῶν
496 2821 592 2857 μέχρις
603 2820 754 2856 ἰταμιεύθη
766 2821 849 2857 ζωῆς.
860 2823 918 2851 Καὶ

126 2866 148 2900 ἡ
164 2865 214 2901 μὶν
226 2868 265 2903 to‘
281 2868 374 2898 tua.va
384 2867 533 2901 αὐξηθεῖσα
547 2866 659 2903 τοιαύτη
677 2868 785 2903 etpost;
795 2868 918 2896 τοιοῦτον

957 221 1170 252 THEOPHILI
1190 221 1331 252 FILIUS.
1690 223 1741 257 ιτι
1763 197 1771 204 1

951 286 1004 313 quc
1021 285 1137 314 utroque
1161 279 1269 311 ordine,
1288 278 1362 307 civili
1380 278 1487 307 scilicet
1498 287 1642 316 sacroque,
1666 281 1738 317 judi-

952 325 1025 354 cium
1045 327 1162 361 rogitur.
1178 326 1264 353 Nemo
1293 333 1346 353 non
1373 326 1495 361 piorum,
1510 335 1592 355 nemo
1620 336 1674 357 non
1691 330 1742 358 im.

951 371 1057 406 piorum
1074 372 1186 404 aderat;
1205 371 1336 399 monachi
1355 379 1462 403 omnes,
1480 380 1513 400 ac
1540 373 1667 409 quisquis
1691 377 1742 402 au-

951 418 1010 444 dire
1039 423 1146 452 poterat
1166 422 1214 445 aut
1233 418 1320 453 loqui,
1348 422 1448 453 praesto
1469 424 1559 446 erant.
1584 420 1661 449 Alios
1692 429 1743 456 pro

953 464 1077 492 criminis
1094 466 1214 493 novitate
1244 469 1359 493 mutatos
1383 465 1472 500 pudor
1490 466 1651 500 adduxerat,
1673 468 1743 496 alios

954 511 1103 539 insultandi
1123 512 1231 546 cupido,
1248 516 1277 539 et
1291 516 1322 539 ut
1349 513 1501 547 petulantia
1527 514 1741 542 oblectarentur.

953 556 1148 586 Producuntur
1166 565 1232 592 ergo
1247 563 1421 586 accusatores
1447 560 1475 586 in
1489 560 1620 593 medium,
1633 565 1662 588 et
1682 569 1744 596 qua:

954 610 1029 630 reum
1045 607 1104 631 erat
1118 608 1274 638 peractura,
1300 605 1398 632 mulier
1422 612 1516 633 coram
1542 606 1659 634 sistitur.
1688 607 1745 634 Me-

955 649 1079 682 thodius,
1092 651 1174 678 simul
1188 656 1272 686 atque
1288 652 1386 679 mulier
1402 652 1499 684 astitit,
1512 652 1581 680 nihil
1594 653 1743 688 quidquam

954 697 1059 724 veritus
1074 697 1163 732 deque
1178 698 1258 725 solita
1274 698 1438 726 subtrahens
1452 699 1581 726 comitate
1593 703 1622 726 et
1640 700 1745 727 saluta-

955 743 1028 771 tione
1040 745 1147 771 cunctis
1163 744 1335 772 audientibus
1348 753 1380 773 ex
1390 753 1422 773 ea
1435 746 1588 780 percontati
1602 754 1608 772 :
1623 746 1746 779 Quonam

957 795 981 817 te
997 791 1076 817 modo
1090 791 1298 822 habes,dontina
1309 793 1322 819 .9
1339 792 1443 819 dudum
1466 793 1538 819 enim
1560 793 1672 821 virtutis
1697 801 1747 821 ηο-

957 837 1030 864 mine
1046 837 1084 864 illi
1107 841 1171 864 nota
1190 843 1258 865 erat.
1288 837 1411 870 Quonam
1428 839 1505 866 modo
1524 839 1567 866 hic
1587 844 1666 874 atque
1679 839 1746 867 ille!

957 885 990 911 de
1004 885 1103 911 marito
1118 884 1207 919 iisque
1220 885 1265 918 qui
1290 885 1345 912 ullo
1360 893 1418 912 eam
1434 886 1516 913 modo
1537 887 1745 921 contingebant.
1770 897 1772 899 ·

959 928 1063 956 Tantus
1088 930 1116 956 in
1143 937 1177 956 eo
1206 929 1311 956 candor
1333 938 1367 958 ac
1398 930 1561 965 simplicitas
1595 931 1746 960 el‘ﬂorebat.

957 974 1115 1002 Adversarii
1134 975 1230 1009 majori
1245 975 1366 1002 clamore
1383 976 1502 1008 sublato,
1532 981 1612 1004 aucta
1626 977 1690 1004 inde
1701 986 1746 1005 ac-

957 1021 1101 1048 cusatione
1115 1021 1232 1056 superbe
1246 1021 1345 1056 gaudio
1361 1021 1523 1056 gestiebant,
1531 1022 1748 1057 jamquejaperte

956 1066 1061 1094 crimen
1077 1073 1107 1094 se
1122 1067 1261 1094 evicturos
1285 1067 1429 1100 putabant.
1449 1066 1474 1094 Is
1495 1074 1586 1101 porro,
1613 1067 1659 1095 ubi
1686 1072 1748 1095 tan-

957 1112 1017 1140 dem
1033 1112 1199 1139 calumniam
1218 1112 1426 1143 sonsisset,zelo
1440 1121 1601 1146 succensus,
1612 1121 1646 1141 ne
1668 1114 1749 1149 159

958 1159 1023 1193 quid
1057 1158 1117 1193 ejus
1146 1165 1230 1185 causa
1259 1158 1386 1186 Ecclesiae
1411 1167 1455 1187 res
1475 1159 1633 1194 Christique
1659 1159 1749 1187 bonOr

959 1204 1198 1238 labefactarentur,
1219 1212 1317 1239 nempe
1343 1214 1396 1233 non
1417 1206 1544 1233 nesciens
1571 1206 1644 1233 aliud
1659 1207 1748 1240 pudo-

959 1250 1009 1281 ris.
1035 1249 1110 1276 aliud
1133 1249 1289 1277 subticendi
1305 1257 1338 1276 ac
1364 1250 1508 1285 gravitatis
1529 1255 1638 1286 tempus
1675 1259 1747 1284 esse.

960 1295 1101 1330 paululum
1118 1303 1147 1323 se
1161 1303 1176 1323 a
1193 1296 1294 1322 throno
1323 1295 1470 1330 subrigens
1498 1296 1647 1331 sinumque
1666 1297 1700 1324 ad
1719 1305 1749 1325 se

959 1341 1091 1376 colligens
1106 1340 1223 1368 verenda
1236 1342 1308 1368 nulla
1323 1341 1444 1369 ostendit
1464 1341 1598 1369 miraculo
1615 1342 1748 1374 arefacta.

960 1395 1010 1414 nec
1026 1387 1117 1421 qualia
1136 1387 1259 1414 virorum
1276 1393 1339 1414 esse
1367 1387 1458 1415 solent
1473 1395 1480 1420 ;
1506 1387 1645 1423 simulque
1673 1392 1703 1415 ut
1720 1396 1750 1416 se

960 1441 1005 1460 res
1024 1433 1151 1461 habuerit
1179 1438 1344 1468 gestumque
1359 1433 1523 1461 miraculum
1537 1434 1583 1465 sit,
1604 1433 1748 1462 referebat.

959 1478 1167 1506 Cumnimirum
1180 1480 1284 1514 pridem
1295 1479 1350 1513 jam
1366 1480 1398 1507 ad
1411 1480 1548 1507 seniorem
1563 1479 1679 1508 Romam
1699 1488 1748 1509 ve-

961 1526 1057 1557 nisset.
1071 1526 1216 1561 adhucque
1226 1526 1252 1553 in
1266 1526 1325 1561 ipso
1334 1526 1471 1554 lerverent
1481 1534 1514 1554 ac
1525 1527 1648 1562 vigerent
1658 1528 1750 1555 carnis

961 1572 1099 1604 libidines,
1113 1572 1217 1606 majore
1234 1580 1316 1607 quam
1333 1579 1382 1605 pro
1398 1572 1512 1600 aﬂ'ectus
1535 1573 1594 1609 ipsa
1615 1574 1640 1600 vi
1655 1581 1751 1600 amore

961 1618 1110 1645 exarsisse.
1129 1616 1198 1645 Hinc
1215 1617 1308 1652 itaque
1329 1622 1412 1645 aucto
1426 1619 1558 1652 periculo,
1575 1626 1607 1646 ac
1621 1626 1683 1646 cum
1695 1619 1749 1646 vim

963 1668 1065 1690 tantam
1093 1663 1214 1691 libidinis
1248 1671 1302 1690 non
1333 1669 1426 1698 posset
1462 1671 1615 1699 superare.
1639 1665 1750 1692 Petrum

963 1710 1151 1744 apostolorum
1167 1710 1319 1745 principem
1342 1711 1473 1745 expansis
1490 1710 1523 1738 ad
1544 1711 1604 1745 ejus
1619 1713 1750 1746 templum

962 1757 1090 1784 manibus
1104 1764 1233 1785 exorasse
1249 1761 1278 1784 ut
1304 1757 1338 1784 ab
1361 1764 1395 1784 eo
1414 1764 1492 1792 opem
1520 1758 1639 1792 aliquam
1665 1759 1752 1794 impe-

962 1807 1056 1830 traret.
1073 1803 1199 1838 Dumque
1225 1803 1333 1830 tandem
1357 1803 1485 1838 precandi
1504 1803 1596 1831 labore
1610 1803 1701 1833 fessus
1724 1805 1752 1833 in

962 1858 1087 1878 somnum
1103 1857 1163 1877 sese
1175 1850 1344 1881 reclinasset.
1357 1850 1446 1877 visum
1464 1850 1492 1877 in
1511 1850 1617 1878 somnis
1644 1855 1755 1886 aposto-

963 1896 1029 1928 lum,
1044 1896 1090 1930 qui
1112 1903 1173 1923 eam
1198 1896 1336 1930 tangendo
1361 1902 1468 1931 partem
1493 1896 1615 1925 libidinis
1641 1904 1755 1926 sensum

961 1949 1071 1969 omnem
1093 1942 1282 1975 exstingueret
1299 1949 1307 1973 ;
1334 1941 1472 1976 simulque
1481 1942 1586 1970 dixisse
1600 1951 1607 1969 :
1623 1942 1753 1976 Melhodl,

962 1988 1088 2015 liberatus
1104 1995 1131 2014 es
1146 1995 1162 2013 α
1187 1986 1327 2014 libidinum
1351 1987 1491 2022 tyrannide
1516 1994 1548 2014 ac
1568 1987 1637 2014 dura
1652 1989 1687 2015 οἱ.
1704 1988 1755 2018 His

962 2035 1008 2062 ille
1022 2034 1101 2062 iidem
1116 2037 1192 2061 tanto
1204 2033 1242 2060 illi
1260 2033 1407 2061 conventui
1427 2032 1501 2065 fecit,
1514 2040 1546 2060 ac
1558 2033 1683 2061 veritatis
1703 2034 1755 2060 ho-

962 2085 1018 2109 stes
1046 2081 1151 2116 pudore
1186 2079 1318 2114 implevit.
1360 2077 1477 2106 Nolebat
1502 2083 1594 2106 tamen
1624 2079 1758 2115 magister

961 2127 1071 2155 Manuel
1092 2126 1138 2154 bis
1149 2126 1256 2159 objecta
1271 2125 1389 2153 crintina
1402 2124 1482 2152 dilui.
1497 2123 1628 2157 Quinimo
1644 2125 1754 2153 mulieri

961 2173 1142 2202 minitabatur
1177 2179 1208 2199 se
1238 2171 1276 2198 illi
1300 2171 1385 2198 vitam
1415 2171 1619 2205 adempturum,
1634 2171 1687 2198 nisi
1717 2179 1764 2207 rei

962 2226 1071 2248 omnem
1087 2217 1226 2246 veritatem
1242 2217 1362 2244 doceret.
1379 2215 1426 2243 Illa
1451 2223 1533 2250 porro
1559 2220 1643 2243 totam
1663 2216 1755 2243 statim

961 2265 1080 2294 fabulam
1099 2264 1238 2298 eloquitur
1253 2270 1285 2290 ac
1296 2262 1383 2298 palam
1402 2261 1476 2294 facit.
1493 2266 1568 2289 tanto
1593 2269 1623 2289 se
1648 2263 1757 2290 redem-

959 2317 1034 2347 ptam
1045 2318 1116 2343 esse,
1127 2310 1185 2336 auri
1195 2308 1285 2344 pondo
1297 2308 1446 2343 accepisse,
1458 2308 1601 2343 adhucque
1615 2308 1642 2334 in
1652 2308 1757 2339 arcula.

961 2360 998 2386 uti
1028 2361 1188 2392 acceperat,
1217 2356 1353 2391 signatum
1384 2355 1491 2389 subque
1525 2354 1633 2381 illorum
1669 2354 1760 2389 sigillo

962 2405 1036 2433 domi
1059 2412 1090 2431 se
1109 2403 1219 2430 habere.
1251 2400 1402 2429 Confestim
1429 2407 1495 2436 ergo
1519 2407 1581 2427 cum
1607 2400 1758 2431 misissent.

964 2451 1089 2480 mulieris
1104 2450 1148 2477 illa
1164 2448 1330 2476 intlicatione
1363 2448 1504 2486 inventum
1530 2446 1556 2473 in
1589 2453 1652 2473 arca
1679 2445 1760 2481 [eo

966 2505 1063 2526 aurum
1077 2505 1110 2524 ac
1123 2496 1236 2523 allatum
1253 2500 1305 2523 est.
1328 2494 1518 2525 Accusatores.
1539 2493 1688 2520 miserante
1707 2499 1758 2526 pa-

967 2545 1085 2573 triarcha
1115 2543 1242 2577 seriaque
1264 2548 1356 2568 rerum
1382 2540 1510 2567 dominos
1534 2542 1677 2569 exorante.
1701 2544 1758 2564 non

966 2597 1083 2627 quarum
1104 2590 1143 2617 rei
1164 2592 1243 2616 erant
1259 2594 1355 2622 panos
1369 2585 1505 2613 dederunt
1527 2584 1664 2620 justeque
1677 2583 1760 2610 ultio-

966 2638 1010 2665 nis
1022 2635 1155 2672 supplicia
1169 2634 1301 2665 tulerunt.
1317 2633 1364 2661 sed
1381 2631 1489 2659 veniam
1519 2629 1658 2659 consecuti
1685 2634 1761 2662 sunt.

968 2691 1001 2712 ea
1029 2683 1160 2711 duntaxat
1181 2681 1282 2709 indicta
1309 2679 1407 2712 multa,
1426 2683 1457 2706 ut
1478 2677 1629 2714 quotannis
1641 2675 1760 2704 solemni

970 2729 1160 2757 restituturum
1178 2726 1327 2762 imaginum
1349 2725 1395 2752 die
1408 2723 1577 2760 (ὀρθοδοξίας
1593 2722 1694 2750 festum
1713 2727 1762 2748 vo-

971 2776 1054 2809 cant)
1068 2772 1281 2810 praelucentibus
1297 2771 1404 2799 facibus
1418 2778 1434 2798 a
1444 2769 1593 2797 venerabili
1614 2767 1661 2795 Dei
1676 2764 1762 2794 Geni-

973 2822 1050 2851 triris
1067 2821 1282 2851 Blacbernarum
1311 2818 1370 2847 atde
1394 2817 1428 2846 ad
1453 2817 1577 2846 divinum
1610 2813 1764 2843 celeberri-

974 2876 1103 2904 mumque
1118 2866 1266 2902 Sapientia
1295 2864 1428 2900 templum
1455 2863 1591 2893 venirent.
1605 2861 1771 2895 dictumque

766 2913 882 2944 VARIA‘J
903 2916 1107 2946 LECTIONFZS.
1148 2911 1154 2917 ’

169 2958 276 3000 ⁸³ιῖναι]
292 2963 370 2995 dﬁcit;
384 2960 588 2991 aivatCouIL-el'.
626 2962 648 2978 "
665 2961 766 2997 γυμνδν
783 2960 813 2988 Ρ.
