2011 3156
250 177 301 209 187

798 180 1054 212 THEOPHANES
1070 179 1210 215 CONTIN
1216 183 1348 215 UATUS.

1761 183 1876 221 .188

246 242 334 270 equos
350 235 409 270 ipse
424 243 505 271 agere
519 235 546 263 in
559 235 641 264 Circo
655 244 670 264 ι
683 243 714 264 se
728 236 847 265 alienum
871 242 989 273 putaret,
1001 238 1029 274 (ο

1089 236 1232 274 Ῥωμαίων
1244 239 1412 275 sumam)
1428 239 1460 266 οὐ
1477 238 1706 275 παραιτούμενος,
1724 239 1776 266 τῶν
1801 248 1873 276 συμρ

246 288 330 315 quam
355 281 471 315 protrita
493 286 551 315 tum
575 281 736 317 abiectaque
753 283 859 317 imperii
887 283 1032 319 dignitas!)

246 334 342 354 eorum
357 327 404 363 qui
421 334 515 355 secum
532 327 627 356 ludere
639 335 672 356 ac
688 328 794 356 ludicro
809 329 859 356 hoc
872 334 978 357 certare
990 338 1034 358 so-

247 373 350 407 lebant,
366 382 380 401 e
396 382 476 402 sacro
496 375 658 410 baptismate
671 376 855 411 suscipiendis
872 377 967 404 liberis
985 378 1034 405 lls-

246 429 312 449 cum
329 421 525 455 exhauriebat;
551 421 598 457 qui
625 422 751 450 videlicet
781 422 978 458 quinquaginta
1001 431 1033 452 ac

245 469 428 504 quadraginta
444 469 609 504 trigintaque
625 473 654 495 ut
670 468 813 496 minimum
829 469 888 496 auri
907 469 990 497 libras
1006 470 1032 496 in

246 514 369 547 singulos
382 521 478 541 eorum
495 513 644 542 conferret.
673 515 826 549 Aliquando
842 514 963 543 Himerio
975 516 1034 544 cui-

245 559 309 587 dam
327 559 442 594 patricio
457 559 558 594 (dictus
573 560 616 587 hic
637 559 765 591 Charus,
782 561 854 596 quod
871 567 913 589 est
925 570 1031 597 porcus,

246 605 282 633 ab
297 605 354 633 oris
368 606 517 641 vultusque
533 607 708 642 rusticitate),
725 615 788 635 cum
814 608 884 636 inter
909 610 1032 637 convivia

248 652 374 687 turpibus
401 653 491 680 verbis
511 654 668 681 scurriliter
690 654 795 682 luderet
814 663 845 683 ac
861 656 1034 690 impudenter

248 699 276 726 in
290 699 385 726 faciem
411 699 584 734 imperatoris
597 705 741 736 coetusque
762 702 968 730 eonvivantium
995 711 1033 731 ex

248 745 356 781 impuro
370 751 466 773 ventre
479 754 529 774 suo
541 746 661 781 pederet,
683 747 719 774 ita
747 751 778 775 ut
804 748 908 776 ventris
928 749 1032 784 erepitu

246 792 436 828 prolucentem
455 793 542 828 ipsam
562 793 648 820 facem
666 794 837 827 exstinxerit,
853 794 1035 823 sicinauditaa

248 838 287 865 rei
307 838 441 866 miraculo
456 843 566 866 centum
585 840 645 867 auri
669 840 754 868 libras
781 841 928 868 concessit.
959 841 1034 869 Alias

247 892 358 920 quoque
385 884 487 912 Cheilaa
509 886 591 913 unius
616 893 631 913 e
660 886 742 914 sociis
762 886 877 922 aurigis,
905 893 1034 922 suscepto

246 932 367 966 quodam
397 939 430 959 ex
454 940 533 960 sacro
558 933 721 967 baptismate
749 932 815 965 ﬁlio,
841 934 900 960 auri
921 934 1032 961 totidem

249 977 333 1005 libras
348 977 427 1012 173
444 977 541 1005 tribuit
556 987 563 1006 :
586 979 626 1006 sic
646 978 690 1006 ille
707 978 782 1005 nulla
805 978 881 1013 fruge
901 980 1034 1014 pecunias

249 1024 375 1058 publicas
387 1024 553 1052 insumebat.
571 1024 696 1059 Cumque
717 1025 791 1052 brevi
811 1030 933 1061 tempore
947 1028 1036 1054 sceni—

249 1069 290 1096 cis
306 1069 364 1096 illis
392 1077 424 1096 ac
450 1069 628 1104 nequissimis
651 1071 758 1099 actibus
787 1076 876 1099 tantas
894 1072 955 1100 illas
969 1080 1036 1107 opes

248 1114 430 1148 prodegisset,
443 1114 614 1143 Circensium
625 1121 732 1144 amator
742 1117 953 1152 perditissimus,
965 1118 1037 1147 dies-

250 1168 305 1195 que
324 1161 407 1195 regiis
433 1161 624 1196 largitionibus
640 1163 807 1191 coustitutus
833 1169 984 1199 appeteret,
1005 1173 1037 1192 ac

249 1206 376 1241 parandae
387 1207 508 1241 pecunize
528 1207 597 1235 ratio
622 1208 741 1241 deesset,
761 1209 862 1244 quibus
878 1210 970 1237 donati
985 1211 1037 1237 mi-

250 1253 311 1280 lites
327 1253 459 1281 adVersus
475 1253 593 1281 hostium
606 1254 695 1282 valide
714 1255 787 1284 acies
801 1255 950 1284 "decertant
965 1264 1037 1284 rem-

249 1306 425 1336 quetuentur
449 1300 620 1335 Romanam,
647 1303 782 1330 famosam
817 1303 893 1330 illam
923 1311 1035 1331 auream

249 1348 388 1382 platanum
401 1348 524 1383 duosque
533 1355 632 1375 aureos
644 1348 738 1376 leones
748 1356 780 1376 ac
788 1349 897 1376 totidem
906 1350 1036 1385 gryphes.

251 1394 326 1428 ipsos
345 1402 455 1429 quoque
468 1402 500 1421 ex
519 1402 587 1422 auro
600 1394 688 1422 solido
703 1395 830 1428 ducliles,
848 1403 1037 1431 organumque

250 1447 319 1467 auro
339 1440 426 1468 solido
453 1440 643 1473 fabrefactum,
664 1449 715 1469 nec
733 1449 787 1469 non
803 1441 937 1477 reliquam
956 1442 1037 1477 regiae

251 1485 459 1520 lnagniliccntim
489 1486 694 1520 supellectilem,
715 1486 777 1514 auri
804 1488 895 1522 pondo
909 1495 963 1515 non
983 1488 1036 1515 mi-

250 1539 303 1558 nus
318 1539 399 1566 quam
415 1532 572 1559 centenaria
584 1533 701 1560 ducenta
719 1533 852 1566 conflatis,
871 1541 904 1560 ex
922 1533 978 1561 illis
990 1541 1037 1568 pe-

1085 284 1239 317 παιζόντων
1263 285 1338 321 αὺτῷ
1361 285 1408 313 καὶ
1427 285 1658 321 συνηνιοχούντων
1679 285 1711 312 ὲκ
1731 285 1778 312 τοῦ
1800 285 1873 312 θείου

1086 330 1274 365 βαπτίσματος
1294 331 1329 358 τὰ
1342 331 1428 358 τέκνα
1446 330 1652 366 υίοθετούμενος
1673 331 1719 358 τὺν
1735 329 1874 366 βασίλειον

1084 377 1208 410 ἐξεκένου
1229 377 1356 410 πλοῦτον,
1373 377 1542 413 πεντήκοντα
1558 376 1590 412 δὴ
1606 376 1653 403 καὶ
1667 375 1874 412 τεσσαράκοντα

1084 422 1131 449 καὶ
1151 422 1181 449 τὺ
1195 422 1336 456 ἐλάχιστον
1356 422 1464 457 ἑκάστῳ
1477 422 1625 458 τριάκοντα
1643 422 1754 458 χρυσίου
1778 422 1876 457 λίτρας

1084 468 1268 504 ἐπιχορηγῶν.
1286 468 1355 495 “ore
1372 469 1399 495 δέ
1417 477 1470 495 τινι
1489 468 1626 504 πατρικίῳ
1643 468 1780 504 (Ἱμέριος
1797 465 1876 499 οὗτος

1084 513 1209 540 ἐκαλεῖτο
1222 513 1236 540 ό
1249 514 1358 549 Χοῖρος,
1372 513 1416 541 διὰ
1429 513 1479 549 τὴν
1494 513 1542 540 τοῦ
1558 513 1706 549 προσώπου
1720 512 1792 540 οὕτω
1806 521 1876 539 κατ-

1083 559 1285 595 ονομαζόμενος
1324 558 1495 595 ἀγριότητα)
1533 559 1623 591 ἄλλως
1653 557 1877 594 αἰσχρολογοῦντι

1083 605 1156 632 κατά
1166 607 1216 640 τὴν
1230 604 1370 640 τράπεζαν
1383 605 1429 632 καὶ
1446 605 1533 639 ψόφον
1549 605 1582 631 ὲκ
1591 604 1641 640 τῆς
1657 604 1772 639 βεϐήλου
1790 603 1876 630 αὑτοῦ

1083 651 1203 688 γαστρὸς
1218 651 1290 678 κατὰ
1304 652 1449 687 πρόσωπον
1462 650 1509 677 τοῦ
1528 650 1661 686 βασιλέως
1676 650 1724 677 καὶ
1739 650 1794 677 τῶν
1811 657 1878 676 συν-

1082 699 1264 726 δειπνούντων
1287 697 1405 732 ἀφιέντι,
1422 697 1460 730 ὼς
1481 697 1528 724 καὶ
1538 697 1569 724 τὺ
1585 696 1696 732 φατλίον
1711 697 1741 724 τὸ
1763 696 1878 728 τούτους

1085 743 1271 778 φονιαγωγοῦν
1291 743 1323 770 ὲκ
1336 743 1384 770 τοῦ
1406 743 1569 778 τηλικούτου
1581 742 1671 778 ψόφου
1694 742 1877 773 κατασϐέσαι,

1083 791 1123 826 τῷ
1142 790 1287 826 παραδόξῳ
1303 790 1349 817 τοῦ
1365 790 1486 817 τοιούτου
1500 789 1640 825 θαύματος
1654 789 1768 825 χρυσίου
1782 789 1878 824 λίτρας

1083 837 1184 864 ἔδωκεν
1207 837 1314 864 ἑκατόν.
1331 836 1385 864 Καὶ
1408 837 1493 864 Χειλᾶ
1507 836 1535 862 δὲ
1551 836 1646 864 ἄλλοτε
1673 834 1720 862 τοῦ
1737 835 1786 862 σὺν
1801 835 1879 869 αὐτῷ

1084 885 1256 922 ἡνιοχοῦντος
1268 886 1315 912 τὸν
1329 885 1386 912 υἱὸν
1409 885 1442 912 ἐκ
1456 884 1503 912 τοῦ
1524 884 1596 911 θείου
1613 883 1728 918 λουτροῦ
1745 883 1879 916 ἀναδεξά-

1088 941 1168 969 μενος
1180 933 1281 968 όμοίως
1295 932 1408 968 χρυσίου
1419 931 1517 967 λίτρας
1532 931 1648 957 δέδωκεν
1661 930 1769 957 ἑκατόν.
1782 929 1878 960 οὕτως

1085 980 1191 1010 ἐκεῖνος
1206 979 1246 1010 είς
1273 978 1349 1005 οὐδὲν
1375 977 1435 1005 δέον
1461 977 1496 1005 τὰ
1517 977 1636 1012 δημόσια
1665 976 1876 1003 κατανάλισκεν.

1091 1024 1168 1051 Ἐπεὶ
1183 1024 1212 1050 δὲ
1236 1023 1311 1056 ἐντὸς
1326 1023 1418 1058 ὀλίγου
1435 1023 1533 1058 καιροῦ
1548 1023 1595 1049 τὸν
1619 1021 1747 1048 τοσοῦτον
1762 1021 1880 1048 πλοῦτον

1085 1071 1146 1102 ταῖς
1165 1069 1306 1102 τοιαύταις
1326 1070 1470 1105 σκηνικαϊς
1487 1069 1535 1096 καὶ¹
1549 1068 1683 1103 ἀθέσμοις
1700 1067 1878 1095 κατανάλωσε

1087 1117 1215 1153 πράξεσι,
1233 1116 1321 1149 δεινὸς
1346 1115 1466 1152 ἐραστὴς
1479 1115 1517 1142 ὢν
1540 1115 1735 1151 ἱπποδρομίας,
1754 1113 1835 1151 ἦλθεν
1849 1115 1881 1142 ὁὶ

1086 1165 1101 1191 ό
1115 1164 1165 1198 τῆς
1189 1163 1320 1198 διανομῆς
1333 1162 1389 1189 τῶν
1406 1161 1555 1197 βασιλικῶν
1575 1162 1686 1197 δωρεῶν
1709 1161 1815 1198 καιρὸς,
1831 1161 1880 1189 καὶ

1087 1210 1236 1245 χρημάτων
1251 1209 1333 1245 πόρος
1347 1209 1398 1236 οὐκ
1412 1206 1446 1245 ἦν
1465 1208 1499 1235 δι’
1519 1205 1556 1235 ὧν
1571 1210 1607 1235 τὰ
1628 1208 1823 1243 στρατεύματα
1835 1217 1882 1242 φι-

1086 1254 1270 1291 λοτιμούμενα
1283 1255 1332 1287 τὰς
1348 1254 1403 1282 τῶν
1417 1253 1523 1289 ἐχθρῶν
1535 1254 1703 1290 παρατάξεις
1717 1254 1881 1289 ἀμύνονται.

1087 1301 1136 1337 τήν
1155 1309 1185 1327 τε
1205 1301 1309 1336 χρυσῆν
1323 1300 1432 1336 ἐκείνην
1449 1300 1497 1327 καὶ
1516 1299 1721 1335 πολυθρύλητον
1743 1300 1883 1327 πλάτανον

1087 1346 1135 1373 καὶ
1151 1347 1214 1378 τοὺς
1232 1345 1278 1373 δύο
1292 1345 1411 1381 χρυσοῦς
1425 1346 1548 1378 λέοντας,
1565 1346 1634 1380 πρὸς
1655 1345 1682 1372 δὲ
1696 1346 1743 1372 καὶ
1757 1345 1820 1377 τοὺς
1832 1345 1884 1372 δύο

1088 1393 1194 1428 γρῦπας
1210 1391 1376 1428 ὁλοχρύσους
1391 1392 1472 1424 δντας
1493 1392 1541 1419 καὶ
1562 1391 1762 1426 σφυρηλάτους,
1786 1391 1835 1418 καὶ
1848 1391 1885 1418 ἐδ

1085 1438 1231 1474 ὁλόχρυσον
1240 1438 1365 1473 όργανον,
1381 1437 1448 1464 ἀλλά
1458 1437 1503 1464 καὶ
1515 1438 1598 1472 ἕτερα
1617 1438 1686 1474 ἔργα
1702 1438 1752 1472 τῆς
1769 1437 1881 1473 βασιλι-

1088 1486 1140 1521 κῆς
1149 1484 1293 1516 ἐκθέσεως,
1304 1483 1387 1520 ὁλκήν
1401 1483 1500 1519 ῐχοντα
1509 1485 1564 1512 τῶν
1577 1484 1723 1512 διακοσίων
1738 1484 1789 1511 οὐκ
1802 1484 1887 1510 ἔλατ-

1087 1540 1134 1558 τον
1148 1531 1346 1566 κεντηναρίων,
1369 1531 1510 1567 χωνεύσας
1525 1531 1644 1567 χαράξαι
1658 1531 1776 1558 δέδωκεν
1797 1531 1827 1557 ἐν
1840 1530 1888 1566 τῷ

251 1578 360 1604 cuniam
389 1578 457 1605 lisco
472 1577 641 1606 inferendam
671 1579 734 1607 cudi
753 1580 891 1615 praecepit.
919 1579 991 1613 Quin
1012 1585 1035 1608 et

1090 1577 1222 1613 βασιλικῷ
1238 1577 1365 1613 ταμιείῳ.
1381 1577 1422 1614 [Ρ.
1441 1577 1505 1614 108]
1518 1579 1575 1605 Καὶ
1590 1578 1686 1609 στολὰς
1700 1578 1730 1604 δέ
1744 1586 1819 1610 τινας
1832 1577 1887 1612 βαι-

250 1624 339 1659 regias
350 1624 482 1659 quasdam
497 1629 549 1651 tam
563 1625 754 1660 imperatorum
764 1634 844 1661 quam
855 1624 1035 1660 Augustarum

1091 1623 1198 1655 σιλικὰς
1212 1623 1260 1650 καὶ
1275 1623 1489 1658 αὐγουστιακὰς,
1509 1623 1577 1651 ἀλλὰ
1597 1623 1645 1650 καὶ
1659 1623 1711 1659 τῆς
1725 1624 1887 1659 συγκλήτου

250 1675 351 1703 vestes,
364 1671 487 1705 adeoque
501 1672 584 1698 etiam
593 1672 758 1704 senatorias,
776 1672 844 1700 alias
853 1679 885 1700 ex
895 1680 963 1699 auro
972 1673 1040 1700 soli-

249 1717 301 1744 das
317 1717 439 1752 aliasque
454 1725 523 1744 auro
540 1717 667 1750 intextas,
684 1719 710 1745 in
730 1719 805 1753 regio
821 1719 919 1746 aerario
934 1719 1039 1754 privato

251 1761 365 1795 positas.
374 1761 487 1796 penuria
498 1761 605 1788 tandem
616 1769 726 1796 pressus
734 1761 892 1790 conflandas
900 1764 1038 1797 exposuit.

249 1806 411 1841 Quanquam
423 1806 598 1835 illisnecdum
607 1807 1040 1837 conﬂatisMichaelevivisexcm-

249 1856 371 1888 ptusest.
381 1853 500 1888 lnclytus
506 1856 597 1881 autem
605 1853 733 1886 Basilius,
741 1846 918 1890 ipseimperio
926 1857 1038 1891 potitus,

249 1906 312 1926 cum
325 1899 444 1934 integras
454 1899 542 1927 adhuc
552 1899 740 1929 acincolumes
750 1902 906 1936 reperisset,
916 1903 987 1937 ipsas
996 1912 1039 1931 re-

249 1945 331 1980 cepit,
339 1952 457 1980 acquam
465 1952 537 1972 nunc
547 1953 675 1973 vocamus
685 1951 826 1974 senzatum
834 1953 968 1975 monetam
977 1949 1040 1976 cudi

246 1991 342 2026 jussit,
359 1999 373 2018 e
397 1991 480 2019 tantis
516 1991 618 2020 divitiis
636 1992 701 2019 nihil
713 1992 852 2021 inveniens
867 1999 964 2029 prteter
980 1995 1039 2023 auri

251 2038 410 2065 rentenaria
424 2038 475 2066 tria
503 2042 530 2066 et
549 2039 758 2066 milliarensium
777 2041 903 2068 sacculos
924 2049 1038 2075 novem;

252 2085 353 2118 quibus
365 2085 459 2117 Letiam
490 2085 516 2111 in
535 2085 696 2112 concionem
714 2085 804 2113 allatis
819 2085 902 2121 inque
915 2087 1038 2114 omnium

248 2131 337 2159 oculis
346 2131 497 2165 productis,
504 2131 654 2165 deplomvit
661 2139 753 2158 coram
762 2137 869 2162 senatu.
880 2134 951 2160 unde
958 2133 1040 2162 tantis

251 2176 304 2203 illis
328 2176 462 2210 angustiis
478 2177 648 2210 procuranda
665 2177 714 2211 ipsi
729 2185 773 2204 res
790 2177 899 2211 publica
921 2179 1003 2206 foret.

288 2219 370 2256 174
383 2220 428 2247 22.
446 2219 547 2247 Verum
569 2221 627 2249 haec
647 2227 739 2256 postea
756 2223 940 2258 contigerunt.
959 2223 1038 2253 Tunc

249 2271 340 2292 autem
355 2265 438 2293 moris
451 2265 680 2300 eratTheodorec,
696 2272 723 2295 ut
736 2275 843 2296 sacram
856 2268 1038 2298 Blachernen-

251 2319 308 2339 sem
323 2312 408 2340 aedem
434 2313 563 2349 frequens
583 2313 679 2347 adiret,
701 2320 758 2342 tum
775 2320 805 2343 ut
830 2321 892 2343 vota
909 2318 1035 2352 quaedam

251 2356 308 2386 Deo
329 2358 472 2390 redderet.
492 2363 548 2386 tum
570 2367 636 2387 vero
656 2361 738 2388 etiam
762 2364 792 2389 ut
814 2362 927 2390 lavaret.
965 2363 1036 2391 Cum

251 2406 343 2441 itaque
371 2413 402 2433 ex
425 2413 502 2432 more
529 2406 696 2442 quandoque
724 2415 757 2434 eo
799 2416 828 2436 se
862 2409 1035 2442 cuntuliSset,

246 2450 364 2478 Michael
380 2456 406 2477 et
418 2449 522 2478 Bardas
537 2451 622 2478 misso
635 2450 752 2479 Petrona
762 2451 834 2480 illius
849 2452 933 2480 fratre
949 2454 1035 2488 ipsam

249 2505 312 2524 cum
332 2496 439 2525 filiabus
454 2501 589 2524 attonsam
613 2497 646 2524 ad
666 2496 774 2525 Cariani
799 2498 909 2526 interim
935 2500 1034 2534 palatia

250 2544 393 2578 relegant:
422 2548 515 2578 postea
536 2552 601 2572 vero
624 2551 679 2571 non
702 2545 785 2572 semel
798 2550 915 2579 tantum,
935 2547 981 2574 Sed
1009 2551 1037 2574 et

252 2588 350 2615 iterum
361 2588 453 2616 missis
463 2589 607 2621 ministris,
626 2589 789 2625 illarumque
802 2591 870 2618 lisco
886 2591 959 2619 illata
972 2593 1037 2619 sul)-

253 2634 365 2666 stantia,
384 2635 516 2669 privatas,
527 2643 560 2663 ac
572 2636 645 2663 velut
658 2637 762 2672 evulgo
781 2636 909 2670 feminas,
926 2646 980 2665 non
998 2647 1036 2666 re-

250 2680 297 2714 gio
314 2680 389 2707 cultu
408 2679 500 2707 vivere
516 2688 563 2709 cas
583 2682 714 2710 siverunt.
748 2682 845 2710 Verum
862 2684 933 2711 haud
949 2685 1036 2712 multo

253 2730 315 2762 post
327 2725 471 2754 Theodora
487 2734 502 2754 e
516 2727 584 2756 vivis
600 2729 727 2769 excessit.
752 2729 872 2766 lnclytus
883 2738 946 2757 vero
957 2729 1036 2758 Basi-

1055 2253 1075 2281 D

1092 1670 1200 1705 βουλῆς,
1215 1670 1265 1701 τὰς
1290 1670 1339 1705 μὲν
1355 1669 1530 1705 ὁλοχρύσους,
1542 1670 1592 1702 τὰς
1614 1669 1642 1696 δὲ
1659 1669 1887 1705 χρυσοῦφάντους

1089 1715 1174 1747 οὔσας
1186 1717 1215 1743 ὲν
1231 1715 1270 1750 τῷ
1284 1715 1387 1751 εἰδικῷ,
1403 1715 1472 1751 πρὸς
1491 1715 1531 1751 τῷ
1552 1715 1635 1749 τέλει,
1657 1715 1806 1742 ἐκδέδωκεν
1836 1715 1888 1748 ἑξ-

1091 1762 1214 1798 απορῶν,
1229 1762 1266 1794 ὡς
1277 1762 1309 1789 ἂν
1318 1761 1487 1798 χαραχθῶσι.
1501 1762 1574 1797 Πλὴν
1586 1762 1636 1789 οὐκ
1648 1761 1770 1797 ἔφθασαν
1780 1771 1889 1798 χωνευ-

1092 1809 1181 1843 θῆναι,
1196 1809 1243 1835 καὶ
1257 1809 1360 1840 ἐκεῖνος
1372 1808 1422 1842 μὲν
1433 1807 1464 1840 ἐξ
1476 1807 1628 1844 ἀνθρώπων
1642 1808 1760 1842 ἐγένετο,
1780 1808 1889 1840 ταύτας

1090 1855 1118 1881 δὲ
1146 1853 1323 1889 Βασίλειοςιό
1340 1853 1462 1888 ἀοίδιμος
1486 1852 1535 1888 τὴν
1558 1852 1695 1888 βασιλείαν
1718 1852 1809 1880 λαϐὼν
1835 1854 1888 1880 καὶ

1091 1900 1254 1927 καταλαὸὼν
1274 1900 1313 1926 ἔτι
1331 1898 1503 1934 ἀλυμάντους
1516 1899 1712 1930 ἀνεκαλέσατο.
1726 1899 1775 1926 καὶ
1790 1899 1823 1926 τὺ
1838 1899 1888 1927 νῦν

1092 1947 1220 1979 σενζάτον
1236 1945 1405 1980 καλούμενον
1423 1945 1596 1980 χαραχθῆναι
1619 1945 1783 1973 ὲκελεύσατο
1798 1945 1836 1978 ’⁸,
1854 1947 1889 1974 ἐκ

1090 1992 1219 2020 τοσούτου
1234 1992 1350 2019 πλούτου
1370 1992 1454 2028 μηδὲν
1471 1991 1566 2028 ἕτερον
1583 1991 1712 2026 εὑρηκὼς
1735 1991 1752 2027 ἢ
1766 1991 1887 2027 χρυσίου

1091 2038 1258 2074 κεντηνάρια
1271 2039 1345 2074 τρία,
1363 2037 1516 2074 μιλιαρίσια
1535 2038 1563 2065 δὲ
1581 2037 1683 2065 σακκία
1698 2038 1789 2069 ὲιννέα.
1806 2038 1826 2066 ἃ.
1838 2039 1889 2065 καὶ

1090 2085 1273 2120 δημοσιεύσας
1286 2085 1334 2112 καὶ
1349 2085 1417 2112 πᾶσι
1431 2083 1501 2119 δῆλα
1525 2084 1644 2120 ποιήσας
1660 2084 1822 2119 ἀπωδύρετο
1836 2086 1888 2121 τῆς

1091 2131 1245 2166 συγκλήτου
1260 2130 1376 2158 ἐνώπιον
1392 2130 1442 2167 τὴν
1456 2130 1518 2158 ὅθεν
1540 2130 1637 2166 ἔμελλε
1657 2131 1820 2166 ποιήσεσθαι
1836 2132 1890 2164 τῆς

1092 2176 1230 2210 πολιτείας
1247 2177 1392 2212 διοίκησιν.

1125 2224 1178 2260 κβ’.
1200 2224 1279 2251 Ἀλλὰ
1294 2224 1382 2251 ταῦτα
1398 2223 1447 2258 μὲν
1459 2223 1601 2259 προϊόντος
1614 2222 1661 2250 τοῦ
1685 2223 1783 2259 χρόνου
1803 2224 1890 2257 γεγό-

1090 2278 1183 2297 νασιν·
1195 2270 1257 2297 τότε
1271 2270 1300 2297 δὲ
1312 2269 1413 2296 εἴθιστο
1425 2268 1552 2304 Θεοδώρα
1568 2270 1640 2296 κατὰ
1655 2269 1702 2296 τδν
1717 2270 1746 2295 ὲν
1757 2269 1888 2305 B11159-

1090 2326 1150 2350 ναις
1177 2316 1247 2343 θετον
1274 2315 1378 2350 ωχνῶς
1405 2324 1463 2346 πως
1486 2315 1632 2350 ἔπιφοιτᾷν
1658 2315 1734 2348 ναὸν,
1749 2316 1819 2350 ὁμοῦ
1835 2316 1889 2350 μὲν

1090 2363 1173 2398 εὐχάς
1181 2370 1255 2393 τινας
1272 2360 1511 2395 ἀποδιδοῦσαθεῷ,
1523 2360 1592 2395 ὁμοῦ
1602 2361 1630 2388 δὲ
1645 2361 1693 2388 καὶ
1705 2361 1753 2387 τοῦ
1767 2362 1889 2396 λουτροῦ

1091 2409 1252 2446 μετέχουσα.
1278 2409 1321 2439 Ὠς
1342 2406 1407 2442 γοῦν
1427 2407 1476 2442 ὀψέ
1489 2416 1555 2433 ποτε
1570 2407 1696 2442 ἀφίκετο,
1713 2407 1758 2433 τὸν
1775 2407 1892 2443 Πετρω-

1089 2455 1139 2482 νᾶν
1152 2453 1265 2488 ἀδελφὺν
1279 2452 1363 2488 αὐτῆς
1375 2452 1441 2479 ὄντα
1459 2451 1619 2486 πέμψαντες
1634 2453 1647 2478 ό
1665 2451 1776 2487 Μιχαήλ
1789 2460 1820 2478 τε
1839 2452 1891 2479 καὶ

1086 2499 1198 2535 Βάρδας·
1214 2496 1391 2535 ἀποκείρουσί
1410 2505 1441 2522 τε
1453 2495 1556 2530 ταύτην
1576 2497 1644 2530 μετὰ
1660 2497 1709 2527 τὰς
1729 2496 1892 2533 θυγατέρας

1086 2544 1166 2578 ὁμοῦ,
1183 2543 1230 2570 καὶ
1251 2543 1308 2573 τοῖς
1338 2540 1409 2568 κατά
1427 2541 1461 2567 τὰ
1480 2540 1620 2576 Καριανοῦ
1639 2542 1805 2577 ἀνακτόροις
1823 2544 1890 2570 τότε

1090 2591 1139 2626 μὲν
1157 2588 1360 2624 περιορίζουσιν
1371 2597 1378 2603 ·
1389 2587 1503 2622 ὕστερον
1514 2587 1543 2614 δὲ
1555 2588 1605 2623 οὺχ
1620 2587 1694 2621 ἅπαξ
1709 2588 1802 2623 μόνον,
1816 2589 1892 2617 ἀλλὰ

1088 2637 1136 2664 καὶ
1146 2637 1186 2668 δὶς
1206 2634 1416 2665 ἀποστείλαντες
1431 2633 1609 2668 εἰσεκόμισεν
1622 2635 1669 2661 τὸν
1686 2635 1782 2662 ἐνόντα
1797 2635 1892 2662 πλοῦ-

1093 2693 1137 2710 τον
1148 2683 1253 2714 αὑταῖς,
1269 2682 1316 2708 καὶ
1338 2681 1434 2712 κοινῶς
1457 2689 1515 2712 πως
1540 2680 1755 2714 καὶίδιωτικῶς,
1771 2681 1830 2708 ἀλλ’
1856 2683 1891 2708 οὐ

1093 2729 1239 2766 βασιλικῶς
1253 2728 1347 2754 εἴασαν
1364 2727 1424 2762 ζῇν.
1444 2726 1514 2753 Ἀλλ’
1527 2727 1620 2763 ὲκείνη
1633 2728 1681 2762 μὲν
1698 2728 1758 2763 μετ’
1771 2730 1802 2754 οὺ
1815 2728 1892 2756 πολὺ

251 2773 305 2801 lius
324 2779 454 2809 suscepto
467 2774 593 2809 imperio,
612 2783 674 2803 cum
688 2776 748 2810 ejus
765 2777 882 2804 cadaver
896 2781 952 2804 tum
969 2777 1035 2805 filias

1091 2777 1145 2804 τῶν
1159 2776 1222 2811 τῇδε
1239 2773 1395 2809 μεθίστατο,
1422 2773 1468 2799 καὶ
1488 2773 1614 2808 βασιλεὺς
1627 2775 1641 2800 ό
1660 2774 1781 2809 ἀοίδιμος
1800 2774 1894 2801 Baut—

249 2819 276 2846 in
285 2820 350 2847 avia:
359 2821 555 2849 monasterium
568 2823 716 2858 transtulit,
728 2823 798 2858 quod
809 2822 915 2851 Gastria
928 2829 1037 2858 vocant,

1091 2825 1162 2853 λειος
1175 2821 1260 2856 αὐτῆς
1274 2829 1302 2846 τε
1318 2820 1362 2846 τὸν
1378 2819 1475 2855 νεκρὸν
1495 2819 1540 2846 καὶ
1553 2820 1603 2852 τὰς
1628 2821 1714 2856 αὐτῆς
1730 2821 1893 2856 θυγατέρας

897 2870 1012 2900 VARUE
1041 2869 1242 2901 LECTIONES.

287 2915 309 2931 ⁷⁸
324 2915 517 2944 ἐνεκελεύσιτο
531 2918 541 2944 ?
