2011 3156
145 205 197 238 189

144 261 213 295 προς
225 259 256 285 τὸ
271 260 320 294 τῆς
334 260 450 295 μάμμης
470 259 579 295 [tutum
596 261 781 296 μοναστήριον
805 262 941 288 ἐνδιαιτᾶ-

144 307 218 336 σθαι,
246 305 318 332 οὕτω
343 305 396 332 τῶν
426 305 567 341 Γαστρίων
597 307 864 342 κατονομαζόμενον,
891 308 939 334 καὶ

143 352 227 384 ὁσίως
259 352 308 388 ζῇν
342 360 370 378 τε
386 352 434 379 καὶ
461 352 663 379 πολιτεύεσθαι.
689 353 838 389 Αὕτη-μὲν
853 353 940 386 οὕτως

144 398 264 432 ἁπεδίω,
281 398 367 433 ὄνομα
375 397 414 433 τῷ
426 398 486 433 υἱῷ,
500 399 549 434 οὐχ
557 399 596 431 ὡς
609 400 719 433 ἐκεῖνοι,
731 400 861 436 πονηρὸν,
880 401 939 427 ἀλλ’

144 445 249 480 ἀγαθὸν
274 445 448 472 ἀπολιποῦσά
466 454 495 472 τε
513 446 561 473 καὶ
580 447 691 482 σεμνόν.
721 447 830 482 Ἐδὴλου
848 447 875 473 δὲ
891 447 940 474 καὶ

144 492 160 526 ἠ
176 491 230 526 πρὸ
258 491 364 526 ταύτης
392 491 485 527 βίϐλος
499 491 561 518 ὅθεν
580 501 610 519 τε
627 493 683 520 κάκ
699 493 780 519 τίνων
793 493 874 527 ἐξέφυ
891 493 939 520 καὶ

144 538 217 570 ὅπως
244 535 326 573 ἦλθεν
342 539 381 569 είς
396 538 431 565 τὰ
456 538 590 573 βασίλεια,
618 540 665 566 ml.
688 539 737 571 τὰς
751 539 819 575 αὐτῇ
834 540 894 566 ὅσαι
906 539 938 576 δὴ

143 584 295 619 θυγατέρες
311 585 343 611 ὲκ
367 585 471 617 κοιλίας
483 585 662 621 γεγέννηνται
673 594 680 601 ·
695 586 810 621 δηλώσει
825 586 853 613 δὲ
867 585 937 623 αὕτη

144 631 306 664 συγγένειαν
329 631 414 667 αὐτῆς
441 632 490 664 τὴν
517 631 624 668 λοιπήν.
640 630 731 659 ’Ἦσαν
745 630 791 659 οὖν
805 633 829 659 ot
849 633 938 669 δηλω-

142 676 234 707 θέντες
246 677 360 712 ἄρρενες
374 677 420 704 δύο
431 677 551 712 ἀδελφοὶ,
564 678 578 704 ὃ
589 687 618 704 τε
628 679 773 713 Πετρωνᾱς
785 681 938 715 στρατηγὸς

139 723 212 750 κατὰ
240 724 272 750 τδ
290 723 446 759 Θρᾳκήσιον
471 724 518 750 καὶ
542 725 686 758 πατρίκιος
714 725 876 760 τηνικαῦτα,
890 727 938 753 καὶ

139 767 248 802 Βάρδας
259 768 273 794 ὁ
281 767 424 803 δηλωθεὶς,
433 767 462 799 ὃς
474 768 522 795 καὶ
531 769 606 803 παρὰ
617 768 748 803 Θεοφίλου
761 769 799 800 είς
811 770 899 796 τιτῶν
907 771 938 797 οὐ

138 814 257 840 δεόντων
264 813 515 849 καταληφθεὶς,τῆς
524 815 657 849 συνήθους
666 815 853 850 προελεύσεως
862 817 938 843 ίστα-

138 859 237 894 μένης,
249 859 321 886 κατὰ
331 859 522 895 τὸὪρολόγιον
534 859 638 895 ἐτύφθη
654 860 814 895 μαγγλάϐια
827 861 938 896 ἑξήκον-

140 913 185 931 τα.
205 904 336 939 ’Δδελφαὶ
351 904 380 931 δὲ
392 905 504 940 σρείς,ἥ
523 913 552 932 τε
566 906 683 941 εὐφήμῳ
694 906 765 933 οὕτω
783 907 936 943 καλουμένη

137 950 255 984 ὀνόματι
272 950 436 986 Καλομαρία
447 951 494 977 καὶ
508 951 594 985 Σοφία
618 951 667 978 καὶ
691 952 707 988 ἡ
726 953 840 988 Είρήνη.
864 953 936 980 Ἀλλ’

137 997 155 1031 ἡ
173 996 224 1030 μὲν
242 996 327 1030 Σοφία
355 997 394 1027 είς
421 996 514 1031 κοίτην
540 997 642 1023 ἐδίδοτο
674 997 872 1034 Κωνσταντίνῳ
898 999 937 1034 τῷ

137 1043 213 1069 κατὰ
240 1042 286 1069 τὸν
304 1042 498 1076 Βαϐούτζικον,
517 1042 559 1079 [Ρ.
589 1043 686 1079 illini]
713 1043 742 1070 δὲ
773 1044 937 1081 Καλομαρία

143 1089 289 1125 ’Δρσαϐὴρ
299 1089 340 1124 τῷ
347 1089 501 1125 τηνικαῦτα
517 1091 566 1125 μὲν
576 1089 726 1126 πατρικίῳ,
738 1091 835 1118 ἔπειτα
845 1092 874 1118 δὲ
890 1093 937 1118 καὶ

139 1136 296 1172 μαγιστρῳ,
315 1135 343 1172 [ἡ
358 1137 386 1163 δὲ
402 1137 517 1173 Είρήνη]
528 1137 566 1173 τῷ
580 1137 699 1173 Εἰρήνης
711 1140 760 1173 τῆς
775 1139 878 1174 μητρος
888 1138 935 1165 τοῦ

142 1183 212 1218 μετὰ
223 1182 310 1210 ταῦτα
331 1183 376 1209 τὴν
392 1183 414 1199 ⁷⁸
431 1184 631 1218 πατριαρχικὺν
646 1184 742 1219 θρόνον
758 1184 937 1217 ἁντιλαϐομέ-

144 1238 190 1256 νου
207 1230 309 1256 Φωτίου
338 1229 466 1265 ἀδελφῷ“
498 1231 557 1266 μεθ’
577 1227 608 1258 οὗ
636 1231 684 1258 καὶ
707 1231 754 1258 δύο
777 1232 936 1258 τεκνώσασα

139 1276 250 1308 παῖδας,
265 1277 402 1310 Στέφανόν
436 1285 466 1303 τε
484 1277 530 1304 τὸν
556 1277 718 1314 μάγιστρον,
755 1278 802 1304 καὶ
828 1278 936 1312 Βάρδαν

136 1324 187 1350 τὸν
201 1323 299 1350 ἑαυτοῦ
316 1323 432 1358 ἀδελφὺν
457 1324 505 1350 καὶ
526 1324 679 1359 μάγιστρον
704 1325 750 1351 τὸν
775 1324 821 1351 τοῦ
837 1333 936 1360 πατρισ

137 1371 200 1397 κίου
209 1371 418 1397 Κωνσταντίνου
428 1370 476 1397 καὶ
485 1370 638 1406 στρατηγοῦ
649 1370 786 1406 Σικελίας,
799 1371 844 1397 τὸν
857 1370 905 1397 τοῦ
914 1371 936 1387 ⁷⁷

137 1416 317 1452 Κοντομύτου
330 1416 456 1452 γαμϐρὸν
472 1415 594 1453 (ἐκεῖθεν
609 1416 665 1451 γὰρ
689 1416 764 1451 αὐτῷ
779 1417 825 1443 καὶ
848 1418 864 1451 ἡ
889 1416 936 1442 τοῦ

136 1462 316 1497 Κοντομύτου
331 1462 475 1497 ἐκληρώθη
489 1461 686 1498 προσηγορία),
706 1462 756 1497 τὴν
773 1462 936 1496 συγγένειαν

134 1509 209 1544 πρὸς
224 1509 271 1535 τὸν
290 1510 465 1545 πατριάρχην
483 1508 567 1540 ἔσωζε
583 1501 707 1535 Φώτιονῖ
725 1507 865 1543 ὲξάδελφοι
882 1509 936 1543 γὰρ

133 1556 161 1582 ot
177 1555 226 1582 δύο
252 1555 399 1590 μάγιστροι
431 1552 505 1582 οὗτοι
520 1555 616 1581 τούτου
639 1554 799 1589 ἐτύγχανον.
817 1553 892 1588 Αὕτη
907 1554 936 1580 δὲ

133 1600 187 1628 οὖν
201 1602 217 1636 ἡ
234 1602 326 1636 μήτηρ
340 1601 395 1628 τῶν
406 1601 570 1637 εἰρημένων,
590 1601 652 1627 ἐπεὶ
665 1600 712 1627 τοῦ
737 1600 870 1636 προτέρου
889 1600 934 1626 ἁν-

133 1648 203 1684 δρὸς
219 1648 264 1675 διὰ
280 1648 395 1674 θανάτου
409 1648 577 1683 ἡμάρτανεν,
587 1648 636 1682 οὐχ
646 1647 732 1674 εἵλετο
745 1648 789 1673 καὶ
803 1647 933 1682 δεύτερον

135 1696 206 1722 ίδεῖν
218 1696 308 1730 μάτην
317 1695 494 1728 ὰποὸιοῦντα,
507 1695 582 1727 ζῶσα
596 1694 624 1721 δὲ
641 1695 713 1730 χήρα
725 1695 772 1723 καὶ
780 1695 813 1729 τῇ
831 1694 934 1728 ἑαυτῆς

134 1742 259 1769 συνοῦσα
285 1742 385 1777 ἀδελφῇ
415 1742 486 1768 κατὰ
511 1741 545 1768 τὰ
561 1740 694 1776 βασίλεια,
712 1740 859 1776 αὑχμηράν
874 1748 935 1766 τινα

134 1789 187 1816 καὶ
203 1788 335 1822 ταπεινὴν
351 1787 528 1822 ὲστολισμένη
545 1787 653 1823 στολὴν,
667 1786 707 1813 ἔτι
720 1787 748 1813 δὲ
758 1786 810 1822 μὴν
825 1786 871 1812 καὶ
886 1785 936 1820 μὲ-

133 1834 245 1866 λαιναν,
259 1834 306 1860 τον
321 1833 444 1868 ὕπαρχον
460 1833 694 1868 ἀπολαμϐάνουσα
709 1832 759 1867 τῆς
778 1831 880 1867 χειρὸς,
901 1831 933 1858 οὐ

136 1880 192 1916 μὴν
207 1880 236 1907 δὲ
254 1880 302 1906 καὶ
325 1880 370 1906 τὸν
393 1879 552 1915 τειχιώτην,
580 1879 649 1906 ἀλλὰ
664 1879 710 1905 καὶ
730 1878 776 1905 τὸν
798 1878 933 1913 νούμερον

135 1925 361 1960 συνεπαγομένη,
378 1925 450 1951 κατὰ
460 1924 610 1960 νουμηνίαν
628 1924 711 1960 ἀπῄει
732 1923 816 1959 βάδην
829 1932 861 1950 τε
886 1923 935 1950 καὶ

135 1973 207 2008 πεζῇ
219 1972 264 1999 διὰ
275 1972 331 1999 τῶν
342 1971 445 2007 σχολῶν
461 1971 530 2007 πρὸς
543 1972 607 2002 τοὺς
619 1972 648 1997 ὲν
662 1972 720 2003 τοῖς
734 1970 934 2006 δεσμωτηρίοις

135 2018 341 2053 κατεχομένους
367 2018 417 2053 τῆς
444 2027 473 2045 τε
490 2017 603 2053 Χαλκῆς
629 2017 737 2045 καὶτοῦ
760 2016 934 2052 Πραιτωρίου

581 207 655 238 LIB.
676 206 726 238 IV.
747 205 964 237 —MICHAEL
977 206 1188 237 THEOPHILI
1209 206 1358 239 FILIUSI

1731 208 1785 241 190

955 265 978 293 Α
993 266 1021 289 ut
1036 261 1092 289 illic
1105 267 1243 290 morantes
1259 266 1361 291 sanctae
1386 270 1420 291 ac
1441 262 1577 298 religiosae
1594 264 1656 292 vita:
1673 264 1783 293 institu-

992 309 1027 337 tis
1049 314 1155 336 :etatem
1178 310 1371 344 transigerent.
1402 309 1450 338 Sic
1474 310 1586 346 quidem
1605 311 1650 338 illa
1676 319 1710 339 ex
1734 311 1785 339 hac

992 356 1053 384 luce
1069 356 1205 391 migravit,
1222 356 1324 383 bonttm
1340 364 1438 384 nomen
1454 364 1486 384 ac
1496 357 1665 389 venerabile,
1682 365 1737 385 non
1755 362 1786 385 ut

991 402 1030 430 illi
1047 402 1147 430 malum
1165 407 1247 437 atque
1264 410 1389 435 exosum,
1409 402 1463 431 (ilio
1475 403 1645 438 relinquens.
1658 403 1785 431 Ostendi-

991 448 1131 476 muslibro
1146 448 1280 483 superiori
1294 448 1441 481 undenam,
1463 453 1490 476 et
1510 457 1542 476 ex
1565 450 1666 484 quibus
1691 448 1780 477 Tlteo-
1808 469 1813 494 ἶ

991 494 1058 522 dora
1073 499 1132 522 orta
1153 494 1324 530 parentibus,
1342 495 1482 530 quomodo
1505 496 1570 522 itent
1587 496 1613 522 in
1625 496 1717 522 aulam
1735 503 1782 522 ve-
1808 499 1810 502 '

991 541 1073 572 nerit,
1084 545 1206 576 quotque
1217 548 1248 567 ex
1263 545 1341 567 utero
1369 541 1459 576 proles
1478 541 1621 568 muliebris
1640 549 1723 568 sexus
1740 540 1784 568 fu-
1806 531 1811 563 ί

990 587 1080 615 derit:
1095 588 1121 614 in
1143 588 1195 614 hoc
1212 595 1275 614 Vero
1289 587 1349 621 ejus
1371 589 1506 622 reliquum
1525 595 1612 622 genus
1636 595 1667 614 ac
1682 595 1784 622 cogna-

990 637 1032 661 tos
1046 634 1231 661 ostendemus.
1268 633 1391 660 Fuerunt
1419 634 1522 668 itaque,
1554 641 1624 668 quos
1650 634 1783 664 diximus,

990 680 1045 707 duo
1061 680 1176 707 masculi
1195 679 1304 711 fratres,
1319 679 1452 707 Petronas
1465 679 1665 707 Thracensium
1680 680 1734 706 dux
1750 687 1783 706 ac

990 731 1048 754 tum
1065 727 1209 762 patricius,
1225 726 1394 761 Bardasquc,
1416 728 1448 754 de
1471 734 1527 762 quo
1551 726 1668 762 egimus.
1698 727 1783 753 l‘orro

989 773 1124 800 Petronas
1137 773 1164 800 in
1187 773 1307 808 quodam
1337 773 1458 801 facinore
1472 781 1487 801 a
1510 772 1662 809 Theopltilo
1685 772 1783 808 depre-

992 819 1107 850 hensus,
1131 826 1193 845 cum
1208 823 1341 845 consueta
1360 819 1503 853 processio
1529 818 1617 851 ﬁeret.
1643 819 1784 854 sexaginta

993 864 1156 892 verberibus
1170 864 1202 891 ad
1217 863 1394 898 Horologium
1410 864 1504 898 jussus
1520 868 1562 891 est
1577 863 1718 900 vapulare.
1732 862 1784 891 So-

991 918 1066 939 rores
1076 915 1131 938 tres
1144 911 1286 941 exstitere.
1305 918 1374 944 quas
1392 910 1471 945 175
1500 911 1540 937 sic
1560 911 1713 938 honorifico
1734 918 1784 937 no-

989 957 1063 984 mine
1082 956 1264 984 Calomariam
1288 956 1432 987 vocabant,
1460 961 1487 983 et
1508 954 1609 990 Sophia
1631 963 1663 983 ac
1693 956 1781 983 Irene.

989 1003 1028 1030 Ex
1044 1003 1086 1030 his
1098 1003 1200 1038 Sophia
1220 1002 1313 1037 nupsit
1325 1002 1509 1029 Constantino
1529 1001 1680 1029 Babutzico
1694 1009 1701 1028 :
1734 1001 1783 1028 Ca-

987 1049 1131 1082 lomariatn
1154 1049 1232 1076 duxit
1255 1048 1375 1075 Arsaber
1396 1053 1452 1075 tum
1481 1047 1612 1082 patricius
1630 1055 1662 1074 ac
1685 1047 1783 1074 deinde

988 1096 1119 1130 magister
1136 1105 1143 1123 :
1158 1094 1249 1131 [lrene
1267 1093 1370 1131 autem]
1386 1094 1480 1122 lrenes
1494 1094 1591 1121 matris
1605 1093 1694 1121 Pltotii
1711 1093 1782 1129 (ejus

988 1141 1034 1177 qui
1049 1146 1142 1178 postea
1163 1141 1319 1176 patriarcha
1350 1140 1412 1176 fuit)
1438 1140 1515 1167 fratri
1535 1145 1616 1174 nupta
1641 1139 1713 1172 fuit;
1746 1147 1778 1166 ον(

988 1194 1042 1222 quo
1061 1186 1144 1214 etiam
1161 1186 1268 1214 duobus
1296 1186 1433 1221 susceptis
1459 1185 1535 1218 filiis,
1563 1185 1705 1220 Stephano
1723 1193 1782 1212 ma-

987 1233 1074 1267 gistro
1093 1237 1118 1260 et
1138 1232 1227 1259 Barda
1248 1233 1323 1260 illius
1350 1232 1434 1260 fratre
1458 1237 1539 1266 atque
1561 1232 1705 1267 magistro,
1733 1232 1780 1266 qui

988 1278 1160 1305 Constantini
1176 1277 1282 1313 patricii
1299 1282 1326 1306 et
1339 1278 1440 1305 Sicilia:
1457 1277 1582 1312 praztoris
1601 1277 1657 1312 (qui
1671 1282 1697 1304 et
1712 1277 1783 1303 Con-

988 1323 1111 1359 tumites)
1135 1331 1218 1359 gener
1238 1323 1290 1351 fuit
1303 1323 1379 1359 (hinc
1400 1324 1474 1351 enim
1495 1324 1553 1351 haec
1571 1322 1610 1350 illi
1634 1323 1782 1357 appellatio

988 1369 1089 1405 haesit),
1104 1377 1167 1397 cum
1183 1369 1281 1396 Photio
1299 1369 1457 1404 patriarcha
1473 1369 1631 1396 afﬁnitatem
1650 1369 1780 1396 servavit.

987 1415 1075 1443 Ambo
1087 1416 1160 1444 enim
1174 1417 1203 1444 hi
1220 1417 1345 1451 magistri
1355 1416 1429 1443 illius
1444 1420 1559 1451 nepotes
1572 1423 1604 1443 ac
1621 1414 1779 1443 consobrini

987 1463 1077 1492 fuere.
1104 1463 1208 1491 Horum
1227 1468 1324 1494 mater,
1338 1463 1431 1498 priore
1446 1462 1505 1489 viro
1522 1467 1610 1489 tnorte
1622 1462 1735 1493 amisso,
1752 1466 1782 1488 ut

988 1511 1103 1537 alterum
1122 1516 1232 1545 quoque
1251 1508 1353 1536 frustra
1368 1509 1531 1535 morientem
1552 1508 1655 1534 videret
1678 1507 1704 1534 in
1721 1507 1782 1534 ani-

988 1564 1063 1584 mum
1081 1556 1211 1583 inducere
1231 1555 1329 1582 noluit.
1364 1554 1466 1582 Vivens
1479 1554 1570 1588 itaque
1587 1554 1668 1580 vidua
1681 1557 1780 1580 etcum

950 1617 974 1648 α
994 1611 1089 1632 sorore
1106 1602 1134 1629 in
1152 1603 1213 1629 aula
1228 1610 1323 1637 agens.
1344 1601 1466 1636 squalida
1488 1601 1606 1636 quadam
1624 1605 1705 1635 atque
1723 1600 1780 1626 lut—

984 1650 1042 1678 mili
1056 1649 1149 1676 induta
1162 1653 1249 1680 veste.
1266 1647 1423 1683 prefectum
1448 1655 1530 1674 manu
1544 1651 1652 1680 tenens,
1668 1653 1780 1680 unaque

984 1701 1125 1731 assumpto
1142 1696 1254 1723 tichiote
1269 1703 1302 1722 ac
1318 1694 1454 1723 cohortali
1466 1694 1546 1725 duce,
1564 1693 1668 1721 mensis
1685 1693 1781 1728 cujus-

984 1749 1038 1778 que
1053 1742 1133 1770 initio
1148 1742 1221 1769 lento
1239 1742 1323 1776 gradu
1354 1742 1492 1778 pedesque
1507 1750 1555 1777 per
1579 1741 1691 1769 scholas
1710 1740 1778 1770 ibat,

984 1789 1019 1816 ad
1032 1796 1080 1817 eos
1096 1790 1142 1823 qui
1172 1788 1256 1816 vincti
1286 1788 1312 1815 in
1335 1788 1436 1816 Chalcc
1453 1793 1481 1816 et
1503 1789 1530 1816 in
1557 1787 1685 1823 pra-torio
1698 1791 1780 1821 atqttc

984 1832 1113 1861 Numeris
1130 1837 1313 1867 tenerentur;
1330 1834 1511 1869 singulosque
1530 1841 1643 1861 causam
1660 1832 1780 1860 carceris

983 1879 1167 1914 interrogans.
1197 1887 1230 1907 ac
1251 1885 1307 1907 tum
1339 1888 1388 1908 sua
1414 1881 1473 1915 ipsa
1495 1888 1590 1915 opera,
1606 1886 1662 1906 tttm
1681 1886 1780 1913 sugge-

984 1925 1073 1953 Stione
1088 1925 1121 1952 ad
1144 1933 1266 1953 sororem
1294 1926 1327 1953 iis
1347 1927 1531 1961 prospiciens,
1555 1925 1628 1953 haud
1652 1925 1777 1959 exiguam

983 1971 1085 2006 cuique
1097 1971 1317 1998 benedictionem
1346 1979 1378 1999 ac
1394 1972 1599 2006 eleemosynam
1629 1970 1777 1997 tribuebat.

984 2014 1125 2043 Hactenus
1141 2025 1203 2051 quae
1219 2021 1345 2051 spectant
1356 2017 1390 2044 ad
1403 2017 1530 2044 feminas.

135 2065 186 2092 καὶ
203 2066 260 2092 τῶν
277 2065 438 2100 Νουμέρων,
464 2065 538 2097 τινος
565 2073 595 2091 τε
618 2065 701 2101 χάριν
737 2063 958 2091 ἀποκέκλεισται
985 2063 1034 2090 ἕνα
1055 2064 1188 2100 ὲρωτῶσα.
1218 2064 1280 2091 καθ’
1304 2064 1352 2091 ἕνα
1376 2065 1423 2091 καὶ
1449 2062 1590 2090 διοικοῦσα
1602 2063 1665 2094 τοὺς
1681 2062 1730 2097 μὲν
1744 2056 1777 2088 δι’

134 2113 249 2148 ἑαυτῆς,
266 2114 331 2144 τοὺς
345 2113 374 2139 δὲ
388 2113 432 2139 διὰ.
446 2113 495 2147 τῆς
512 2112 581 2148 πρὸς
607 2112 655 2148 τὴν
678 2111 796 2148 ἀδελφὴν
813 2111 1006 2147 ὑπομνήσεως,
1023 2110 1131 2146 ἑκάστῳ
1167 2110 1222 2138 τῶν
1255 2110 1468 2146 φρουρουμένων
1489 2109 1617 2145 εὐλογίαν
1646 2110 1777 2144 ἐπιχορη-

134 2161 224 2197 γοῦσα
240 2161 272 2187 οὐ
294 2159 394 2195 μικρὰν
409 2159 456 2187 καὶ
471 2159 666 2195 ἐλεημοσύνην.
681 2159 736 2186 Καὶ
750 2159 783 2186 τὰ
800 2158 848 2194 μὲν
863 2159 931 2185 κατὰ

174 2207 228 2243 καί,
247 2208 278 2234 '0
290 2207 319 2233 δὲ
331 2207 437 2242 Βάρδας
449 2204 482 2243 ἦν
495 2207 554 2236 ὅλος
563 2207 596 2233 τὰ
606 2207 655 2242 τῆς
672 2206 809 2242 βασιλείας
823 2207 934 2241 ἐπιτρο-

135 2255 229 2282 πεῦων
244 2255 294 2280 καὶ
307 2254 428 2287 διοικῶν,
443 2254 491 2281 καὶ
504 2253 558 2280 τῶν
573 2254 676 2280 λοιπῶν
688 2254 874 2289 διαφερόντως
894 2253 933 2284 ὡς

137 2300 276 2336 συγγενὴς
287 2300 335 2326 τοῦ
353 2299 486 2334 βασιλέως
502 2300 684 2334 ἀγαπώμενος
694 2308 700 2314 ·
727 2300 803 2327 ἐνθεν
819 2301 866 2327 καὶ
881 2301 931 2335 τὴν

136 2346 356 2382 κουροπαλάτου,
371 2343 426 2372 οἷον
442 2344 523 2372 ἆθλον
536 2347 582 2372 ἐπὶ
592 2347 623 2381 τῇ
641 2346 754 2382 ἀδελφῇ,
767 2347 849 2381 τιμὴν
865 2347 932 2372 ἀνα-

135 2393 256 2428 δέχεται,
275 2393 323 2419 χιὶ
345 2392 415 2419 κατὰ
429 2392 483 2418 τῶν
513 2392 690 2427 Ἰσμαηλιτῶν
702 2393 750 2419 καὶ
767 2392 815 2419 τοῦ
831 2393 930 2428 Ἀμερ,

136 2439 233 2474 ὥσπερ
249 2439 370 2474 εἴρηται,
389 2438 647 2473 ἁντιστρατεύονται
665 2438 733 2473 μετὰ
745 2438 793 2465 τοῦ
809 2438 931 2473 Μιχαὴλ,

138 2485 200 2521 ἄρτι
209 2484 355 2516 τελοῦντος
366 2483 450 2511 αὑτοῦ
463 2485 503 2516 είς
514 2483 614 2519 ἄνδρας
626 2483 656 2516 ἐξ
666 2484 806 2517 ἀγενείων,
817 2484 931 2519 δυνάμει

138 2531 214 2566 πασῃ
227 2539 259 2557 τι
276 2530 324 2557 καὶ
339 2531 422 2565 χειρί.
443 2530 486 2561 Ὡς
499 2530 522 2556 δ’
540 2529 587 2556 οὖν
601 2529 651 2564 τῆς
670 2529 725 2556 τῶν
739 2530 868 2556 ἐναντίων
884 2530 930 2556 ἐπ-

138 2577 242 2612 ἑῦησαν
258 2578 323 2612 γῆς,
338 2578 409 2603 κατὰ
419 2576 497 2603 πόλιν
509 2575 655 2611 Σαμόσατα
673 2576 835 2611 λεγομένην,
851 2577 933 2603 δυνά-

140 2631 187 2658 μει
211 2632 242 2649 τε
269 2622 416 2658 βρίθουσαν
442 2623 489 2648 καὶ
520 2621 602 2656 ίσχύῖ,
619 2622 744 2656 ἄγονται,
766 2622 812 2648 καὶ
829 2623 933 2658 ταύτην

139 2670 302 2705 ἐπεχείρουν
329 2670 494 2704 πολιορκεῖν.
519 2668 591 2695 Ἀλλ’
619 2668 794 2701 ὲλελήθεισαν
817 2669 847 2695 οὐ
861 2669 933 2696 κατὰ

139 2715 285 2751 Θεοδὼρας
311 2716 435 2751 αίροντες
459 2716 549 2751 χεῖρα,
565 2715 636 2741 κατὰ
650 2715 679 2741 δὲ
694 2715 871 2750 πολυτρόπων
886 2716 934 2742 dv-

139 2762 224 2798 δρῶν.
248 2762 293 2793 Ὠς
311 2762 360 2794 μὲν
373 2759 474 2797 γὰρῆν
490 2760 569 2797 τρίτη
591 2760 642 2796 τῆς
656 2761 800 2796 ἐφεδρείας
827 2761 933 2795 τούτοις

141 2808 244 2843 ἡμέρα,
261 2809 277 2844 ἡ
294 2808 389 2843 πρώτη
401 2808 430 2834 δὲ
447 2808 493 2834 καὶ
508 2808 589 2843 κυρία
607 2808 661 2834 τῶν
686 2808 809 2843 ἡμερῶν,
820 2808 933 2842 ἔμελλον

140 2855 172 2881 δὲ
185 2854 234 2890 τὴν
255 2855 427 2890 ἀναίμακτον
447 2853 643 2889 μυσταγωγίαν
659 2853 827 2890 ἐκπληροῦν,
844 2855 883 2888 ὡς
898 2856 932 2882 ἂν

949 2159 998 2194 τὴν
1011 2160 1204 2193 γυναικωνῖτιν
1218 2158 1298 2186 οὕτω.

1024 2207 1104 2242 176
1117 2206 1161 2234 23.
1176 2205 1264 2234 Porro
1281 2206 1384 2233 Bardas
1416 2205 1442 2233 in
1466 2204 1642 2240 procurando
1664 2203 1780 2231 admini-

986 2253 1154 2286 strandotjue
1168 2254 1282 2288 imperio
1296 2257 1370 2280 totus
1387 2256 1463 2284 erat;
1481 2259 1514 2279 ac
1537 2252 1612 2279 velut
1628 2250 1674 2285 qui
1690 2250 1779 2285 impc-

948 2313 969 2341 υ
985 2304 1103 2328 ratorem
1122 2300 1250 2327 aﬂinitate
1269 2300 1429 2334 attingebat,
1446 2306 1501 2334 prie
1517 2297 1630 2333 reliquis
1659 2297 1698 2324 illi
1712 2296 1778 2324 cha-

985 2354 1033 2374 rus
1047 2354 1079 2374 ac
1091 2346 1208 2374 dilectus
1221 2351 1290 2374 erat.
1325 2346 1431 2373 Idcirco
1455 2344 1539 2372 etiam
1556 2344 1630 2372 velut
1658 2343 1685 2370 in
1702 2351 1778 2371 sunt-

986 2397 1067 2420 mota:
1078 2393 1183 2420 sororis
1190 2391 1503 2427 praemiumcuropalatte
1512 2390 1642 2426 dignitate
1651 2395 1776 2421 ornatur,

987 2447 1095 2474 unaque
1108 2447 1169 2466 cutn
1187 2438 1330 2469 Michacle.
1348 2439 1394 2473 qui
1411 2438 1553 2465 emttrente
1566 2437 1624 2471 jam
1644 2436 1778 2471 lanugine

986 2491 1073 2512 annos
1085 2484 1177 2511 viriles
1191 2483 1287 2513 inibat.
1297 2491 1359 2510 cutn
1373 2483 1473 2517 ingenti
1489 2490 1629 2509 artnorttm
1643 2486 1776 2516 apparatu

988 2538 1020 2558 ac
1041 2529 1161 2564 exercitu
1182 2530 1313 2557 adversus
1340 2529 1494 2556 lsmaclitas
1519 2532 1546 2554 et
1574 2528 1712 2559 Amerem,
1749 2531 1779 2554 ut

988 2583 1069 2609 supra
1084 2575 1252 2608 dicebamus,
1274 2575 1470 2610 proficiscitur.
1501 2574 1652 2610 Postquam
1685 2575 1779 2609 itaque

987 2622 1014 2650 in
1033 2622 1167 2650 hosticum
1187 2622 1324 2657 prOgt-essi
1349 2622 1495 2649 Samosata
1517 2626 1662 2653 venerunt,
1680 2622 1778 2648 urbem

987 2670 1092 2697 scilicet
1114 2669 1213 2696 civium
1243 2668 1419 2696 multitudine
1441 2676 1474 2695 ac
1501 2668 1599 2695 robore
1622 2671 1777 2702 potentem,

983 2717 1044 2751 ejus
1054 2715 1224 2743 obsidionem
1234 2715 1442 2750 aggrediuntur.
1452 2714 1588 2742 Nimirum
1603 2721 1656 2740 non
1671 2713 1779 2741 intellc~

983 2767 1079 2791 xerant
1094 2771 1149 2790 non
1166 2770 1196 2790 se
1212 2762 1345 2790 adversus
1365 2761 1540 2789 Theodoram
1556 2761 1648 2787 levare
1664 2768 1776 2790 manus.

983 2809 1030 2837 sed
1047 2809 1178 2837 adversus
1198 2808 1376 2836 vufcrrimnm
1404 2807 1546 2835 hominum
1560 2814 1657 2842 genus.
1684 2805 1776 2834 Tertia

984 2857 1075 2892 itaque
1090 2856 1242 2884 obsidionis
1259 2856 1313 2890 die,
1341 2863 1403 2892 qute
1422 2855 1508 2889 prima
1525 2853 1633 2883 dierum
1654 2854 1771 2890 ipsaque

797 2903 916 2933 VAllUE
945 2905 1091 2934 LECTION
1097 2905 1146 2933 ES.

181 2947 204 2964 “
221 2948 264 2976 τὸν
275 2956 329 2977 om.
346 2949 375 2977 Ρ.
415 2949 436 2965 ⁷⁷
452 2947 496 2976 τὸν
507 2947 566 2984 τούξ
586 2946 631 2976 τοῦ
653 2948 718 2976 καὶτ
