1989 3161
233 171 280 204 191

229 230 343 258 domina
359 230 420 264 fuit,
436 230 544 267 expleto
558 230 616 266 jam
636 230 695 258 fere
709 230 852 258 incruento
871 230 1020 262 sacriﬁcio,
1036 231 1058 260 Α

229 281 259 303 nt
277 277 364 304 sacris
379 277 518 312 mysteriis
536 277 755 312 impartirentur,
768 280 880 310 repente
893 276 963 312 (sive
978 275 1022 303 in-

229 327 309 349 caute
326 322 371 349 Illa
387 322 562 358 peragebant,
579 321 637 350 sive
649 322 732 350 etiam
756 322 794 349 rei
815 322 918 349 bellicae
936 321 1022 357 impe-

230 367 291 395 ritia
310 368 404 395 urbem
437 368 587 403 hostesque
602 368 825 401 contemnebam,
859 368 1023 403 nullumque

231 413 287 441 l‘arc
313 414 516 441 arbitrabamur
541 413 589 449 qui
616 414 707 442 levare
738 422 849 441 manum
866 415 876 441 1
891 414 1023 442 adversus

231 459 385 486 Romanum
413 460 608 494 imperatorem
636 460 759 495 auderet)
786 461 846 495 ipsa
876 460 944 488 liora
969 468 1023 495 qua

234 505 376 540 mysteriis
390 505 566 540 impartiendi
582 510 671 539 erant,
695 505 817 541 undique
841 513 875 533 ex
892 506 959 533 urbe
976 514 1023 533 ar-

232 550 298 577 mati
317 551 456 577 irruentes
471 555 578 578 tantum
597 552 638 578 eis
648 555 779 578 terrorem
797 551 981 584 incusserunt,
996 555 1025 578 ut

229 605 310 624 nemo
326 596 459 632 impetum
478 597 628 630 sustinere,
643 598 724 624 nemo
743 605 796 624 non
818 597 881 632 fuga
906 598 1021 625 salutem

229 644 357 680 expedire
369 645 587 679 conspiceretur.
600 644 659 679 Ipse
681 643 797 671 Michael
819 644 862 671 vix
882 644 908 671 in
922 651 1022 678 equum

229 690 347 717 cvadens
360 689 490 724 fugientis
507 689 660 724 specimen,
680 697 733 716 non
751 689 802 716 viri
816 688 895 716 fortis
905 689 1023 724 ejusque

230 737 276 771 qui
295 736 369 771 prior
384 736 412 763 in
430 736 491 764 acie
506 740 601 768 staret,
634 735 720 764 dedit.
746 736 791 763 Sic
814 744 884 771 aegre
911 736 1023 763 tandem

231 787 354 810 servatus
368 787 421 814 est.
444 783 502 810 suis
517 782 647 810 omnibus
673 786 884 817 castrorumque
908 783 1024 818 impedi-

231 828 329 856 mentis
345 829 371 855 in
389 828 510 855 hostium
529 832 663 863 potestate
688 827 803 855 relictis.
837 828 896 856 lllic
913 828 1025 856 Carbea:

232 875 322 909 (cujus
337 882 419 909 supra
442 874 629 906 meminimus,
643 873 689 909 qui
704 873 886 910 etTephrices
898 875 1024 902 conditor

235 904 313 955 ξιάῚ
331 904 393 954 fuii)
408 919 516 955 egregie
530 904 606 946 aiunt
620 904 749 946 virtutem
765 904 909 953 enituisse,
928 924 958 947 ut
970 928 1023 948 non
1039 904 1061 934 Β

232 967 319 994 solum
337 967 475 1002 gregarius
487 967 587 994 multos
605 970 686 1001 atque
700 966 834 994 obscuros
846 966 1023 999 interfecerit,

233 1021 326 1040 verum
347 1021 462 1048 magnos
478 1020 587 1047 quoque
603 1011 687 1039 duces
701 1013 816 1048 ceperit,
829 1021 924 1048 nempe
936 1012 1025 1041 Tzau-

233 1059 365 1093 gotnbnm
377 1057 571 1084 Abessalonem
581 1061 606 1084 et
621 1055 738 1084 Seonem
764 1057 930 1091 Palatinum,
945 1057 1026 1085 alios-

232 1112 284 1139 que
299 1104 403 1138 legatos
419 1107 501 1137 atque
517 1102 641 1130 tribunos
658 1102 729 1129 haud
744 1102 888 1137 pauciores
902 1107 1023 1131 centum.

235 1150 423 1178 Servabantur
444 1157 509 1184 ergo
535 1149 573 1182 hi,
591 1156 662 1184 quos
677 1148 745 1182 dixi,
770 1149 853 1177 duces
874 1150 899 1176 in
913 1157 1026 1178 carcere

236 1202 377 1224 transacto
390 1196 461 1223 bello
476 1205 483 1230 ;
501 1203 534 1223 ac
546 1203 627 1231 quam
643 1181 765 1223 darbeas
777 1201 915 1231 exegerat,
931 1197 1027 1232 ingen-

235 1249 287 1270 tem
300 1243 356 1270 vim
367 1243 426 1270 auri
442 1243 523 1270 domo
539 1242 694 1274 advectam,
724 1243 922 1277 redemptionis
939 1243 1027 1277 pretio

235 1290 436 1325 persolverunt.
450 1289 568 1318 Carbeas
585 1290 674 1324 pretio
687 1294 797 1324 accepto
810 1287 925 1315 Scouem
940 1289 1025 1316 inter-

237 1343 323 1372 rogat,
342 1345 406 1363 nam
427 1345 594 1364 venereorum
613 1345 702 1363 antore
722 1336 872 1370 afﬁciatur,
890 1341 1026 1370 motusque

234 1383 392 1409 libidinoso:
406 1382 433 1408 in
456 1390 564 1416 corpore
579 1383 700 1410 sentiat?
714 1381 835 1416 Negante
849 1380 905 1413 illo,
922 1388 954 1408 ac
980 1388 1026 1408 as-

239 1432 346 1455 serente
366 1428 433 1454 nihil
448 1436 475 1454 se
491 1428 524 1454 iis
544 1427 638 1462 afﬁci,
655 1426 749 1454 eadem
767 1427 866 1453 iterum
890 1434 922 1454 ex
938 1426 1025 1456 Abes-

235 1475 330 1502 salone
359 1478 545 1509 percontatur.
585 1473 736 1500 Abessalon
765 1477 856 1500 autem
885 1477 1024 1507 comperta

237 1520 356 1547 hominis
381 1519 502 1553 nequitia
526 1527 557 1546 ac
568 1519 642 1552 dolo,
666 1519 724 1546 sive
745 1518 826 1545 etiam
850 1518 921 1553 quod
941 1518 981 1545 sic
997 1526 1026 1545 re

237 1567 294 1600 ipsa
312 1565 478 1596 afﬁceretur,
490 1565 528 1592 ita
539 1573 627 1592 secum
644 1565 688 1599 agi
703 1565 828 1591 act-urnis
844 1569 930 1591 motus
945 1564 1026 1591 mole-
1040 1581 1061 1610 C

235 1618 288 1638 διον
302 1612 380 1646 ferre,
394 1611 546 1646 respondit.
559 1611 628 1638 Tum
645 1611 669 1637 ei
682 1610 820 1637 Carbcas:
838 1609 876 1636 Tu
887 1618 902 1636 a
916 1610 1026 1637 vinculis

236 1656 301 1683 liber
312 1662 376 1689 esto,
397 1656 533 1691 simulque
548 1656 667 1688 dimisit;
680 1655 761 1682 Scotti
773 1662 839 1682 vero
857 1654 953 1682 :Certe
976 1663 1026 1682 non

237 1703 291 1730 ruit
310 1702 377 1729 Deus
387 1706 415 1730 ut
427 1711 442 1729 a
464 1710 569 1729 carcere
583 1701 716 1734 libereris,
734 1701 872 1735 simulque
887 1698 1026 1734 re'étituto,

236 1748 310 1783 quod
325 1753 477 1783 acceperat,
496 1748 694 1782 redemptionis
708 1747 806 1782 pretio,
824 1747 911 1775 donec
928 1747 1029 1775 efﬂavit

237 1793 356 1821 animant
370 1793 396 1820 in
417 1801 527 1821 carcere
543 1800 606 1820 eum
619 1793 717 1820 tenuit.

272 1839 317 1867 24.
347 1839 418 1872 Quia
438 1846 503 1866 vero
517 1839 586 1866 alter
596 1838 653 1874 jam
667 1846 781 1866 annosa
801 1839 938 1874 superiori
951 1838 1029 1867 clade

237 1885 387 1918 cmuxerat,
408 1885 522 1912 audiens
539 1884 655 1911 Michael
670 1884 782 1919 triginta
795 1884 910 1912 millium
929 1885 956 1912 in
976 1885 1029 1912 llo-

238 1939 347 1958 manam
361 1931 492 1958 ditionem
506 1930 605 1958 iactant
620 1930 813 1965 irruptionem,
826 1938 859 1958 ac
873 1931 970 1958 iterum
984 1939 1030 1959 ac-

237 1983 315 2012 cepta
329 1977 428 2004 damna
439 1985 472 2004 ex
489 1976 602 2004 victoria
619 1976 733 2012 cupiens
745 1977 890 2009 resarcire,
908 1977 1030 2006 collectis

235 2031 269 2051 ex
288 2023 494 2050 Tliracensibus
512 2030 545 2050 ac
561 2023 756 2050 Macedonibus
773 2023 955 2058 quadraginta
969 2025 1030 2051 mil-

238 2070 310 2097 libus
324 2069 414 2096 alacer
427 2069 469 2096 eis
487 2069 595 2096 obviam
609 2069 692 2096 venit.
709 2068 759 2096 Ubi
775 2073 865 2096 autem
885 2069 919 2096 ad
934 2069 1028 2097 locum

237 2114 382 2150 quemdam
403 2114 514 2149 pascuis
537 2115 649 2141 uberem
680 2114 820 2142 Celarium
844 2115 948 2142 dictum
975 2116 1028 2143 lixa

239 2160 355 2186 tentoria
380 2163 484 2191 essent,
503 2159 586 2186 Amer
611 2158 668 2194 jam
693 2159 803 2187 infestis
827 2160 855 2186 iu
871 2167 919 2188 eos
942 2161 1030 2197 signis

239 2213 416 2241 procurrens,
433 2206 541 2241 longius
560 2206 701 2242 digressus
721 2207 802 2242 173
828 2207 862 2235 ab
884 2212 970 2236 strata
981 2216 1030 2243 pu-

238 2253 318 2285 blica,
333 2252 501 2280 Chonarium
517 2253 655 2281 tendebat.
675 2253 714 2281 lbi
739 2254 906 2286 consistens,
918 2254 1030 2289 acieque
1048 2264 1070 2291 ι)

239 2301 266 2328 in
281 2307 400 2335 pugnam
415 2299 527 2332 directa,
555 2306 587 2326 ac
603 2300 659 2327 acri
681 2301 831 2328 commisso
852 2301 956 2335 praelio,
981 2301 1033 2328 im-

239 2351 393 2380 peratorem
419 2345 596 2381 impressioni
618 2346 751 2380 imparem
775 2347 809 2374 ad
833 2346 924 2382 fugam
946 2347 1029 2382 cogit.

238 2394 277 2420 Ac
297 2400 361 2420 vero
374 2392 470 2419 tandiu
481 2392 526 2420 ille
543 2392 615 2427 fugae
630 2393 739 2426 institit,
757 2393 879 2428 qnandiu
896 2401 1029 2428 equorum

239 2441 330 2475 vigere
345 2447 456 2467 cursum
470 2443 497 2466 et
511 2446 565 2466 non
578 2439 760 2466 intermittere
771 2447 804 2466 ac
817 2439 967 2467 lassescere
977 2440 1031 2467 exi-

239 2486 370 2514 stimavit.
403 2485 462 2513 Jam
481 2485 573 2521 itaque
595 2485 683 2512 media
697 2493 849 2520 occupante
876 2486 930 2519 die,
944 2493 1032 2521 exque

239 2533 306 2560 solis
320 2532 466 2559 ardoribus
482 2531 647 2567 permoleste
659 2535 737 2563 aestu,
758 2532 861 2559 editum
885 2533 1031 2567 quemdam

241 2577 329 2604 lucum
349 2578 440 2604 Anzen
457 2578 582 2609 nomine,
599 2584 713 2605 accessu
733 2576 868 2605 diliicilem
885 2586 918 2605 ac
932 2578 1031 2613 lapidi-

242 2623 293 2650 hus
314 2630 454 2657 asperum,
473 2627 610 2658 coguntur
622 2623 782 2651 ascendere.
808 2623 864 2651 Illic
885 2624 1032 2659 imperator

241 2678 273 2696 cx
295 2668 359 2704 fuga
384 2673 511 2704 receptus
532 2670 740 2703 stabulabatur;
767 2678 782 2697 e
802 2670 918 2706 vestigio
941 2675 1032 2698 autem

240 2720 350 2743 secutus
367 2715 449 2742 Amer
465 2715 554 2743 lucum
566 2716 660 2751 cingit,
685 2717 761 2744 velut
778 2716 884 2744 scilicet
901 2717 1032 2752 indagine

241 2763 434 2797 imperatorem
451 2767 591 2798 capturus.
610 2763 649 2791 Ac
661 2768 735 2791 certe
748 2763 885 2798 captivum
901 2763 1028 2798 cepisset.

242 2808 296 2836 nisi
311 2809 442 2837 Palatinae.
455 2810 583 2838 cohortes
598 2809 707 2838 fortiter
734 2809 894 2837 dimicando
921 2810 1029 2844 locique

244 2855 301 2889 ipsa
321 2855 492 2884 celsitudoet
508 2857 631 2885 arduitas
649 2857 779 2893 momenti
792 2855 894 2891 aliquid
907 2857 939 2883 ad
958 2856 1032 2883 salu-

245 2906 300 2929 tem
320 2902 344 2931 ei
363 2903 552 2932 contulissent.
591 2904 729 2939 Agebatur
749 2903 900 2938 periculum
923 2902 1030 2935 animm,

746 174 1004 205 THEOPHANES
1018 173 1298 205 CONTINUATUS.

1074 230 1128 257 τῶν
1147 230 1233 264 ἁγίων
1261 229 1420 266 μυστηρίων
1447 228 1621 266 μετάσχοιεν,
1649 226 1790 263 ἐξαίφνης,
1816 227 1866 255 εἰτ’

1074 275 1238 310 ἀφυλάκτως
1250 274 1390 305 τελοῦντες
1398 273 1542 306 αὑτὰ,εῐτε
1558 271 1606 299 καὶ
1621 272 1866 306 καταφρονητικῶς

1072 321 1179 357 ἔχοντες
1199 321 1267 356 πρὸς
1299 320 1348 356 τὴν
1377 320 1455 347 πόλιν
1474 318 1508 346 δι’
1536 317 1665 353 ἀπειρίαν
1690 315 1728 348 ὡς
1747 316 1784 351 μὴ
1799 316 1866 351 πρὸς

1074 368 1184 404 βασιλέα
1201 367 1345 402 Ῥωμαίων
1360 365 1426 403 ἆραι
1439 365 1590 401 τολμῶντος
1606 364 1686 400 χεῖρά
1701 371 1784 394 τινος,
1796 366 1868 390 κατὰ

1073 414 1121 449 τὴν
1133 414 1208 450 ῶραν
1224 415 1253 440 ἐν
1304 413 1358 440 τῶν
1374 412 1454 440 θεῐων
1465 412 1579 448 ἔμελλον
1598 413 1746 447 μετασχεῖν
1763 419 1868 446 μυστη-

1075 458 1151 493 ρίων,
1170 457 1302 484 πάντοθεν
1319 456 1379 492 μεθ’
1393 458 1483 484 ὃπλων
1495 457 1723 491 ἐκπεπηδηκότες
1750 456 1800 490 τῆς
1817 457 1868 482 πό-

1074 504 1152 536 λεως,
1169 504 1219 530 οὐκ
1231 501 1264 539 ἦν
1278 503 1342 530 ἰδεῖν
1355 503 1399 540 τὸν
1416 504 1491 535 ὅστις
1518 503 1663 538 Ῥωμαίων
1684 502 1727 538 [Ρ.
1741 501 1804 537 “0]
1817 503 1869 528 οὐκ

1075 550 1174 586 ἐχρῆτο
1192 551 1276 585 φυγῇ.
1296 549 1382 576 Ἔνθα
1401 549 1449 576 καὶ
1472 550 1486 576 ὁ
1513 549 1626 584 Μιχαὴλ
1648 548 1725 584 μόλις
1753 557 1804 574 που
1821 548 1870 574 τὸν

1075 597 1159 623 ἵππον
1173 596 1277 628 ἀναϐὰς
1302 596 1412 631 φεύγων
1432 596 1586 631 καθωρᾶτο,
1602 595 1659 622 ἀλλ’
1674 594 1705 622 οὐ
1730 595 1869 629 προπολε-

1078 642 1151 678 μῶν·
1170 642 1241 669 οὕτω
1257 651 1308 668 που
1322 642 1401 677 μόγις
1416 642 1583 674 ἐκσὲσωστο,
1607 641 1710 676 σκηνὰς
1725 641 1810 672 αὐτὰς
1822 640 1871 667 καὶ⁵

1075 690 1125 725 τὴν
1139 689 1188 725 ὅση
1200 689 1306 721 τούτοις
1318 689 1453 726 θεραπεία
1464 688 1570 724 προσῆν
1583 689 1641 715 ἐκεῖ
1652 687 1869 718 καταλελοιπώς.

1077 735 1163 762 Ἔνθα
1183 736 1229 762 καὶ
1244 735 1290 761 τὸν
1315 734 1595 771 προμνημονευθὲντα
1611 734 1692 768 φασὶν
1708 733 1871 768 ἀριστεῦσαι

1074 782 1207 818 Καρῦἐαν
1231 782 1277 808 τὸν
1305 782 1355 816 τὴν
1371 781 1511 817 Τεφρικὴν
1537 781 1802 816 οίκοδομησὰμενον,
1822 780 1872 807 καὶ

1075 828 1160 856 πολὺν
1173 828 1202 855 οὐ
1221 828 1356 863 μόνοντοῦ
1372 828 1483 863 χυδαίου
1500 826 1600 862 φθόρον
1613 826 1679 854 λαοῦ
1695 827 1871 861 κατεργάσα-

1077 875 1150 905 σθαι,
1166 874 1233 901 ἀλλὰ
1243 874 1290 901 καὶ
1304 874 1357 900 τῶν
1373 875 1500 909 μεγάλων
1514 873 1547 908 δὴ
1566 873 1728 908 στρατηγῶν
1748 871 1874 906 ζωγρείῳι

1075 920 1169 948 λαϐεῖν
1180 921 1225 947 τόν
1237 929 1267 946 τε
1280 919 1482 954 τζαγγότουόον
1496 919 1542 946 τὸν
1559 918 1724 953 Ἀϐεσαλὼμ
1734 919 1779 945 καὶ
1791 916 1874 952 Σηὼν

1076 966 1121 993 τὸν
1142 966 1301 997 παλατῐνον,
1318 966 1365 992 καὶ
1373 965 1485 1000 ἐτέρους
1494 965 1721 1000 ὑποστρατήγους
1735 966 1779 992 καὶ
1788 973 1874 1000 τουρ-

1078 1012 1188 1048 μάρχας
1204 1012 1267 1046 ἄχρι
1281 1011 1335 1038 τῶν
1353 1011 1461 1040 ἑκατόν,
1499 1010 1663 1047 Ὲτηροῦντο
1682 1009 1729 1037 οὖν
1742 1011 1766 1036 οι
1781 1010 1875 1045 δηλω-

1077 1057 1169 1089 θέντες
1187 1057 1334 1093 στρατηγοὶ
1345 1057 1414 1092 μετὰ
1427 1056 1476 1092 τὴν
1491 1056 1538 1083 τοῦ
1554 1055 1674 1089 πολέμου
1691 1056 1875 1090 παραδρομὴν

1077 1105 1106 1132 ἐν
1123 1105 1156 1140 τῇ
1172 1104 1280 1139 φυλακῇ
1292 1112 1298 1119 ’
1327 1104 1374 1130 καὶ
1390 1103 1422 1139 δὴ
1446 1105 1577 1139 χρήματα
1604 1103 1683 1130 ἱκανὰ
1705 1102 1744 1138 τῷ
1756 1102 1877 1138 Καρσέᾳ

1077 1151 1209 1184 ἐδίδοσαν,
1232 1151 1338 1177 οἴκοθεν
1358 1150 1616 1185 μεταπεμψάμενοι,
1631 1149 1681 1184 τὴν
1696 1150 1785 1176 αὐτῶν
1800 1150 1876 1176 ἀπο-

1077 1197 1211 1233 λύτρωσιν
1227 1196 1426 1230 ἐξαιτούμενοι.
1454 1196 1498 1227 Ὧς
1516 1196 1538 1222 δ’
1563 1195 1659 1222 ἕλαὸεν
1684 1195 1732 1222 ἐπὶ
1748 1196 1843 1230 χεῖρας
1860 1195 1877 1221 ὁ

1077 1243 1217 1279 Καρϐἐας,
1233 1243 1327 1278 ἠρώτα
1346 1243 1392 1269 τὸν
1400 1242 1479 1277 Σηὼν
1489 1242 1580 1274 εὐθὺς,
1588 1243 1615 1269 ει
1626 1243 1700 1277 πρὸς
1708 1243 1878 1277 ἀφροδίσια

1076 1291 1140 1325 ἔχοι
1154 1289 1297 1324 ἐρωτικῶς
1314 1289 1364 1316 καὶ
1381 1289 1413 1316 τὸ
1431 1289 1540 1316 ἑαυτοῦ
1555 1289 1642 1323 σῶμα
1666 1289 1790 1322 κίνησιν
1804 1288 1878 1323 ἔχοι

1077 1335 1135 1370 τὴν
1148 1335 1266 1371 ἐμπαθῆ
1275 1344 1281 1350 ’
1295 1335 1333 1367 ὡς
1343 1335 1364 1362 δ’
1376 1334 1565 1371 ἀπηγόρευσεν
1579 1336 1593 1362 ό
1609 1335 1685 1370 Σηὼν
1697 1336 1743 1361 καὶ
1752 1334 1880 1370 πάσχειν

1076 1391 1103 1409 τι
1119 1382 1238 1408 τοιοῦτον
1262 1381 1415 1417 ἀπέφησεν,
1440 1381 1534 1416 ἠρώτα
1558 1381 1639 1407 πάλιν
1661 1380 1694 1408 τὰ
1715 1382 1797 1416 ὅμοια
1823 1381 1877 1407 τδν

1084 1427 1255 1462 ’Δΰεσαλώμ.
1280 1427 1308 1454 '0
1334 1427 1428 1462 δὲτὴν
1447 1428 1529 1454 αὑτοῦ
1555 1429 1686 1462 φωράσας
1701 1428 1801 1454 κακίαν
1823 1427 1879 1453 καὶ

1079 1474 1243 1509 μοχθηρίαν,
1273 1474 1328 1500 εἴτε
1348 1474 1396 1500 καὶ
1412 1474 1499 1505 ἄλλως
1518 1474 1637 1510 ἀληθῶς,
1665 1474 1755 1501 τοῦτό
1771 1483 1802 1501 τε
1817 1474 1881 1500 πᾶ-

1078 1527 1166 1554 σχειν
1190 1519 1240 1546 καὶ
1259 1519 1382 1552 κίνησιν
1401 1520 1573 1553 ὑπομένειν,
1591 1519 1686 1551 εἰπὼν,
1700 1520 1787 1554 τούτῳ
1810 1519 1880 1554 μὲν,

1079 1565 1260 1598 Λυτροῦσαι,
1276 1564 1340 1599 ἔφη,
1351 1564 1410 1591 τῶν
1423 1564 1554 1599 δεσμῶν,
1567 1565 1613 1591 καὶ
1629 1565 1687 1600 ἅμα
1699 1565 1880 1600 ἀπέλυεν,τῷ

1078 1612 1106 1638 δὲ
1118 1611 1203 1647 Σηὼν,
1218 1611 1411 1642 θ’ὺβούλειαί
1424 1618 1461 1638 σε
1474 1612 1507 1638 τὸ
1521 1611 1606 1639 Ocior
1622 1611 1752 1645 λυθῆναι
1766 1611 1804 1644 δὴ
1821 1611 1882 1645 τῆς

1078 1657 1222 1694 φρουρᾶς,
1234 1660 1280 1685 καὶ
1297 1657 1355 1692 ἅμα
1373 1657 1458 1684 ἐδίδου
1470 1658 1558 1693 τούτῳ
1573 1657 1607 1684 τὰ
1616 1657 1702 1693 λύτρα
1716 1660 1750 1684 τὰ
1761 1658 1880 1684 δοθέντα

1079 1705 1152 1740 αὐτῷ
1172 1705 1242 1740 ὑπὲρ
1256 1704 1350 1737 αὐτοῦ,
1364 1706 1411 1731 καὶ
1421 1705 1454 1740 τῇ
1467 1705 1576 1740 φρουρᾷ
1588 1704 1780 1738 ἐγκατέκλειεν
1794 1703 1881 1739 ἄχρις

1078 1748 1110 1778 οὗ
1127 1751 1175 1787 τὴν
1185 1750 1274 1786 ψυχὴν
1289 1750 1487 1784 ἁπεστάλαξεν.

1115 1840 1165 1868 κδ’.
1185 1839 1261 1866 Ἐπεὶ
1278 1840 1307 1866 δέ
1326 1839 1454 1875 δεύτερος
1470 1839 1521 1875 ἤδη
1539 1839 1638 1874 χρόνος
1653 1838 1819 1874 παρέδραμε
1834 1839 1884 1866 καὶ

1081 1887 1216 1922 μυριάδας
1231 1887 1313 1922 ἤκουε
1331 1888 1404 1922 τρεῖς
1420 1886 1492 1913 κατὰ
1515 1885 1570 1912 τῶν
1587 1885 1735 1920 Ῥωμαίων
1757 1886 1885 1920 ἐκστρα-

1080 1933 1181 1964 τεύειν,
1198 1933 1248 1969 τὴν
1277 1931 1363 1970 ἧτταν
1390 1932 1469 1964 αὖθις
1491 1933 1505 1959 ὁ
1520 1931 1632 1967 Μιχαὴλ
1652 1931 1885 1958 ἀνακαλέσασθαι

1080 1977 1232 2013 ἐπιθυμῶν,
1251 1977 1363 2013 Θρᾷκὰς
1376 1986 1407 2004 τε
1420 1977 1467 2004 καὶ
1478 1976 1638 2008 Μακεδόνας
1653 1977 1733 2012 μέχρι
1749 1976 1806 2003 τῶν
1822 1985 1887 2004 τεσ-

1081 2025 1172 2060 σάρων
1185 2023 1371 2059 συνηθροικὼς
1387 2023 1539 2059 μυριάδων,
1561 2022 1635 2058 ἐξῄει
1656 2022 1802 2057 πρόθυμος
1820 2021 1887 2050 κατ’

1080 2070 1175 2098 αὑτοῦ.
1198 2071 1241 2102 Ὠς
1255 2070 1283 2097 δὲ
1299 2070 1370 2097 κατά
1390 2078 1416 2096 τι
1435 2069 1600 2105 χορτοφόρον
1624 2069 1718 2096 πεδίον
1742 2069 1886 2105 Κελάριον

1080 2116 1152 2142 οὕτω
1166 2116 1314 2152 λεγόμενον
1330 2116 1529 2151 κατεσκήνητο,
1546 2116 1609 2150 ἄρτι
1630 2115 1663 2150 δὴ
1687 2115 1780 2150 ΙἈμερ
1806 2115 1888 2149 αὐτῷ

1081 2161 1317 2197 καταστρατηγῶν
1351 2162 1521 2199 πορρωτέρω
1549 2161 1600 2197 τῆς
1627 2162 1819 2197 τετριμμένης
1839 2162 1887 2197 ᾔει

1081 2207 1154 2239 ὀδοῦ,
1175 2207 1242 2242 πρὸς
1267 2208 1297 2235 τὸ
1322 2208 1465 2243 Χωνάριον
1480 2207 1664 2234 ἐπισπεύδων.
1686 2207 1731 2234 Ἐν
1744 2207 1773 2233 δὲ
1791 2207 1888 2242 τούτῳ

1082 2253 1230 2288 ἐγγύτερόν
1246 2262 1275 2280 τε
1290 2253 1436 2289 γενόμενος
1446 2253 1493 2280 καὶ
1502 2254 1598 2288 χεῖρας
1611 2253 1643 2288 δὴ
1656 2252 1824 2288 προτδαλὼν
1837 2253 1889 2280 καὶ

1085 2299 1203 2334 πόλεμον
1222 2299 1355 2335 συνάψας,
1371 2298 1494 2325 νεανικὸν
1511 2298 1633 2333 φεύγειν,
1653 2298 1710 2325 ἀλλ’
1725 2299 1756 2325 οὐ
1777 2299 1887 2333 μένειν,

1084 2344 1254 2380 τὸνβασιλέα
1268 2345 1432 2380 ἠνάγκαζεν.
1449 2345 1530 2372 ’Δλλὰ
1547 2345 1660 2379 φεύγειν
1677 2345 1727 2380 μὲν
1737 2346 1891 2380 ἐπειρᾶτο,

1083 2390 1136 2422 ἕως
1159 2390 1205 2417 τὸν
1217 2390 1271 2416 τῶν
1283 2390 1374 2417 ἵππων
1389 2390 1525 2425 ἀκμάζειν
1541 2390 1653 2425 δρόμον,
1672 2389 1730 2416 ἀλλ’
1745 2390 1777 2416 οὐ
1789 2390 1891 2417 διακό-

1085 2437 1202 2463 πτεαθαι
1218 2436 1421 2471 ὑπελάμϐανεν.
1438 2436 1492 2463 Καὶ
1508 2436 1540 2472 δὴ
1564 2436 1699 2471 σταθερᾶς
1714 2444 1744 2462 τε
1770 2445 1890 2471 μεσημ-

1086 2482 1164 2518 ϐρίας
1178 2482 1291 2517 ἐνούσης
1314 2482 1361 2508 καὶ
1384 2481 1524 2517 καύματος
1538 2482 1597 2515 λοὺκ
1614 2481 1704 2514 ὀλίγου
1730 2481 1891 2513 ϐὰλ-κοντος

1085 2529 1118 2555 ἐκ
1129 2529 1178 2562 τῆς
1192 2528 1239 2555 τοῦ
1257 2528 1333 2563 ἡλίου
1351 2528 1523 2563 φλογώσεως,
1539 2527 1612 2555 κατά
1621 2536 1680 2554 τινα
1695 2528 1803 2562 ὀρεινὸν
1818 2529 1892 2555 ἀνα-

1086 2574 1190 2601 ϐαίνειν
1208 2574 1290 2601 τόπον
1319 2575 1469 2609 βιάζονται,
1494 2574 1592 2608 Ἀνζῆν
1620 2573 1693 2600 οὕτω
1719 2574 1890 2608 λεγόμενον.

1084 2620 1268 2659 δυσπρόσοδον
1278 2629 1307 2647 τε
1322 2621 1370 2647 καὶ
1379 2620 1493 2656 τραχέσι
1501 2620 1586 2650 λίθοις
1597 2621 1646 2646 οὐκ
1661 2619 1763 2646 εὔοδον.
1774 2620 1892 2647 Ἐκεῖσε

1084 2668 1115 2702 δὴ
1133 2667 1242 2702 φεύγων
1265 2668 1278 2694 ὁ
1294 2667 1422 2702 βασιλεὺς
1449 2666 1615 2702 ἐνηυλίζετο,
1635 2667 1683 2692 καὶ
1713 2667 1746 2692 ἐκ
1776 2666 1864 2698 ποδὸς
1878 2667 1893 2693 ὀ

1087 2715 1176 2751 ’Δμερ
1196 2713 1270 2749 αὐτῷ
1293 2713 1486 2741 ἐπακολουθῶν
1502 2713 1544 2750 [1).
1573 2713 1636 2749 111]
1655 2713 1833 2748 περικυκλοῖ,
1851 2713 1895 2745 ὡς

1084 2763 1112 2788 ἐν
1131 2761 1231 2796 δικτύῳ
1244 2761 1330 2787 θέλων
1343 2760 1447 2787 λαϐεῖν.
1465 2759 1525 2786 Κᾶν
1542 2759 1637 2786 ἕλαΰεν
1652 2758 1734 2785 αὐτὸν
1742 2758 1893 2794 δορυάλω-

1085 2815 1141 2839 τον,
1156 2806 1214 2833 ἀλλ’
1226 2806 1307 2841 ἡτῶν
1321 2805 1468 2841 βασιλικῶν
1483 2805 1631 2839 ταγμάτων
1648 2805 1725 2839 ἰσχὺς
1739 2805 1894 2840 καρτερῶς

1087 2853 1287 2888 ἀπομαχομένη
1311 2853 1358 2878 καὶ
1377 2852 1407 2878 τὺ
1433 2851 1480 2878 τοῦ
1506 2851 1589 2877 τόπου
1606 2850 1756 2885 ἀνεστηκὸς
1782 2857 1814 2876 τι
1841 2850 1895 2876 καὶ

1088 2899 1221 2935 ὑπερέχον
1237 2899 1334 2934 μικρόν
1349 2908 1373 2926 τι
1393 2898 1501 2930 τούτους
1519 2897 1657 2924 διέσωσεν.
1672 2895 1756 2923 Ἔνθα
1775 2897 1824 2922 καὶ
1844 2897 1896 2922 τον
