1989 3161
256 231 308 263 19!)

774 230 799 259 '1'
800 228 1032 260 liEOPHANES
1044 193 1326 258 CONTINUAtl‘US.

1840 223 1890 255 200

257 298 288 317 ac
302 290 464 318 ambitiosus
488 289 564 317 vario
580 289 614 317 ad
633 288 769 316 luxuriam
800 288 876 315 cultu
897 292 983 315 mutat
998 295 1044 315 ve-

1113 288 1156 319 ἀς.
1183 286 1336 314 Μετέϐαινε
1369 284 1434 320 γοῦν
1450 284 1496 312 καὶ
1521 283 1590 320 πρὸς
1599 283 1648 319 τὴν
1661 282 1799 317 Καίσαρος
1814 282 1891 319 ἀνῄει

257 342 323 364 stes.
342 337 442 364 Mutata
460 336 553 372 itaque
565 335 706 363 functione
718 335 752 362 ad
783 335 907 362 Caesaris
926 335 1045 370 dignita-

259 388 312 411 tem
327 383 498 418 gloriamque
526 381 659 414 ascendit,
676 388 738 408 cum
769 379 887 407 Michael
904 380 976 407 nulla
992 380 1046 408 alia

259 429 413 463 reipublicae
430 434 496 454 cura
514 431 651 454 teneretur
667 433 749 461 quam
764 431 795 453 ut
821 426 937 452 theatris
961 425 1047 452 ludis-

261 483 313 510 que
334 474 509 502 Circensibus
535 478 656 500 vacaret.
671 472 806 506 Quodque
833 471 901 499 adeo
922 471 1047 506 gravius,

261 529 314 548 non
329 521 417 547 solum
431 520 484 547 illis
498 519 596 546 lubens
605 518 770 554 spectaculis
782 518 913 546 intererat
929 521 1049 544 tantam—

260 574 312 601 que
336 573 446 600 operam
474 565 602 597 narabat,
620 565 667 592 sed
681 569 708 591 et
733 564 791 598 ipse
817 563 933 590 Romani
957 570 1049 590 arcent

261 613 367 646 tmperii
389 617 486 639 tenens
499 619 587 646 equos
608 611 717 646 agebat,
745 611 910 645 cunctisque
935 617 965 637 se
987 609 1052 637 ridi-

261 659 351 686 culum
377 666 410 686 ac
429 659 612 693 spernendum
636 657 783 693 praebebat.
810 658 847 684 Ita
873 657 976 685 Bardas
1003 664 1052 685 ne-

262 707 333 740 potis
353 710 509 733 curatorem
525 706 697 740 agebatmui
721 713 772 732 nec
794 705 861 736 vita,
879 709 908 731 ut
924 712 974 739 par
998 708 1051 736 est,

262 753 290 779 in
307 751 376 779 votis
393 759 455 778 esse
479 752 630 784 debuisset,
658 751 711 779 nisi
725 759 739 778 a
753 752 845 778 servili
861 751 923 778 vita:
944 751 996 777 hoc
1012 750 1054 777 in-

262 798 360 825 stituto
369 797 445 824 illum
456 801 594 824 avocaret.
608 797 720 824 Interim
731 803 821 824 tamrn
832 797 939 832 negotia
947 796 1054 830 publica

263 843 482 875 administrabat,
496 851 527 870 ac
535 843 586 870 sibi
606 843 664 878 ipse
677 843 819 878 imperium
833 844 925 870 animo
934 843 1056 870 destina-

264 891 320 920 bat.
331 889 410 923 cujus
424 889 504 924 185
515 890 681 924 quandoque
689 890 742 917 sibi
755 891 812 924 ipse
823 896 936 924 compos
946 888 1004 916 fore
1017 888 1057 914 vi-

263 935 517 962 .leretur.Cmtcruut
530 937 585 962 haec
594 935 704 970 quidem
712 935 738 962 in
749 935 870 962 futurum
880 935 917 962 illi
928 934 1056 969 reposita:

263 981 447 1008 mteriuuero
456 981 596 1008 saecularis
605 988 636 1008 ac
647 980 767 1016 profanae
775 981 916 1015 sapientiae
924 987 990 1008 cura
997 987 1059 1007 sus—
1074 972 1094 999 Β

263 1032 349 1060 cepta,
370 1033 431 1053 curn
446 1026 502 1061 jam
517 1027 593 1060 plura
608 1026 693 1054 lustra
711 1026 888 1053 humaniores
904 1025 1059 1054 litterzim-

263 1077 418 1106 peratorqu
428 1072 555 1099 barbaric
564 1079 595 1098 ac
606 1072 713 1099 inscitia
724 1072 921 1100 obsolevissent
932 1080 962 1099 ac
975 1079 1060 1107 prope

264 1120 404 1146 exstinctae
436 1123 539 1150 essent,
572 1119 829 1146 mathetnaticarum
851 1118 1058 1153 disciplinarum

265 1165 366 1192 Scholis
377 1165 409 1191 ad
422 1164 599 1199 Magnauratn
624 1165 797 1198 constitutis,
807 1165 950 1200 magniﬁce
962 1172 1059 1193 rursus

265 1210 362 1238 florere
382 1218 414 1238 ac
428 1211 501 1237 velut
517 1211 699 1246 repubescere
715 1219 775 1239 eam
791 1212 866 1239 fecit.
884 1210 939 1239 Nec
964 1216 1055 1238 tamen

266 1257 317 1283 hoc
336 1256 434 1284 Burdae
467 1257 586 1289 facinus,
609 1265 767 1293 quanquam
798 1266 934 1286 summam
948 1257 1056 1292 praefer-

265 1308 306 1330 rct
317 1303 486 1330 honestatem
515 1303 656 1339 gloriaque
677 1304 885 1332 celeberrimum
897 1308 983 1335 esset.
997 1303 1057 1337 ejus

266 1357 352 1377 noxas
367 1349 485 1384 reliquas
501 1350 593 1377 eluere
611 1351 706 1378 valuit.
727 1350 846 1378 Praeerat
874 1350 938 1378 huic
958 1349 1058 1377 scholae

266 1404 297 1424 ac
309 1397 404 1424 doctor
429 1396 610 1431 philosophiae
625 1402 684 1424 erat
697 1405 813 1431 magnus
832 1397 877 1424 ille
893 1404 926 1424 ac
937 1397 1061 1431 philoso-

267 1443 336 1477 phus
353 1441 418 1474 Leo,
435 1443 577 1477 sanguinis
602 1443 714 1477 quidem
735 1443 864 1478 prosapia
888 1442 991 1470 Jannis
1013 1449 1062 1477 pa-

268 1489 394 1516 triarcha:
422 1491 563 1523 patruelis,
599 1490 685 1524 gradu
717 1498 781 1517 vero
806 1489 1062 1517 Thessalonicensis

267 1536 405 1570 quondam
427 1537 584 1570 episcopus.
616 1536 692 1563 Tunc
714 1540 806 1563 autem
837 1543 948 1563 cessare
965 1535 1061 1570 jussus

1098 333 1176 365 δόξαν
1192 341 1221 359 τε
1241 332 1289 359 καὶ
1303 331 1397 367 τιμὴν,
1411 331 1458 358 τοῦ
1472 330 1582 366 Μιχαὴλ
1601 330 1631 356 οὐ
1661 328 1731 364 πρὸς
1748 328 1844 365 ἕτερόν
1864 335 1890 355 τι

1099 380 1154 406 τῶν
1176 377 1325 405 πολιτικῶν
1346 377 1475 404 τοσοῦτον
1499 376 1669 411 ἐπτοημένου
1692 375 1710 410 ἢ
1725 374 1830 410 θέατρα
1844 375 1892 402 καὶ

1101 426 1192 452 ἵππων
1210 425 1407 460 ἀμιλλητήρια.
1426 424 1481 450 Καὶ
1495 423 1525 450 τδ
1544 423 1576 458 δὴ
1589 422 1718 458 χαλεπὸν,
1733 422 1783 448 οὐκ
1796 422 1893 457 ἠγάπα

1103 472 1185 505 μόνον
1214 470 1314 505 θεατὴς
1343 468 1424 501 εἶναι,
1443 469 1501 503 εἴγε
1528 469 1574 496 καὶ
1596 467 1722 495 τοσοῦτον
1734 467 1892 502 ἐσχόλαζεν,

1102 516 1170 543 ἀλλὰ
1186 516 1234 543 καὶ
1246 515 1328 546 αὐτὸς
1340 516 1460 550 ἡνιοχεῖν
1474 515 1488 540 6
1505 515 1554 549 τῆς
1579 513 1633 540 τῶν
1653 512 1799 547 Ῥωμαίων
1815 511 1894 547 βασι-

1102 562 1188 595 λείας,
1213 562 1303 598 θέαμα
1327 562 1472 596 τυγχάνων
1495 562 1543 586 καὶ
1560 560 1689 595 παίγνιον
1706 560 1774 586 πᾶσι
1799 558 1831 593 δὴ
1847 558 1895 585 καὶ

1105 609 1274 644 κατάγελως.
1290 608 1383 640 Οὕτως
1395 610 1409 635 ό
1423 607 1465 644 [1).
1483 606 1546 643 115]
1565 605 1672 641 Βάρδας
1689 605 1734 632 τοῦ
1750 603 1894 639 ἀδελφιδοῦ

1105 655 1299 691 ἐπετρόπευεν,
1323 654 1371 681 καὶ
1385 653 1445 680 οὐδὲ
1460 652 1521 687 ζῇν,
1544 652 1581 683 ὡς
1593 651 1692 683 ἔοικεν,
1709 650 1854 685 ἠθέλησεν,
1870 648 1895 675 ιι

1107 701 1146 736 μὴ
1161 700 1257 727 τοῦτον
1273 699 1437 735 μεταπείσει
1461 697 1491 724 τὸ
1507 696 1685 731 ἀνδράποδον.
1711 695 1785 730 Πλὴν
1802 694 1896 731 διῴκει

1107 748 1175 779 τέως
1188 747 1269 777 mare;
1285 745 1320 772 τὰ
1334 744 1469 776 πολιτικὰ,
1483 743 1531 770 καὶ
1544 743 1594 778 τῆς
1609 741 1748 778 βασιλείας
1764 750 1896 768 κατεστοο

1107 793 1206 828 χάζετο
1222 792 1260 824 ὼς
1277 791 1363 826 αὐτὴν
1389 790 1528 824 εὐκαίρως
1556 787 1788 823 περιληψόμενος.
1816 786 1898 814 Ἀλλὰ

1108 838 1194 864 ταῦτα
1211 837 1261 872 μὲν
1272 837 1311 868 εἰς
1323 836 1353 862 τὸ
1366 835 1461 871 μέλλον
1472 833 1632 869 ὲταμιεύετο
1642 842 1650 850 ·
1664 834 1725 860 τότε
1736 833 1764 859 δὲ
1779 833 1831 868 τῆς
1846 832 1898 865 ἔξω

1110 884 1206 919 σοφίας
1225 882 1401 918 ἐπιμεληθεὶς
1422 881 1480 917 (καὶ
1496 881 1550 915 γὰρ
1574 878 1608 915 ἦν
1621 879 1661 915 τῷ
1676 879 1797 914 τοσούτῳ
1807 879 1898 918 χρόνῳ

1111 931 1302 966 παραρρυείη
1317 930 1363 955 καὶ
1377 928 1443 963 πρὸς
1456 927 1485 954 τδ
1498 927 1580 963 μηδὲν
1593 927 1661 958 ὅλως
1674 927 1853 961 κεχωρηκυία
1864 926 1897 960 τῇ

1110 977 1164 1003 τῶν
1177 975 1373 1011 κρατησάντων
1388 973 1516 1010 ἀγροικίᾳ
1533 973 1579 1000 καὶ
1592 972 1707 1008 ἀμαθίᾳ)
1725 971 1773 998 καὶ
1792 971 1898 1006 διατρι-

1111 1021 1161 1052 ϐὰς
1177 1020 1232 1047 τῶν
1255 1019 1456 1054 μαθηματικῶν
1482 1017 1554 1045 κατὰ
1582 1017 1752 1052 Μαγναύραν
1782 1016 1899 1051 ποιήσας

1111 1062 1190 1100 αὖθις
1200 1067 1335 1100 ἀκμάζειν
1351 1066 1398 1092 καὶ
1408 1064 1511 1100 ἀνηὸᾷν
1525 1064 1628 1098 ταύτην
1641 1063 1792 1094 ἐσπούδαζε
1807 1070 1838 1089 τε
1853 1061 1898 1089 καὶ

1109 1113 1318 1148 πεφιλοτίμητο.
1332 1112 1388 1138 Καὶ
1401 1111 1480 1138 τοῦτο
1491 1110 1545 1137 τῶν
1558 1110 1646 1145 ἔργων
1660 1109 1742 1136 αὐτοῦ
1756 1107 1899 1135 κάλλιστόν

1108 1169 1139 1187 τε
1165 1160 1212 1186 καὶ
1239 1158 1403 1194 περιὸόητον
1417 1157 1447 1184 ὃν
1464 1157 1515 1184 οὑκ
1530 1156 1626 1191 ῐσχυσέ
1643 1163 1702 1186 πως
1718 1154 1769 1185 τὰς
1786 1153 1899 1193 ἐνούσας

1109 1206 1196 1237 ἄλλως
1221 1205 1310 1241 κῆρας
1327 1204 1401 1238 αὺτῴ
1426 1202 1622 1237 ἀπονίψασθαι.
1638 1199 1727 1237 Ἧρχε
1745 1201 1771 1227 δὲ
1790 1201 1839 1227 καὶ
1853 1199 1900 1234 τῆς

1109 1251 1237 1286 τοιαύτης
1261 1250 1360 1286 σχολῆς
1375 1249 1424 1284 τὴν
1452 1249 1502 1284 μὲν
1527 1247 1685 1283 φιλοσοφίαν
1718 1245 1900 1282 ἐξηγούμενος

1110 1299 1187 1326 Λέων
1201 1298 1303 1328 ἐκεῖνος
1329 1297 1344 1323 ό
1368 1296 1457 1330 μέγας
1482 1303 1512 1321 τε
1533 1294 1582 1321 καὶ
1597 1294 1751 1328 φιλότοςρος,
1782 1293 1811 1324 ὃς
1832 1292 1899 1319 κατά

1112 1344 1274 1378 συγγένειαν
1289 1343 1338 1376 μὲν
1348 1341 1395 1368 τοῦ
1411 1341 1560 1375 ἑξαδέλφου
1576 1340 1615 1375 τῷ
1639 1340 1797 1375 πατριάρχῃ
1814 1339 1900 1375 Ἰαννῇ

1111 1390 1242 1427 ᾠκείωτο,
1258 1389 1304 1416 τὸν
1320 1388 1415 1423 θρόνον
1428 1387 1457 1413 δὲ
1472 1387 1523 1421 τῆς
1547 1386 1747 1421 Θεσσαλονίκης
1764 1386 1900 1421 κατέχων,

1111 1438 1206 1473 επειᾶὴ
1225 1437 1272 1464 νῦν
1298 1438 1331 1463 ὲκ
1357 1436 1545 1471 καθαιρέσεως
1569 1434 1727 1469 ἐσχόλαζεν,
1742 1434 1783 1465 είς
1798 1433 1900 1468 ταύτην

1112 1483 1309 1519 προισιϐἀζετο
1332 1482 1382 1516 τὴν
1406 1481 1513 1516 σχολὴν,
1542 1480 1592 1515 τὴν
1609 1479 1728 1515 ἀμαθίαν
1740 1479 1839 1516 πὸρρω
1857 1486 1900 1505 ποι

1113 1530 1273 1558 ἀπελαύνων
1290 1528 1337 1554 καὶ
1346 1527 1581 1561 ἀποτρεπόμενος.
1872 1532 1877 1537 ί

268 1589 350 1618 atque
379 1589 498 1615 amotus,
509 1585 580 1618 quod
602 1584 844 1612 iconomachorum
863 1583 975 1611 haeresis
990 1582 1079 1610 cultor
1092 1584 1162 1612 erat,
1180 1578 1242 1606 huic
1258 1575 1368 1611 negotio
1387 1575 1546 1610 praepositus
1562 1581 1642 1608 opera
1654 1580 1703 1600 sua
1715 1580 1748 1600 ac
1763 1570 1899 1600 industria

269 1630 406 1656 inscitiam
428 1631 523 1665 procul
540 1630 668 1665 abigebat
684 1635 767 1666 atque
790 1630 909 1665 fugabat.

303 1675 348 1703 27.
366 1675 462 1710 Operae
484 1678 601 1711 pretium
619 1682 710 1704 autem
727 1677 861 1709 rideatur,
886 1681 916 1705 ut
930 1682 957 1704 et
978 1683 1061 1715 nove-
1077 1678 1102 1710 ο

269 1721 356 1749 rimus
372 1729 425 1756 qua
441 1723 547 1749 ratione
558 1722 600 1750 vir
613 1726 707 1750 tantus
719 1724 745 1750 ln
761 1723 821 1757 ejus
838 1723 883 1758 qui
899 1728 958 1750 tum
969 1730 1062 1750 rerum

238 1803 240 1806 ν
270 1768 426 1802 potiebatur
452 1768 578 1795 notitiam
602 1769 719 1796 venerit.
756 1768 820 1795 Erat
848 1769 871 1796 is
894 1767 1063 1803 Theophilus

270 1813 410 1840 Michaelis
450 1819 539 1848 pater.
575 1813 624 1840 Hic
665 1821 731 1848 ergo
762 1821 824 1841 cum
857 1813 1063 1848 disciplinarum

270 1867 379 1887 omnem
411 1860 554 1887 scientiam
591 1859 711 1895 perfecte
747 1859 934 1892 excoluisset,
969 1859 1064 1894 sicque

271 1906 394 1932 omnium
421 1906 648 1941 disciplinarum,
672 1906 850 1940 philosophiae
866 1906 981 1940 ejusque
1001 1912 1063 1940 ger-

271 1958 417 1979 manarum
443 1951 636 1987 (arithmeticae
656 1951 760 1979 scilicet
777 1955 803 1978 et
820 1951 993 1986 geometriae,
1013 1957 1064 1976 nec

271 2007 325 2026 non
349 1999 537 2032 astronomia,
564 1999 630 2033 quin
647 2002 675 2025 et
691 1998 914 2025 celebratissima;
940 1997 1062 2032 musicae)

271 2045 468 2079 perfectionem
496 2051 595 2072 nactus
628 2050 722 2077 esset,
761 2048 924 2079 tantumque
952 2045 979 2070 in
1009 2044 1064 2070 illis

271 2092 405 2119 omnibus
418 2098 492 2118 unus
507 2091 566 2126 ipse
589 2090 749 2125 profecisset
762 2094 895 2124 quantum
913 2097 946 2117 ne
962 2090 989 2116 in
1011 2098 1063 2117 una

271 2139 383 2173 quidem
406 2138 543 2172 quispiam
571 2138 654 2168 alius,
681 2137 802 2170 diligenti
828 2136 856 2162 in
883 2144 943 2163 cum
968 2143 1062 2170 opera,

272 2183 432 2211 solitudinis
447 2182 609 2217 tranquillo,
626 2182 706 2216 186
719 2181 820 2215 ingenii
837 2182 1014 2213 dexteritate,
1036 2181 1062 2208 in

272 2230 321 2257 vili
344 2230 462 2264 quodam
494 2228 632 2263 tuguriolo
660 2227 812 2260 discipulos
844 2227 1008 2260 erudiebat,
1037 2232 1064 2255 et

272 2283 356 2312 quam
370 2275 488 2310 quisque
501 2274 593 2302 mallet
604 2274 746 2301 scientiam
757 2273 961 2300 docebat.Cutn
972 2278 1063 2301 autem

272 2323 385 2357 longum
398 2321 454 2356 jam
472 2325 580 2355 tempus
592 2320 737 2347 transisset
754 2319 887 2354 multique
900 2327 933 2347 eo
949 2320 1063 2347 doctore

273 2376 329 2396 non
348 2367 523 2402 paenitendas
548 2373 712 2401 progressus
734 2365 884 2399 fecissent.
902 2366 1016 2400 contigit
1034 2370 1064 2393 ut

273 2415 333 2450 ejus
348 2413 551 2448 discipulorum
577 2413 687 2447 juvenis
712 2412 838 2447 quidam,
864 2420 999 2439 summam
1015 2419 1063 2447 per

271 2469 335 2490 cum
352 2466 449 2489 nactus
464 2460 622 2495 geometria.-
638 2461 774 2494 peritiam,
793 2459 840 2486 uni
863 2460 963 2487 ducum
982 2467 998 2487 a
1018 2467 1063 2486 se-

272 2509 367 2542 cretis,
381 2508 421 2535 rei
438 2515 486 2543 per
499 2514 561 2534 ettm
586 2506 731 2534 familiaris
753 2506 947 2541 c0mpendium
972 2506 1064 2533 factu-

274 2564 331 2587 rus,
350 2555 383 2582 ad
398 2555 499 2582 bellum
518 2553 704 2588 proficiscenti
727 2560 757 2581 se
775 2553 847 2580 ultro
862 2553 991 2580 comitem
1013 2552 1063 2579 da-

273 2604 332 2630 ret;
353 2598 473 2632 dumque
499 2598 555 2624 illic
575 2602 709 2627 versatur,
743 2597 835 2624 nescio
860 2603 915 2630 quo
944 2603 1008 2623 casu
1034 2595 1060 2621 in

274 2645 462 2681 Agarcnorum
491 2650 654 2680 potestatem
680 2645 795 2677 veniret,
821 2651 854 2671 ac
878 2643 953 2678 quod
979 2641 1059 2668 viridi

274 2691 437 2726 florentique
451 2691 564 2726 juventa
582 2696 651 2723 erat,
670 2690 819 2718 illustrium
834 2689 882 2716 uni
899 2696 995 2716 servus
1014 2688 1061 2714 de»

274 2738 394 2766 deretur.
408 2736 526 2764 Mamum
544 2737 656 2764 nomine
680 2742 745 2765 tunc
761 2736 961 2764 lsmaelitarum
978 2735 1060 2762 Ame-

274 2790 423 2812 ramnunes
440 2791 505 2812 cum
520 2784 686 2812 Graecanicis
702 2785 763 2811 aliis
778 2782 933 2817 disciplinis
948 2788 1059 2816 operam

275 2829 366 2863 dabat,
378 2834 433 2857 tum
449 2831 588 2866 praecipue
601 2830 758 2866 geometriae
769 2829 878 2857 deditus
891 2831 959 2856 erat.
978 2827 1059 2854 Acci-

276 2875 316 2902 dtt
330 2879 419 2904 autem
436 2881 466 2904 ut
485 2877 555 2912 ejus,
581 2877 614 2905 de
627 2885 683 2913 quo
699 2875 832 2908 diximus,
847 2874 956 2911 juvenis
978 2873 1061 2900 herus

1150 1671 1203 1705 κζ’.
1223 1670 1316 1702 Ἄξιον
1333 1668 1362 1695 δὲ
1375 1668 1437 1704 μηδ’
1462 1669 1536 1699 ὅπως
1550 1666 1589 1696 εἰς
1602 1665 1703 1700 γνῶσιν
1717 1663 1800 1700 ἦλθεν
1817 1665 1832 1691 ό
1854 1673 1901 1700 τηε
1941 1691 1947 1693 _

1114 1719 1238 1750 λικοῦτος
1249 1717 1317 1752 ἀνὴρ
1328 1716 1366 1750 τῷ
1381 1715 1440 1742 τότε
1458 1713 1603 1749 κρατοῦντι
1618 1712 1821 1747 παραδραμεῖν.
1838 1711 1901 1738 Θεό-

1115 1767 1192 1800 φιλος
1222 1764 1251 1790 δὲ
1275 1761 1320 1798 ἦν,
1340 1763 1354 1789 ό
1372 1761 1420 1787 τοῦ
1441 1759 1551 1795 Μιχαὴλ
1581 1759 1698 1794 σπορεὺς
1724 1759 1772 1784 καὶ
1799 1758 1900 1792 πατὴρ.

1114 1808 1196 1842 Οὗτος
1210 1809 1255 1837 οὖν
1269 1809 1330 1835 ἐπεὶ
1342 1807 1399 1843 ξτὴν
1414 1806 1468 1834 τῶν
1487 1805 1656 1841 μαθημάτων
1677 1804 1716 1835 εἰς
1741 1803 1828 1839 ἄκρον
1844 1804 1903 1830 ἑπι-

1115 1858 1222 1893 στήμην
1243 1857 1405 1891 ἐξήσκησεν,
1425 1853 1551 1880 τοσοῦτον
1570 1852 1698 1887 χωρήσας
1720 1851 1766 1877 διὰ
1795 1850 1902 1881 πασῶν,

1113 1906 1162 1940 τῆς
1178 1903 1336 1939 φιλοσοφίας
1349 1901 1396 1928 καὶ
1407 1900 1461 1927 τῶν
1474 1900 1557 1934 αὐτῆς
1570 1898 1702 1932 ἀδελφῶν,
1717 1897 1903 1932 ἀριθμητικῆς

1114 1960 1153 1982 τε,
1165 1950 1246 1986 φημὶ,
1261 1949 1307 1975 καὶ
1316 1947 1494 1982 ,γεωμετρίας
1509 1946 1555 1972 καὶ
1568 1943 1761 1979 ἀστρονομίας,
1773 1943 1841 1970 ἀλλὰ
1856 1941 1904 1968 καὶ

1115 1998 1166 2032 τῆς
1190 1995 1394 2030 πολυθρυλήτου
1420 1993 1563 2029 μουσικῆς,
1578 1991 1624 2018 καὶ
1645 1992 1685 2022 εἰς
1705 1990 1791 2024 ἀκρον
1815 1988 1904 2015 αὐτῶν

1115 2044 1215 2074 ἐλάσας
1235 2043 1272 2073 ὼς
1285 2041 1417 2076 οὐδεμιᾶς
1437 2039 1530 2074 ἕτερος
1551 2037 1653 2072 σπουδῇ
1682 2045 1711 2063 τε
1742 2035 1827 2070 πολλῇ
1857 2034 1904 2061 καὶ

1115 2091 1165 2126 βίῳ
1187 2089 1346 2124 ἀπράγμονι
1373 2087 1421 2113 καὶ
1450 2085 1559 2121 μεγέθει
1581 2084 1699 2118 φύσεως,
1723 2082 1828 2109 εὐτελεῖ
1850 2088 1904 2107 τινι

1115 2135 1287 2169 καταλύματι
1302 2132 1443 2168 χρώμενος
1450 2131 1497 2158 καὶ
1510 2128 1676 2163 καταγωγίῳ
1691 2128 1756 2159 τοὺς
1769 2128 1809 2158 είς
1822 2127 1904 2153 αὑτὸν

1115 2181 1264 2216 φοιτῶντας
1281 2178 1434 2209 ὶπαίδευεν,
1455 2175 1620 2203 ἐκδιδάσκων
1635 2174 1732 2209 ἥντινα
1748 2172 1904 2207 ὶπιστήμην

1116 2228 1163 2255 καὶ
1179 2226 1325 2263 βούλοιντο.
1344 2225 1388 2255 Ὠς
1410 2223 1432 2249 δ’
1453 2222 1502 2257 ἠδη
1528 2220 1624 2256 χρόνος
1652 2218 1831 2253 παρίππασεν
1857 2216 1905 2250 καὶ

1115 2273 1169 2300 τῶν
1183 2272 1313 2308 μαθητῶν
1327 2271 1377 2297 οὐκ
1393 2268 1478 2302 ὀλίγοι
1497 2266 1568 2294 κατὰ.
1584 2265 1634 2296 τὰς
1653 2266 1813 2300 ἐπιστήμας
1838 2271 1904 2296 προ-

1116 2319 1242 2350 έκοπτον,
1259 2317 1357 2351 συνέϐη
1373 2314 1436 2342 τινὰ
1447 2313 1556 2341 νεανίαν
1566 2312 1621 2338 τῶν
1637 2310 1737 2338 ἑαυτοῦ
1758 2309 1906 2345 φοιτητῶν,

1114 2364 1165 2400 τῆς
1189 2361 1381 2399 γεωμετρικῆς
1396 2361 1551 2394 ἑπιστήμης
1568 2359 1631 2393 ἄρτι
1646 2357 1676 2384 τὺ
1697 2357 1787 2392 πέρας
1812 2362 1905 2383 κατει-

1112 2411 1227 2446 ληφότα,
1243 2407 1406 2444 ὑπογραφέα
1433 2406 1560 2441 γενέσθαι
1580 2405 1652 2437 τινὸς
1686 2402 1856 2440 στρατηγίδα
1880 2400 1902 2416 ¹¹

1112 2457 1188 2490 τάξιν
1202 2455 1351 2487 διέποντος.
1373 2455 1420 2480 καὶ
1432 2452 1575 2488 προκοπῆς
1591 2451 1686 2478 ῑνεκεν
1700 2450 1750 2477 τοῦ
1767 2450 1825 2484 βίου
1836 2449 1905 2482 ἀγα-

1113 2504 1200 2539 πῆσαι
1214 2503 1302 2537 τούτῳ
1324 2500 1494 2528 ἀκολουθετν.
1520 2499 1564 2530 Ὧς
1578 2498 1606 2524 δὲ
1628 2497 1700 2524 κατά
1714 2497 1762 2524 τὸν
1788 2495 1905 2539 πόλεμον

1115 2538 1174 2585 ἃμα
1193 2548 1281 2583 τούτῳ
1295 2547 1416 2581 ἐγένετο,
1432 2545 1485 2572 ὑπὸ
1507 2544 1561 2570 τῶν
1589 2542 1765 2578 Ἀγαρηνῶν,
1786 2542 1835 2569 οὐκ
1855 2538 1905 2566 οἷδ’

1115 2596 1201 2626 ὅπως,
1216 2593 1362 2626 ζωγρεῐται
1373 2591 1420 2617 καὶ
1432 2590 1486 2616 τῶν
1501 2588 1641 2623 ἐπιφανῶν
1658 2596 1714 2615 τινι
1730 2589 1769 2618 εἰς
1784 2587 1906 2614 δουλείαν

1113 2641 1159 2668 διὰ
1185 2639 1217 2666 τὸ
1237 2639 1297 2666 νέον
1315 2638 1366 2672 τῆς
1390 2637 1497 2672 ἡλικίας
1517 2635 1627 2662 δίδοται.
1650 2633 1694 2670 [ιι.
1712 2633 1777 2670 116]
1792 2630 1908 2667 Μαμοῦν

1114 2689 1219 2717 ἐκεῖνος
1229 2685 1300 2712 οὓτω
1313 2683 1479 2718 καλούμενος
1491 2681 1642 2717 τηνικαῦτα
1657 2682 1707 2716 μὲν
1722 2681 1778 2707 τῶν
1799 2680 1908 2714 Ἰσμαη-

1115 2733 1196 2760 λιτῶν
1206 2731 1292 2758 ὲτέλει
1305 2728 1526 2766 ἀμεραμνουνῆς,
1537 2728 1627 2759 ἀλλοις
1639 2735 1669 2753 τε
1684 2727 1828 2762 μαθήμασι
1842 2732 1908 2758 σχο-

1115 2779 1206 2811 λάζων
1227 2776 1393 2811 Ἑλληνικοῖς
1409 2775 1456 2801 καὶ
1467 2774 1499 2809 δὴ
1516 2773 1565 2801 καὶ
1575 2772 1750 2808 γεωμετρίας
1765 2772 1804 2803 ὡς
1820 2769 1864 2796 ἐπὶ
1874 2768 1908 2795 τὺ

1117 2825 1244 2852 πλεῖστον
1267 2822 1317 2848 οὐκ
1332 2820 1452 2856 ἀμελῶν.
1465 2820 1553 2854 Λόγου
1570 2819 1599 2846 δέ
1616 2827 1682 2846 ποτε
1706 2818 1784 2853 παρά
1803 2815 1846 2843 τοῦ
1860 2814 1909 2841 τὸν

1115 2870 1223 2898 νεανίαν
1242 2869 1350 2904 ἔχοντος
1363 2866 1492 2894 δεσπότου
1504 2865 1662 2901 κινηθέντος
1678 2864 1744 2900 περὶ
1756 2864 1806 2899 τῆς
1824 2869 1908 2890 σπου-

926 2919 1043 2948 vaumt
1058 2912 1257 2946 LECTIONES.

312 2966 334 2983 "
350 2970 525 3005 στρατηγίδος
542 2970 570 2998 P.
