1989 3161
216 189 269 221 ΞΠ

761 188 1016 219 TllEOI’iIANES
1035 189 1315 220 CONTINUATUS.

1792 193 1847 225 258

216 255 261 285 pte
275 250 424 284 dextreque
437 251 582 276 exsecutus
595 252 648 276 est.
669 246 742 275 Vidit
758 248 917 284 imperator.
937 257 1007 276 una-

1064 249 1265 285 κεκοσμῆσθαι
1283 249 1378 277 αὑτὸν
1399 249 1607 285 ἀγανάκτησις
1623 250 1704 285 παρὰ
1721 250 1776 279 τοῦ
1787 252 1846 284 ,βει-

216 304 269 330 qne
286 304 349 324 cum
372 295 471 323 robore
492 302 525 322 ac
541 293 644 322 virtute
662 294 827 322 industriam
842 295 960 323 indolem
973 303 1006 324 ac

218 341 380 377 sapientiam
403 340 555 368 admiratus
573 347 589 368 a
613 339 804 375 Theophilitze
830 348 892 368 eum
912 341 1003 368 statim

220 388 299 422 tulit,
323 395 492 422 suorumque
511 390 659 414 stratorum
680 386 769 414 ordini
789 387 891 423 allegit.
917 387 1004 415 Adhi-

219 434 354 469 bebatquc
365 433 487 460 animum
497 440 528 460 ac
539 432 677 468 diligebat,
690 433 792 468 quippe
804 434 850 469 qui
867 433 1003 470 ingentem

216 481 275 516 ejus
287 480 314 508 in
325 479 451 507 omnibus
465 486 547 514 supra
564 479 700 514 reliquum
711 480 806 515 vulgus
820 481 1004 516 pra-stantiam

216 526 329 554 videret.
339 526 512 561 Quapropter
524 533 587 553 cum
596 526 638 553 sui
651 526 747 554 crebro
762 527 899 562 specimen
910 534 1002 554 coram

217 573 400 606 exhibuisset,
415 573 442 600 in
457 573 665 608 protostratoris
679 573 841 608 dignitatem
854 574 955 601 evexit.

1059 297 1169 330 σιλέως
1184 296 1304 332 γένηται
1317 296 1381 323 κατ’
1395 296 1487 330 ἐμοῦ;
1510 295 1564 323 Τοῦ
1582 295 1611 323 δὲ
1626 296 1759 332 βασιλέως
1780 298 1847 325 ὁποι

1060 343 1227 379 μνησθέντος
1250 343 1296 370 καὶ
1322 343 1502 375 κελεύσαντος
1523 343 1603 370 τοῦτο
1625 343 1763 378 γενέσθαι,
1782 343 1848 371 ἑτοί-

1060 398 1119 425 μως
1141 389 1188 417 καὶ
1206 389 1313 424 εὐφυῶς
1333 389 1347 417 ὀ
1365 389 1505 421 Βασίλειος
1523 388 1603 416 τοῦτο
1625 389 1787 425 πεποίηκεν.
1815 390 1847 417 ’0

1059 434 1227 471 θεασάμενος
1239 435 1253 462 ὁ
1269 435 1406 472 βασιλεὺς,
1426 435 1473 462 καὶ
1490 435 1637 470 ἀγαπήσας
1656 433 1705 470 τὴν
1723 433 1783 470 μετ’
1802 434 1848 461 ἀν-

1058 481 1136 518 δρίας
1157 482 1273 516 εὐφυΐαν
1290 481 1372 508 αὑτοῦ
1397 481 1445 508 καὶ
1469 480 1587 512 σύνεσιν,
1612 481 1713 512 εὐθέως
1732 480 1786 508 ἀπὸ
1799 480 1846 507 τοῦ

1060 528 1221 564 Θεοφιλίτζη
1244 528 1326 556 αὑτὸν
1351 527 1466 556 ἀνέλαϐέ
1490 537 1520 555 τε
1537 528 1586 555 καὶ
1608 528 1648 559 εἰς
1665 527 1728 560 τοὺς
1744 527 1848 563 βασιλι-

1061 576 1125 608 κοὺς
1144 574 1277 609 κατέταξε
1305 575 1468 611 στράτορας.
1491 575 1622 610 Προσεῦλε
1637 574 1666 601 δὲ
1687 575 1735 601 καὶ
1753 574 1850 609 ἠγάπα

217 619 308 653 αὐτὸν,
320 620 390 656 ὁρῶν
406 619 489 648 αὑτοῦ
505 620 536 647 τὸ
551 619 619 656 πρὸς
633 620 698 653 τοὺς
712 620 810 653 ἀλλους
824 620 867 657 [Ρ.
884 621 946 657 145]
963 621 992 648 ὲν
1005 622 1073 649 πᾶσι
1097 622 1226 658 διαφέρον
1248 622 1320 650 κατὰ
1346 621 1427 649 πολύ.
1444 621 1490 648 Διὸ
1501 622 1549 649 καὶ
1571 620 1700 653 πολλάκις
1712 619 1851 654 ἐπιδειξά-

218 675 298 703 μενον
312 667 480 695 κατενώπιον
500 667 581 695 αὑτοῦ
599 669 639 700 είς
654 668 703 703 τὴν
714 668 761 695 τοῦ
780 669 1022 706 πρωτοπράτορος
1034 669 1112 702 ἀξίαν
1125 670 1236 697 ἐσὶὁασε
1250 671 1284 698 ⁵⁵.

249 715 294 742 H.
312 715 408 742 Postea
429 715 573 742 venatione
590 714 689 741 indicta
708 715 734 741 in
755 714 816 743 loco
839 715 883 742 cui
905 722 1006 743 nomen

214 760 380 796 Pliilopalio,
403 765 596 796 protostrator,
617 761 655 788 uti
679 759 802 789 moribus
824 762 1006 790 constitutum

214 811 267 836 est.
295 802 418 842 prmibat,
444 807 536 835 ferens
553 807 727 842 imperatoris
746 807 853 835 clavam
876 808 902 835 iu
925 807 1006 847 232

215 852 324 888 cingulo
337 861 344 885 ;
358 851 518 880 barducium
533 860 599 880 usus
614 857 704 880 vocat.
720 852 799 880 Edito
813 860 879 881 vero
892 854 1006 888 strepitu

215 906 230 925 a
254 897 409 925 venantium
427 897 518 930 turba,
541 897 623 933 lupus
640 905 720 932 quam
742 898 879 925 maximus
901 906 918 925 e
939 898 1007 926 silva

215 943 316 978 erupit,
332 948 361 971 ut
371 951 467 971 omnes
484 943 541 972 fere
556 944 697 971 conterriti
712 943 901 972 turbarentur.
918 944 1006 972 Po‘rro

216 990 332 1019 Basilius
348 991 448 1025 impetu
463 990 491 1018 in
506 998 567 1018 eum
586 991 704 1023 irruen’s,
721 990 907 1027 barducioque
923 992 1008 1026 impe-

215 1037 316 1064 ratoris
332 1044 348 1064 a
366 1042 443 1072 tergo
459 1035 593 1071 projecto,
611 1040 693 1071 caput
707 1036 827 1064 medium
845 1036 909 1064 ferit
927 1037 1010 1064 duas-

214 1091 268 1119 quc
280 1083 306 1111 in
327 1089 417 1118 partes
430 1082 553 1110 ditiindit.
570 1082 663 1110 Caesar
678 1090 748 1118 pone
766 1083 956 1119 imperatorem
973 1091 1005 1111 ex

217 1137 292 1156 more
309 1129 450 1161 incedens,
478 1135 592 1164 remque
608 1129 794 1164 conspicatus,
814 1130 847 1157 ad
873 1130 1007 1165 quosdam

216 1176 368 1203 amicorum
382 1183 415 1203 ac
428 1175 658 1208 necessariorum,
676 1175 722 1211 qui
736 1175 775 1203 illi
789 1175 904 1204 comites
919 1180 1008 1207 erant,

215 1223 273 1250 ait:
305 1222 429 1249 Arbitror
457 1222 544 1249 uirum
568 1221 637 1248 hunc
660 1221 745 1249 omrn‘s
771 1225 870 1248 nostra:
897 1221 1009 1256 farniliw

215 1269 326 1297 exitium
347 1268 414 1304 fore.
437 1267 507 1296 Hinc
525 1268 597 1296 enim
620 1268 795 1304 conjiciebat,
811 1269 885 1304 quod
910 1273 1009 1297 cuncta

215 1316 253 1343 illi
273 1323 306 1344 ex
323 1320 387 1344 voto
404 1322 436 1343 ac
462 1322 592 1350 prospere
615 1315 759 1348 cederent,
777 1315 905 1350 quodque
920 1316 961 1343 sic
980 1316 1008 1343 in

216 1369 279 1389 eum
298 1369 330 1389 ex
347 1369 378 1390 ea
392 1361 555 1390 dexteritate
571 1368 602 1388 ac
617 1360 748 1389 felicitate
763 1361 937 1396 imperatoris
947 1362 1009 1390 ani-

216 1417 277 1437 mus
300 1416 454 1445 propensus
476 1412 559 1437 esset.
586 1407 679 1444 Neque
696 1414 808 1444 propter
828 1408 882 1436 hoc
907 1410 1008 1443 solum,

215 1456 263 1483 sed
287 1455 360 1490 quod
379 1455 473 1488 etiam,
496 1460 526 1482 ut
541 1454 629 1488 aiunt,
646 1462 661 1482 a
680 1454 772 1483 Leone
785 1475 793 1488 ,
809 1455 869 1483 viro
891 1456 917 1484 in
933 1457 1008 1484 omni

216 1502 480 1537 sapientiaa‘genere
497 1501 603 1536 primas
624 1501 775 1534 obtinente,
794 1501 931 1534 audierat,
945 1509 1008 1529 cum

217 1556 251 1576 ex
265 1548 312 1576 illo
325 1548 424 1582 saepius
436 1547 604 1580 sciscitatur,
621 1546 744 1574 Primum
758 1556 775 1574 ιι
791 1548 906 1582 quodam
913 1547 1008 1583 juvene

1098 715 1139 743 ιδ’.
1165 716 1244 743 Μετὰ
1267 715 1296 743 δὲ
1323 714 1410 742 ταῦτα
1433 715 1595 750 κυνηγεσίου
1620 713 1853 749 καταγγελθέντος

1061 763 1101 794 εἰς
1118 762 1148 789 τὸ
1166 761 1313 798 λεγόμενον
1333 761 1495 789 Φιλοπάτιον
1509 782 1516 794 ,
1542 759 1577 797 ἦν
1599 761 1613 787 ὸ
1628 759 1853 796 «pm-conpier

1061 809 1132 836 κατὰ
1159 808 1205 836 τὸν
1231 808 1318 836 τύπον
1343 808 1389 835 τοῦ
1417 808 1547 844 βασιλέως
1576 805 1815 843 προπορευόμενος
1830 805 1854 820 ⁵⁸

1061 854 1189 889 ἔφιππος,
1207 855 1358 890 ἐπεφέρετο
1373 853 1402 880 δὲ
1420 853 1466 881 καὶ
1487 853 1518 880 τὸ
1537 852 1655 889 ῥόπαλον
1671 852 1701 878 τὸ
1713 849 1853 886 βασιλικδν

1061 902 1107 929 ἐπὶ
1130 902 1180 937 τῆς
1204 901 1293 937 ζώνης
1311 901 1404 934 αὑτοῦ,
1428 900 1442 927 ὃ
1465 900 1626 936 βαρδούκιον
1650 896 1704 926 οἶδε
1728 896 1853 932 καλεῖνὴ

1060 948 1198 983 συνήθεια,
1215 946 1338 983 Θορύΰου
1354 946 1383 974 δέ
1406 945 1565 981 κινουμένου
1586 945 1640 972 ἀπὸ
1658 944 1713 971 τῶν
1728 942 1853 978 συμπλη-

1061 995 1180 1030 ρούντων
1199 994 1229 1021 τὸ
1246 993 1419 1030 κυνηγέσιον,
1436 992 1561 1027 ἐξέθορεν
1575 993 1606 1019 ἐκ
1620 991 1669 1027 τῆς
1684 991 1753 1026 ὕλης
1769 989 1852 1021 λύκος

1061 1040 1335 1077 παμμεγεθέστατος,
1361 1040 1431 1067 ὥστε
1452 1039 1547 1075 σχεδὸν
1564 1039 1669 1070 πάντας
1686 1035 1854 1071 διαπτοηθῆ-

1058 1096 1102 1114 ναι
1133 1087 1178 1114 καὶ
1203 1087 1243 1118 εἰς
1262 1086 1386 1122 ταραχὴν
1401 1086 1543 1121 ἐμπεσεῖν.
1576 1084 1715 1119 Ὃρμὴσας
1739 1082 1768 1109 δὲ
1791 1082 1852 1108 κατ’

1059 1133 1142 1161 αὑτοῦ
1158 1135 1172 1160 ὁ
1189 1133 1339 1166 Βασίλειος,
1368 1132 1415 1159 καὶ
1443 1131 1523 1168 ῥίψας
1541 1129 1684 1163 ἐξόπισθεν
1698 1128 1728 1155 τὺ
1747 1127 1853 1163 βασιλι-

1059 1180 1107 1208 κὸν
1123 1179 1293 1216 βαρδούκιον,
1309 1178 1387 1215 ἔτυχε
1405 1177 1450 1205 τοῦ
1467 1177 1563 1214 θηρίου
1579 1176 1649 1204 κατὰ
1663 1175 1694 1202 τδ
1709 1175 1793 1210 μέσον
1803 1173 1857 1208 τῆς

1060 1225 1181 1261 κεφαλῆς
1207 1224 1255 1252 καὶ
1283 1224 1385 1258 ταύτην
1410 1223 1613 1258 ἐδιχοτόμησεν.
1644 1221 1674 1248 '0
1695 1219 1725 1247 δὲ
1743 1219 1855 1254 Καῖσαρ

1059 1271 1171 1299 ὄπισθεν
1187 1269 1234 1297 τοῦ
1253 1269 1386 1306 βασιλέως
1406 1269 1477 1297 κατὰ
1499 1268 1529 1295 τὸ
1548 1267 1644 1299 εἰωθὸς
1669 1265 1855 1301 πορευόμενος

1060 1318 1107 1345 καὶ
1128 1317 1159 1345 τὸ
1180 1317 1293 1352 γεγονὸς
1316 1315 1485 1352 θεασάμενος
1511 1313 1573 1342 εἷπε
1601 1313 1672 1349 πρός
1696 1321 1773 1344 τινας
1797 1311 1855 1338 τῶν

1061 1363 1255 1399 συνεπομένων
1268 1362 1391 1398 συνήθων
1403 1361 1488 1388 αὑτοῦ
1501 1361 1548 1388 καὶ
1559 1360 1699 1395 γνωστῶν,
1715 1359 1757 1386 ὅτι
1767 1356 1855 1393 οἶμαι

1060 1410 1164 1445 πάσης
1188 1409 1244 1444 τῆς
1272 1408 1378 1444 γενεᾶς
1401 1407 1486 1443 ἡμῶν
1511 1407 1569 1442 τὴν
1602 1406 1773 1434 κατάλυσιν
1801 1403 1857 1432 τὸν

1060 1458 1218 1493 ἄνθρωπον
1229 1456 1340 1484 τοῦτον
1345 1455 1473 1491 μέλλειν
1487 1454 1677 1490 γενήσεσθαι·
1691 1449 1856 1486 κατεστοχά-

1060 1505 1122 1537 ζετο
1141 1504 1196 1540 γὰρ
1219 1504 1266 1531 καὶ
1283 1504 1313 1530 τ’)
1327 1503 1349 1519 ³⁷
1368 1503 1436 1537 προς
1453 1502 1542 1530 πάντα
1562 1500 1659 1528 τούτου
1680 1498 1810 1533 ἐπιτυχὲς
1824 1505 1855 1523 τε

1060 1551 1107 1578 καὶ
1122 1550 1234 1585 εὐτυχὲς
1247 1550 1294 1576 καὶ
1310 1549 1359 1584 τὴν
1370 1548 1412 1575 διὰ
1424 1548 1512 1575 ταῦτα
1523 1546 1569 1574 τοῦ
1586 1545 1718 1582 βασιλέως
1733 1543 1857 1570 διάθεσιν

217 1594 350 1630 familiam
364 1599 477 1621 vestram
485 1602 604 1621 eversum
615 1594 650 1622 iri
664 1595 777 1622 invenio.
796 1594 899 1623 Deinde
912 1595 1010 1623 clario-

1064 1597 1131 1632 πρδς
1150 1596 1243 1623 αὐτόν.
1267 1595 1303 1623 Οὐ
1319 1595 1399 1631 μόνον
1412 1594 1450 1626 δὲ,
1473 1594 1542 1621 ἀλλὰ
1565 1592 1611 1620 καὶ
1635 1591 1713 1626 παρὰ
1737 1589 1857 1620 Λέοντός

218 1641 240 1669 ri
273 1640 370 1669 eil‘ecto
385 1640 495 1674 Basilio,
507 1641 589 1668 etiam
605 1641 711 1668 intento
722 1641 808 1676 digito
818 1641 919 1669 Caesari
931 1649 1010 1669 mon-

217 1693 331 1721 strasse,
348 1686 475 1720 dicendo,
497 1687 549 1714 Hic
560 1692 599 1715 est
614 1695 689 1723 quem
705 1691 820 1715 vestrum
835 1695 1010 1715 successorem

217 1735 337 1762 dicebam
348 1734 415 1769 fore.
430 1732 508 1761 Unde
520 1734 602 1761 etiam
615 1738 772 1768 suspectum
789 1733 936 1765 habebant,
950 1735 1011 1761 nul-

218 1781 330 1816 lumque
355 1781 436 1808 llnem
455 1779 571 1807 insidias
590 1778 692 1806 Basilio
709 1779 834 1806 struendi
853 1779 945 1807 Caesar
969 1779 1010 1806 fa-

218 1826 320 1859 ciebat,
343 1833 500 1861 quanquam
523 1825 592 1852 nihil
617 1825 663 1852 ille
686 1825 792 1852 irritum
815 1824 905 1853 facere
922 1826 1011 1861 potuit

218 1881 314 1902 eorum
324 1881 384 1908 quae
395 1873 486 1901 divina
498 1873 636 1900 voluntate
645 1872 753 1900 decreta
766 1877 854 1900 erant.
867 1872 927 1900 Non
938 1874 1009 1901 enim

219 1921 259 1949 sic
272 1920 457 1955 inexspectata
475 1924 502 1947 ut
516 1926 624 1954 semper
638 1919 821 1947 ineluetabilis
834 1924 876 1947 est
890 1919 1010 1947 fatorum

159 1998 167 2006 κ
219 1968 273 1994 vis.
298 1966 331 1994 Et
352 1967 410 1994 haec
425 1967 546 2002 quidem,
570 1965 621 1994 etsi
643 1965 714 1993 forte
740 1973 789 2001 per
812 1965 1010 2002 digressionem

220 2014 292 2041 dicta
310 2018 385 2046 sunt,
401 2021 455 2040 non
469 2017 559 2040 tamen
577 2017 653 2040 extra
672 2020 739 2039 rem.

1061 1652 1127 1679 φασι
1144 1644 1191 1670 τοῦ
1204 1642 1355 1678 τηνικαῦτα
1369 1642 1416 1669 ἐπὶ
1433 1641 1589 1676 παντοδαπῇ
1608 1638 1689 1674 σοφίᾳ
1698 1635 1857 1674 πρωτεύον-

1060 1699 1105 1722 τος
1132 1689 1249 1717 ἀκοῦσαι
1275 1688 1370 1721 αὑτὸν,
1393 1689 1422 1715 ἐν
1448 1687 1487 1723 τῷ
1511 1686 1643 1717 πολλάκις
1662 1683 1727 1720 περὶ
1747 1682 1858 1710 τούτων

1061 1735 1245 1763 πυνθάνεσθαι
1255 1735 1303 1762 τοῦ
1321 1734 1427 1770 ἀνδρὸς,
1443 1733 1541 1769 πρῶτα
1558 1732 1618 1768 μὲν,
1636 1732 1677 1758 ὅτι
1699 1729 1772 1757 Ὑπὸ
1788 1736 1860 1756 me

1062 1783 1173 1811 νίσκου
1194 1782 1276 1815 τινὸς
1291 1781 1421 1816 εὑρίσκω
1435 1779 1493 1814 τὴν
1507 1778 1680 1807 κατάλυσιν
1697 1775 1752 1810 τῆς
1773 1774 1860 1810 ὑμῶν·

1063 1829 1186 1866 γενεᾶς·
1218 1829 1323 1862 ἔπειτα,
1348 1827 1387 1860 ὡς
1414 1827 1453 1859 είς
1475 1826 1626 1862 ἐμφάνειαν
1649 1822 1816 1860 προὲδαινεν
1844 1822 1859 1848 ὁ

1066 1876 1218 1908 Βασίλειος,
1245 1875 1294 1902 καὶ
1322 1874 1362 1910 τῷ
1383 1873 1510 1907 δακτύλῳ
1536 1871 1633 1899 τοῦτον
1660 1868 1802 1901 ὑποδεῖξαι
1818 1867 1859 1902 τῷ

1065 1922 1198 1958 Καίσαρι,
1219 1921 1343 1956 λέγοντα,
1362 1920 1404 1947 ὅτι
1424 1917 1520 1952 Οὗτος
1539 1916 1682 1952 τυγχάνει
1693 1915 1734 1958 er
1748 1914 1859 1948 ἔλεγον

1065 1956 1208 2002 adﬁcior
1222 1965 1305 2001 ὑμῶν
1318 1965 1442 2000 μέλλειν
1453 1964 1590 1990 ἔσεσθαι.
1618 1960 1666 1993 Ἐξ
1676 1956 1708 1987 οὗ
1731 1957 1780 1985 καὶ
1807 1957 1860 1991 ὑψ-

1063 2013 1155 2050 ωρᾶτο
1165 2013 1214 2040 καὶ
1224 2013 1368 2048 ἐνήδρευεν
1384 2010 1398 2037 ὁ
1412 2011 1521 2044 Καῖσαρ
1538 2008 1582 2035 ἀεὶ
1603 2005 1649 2034 τδν
1663 2004 1817 2036 Βασίλειον,
1835 2008 1860 2030 εἰ

219 2062 268 2090 καὶ
289 2060 373 2097 μηδὲν
397 2060 540 2096 ἀκυρῶσαι
560 2059 678 2094 ἠδύνατο
700 2059 754 2087 τῶν
780 2059 833 2086 ὑπὸ
860 2059 909 2087 τοῦ
939 2060 1013 2088 θείου
1029 2059 1262 2097 προκυρωθέντων
1275 2059 1454 2095 βουλήματος·
1470 2057 1500 2084 οὐ
1524 2056 1577 2091 γὰρ
1605 2054 1692 2085 οὕτως
1722 2051 1860 2087 ἀπροσδό-

221 2156 274 2187 Εξω
290 2154 341 2189 τῆς
358 2151 515 2183 ὑποθέσεως
529 2151 649 2187 εἴρηται.

258 2199 340 2235 233
361 2198 533 2232 l5.Cumque
543 2197 695 2232 imperator
707 2203 807 2225 venatu
822 2198 1014 2234 delectaretur,
1030 2201 1056 2230 D

224 2250 323 2272 rursus
338 2245 400 2277 post
427 2249 482 2268 non
508 2241 610 2269 multos
627 2241 688 2269 dies
704 2242 864 2271 venationis
880 2251 963 2272 causa
981 2252 1013 2273 ac

209 2289 374 2318 .moderatm
399 2287 631 2317 obambulationis
652 2288 685 2316 ad
716 2289 948 2319 Armamentareze
964 2291 1015 2327 (sic

224 2335 340 2371 dictum)
357 2335 448 2363 locum
465 2334 594 2369 trajecit;
610 2339 667 2363 tum
683 2343 761 2364 caena
772 2344 896 2365 seorsum
909 2343 1014 2373 parata,

223 2388 252 2411 et
267 2383 433 2418 imperatore
453 2389 514 2409 cum
527 2380 671 2409 Theodora
688 2387 775 2410 matre
795 2383 913 2418 aiiisque
929 2384 1016 2412 alliui-

224 2429 276 2457 bus
294 2433 322 2456 et
339 2435 372 2455 ex
391 2431 487 2455 senatu
503 2426 589 2462 magis
606 2429 769 2457 necessariis
784 2429 817 2457 ad
833 2437 954 2458 mensam
970 2439 1015 2459 se-

224 2476 373 2508 dentibus,
401 2479 516 2503 vocatus
552 2480 593 2503 est
624 2479 806 2511 protostrator
843 2476 1016 2512 imperatoris

224 2523 304 2558 jussu
317 2531 324 2556 ;
349 2523 451 2558 illoque
466 2522 577 2550 sedente
592 2522 677 2557 coepit
693 2521 836 2550 Theodora
855 2523 1016 2559 imperatrix

228 2569 324 2596 oculos
339 2569 365 2596 in
384 2576 446 2595 eum
463 2569 604 2596 intendere
620 2572 646 2596 et
661 2569 820 2604 conspicere
840 2577 872 2597 ac
889 2569 1015 2597 conside-

229 2621 294 2643 rare
322 2614 502 2649 exactiusque
527 2615 699 2649 examinare,
715 2615 824 2643 demum
840 2617 940 2651 agnitis
956 2617 1017 2653 qui—

226 2660 344 2689 busdam
362 2660 389 2687 in
409 2668 442 2688 co
458 2661 530 2688 notis
545 2661 647 2689 sensim
673 2662 765 2690 animo
792 2662 891 2697 linqui,
916 2667 946 2690 ut
972 2662 1017 2690 vix

227 2706 336 2734 tandem
354 2706 439 2734 cii'usa
455 2706 481 2734 in
496 2714 555 2734 eam
572 2715 641 2742 aqua
664 2712 692 2735 et
714 2698 837 2736 rosarum
861 2708 943 2736 stillis
958 2709 1018 2736 ani-

228 2760 303 2780 mum
314 2752 494 2781 revocaverit.
507 2752 632 2788 Tumque
647 2754 692 2789 qui
709 2755 823 2782 aderant
836 2762 866 2782 se
879 2754 1017 2783 subduxe-

229 2803 302 2826 runt.
330 2799 447 2835 Recepto
464 2804 555 2828 autem
582 2801 676 2828 animo
701 2808 733 2828 ac
765 2805 900 2834 recreato,
921 2801 1018 2829 scisci-

174 2138 177 2140 _
220 2117 303 2144 κητον
331 2107 369 2139 ὡς
385 2107 506 2140 ἄφυκτον
525 2106 569 2132 ἀεὶ
592 2106 623 2132 τὺ
639 2106 821 2141 πεπρωμένον
844 2106 931 2134 ἐστιν.
955 2107 1012 2134 Καὶ
1025 2107 1112 2134 ταῦτα
1126 2107 1187 2142 μὲν⁹
1221 2107 1246 2134 εί
1276 2106 1325 2134 καὶ
1345 2106 1416 2133 κατὰ
1431 2104 1589 2141 παράϐασιν
1620 2101 1697 2134 ἴσως,
1721 2099 1780 2127 ἀλλ’
1808 2099 1861 2126 θῧκ

1107 2201 1148 2226 ιε’.
1168 2198 1318 2234 Φιλοθήρου
1334 2197 1363 2225 δὲ
1380 2197 1427 2224 τοῦ
1452 2196 1585 2233 βασιλέως
1599 2194 1793 2231 τυγχάνοντος,
1808 2192 1859 2219 καὶ

1069 2244 1152 2272 πάλιν
1169 2243 1230 2280 μετ’
1247 2243 1338 2277 ὀλίγον
1353 2242 1515 2277 κυνηγεσίου
1531 2250 1560 2268 τε
1580 2241 1660 2277 χάριν
1676 2239 1726 2266 καὶ
1744 2237 1858 2274 μετρίου

1070 2292 1283 2330 περιοδεύματος
1299 2291 1372 2318 κατὰ
1386 2290 1433 2318 τὸν
1444 2289 1496 2326 τῆς
1517 2285 1765 2326 Ἀρμαμενταρέας
1781 2285 1860 2319 λεγό-

1072 2346 1153 2374 μενον
1178 2338 1263 2365 τόπον
1279 2338 1460 2373 περάσαντος,
1479 2333 1539 2363 εἷτα
1555 2333 1691 2362 δουλικίου
1709 2333 1772 2360 κατ’
1790 2332 1860 2359 ἰδίαν

1070 2383 1298 2420 εὖτρεπισθέντος
1309 2383 1357 2410 καὶ
1370 2381 1418 2410 τοῦ
1434 2381 1566 2418 βασιλέως
1576 2381 1622 2408 ἐπὶ
1636 2378 1777 2416 τραπέζης
1791 2378 1859 2414 μετὰ

1070 2431 1212 2467 Θεοδώρας
1225 2428 1406 2461 καθεσθέντος
1420 2428 1471 2463 τῆς
1485 2427 1590 2459 οἰκείας
1611 2425 1714 2462 μητρὸς
1739 2424 1788 2452 καὶ
1807 2423 1860 2450 τῶν

1072 2477 1146 2504 ἰδίων
1167 2474 1310 2509 συγγενῶν
1340 2474 1386 2500 καὶ
1415 2471 1589 2507 οίκειοτέρων
1615 2470 1665 2505 τῆς
1693 2467 1860 2502 συγκλήτου,

1071 2521 1246 2559 προσεκλήθη
1270 2520 1318 2548 καὶ
1332 2521 1346 2546 ὁ
1360 2518 1584 2555 πρωτοστράτωρ
1600 2516 1647 2543 τοῦ
1664 2514 1798 2551 βασιλέως
1816 2521 1861 2540 κε-

1068 2569 1225 2600 λεύσαντος,
1249 2567 1299 2594 καὶ
1313 2565 1495 2598 καθεσθέντος
1511 2563 1594 2591 αὐτοῦ
1612 2562 1716 2599 ἧρξατο
1735 2559 1861 2594 Θεοδώρα

1051 2616 1085 2651 ιή
1104 2614 1210 2650 βασιλὶς
1233 2613 1400 2648 πυκνότερον
1427 2610 1562 2644 ἀτενίξειν
1591 2609 1638 2636 καὶ
1663 2607 1770 2643 ἀφορᾷν
1793 2605 1862 2641 πρὸς

1071 2661 1155 2690 αὑτὸν
1180 2661 1228 2688 καὶ¹
1256 2661 1400 2688 κατανοεῖν
1424 2658 1472 2685 καὶ
1489 2657 1709 2693 παρεπισκοπεῖν
1735 2653 1816 2681 αὐτὸν
1838 2651 1860 2668 ⁸³

1071 2707 1278 2743 ἀκριϐέστερον.
1301 2704 1466 2740 Ἐπιγνοῦσα
1480 2703 1509 2731 δέ
1520 2711 1581 2730 τινα
1597 2702 1725 2737 σύσσημα
1740 2700 1769 2743 ἐν
1786 2697 1860 2733 αὐτῷ

1073 2742 1133 2781 κατ’
1150 2742 1240 2788 ὀλίγον
1256 2751 1464 2787 ἐλιποψύχησεν,
1480 2749 1552 2776 ὥστε
1573 2749 1620 2775 καὶ
1643 2747 1714 2782 ὕδωρ
1730 2742 1860 2780 ἐπιχεθῆ-

1073 2809 1119 2828 ναι
1134 2801 1156 2816 ³¹
1176 2800 1245 2836 αὐτῇ
1262 2799 1309 2826 καὶ
1327 2797 1372 2826 διὰ
1393 2797 1440 2825 τοῦ
1467 2797 1521 2824 ἀπὸ
1545 2796 1630 2832 ῥόδων
1654 2794 1812 2829 πάγματος
1830 2790 1861 2818 τὸ

873 2848 990 2878 VARle
1010 2847 1215 2878 LECTIONES.

264 2894 290 2913 ⁸³
304 2895 464 2923 ἀνεδίδασεν
478 2898 489 2923 ?

231 2931 254 2948 "
268 2930 412 2966 ἐκχεθῆναι
427 2930 458 2958 Ρ.

548 2898 571 2914 ⁸⁸
586 2898 820 2934 προπορευόμενος
836 2898 882 2926 τοῦ
900 2898 1031 2934 βασιλέως
1044 2897 1074 2932 Ρ,
1087 2897 1188 2927 omisso
1203 2897 1330 2934 ἔφιππος.

1384 2896 1406 2912 ⁸⁷
1419 2894 1448 2923 τὸ
1462 2903 1516 2924 om.
1527 2893 1559 2922 Α.
1622 2894 1645 2910 ⁵⁸
1660 2892 1741 2921 αὑτὸν
1756 2899 1812 2920 om.
1827 2889 1858 2919 Ρ.
