1989 3161
120 196 162 228 257
652 193 727 224 LIB.
750 193 783 223 V.
803 204 837 210 -
859 191 904 222 ΒΑ

961 191 1036 222 .IUS
1050 192 1215 232 MACEDO.
1686 192 1743 225 258

120 253 159 282 τοῦ
171 253 252 289 νόμον
268 253 376 284 ποιναῖς
391 251 550 287 ἐποιήσατο.
568 251 623 277 Καὶ
645 251 659 277 ό
676 251 726 286 μὲν
741 243 894 285 Συμϐάτιυς

964 249 1071 276 onerosi
1085 249 1203 284 pectoris
1222 248 1371 284 imperator
1382 247 1511 282 Basilius,
1535 253 1680 284 postquam
1696 256 1744 276 εο-

122 299 269 336 ἀμφοτέρων
285 298 339 325 τῶν
354 297 502 333 ὀφθαλμῶν
518 297 565 324 καὶ
580 297 630 332 τῆς
647 298 713 332 μιᾶς
727 296 820 332 χειρὸς
837 304 898 321 στε-

961 303 991 322 us
1008 302 1097 322 rerum
1113 294 1217 330 potitus
1228 299 1269 322 est
1282 315 1289 327 ,
1307 294 1342 322 ab
1362 294 1462 322 exsilio
1481 294 1629 327 revocavit,
1653 294 1746 329 pristi-

123 347 200 382 ρηϐεἱς
220 346 260 377 είς
277 345 386 381 ὲξορίαν
400 344 585 379 ἐκπέμπεται.
601 343 614 369 ὸ
627 343 656 370 δὲ
669 343 799 378 Πηγάνης
815 342 862 369 καὶ
876 342 900 358 '°

961 349 1040 375 taque
1067 341 1159 368 omnia
1192 348 1326 374 munera,
1351 341 1452 376 quibus
1480 345 1544 369 ante
1566 341 1744 368 rebellionem

123 393 191 424 αὐτὸς
209 393 243 428 τῇ
270 391 325 418 τῶν
348 390 495 426 ὀφθαλμῶν
512 390 659 417 ὑποπεσὼν
677 390 783 425 ὲκκοπῇ
800 389 848 416 καὶ
867 389 900 424 τῇ

961 386 1124 421 ;audebant,
1152 386 1302 413 liberaliter
1334 386 1460 419 indulsit,
1490 394 1522 414 ac
1547 394 1582 413 ne
1602 386 1745 421 vestigium

123 436 166 463 τῶν
179 435 259 472 ῥινῶν
285 435 328 462 διὰ
359 434 453 470 ξίφους
471 435 607 470 ἀνατομῇ,
637 433 706 470 πρὸς
733 433 903 469 ὲξορίανκαὶ

961 433 1062 468 ιυίύθιῐι
1079 433 1134 461 odii
1147 434 1296 461 ostendens
1310 440 1359 468 pro
1377 434 1477 461 veteris
1492 433 1600 468 injuriae
1613 434 1746 461 memoria

123 483 190 514 αὐτὸς
202 481 410 508 ἀποστέλλεται·
423 481 470 513 οὓς
489 482 503 508 ό
518 481 641 515 γενναῖος
667 479 795 516 βασιλεὺς
815 478 899 506 Βασί-

961 479 1053 514 ῑιερίιιε
1074 479 1108 507 ad
1128 486 1251 507 mensam
1268 487 1361 508 secum
1380 479 1527 508 adhibebat
1539 481 1685 516 verbisque
1700 489 1747 509 so-

122 529 191 561 λειος,
204 529 248 555 ὅτε
267 528 316 563 τὴν
334 529 470 563 μόναρχον
491 527 513 543 ⁹¹
535 527 660 560 ἐξουσίαν
679 526 797 558 ἐδέξατο,
816 525 864 553 καὶ
878 526 901 542 ’⁵

961 525 1074 558 labatur,
1093 533 1125 552 ac
1140 523 1279 554 beneﬁciis
1292 525 1396 562 largus,
1411 526 1490 561 cujus
1509 527 1560 554 sibi
1573 535 1621 562 per
1635 528 1748 555 demen-

122 575 163 610 τῆς
176 575 324 610 ὑπερορίας
339 574 524 601 ἀνεκαλέσατο
545 573 593 601 καὶ
611 574 673 605 ταῖς
688 573 742 609 πρὸ
763 574 812 608 τῆς
832 573 902 599 ἁπο-

961 571 1020 598 tiam
1042 575 1169 599 auctores
1194 571 1365 604 exstiterant,
1387 571 1566 600 infortunium
1588 573 1695 601 levabat
1715 580 1748 601 ac

123 621 222 653 στασίας
250 620 364 654 δωρεαῖς
389 620 624 655 ἐφιλοτιμήσατο,
648 620 696 646 καὶ
725 618 796 654 μηδὲ
823 619 897 653 ἴχνος
956 616 1106 644 tnisrriam.

122 667 298 703 μνησικακίας
314 665 383 701 πρὸς
397 667 496 698 αὐτοὺς
509 665 697 701 ἐνδειξάμενος
717 665 765 692 καὶ
779 664 950 700 όμοδιαίτους
966 663 1097 695 πολλάκις
1131 664 1250 690 ἐποιεῖτο
1281 663 1328 692 καὶ
1352 663 1442 698 λόγοις
1472 665 1668 700 παρεμυθεῖτο,
1701 667 1748 693 καὶ

121 715 202 750 ἔργοις
213 714 368 749 εὐεργετῶν
389 715 453 750 ῥᾷον
468 714 567 746 αὐτοὺς
590 714 679 741 ἐποίει
692 713 787 750 φέρειν
801 713 832 740 τὸ
847 713 897 748 τῆς
917 712 1009 744 ἀνοίας
1026 711 1168 747 ἀτύχημα.

150 762 190 789 ιϐ’.
211 761 292 788 ’Δλλά
304 761 392 788 ταῦτα
418 761 469 796 μὲν
486 760 610 796 ὕστερον·
627 761 688 788 τότε
704 761 732 787 δὲ
751 761 799 788 καὶ
814 761 831 796 ἡ
850 760 904 796 πρὸ

118 810 279 844 πεντήκοντα
290 810 338 836 καὶ
352 809 518 844 τριακοσίων
534 808 602 835 ἑτῶν
612 808 763 845 πρόρρησις
776 809 823 835 καὶ
833 816 901 843 προ-

118 856 210 892 φητεία
224 855 255 882 τὸ
277 855 354 886 τέλος
379 854 532 889 ἐλάμϐανεν
557 854 652 881 Ἰσαὰκ
670 853 716 881 τοῦ
739 854 903 889 διορατικω-

116 903 191 931 simu
220 903 277 928 τῶν
302 901 398 937 ἱερέων
413 901 459 928 καὶ
476 901 621 936 μοναχῶν,
636 901 665 933 ὃς
683 900 712 933 ἐξ
733 900 903 935 Ἀρσακιδῶν

995 759 1040 787 l9.
1055 757 1155 786 Verum
1184 762 1242 787 haec
1260 764 1365 794 postea.
1382 759 1459 788 Tunc
1479 767 1543 788 vero
1558 759 1640 788 etiam
1666 761 1748 788 tinem

958 805 1064 840 accepit
1081 812 1143 839 quae
1161 808 1226 832 ante
1245 813 1333 833 annos
1350 810 1489 834 trecentos
1505 811 1530 834 et
1551 806 1749 842 quinquaginta

959 851 1122 878 vaticinatio
1151 851 1351 886 oraculutnque
1378 856 1566 887 praecesserat,
1583 852 1679 885 lsaaci,
1698 852 1749 880 viri

957 892 1029 925 inter
1040 898 1198 926 sacerdotes
1213 902 1295 933 atque
1310 898 1463 926 monachos
1476 899 1548 926 dono
1560 900 1749 934 praenoscundi

115 949 157 976 καὶ
171 948 255 979 αὐτὸς
284 947 474 982 καταγόμενος
501 946 534 973 δι’
555 947 696 981 ὁράματος
728 945 832 981 ἔμαθεν
864 945 905 971 ὃτι

961 944 1051 972 futura
1078 945 1338 980 pmocllentissitni.
1367 943 1506 972 Trahebat
1531 944 1554 971 is
1579 952 1689 980 quoque
1714 953 1747 972 cx

114 994 180 1030 μετὰ.
197 993 328 1020 τοσοῦτον
344 993 440 1028 χρόνον
456 991 502 1018 τὸν
520 991 622 1027 μεταξὺ
644 992 677 1018 ὲκ
695 991 751 1017 τῶν
767 991 790 1008 ⁹⁸
802 989 903 1024 ἀπογό-

112 1049 162 1067 νων
181 1039 320 1074 ’Δρςάκου
349 1037 443 1073 μέλλει
470 1046 514 1069 τις
541 1037 588 1063 ἐπὶ
616 1035 651 1063 τὰ
667 1034 717 1070 τῆς
744 1034 904 1069 Ῥωμαῖκῆς

109 1086 252 1122 βασιλείας
270 1086 396 1120 σκῆπτρα
414 1083 642 1116 ἀναϐιϐάζεσθαι.
667 1083 773 1110 Γίνεται
798 1082 826 1109 δὲ
844 1082 904 1109 κατ’

107 1132 191 1168 εὐχὴν
207 1132 239 1158 τὸ
251 1132 369 1166 πρᾶγμα
381 1131 436 1162 τοῖς
448 1139 478 1157 τε
495 1131 523 1157 ὲν
536 1129 607 1156 τέλει
620 1129 667 1164 καὶ
678 1128 716 1164 τῷ
727 1128 806 1164 δήμῳ
822 1128 905 1154 παντὶ

106 1179 153 1205 καὶ
178 1178 358 1214 στρατοπέδῳ
381 1176 424 1213 [Ρ.
443 1176 507 1212 151]
525 1176 573 1203 καὶ
596 1176 759 1211 στρατηγοῖς
780 1175 827 1202 καὶ
849 1175 905 1207 τοῖς

104 1225 159 1251 ὑπὸ
175 1225 229 1260 τὴν
247 1223 337 1260 ἀρχὴν
353 1223 405 1250 ἁ.νά
421 1222 522 1252 πάσαις
538 1222 597 1253 ταῖς
613 1221 717 1256 χώραις
733 1221 780 1248 καὶ
794 1221 905 1248 πόλεσιν

104 1271 196 1299 ἅπασι
217 1270 344 1306 πλήθεσι·
361 1269 461 1301 πάντες
478 1268 532 1304 γὰρ
546 1267 691 1303 ἐπιστῆναι
709 1269 764 1299 τοῖς
777 1268 906 1303 πράγμα-

104 1326 150 1344 σιν
164 1317 284 1353 ηὔχοντο
298 1317 322 1333 "'
337 1316 421 1352 ἄνδρα
438 1316 485 1342 καὶ
498 1315 546 1350 τῆς
556 1314 696 1346 ἐλάττονος
708 1313 792 1349 τύχης
808 1314 907 1348 πεῖραν

104 1363 257 1398 δεξάμενον
277 1363 325 1390 καὶ
358 1361 499 1396 ἐγνωκότα
525 1360 590 1392 τοὺς
619 1359 691 1386 κατὰ
706 1358 760 1386 τῶν
781 1359 906 1394 πενήτων

106 1410 162 1437 ὑπὸ
175 1410 232 1436 τῶν
254 1409 445 1444 ὑπερεχόντων
459 1406 654 1441 κονδυλισμοὺς
671 1405 718 1432 καὶ
737 1406 786 1437 τὰς
800 1405 909 1437 ἀδίκους

108 1455 141 1488 ἐξ
163 1454 257 1482 αὐτῶν
283 1454 447 1489 ἀφαιρέσεις
477 1453 526 1479 καὶ
554 1452 603 1483 τὰς
626 1451 721 1486 ῶσπερ
746 1448 910 1482 ἀναστάσεις

108 1501 166 1528 τῶν
186 1500 391 1536 ταπεινοτέρων
417 1498 465 1526 καὶ
488 1499 551 1529 τοὺς
578 1496 654 1533 παρὰ
678 1497 732 1524 τῶν
759 1497 907 1532 ὁμοφύλων

111 1547 370 1583 ἀνδραποδισμοὺς,
397 1546 415 1573 ἃ
434 1547 523 1573 πάντα
539 1545 586 1572 ἐπὶ
607 1545 656 1579 τῆς
673 1544 720 1571 τοῦ
733 1543 845 1580 Μιχαὴλ
860 1543 910 1579 βα-

111 1593 218 1626 σιλείας
230 1595 294 1630 ἔσχε
311 1593 407 1630 καιρὸν
419 1593 464 1620 διὰ
486 1593 516 1619 τδ
530 1592 600 1627 πρὸς
612 1591 703 1623 ἀλλοις
719 1590 819 1625 μᾶλλον
839 1588 910 1618 εἶναι

955 991 1152 1018 Arsacidarum
1178 995 1259 1026 gente
1285 990 1443 1025 originem,
1466 990 1617 1026 divinaque
1643 991 1751 1019 visione

955 1037 1092 1065 didicerat
1107 1041 1144 1064 tot
1164 1044 1299 1065 annorum
1331 1037 1447 1065 decurso
1466 1037 1555 1073 spatio
1569 1037 1626 1065 fore
1640 1045 1674 1065 ex
1696 1040 1750 1065 Ar-

956 1083 1029 1110 sacis
1046 1083 1178 1119 posteris,
1191 1083 1238 1118 qui
1260 1082 1378 1110 Romani
1406 1083 1514 1118 imperii
1527 1088 1636 1118 sceptra
1655 1090 1752 1118 rapes-

956 1134 1039 1157 seret.
1071 1129 1125 1156 Res
1148 1137 1179 1156 ex
1199 1129 1324 1156 omniutn
1342 1134 1406 1157 voto
1422 1129 1574 1161 successit,
1590 1128 1671 1165 242
1694 1134 1750 1156 tum

957 1175 1063 1204 scilicet
1078 1183 1224 1211 procerum
1244 1183 1277 1203 ac
1293 1175 1437 1209 nobilium,
1456 1180 1512 1203 tum
1530 1175 1643 1211 reliquae
1659 1176 1751 1203 omnis

957 1221 1044 1257 plebis
1065 1229 1097 1248 ac
1118 1221 1232 1254 civium,
1260 1221 1377 1248 militum
1409 1229 1521 1257 quoque
1550 1230 1583 1250 ac
1605 1222 1751 1250 ductorum

958 1268 1095 1296 exercitus
1114 1267 1295 1302 omniumque
1323 1271 1380 1295 toto
1399 1267 1453 1295 late
1475 1269 1591 1303 imperio
1613 1276 1662 1303 per
1685 1277 1750 1304 pro-

958 1314 1063 1342 vincias
1077 1315 1214 1348 urbesque
1229 1315 1417 1342 subditorum.
1430 1313 1531 1343 Omnes
1544 1315 1617 1343 enim
1632 1315 1752 1343 maxime

958 1361 1138 1396 peroptabant
1155 1361 1244 1388 virum
1259 1361 1394 1396 ejusmodi
1416 1361 1497 1389 rebus
1519 1361 1631 1397 pratici,
1648 1364 1694 1397 qui
1714 1366 1754 1389 te-

959 1408 1085 1435 nuiorem
1105 1408 1162 1442 ipse
1180 1407 1320 1435 fortunam
1349 1413 1480 1443 expertus
1495 1415 1640 1444 procerum
1667 1408 1754 1444 majo-

960 1461 1078 1488 rumque
1098 1454 1124 1481 in
1139 1462 1274 1490 pauperes
1290 1454 1408 1489 injurias
1420 1463 1474 1482 non
1497 1455 1614 1482 nesciret
1630 1455 1754 1490 iniquas-

961 1508 1014 1536 que
1043 1508 1140 1528 eorum
1174 1502 1297 1537 rapinas,
1316 1501 1362 1537 qui
1392 1501 1511 1536 denique
1542 1501 1720 1529 bumiliorum
1738 1510 1753 1529 a

961 1548 1163 1576 contribulibus
1194 1553 1300 1576 tantum
1326 1556 1381 1576 non
1409 1548 1516 1576 excidia
1537 1552 1564 1575 et
1586 1548 1754 1584 direptiones

962 1593 1108 1628 plagiaque
1124 1598 1229 1622 nosset.
1247 1593 1314 1627 Quae
1327 1593 1419 1621 omnia
1440 1592 1574 1620 Michaele
1589 1593 1754 1627 imperatore

110 1639 160 1666 τὸν
184 1640 300 1675 βασιλέα
319 1639 336 1674 ἢ
354 1638 489 1674 περὶτῶν
518 1637 647 1664 τοιούτων
667 1636 771 1663 ὲοὲλειν
787 1638 908 1664 σκοπεῖν.

963 1641 1139 1668 occasionem
1155 1645 1320 1676 tempusque
1346 1646 1426 1668 nacta
1447 1640 1529 1667 etiam
1548 1639 1686 1674 etiamque
1700 1639 1753 1666 vim

110 1687 253 1721 roburque
275 1686 439 1717 habuerant,
466 1691 528 1711 cum
560 1683 604 1710 ille
633 1683 694 1710 aliis
712 1682 804 1718 potius
822 1683 904 1712 rebus
918 1685 1041 1714 animum
1066 1686 1225 1714 attendebat
1249 1693 1333 1722 quam
1357 1690 1399 1722 ~ut
1434 1685 1555 1721 publicis
1586 1684 1754 1720 ejuscemodi

111 1735 191 1761 curis
205 1741 314 1768 operam
332 1741 364 1761 ac
381 1732 502 1760 stttdium
526 1738 650 1768 poneret.

152 1778 189 1806 ι’.
204 1779 310 1806 Μᾶλλον
328 1779 368 1812 δὲ,
382 1779 443 1806 ἐπεὶ
459 1778 577 1804 ἐνταῦθα
592 1776 639 1804 τοῦ
656 1777 736 1812 λόγου
761 1778 908 1814 ἐγενόμην,

115 1824 212 1860 οῑομαι
235 1825 290 1853 δεῖν
316 1825 366 1860 τὴν
393 1825 442 1860 μὲν
467 1825 537 1851 κατὰ
561 1823 606 1850 τὸν
636 1822 748 1858 βασιλέα
766 1823 910 1852 Βασίλειον

118 1872 239 1908 ἱστορίαν
258 1872 389 1908 σχολάσαι
406 1871 452 1898 ἐπὶ
471 1871 570 1906 μικρὸν
586 1889 593 1902 ,
621 1868 724 1897 ἄνωθεν
747 1869 777 1896 δὲ
808 1871 910 1898 ἀναλα-

120 1917 203 1945 ϐόντα
216 1918 334 1953 δηῦῶσαι
359 1918 402 1945 διὰ
426 1917 564 1953 βραχέων,
580 1915 618 1946 ὡς
645 1912 701 1944 οἷόν
719 1923 760 1948 τε,
777 1913 833 1948 οἷος
848 1914 881 1952 ἦν
896 1917 910 1943 ό

121 1963 182 1998 βίος
194 1965 229 2001 τῷ
246 1965 354 2000 βασιλεί
371 1964 478 2000 Μιχαὴλ
490 1965 538 1992 καὶ
554 1965 621 1996 οἵοις
637 1964 799 2000 πράγμασιν
816 1963 910 1998 ἔχαιρε

122 2010 173 2037 καὶ
191 2012 233 2038 ἐπὶ
248 2012 307 2038 τίσι
327 2011 372 2038 τὸν
386 2011 481 2047 χρόνον
496 2012 543 2038 καὶ
555 2012 606 2046 τὴν
621 2013 711 2038 πᾶσαν
727 2009 809 2037 αὑτοῦ
827 2017 912 2036 σπου-

122 2055 174 2092 δὴν
188 2058 232 2085 καὶ
245 2059 280 2085 τὰ
296 2058 416 2093 δημόσια
441 2057 626 2093 κατανήλισκε
651 2057 793 2092 χρήματα,
819 2055 851 2082 ἵν’
869 2056 913 2082 sv-

124 2103 216 2131 τεῦθεν
236 2105 336 2132 εἰδέναι
354 2102 530 2138 λογιζόμενος
554 2103 610 2138 ἔχοι
637 2103 691 2134 πᾶς
714 2103 728 2129 ὁ
748 2101 910 2137 βουλόμενος

124 2148 166 2176 ὃτι
179 2150 276 2177 καὶτὸν
289 2150 430 2177 Βασίλειον
447 2149 506 2176 θεία
523 2149 613 2185 ψῆφος
634 2148 729 2183 σαφῶς
742 2147 775 2183 ἦν
788 2149 805 2184 ἡ
818 2147 866 2174 ἐπὶ
880 2147 911 2174 τὸ

126 2195 216 2232 ἄρχειν
229 2197 369 2225 καλέσασα
386 2195 528 2231 (ἀδύνατον
551 2196 605 2231 γὰρ
619 2193 653 2231 ἢν
671 2196 708 2226 ὡς
729 2192 802 2230 εῗχεν
817 2194 912 2230 ἔχοντα

127 2245 252 2279 συστῆναι
266 2244 300 2270 τὰ
318 2244 481 2278 πράγματα)
504 2243 551 2269 καὶ
568 2243 608 2269 ὅτι
624 2243 693 2278 μετά
703 2241 790 2268 ταῦτα
804 2241 885 2272 αὐτὸς
898 2241 913 2268 ό

126 2287 228 2325 Μιχαὴλ
242 2290 303 2317 καθ’
323 2289 422 2316 ἑαυτοῦ
445 2290 479 2316 τὰ
501 2289 565 2324 ξίφη
578 2289 698 2324 ὴκόνησε
721 2289 768 2315 καὶ
785 2287 834 2320 τὰς
856 2287 912 2314 τῶν

127 2334 267 2363 ἀνελόντων
287 2336 368 2362 αὑτὸν
392 2335 534 2370 ἑστόμωσε
563 2334 652 2367 δεξιὰς
678 2334 727 2361 καὶ
748 2335 788 2366 είς
805 2334 854 2369 τὴν
873 2333 912 2360 οἱ·

995 1779 1041 1807 20.
1062 1779 1207 1808 Enimvero
1222 1787 1285 1808 cum
1304 1779 1358 1807 huc
1379 1787 1467 1814 usque
1482 1779 1594 1808 devecta
1613 1779 1680 1806 milti
1693 1787 1754 1806 ora-

960 1825 999 1854 tio
1017 1826 1064 1858 sit,
1082 1833 1173 1861 operae
1186 1826 1305 1861 pretium
1326 1833 1388 1854 esse
1409 1826 1537 1854 existimo
1550 1830 1580 1853 ut
1593 1826 1685 1853 Basilii
1704 1825 1755 1852 int-

959 1871 1095 1906 peratoris
1112 1872 1247 1907 tantisper
1276 1872 1437 1899 intermissa
1464 1872 1597 1905 historia,
1617 1879 1646 1899 re
1673 1872 1756 1899 altius

961 1918 1085 1952 repetita,
1111 1918 1203 1953 quoad
1230 1918 1289 1947 lieri
1306 1919 1531 1953 poteril,paucis
1557 1926 1668 1946 narrem
1695 1926 1756 1953 qua:

961 1963 1102 1991 Michaelis
1115 1963 1289 1998 imperatoris
1301 1964 1355 1990 vita
1367 1962 1462 1995 fuerit,
1476 1964 1577 1998 quibus
1597 1963 1642 1990 ille
1655 1963 1755 1990 studiis

961 2010 1159 2043 delectaretur,
1175 2016 1202 2037 et
1221 2011 1249 2038 in
1266 2010 1367 2045 quibus
1378 2018 1461 2038 omne
1472 2014 1581 2045 tempus
1596 2014 1679 2044 atque
1691 2017 1755 2044 ope-

961 2063 1020 2083 ram
1035 2056 1162 2091 perderet
1183 2064 1216 2084 ac
1230 2056 1360 2083 aerarium
1379 2055 1557 2088 exhauriret;
1578 2059 1607 2082 ut
1630 2055 1692 2082 inde
1714 2063 1755 2082 re-

960 2108 1063 2137 putans
1091 2109 1174 2130 nosse
1203 2102 1302 2137 possit,
1335 2101 1461 2137 quisquis
1486 2101 1624 2134 voluerit,
1660 2101 1754 2128 divino

961 2148 1052 2184 palatn
1069 2147 1171 2176 factum
1190 2148 1323 2184 suffragio
1355 2154 1384 2176 ut
1412 2148 1531 2176 Basilius
1555 2149 1588 2176 ad
1607 2148 1753 2183 imperium

960 2200 1108 2223 vocaretur
1135 2194 1205 2231 (ﬁeri
1235 2196 1308 2223 enim
1340 2203 1394 2223 non
1425 2199 1535 2231 poterat
1566 2199 1597 2222 ut
1624 2203 1678 2226 res,
1699 2202 1755 2231 quo

961 2247 1040 2271 erant
1058 2247 1144 2274 statu.
1168 2243 1376 2278 consisterent),
1394 2243 1541 2278 ipsumque
1558 2242 1586 2269 itt
1609 2250 1638 2270 se
1663 2241 1753 2277 ipsum

961 2288 1122 2317 Michaelcm
1147 2289 1252 2325 gladios
1276 2289 1434 2322 strinxisse,
1449 2293 1532 2323 atque
1551 2296 1646 2316 eorum
1662 2295 1678 2315 a
1698 2288 1744 2323 qui

961 2335 1014 2364 bus
1033 2340 1146 2364 necatus
1161 2339 1204 2364 est
1218 2336 1347 2364 dexteras
1363 2335 1512 2363 rohorasse
1527 2340 1555 2362 et
1569 2334 1596 2362 in
1614 2334 1753 2369 proprium

127 2381 199 2409 κείαν
221 2382 329 2418 σφαγὴν
347 2381 499 2417 διηρέθισε·
516 2381 642 2408 τοσοῦτον
659 2380 756 2408 ἑαυτὸν
771 2379 826 2407 τῶν
844 2379 908 2406 καθ-

964 2382 1066 2410 caedem
1079 2382 1216 2410 excitasse
1231 2390 1238 2408 :
1254 2382 1294 2409 sic
1310 2382 1439 2409 nimirum
1453 2381 1487 2409 ab
1502 2381 1578 2409 omni
1596 2388 1626 2408 sc
1645 2379 1753 2407 honesti

128 2428 242 2463 ηκὸντων
254 2429 426 2464 ὲξεδιῄτησε,
442 2428 490 2455 καὶ
509 2427 636 2454 τοσοῦτον
653 2428 721 2463 πρὸς
745 2428 837 2455 πᾶσαν
858 2435 912 2453 πα-

129 2473 239 2509 ράνομον
254 2472 443 2509 ἐξεϐακχεύθη
459 2472 572 2508 πρᾶξιν,
588 2471 636 2499 κα)⁴
658 2471 744 2503 οὕτως
756 2471 790 2498 τά
804 2479 835 2497 τε
852 2470 912 2497 θεῖα

128 2519 295 2557 ἐξωρχήσατο
315 2521 363 2546 καί
382 2519 449 2555 πρὸς
465 2519 528 2551 τοὺς
551 2518 603 2554 τῆς
627 2518 766 2549 πολιτείας
779 2517 848 2552 ὁμοῦ
864 2517 913 2544 καὶ

128 2563 174 2600 τῆς
188 2565 294 2599 φύσεως
317 2565 416 2600 νόμους
446 2564 601 2600 ὲξύὸρισεν.
620 2563 831 2599 Συστησάμενος
857 2564 912 2599 γὰρ

129 2613 187 2647 api
203 2613 299 2640 ἑαυτόν
323 2611 447 2646 ἀσελγῶν
469 2612 517 2638 καὶ
540 2610 646 2646 μιαρῶν
660 2611 709 2637 καὶ
722 2612 911 2646 παμπονὴρων

128 2659 272 2695 ἀνθρώπων
299 2658 381 2695 χορὸν
402 2658 534 2694 δυσσεϐῆ,
553 2658 600 2685 καὶ
622 2657 672 2694 τὴν
693 2658 741 2685 τοῦ
768 2657 911 2694 βασιλικοῦ

130 2705 252 2740 μεγέθους
273 2705 412 2741 ἀτιμάσας
437 2705 592 2740 σεμνότητα
605 2725 613 2737 ,
632 2705 699 2740 περὶ
727 2703 839 2740 κώμους
862 2705 911 2732 καὶ

128 2750 207 2785 μλθας
226 2752 275 2779 καὶ
287 2752 393 2787 ἔρωτας
412 2751 537 2786 ἀσελγεῖς
552 2752 600 2778 καὶ
621 2750 722 2786 αἰσχρὰ
739 2751 908 2787 διηγήματα,

129 2797 164 2824 ἔτι
177 2798 204 2825 δὲ
219 2798 285 2833 περὶ
303 2798 430 2835 ἡνιόχους
457 2799 506 2824 καὶ
526 2797 626 2829 ἵππους
650 2798 697 2824 καὶ
723 2797 835 2833 ἅρματα
861 2798 909 2825 καὶ

129 2844 173 2879 τὴν
195 2844 320 2872 ἐντεῦθεν
344 2844 446 2881 μανίαν
466 2845 514 2872 καὶ
527 2844 692 2880 παρακοπὴν
705 2843 760 2871 τῶν
775 2844 883 2879 φρενῶν
895 2845 909 2871 ὁ

960 2429 1086 2463 rectique
1102 2427 1194 2455 studio
1210 2432 1348 2454 extorrem
1365 2427 1447 2463 353
1466 2426 1577 2460 fecerat,
1593 2426 1688 2460 sicque
1703 2425 1753 2451 im-

960 2475 1047 2511 proba
1067 2474 1141 2502 omni
1157 2474 1267 2502 actione
1289 2473 1454 2501 dcbacchari
1470 2473 1564 2509 gloria:
1577 2472 1705 2503 ducebat.
1721 2478 1754 2498 ac

961 2522 1002 2550 sic
1016 2521 1110 2549 divina
1125 2521 1231 2548 ludicro
1248 2520 1367 2548 habebat
1382 2528 1414 2547 ac
1431 2519 1613 2550 traducebat;
1641 2517 1682 2545 sic
1706 2517 1753 2544 de-

961 2569 1044 2604 nique
1060 2568 1154 2595 civiles
1170 2575 1203 2595 ac
1218 2573 1322 2594 natura:
1338 2567 1410 2602 leges
1426 2566 1588 2594 violaverat.
1604 2564 1663 2593 Sibi
1678 2564 1753 2591 ettim

961 2614 1163 2651 impudicorum
1190 2619 1217 2641 et
1238 2614 1410 2649 impurorum
1435 2612 1753 2646 scelestissimorumque

961 2668 1115 2697 ganeonum
1147 2665 1250 2688 cretum
1274 2660 1420 2692 adhibens,
1444 2660 1579 2695 regiaeque
1602 2658 1753 2694 maiestatis

960 2707 1122 2744 dignitatem
1137 2707 1255 2742 indignis
1279 2706 1367 2735 modis
1380 2706 1578 2738 dehonestans,
1603 2705 1714 2740 crapula
1726 2708 1755 2732 et

962 2754 1096 2783 ebrietate
1110 2757 1137 2782 et
1160 2753 1276 2789 impuris
1292 2753 1433 2781 amoribus
1458 2752 1640 2786 obscenisque
1655 2759 1752 2777 ttat-ra—

963 2800 1107 2832 tiunculis,
1124 2805 1182 2827 tum
1197 2799 1280 2827 etiam
1302 2799 1408 2835 aurigis
1423 2803 1452 2826 et
1466 2799 1546 2833 equis
1573 2802 1600 2824 et
1625 2796 1753 2824 t‘urrllms

963 2852 995 2872 ac
1006 2846 1080 2880 (qua:
1093 2845 1156 2873 inde
1172 2845 1223 2881 cst)
1245 2844 1351 2872 insania
1369 2851 1402 2872 ac
1425 2843 1563 2871 dementia
1583 2843 1625 2870 vir
1643 2842 1751 2870 ιιιὶευιτιι

758 2888 873 2918 VARI/i5
889 2889 1093 2919 LECTIONES.

131 2927 135 2930 ’
157 2935 181 2951 ’⁸
195 2935 239 2962 καὶ
259 2943 314 2963 οιη.
327 2935 357 2962 P.
395 2936 415 2952 "
430 2934 570 2970 μσνᾶρχην
587 2934 615 2963 Ρ,
654 2935 682 2971 ,θ’
697 2934 743 2962 καὶ
757 2942 813 2963 οιη.
829 2934 858 2963 Ρ.
898 2936 920 2953 ’³
939 2935 995 2963 τῶν
1008 2944 1063 2964 οιη.
1081 2935 1111 2964 Ρ.
1153 2936 1184 2974 _"
1199 2935 1318 2972 ηὔχοντο
1351 2936 1406 2967 τοῖς
1420 2934 1581 2971 πράγμασιν
1596 2933 1627 2963 I’.
