1989 3161
258 197 310 230 239

812 195 1068 227 TlIEOPHANES
1083 194 1361 226 CONTINUATUS.

1843 190 1894 223 250

258 258 322 286 bills
339 257 398 286 dics
421 255 586 290 insumebat,
610 255 693 291 inque
713 254 773 290 ejus
790 255 901 291 generis
925 259 1050 282 monstra

1103 254 1195 286 ἄθλιος
1206 253 1366 290 διημέρευε,
1384 252 1431 280 καὶ
1451 253 1492 285 εἰς
1505 252 1568 286 τοὺς
1582 251 1721 283 τοιούτους
1734 250 1895 286 ἀνθρώπους

258 313 290 332 ac
306 309 397 341 pesta
410 303 534 339 publicas
551 302 641 330 aerarii
657 309 722 337 opes
737 301 1048 336 ell‘umlebat.Quodque

258 359 324 378 sane
340 349 465 378 omnium
482 348 668 376 miserrimum
684 352 736 380 est,
754 348 812 383 ipsa
827 356 935 383 qunque
947 352 1049 375 nostra:

258 396 320 424 lidei
338 395 461 428 symbola
482 394 600 421 irridens
616 401 648 421 ac
665 394 820 426 ludilirans,
835 402 869 422 ex
894 394 1004 422 mimico
1018 402 1050 422 ne

259 441 376 469 ridiculo
409 447 460 467 suo
490 439 622 466 comitatu
652 440 825 467 constituens
841 439 886 474 qui
906 440 1050 467 venerabi-

259 488 327 515 lium
352 486 526 514 sacerdotum
553 491 642 513 costus
670 485 788 513 formam
819 485 962 518 referrent,
978 486 1051 513 deri-

259 534 348 562 denda
372 533 418 560 illa
446 540 478 560 ac
495 533 615 560 ostentui
634 532 760 560 habenda
780 533 943 567 exponebat,
959 532 1050 560 Pauca

258 588 291 608 ex
309 579 367 607 illis
389 578 519 611 referam,
540 586 594 606 non
614 578 704 614 plura,
725 583 755 606 ut
775 587 808 607 ex
829 579 924 614 paucis
949 587 1050 614 cogno-

257 627 340 655 scatis
355 631 382 653 et
404 626 521 660 reliqua.

291 673 336 700 21.
363 671 442 705 Quod
470 672 492 698 is
517 671 608 706 itaque
635 670 757 705 aurigam
783 675 874 706 ageret
899 678 1052 705 cursusque

257 721 382 756 agitaret,
399 725 535 753 equorum
552 717 645 745 currui
667 717 770 753 auriga:
786 717 886 744 amictu
905 717 963 751 ipse
984 717 1051 744 insi-

257 766 324 793 dens
335 769 364 792 ct
375 765 400 791 in
411 764 537 792 cursibus
549 763 697 797 reciprocis
708 770 771 790 cum
782 762 888 790 aemulis
896 762 1051 794 decertans,

256 816 316 840 tum
341 811 414 839 intra
437 811 532 838 urbem
556 810 698 845 ipsamque
724 809 837 844 regiam,
856 813 913 835 tum
939 808 996 835 ruri
1024 808 1053 835 in

256 859 340 894 regiis
353 858 457 886 aedibus
473 865 533 893 qum
544 857 572 884 in
587 856 616 884 S.
629 856 773 884 Mamantis
786 859 861 888 sunt,
874 855 1053 882 immensam-

256 914 309 941 que
323 905 444 940 pecunia:
458 905 512 931 vim
530 904 556 931 in
575 903 635 931 istis
649 902 809 934 insumeret,
826 901 863 929 ita
880 901 1010 929 nimirum
1024 905 1054 928 ut

256 951 345 979 bellici
361 956 486 986 sumptus
506 950 532 977 in
551 949 772 984 spectaculorum
783 955 815 976 ac
830 948 955 976 ludorum
970 955 1051 975 usum

255 1003 490 1030 converterentur,
502 997 688 1032 Romanaeque
709 1004 778 1032 opus
795 996 822 1023 in
839 996 984 1032 thymelica
1001 995 1052 1023 tri-

256 1046 337 1082 pudia
350 1049 376 1072 et
392 1044 700 1080 nugaseﬂ‘underentur,
711 1041 882 1079 zﬁﬁinque
892 1042 1015 1077 impuras
1025 1045 1053 1069 et

256 1090 403 1118 sceleratas
415 1088 608 1116 bacchationes
630 1087 802 1122 lascivosque
812 1094 921 1115 amores
930 1087 1052 1115 thesauri

254 1135 321 1170 regii
339 1134 453 1170 prodige
472 1132 668 1168 amuenterqne
683 1135 906 1168 exportarentur,
929 1137 959 1160 ut
978 1133 1051 1168 quod

255 1181 387 1209 omnibus
410 1185 505 1207 notum
527 1179 563 1207 sit
587 1187 619 1206 ac
644 1178 841 1212 manifestum,
871 1178 1052 1206 omittendum

257 1226 325 1254 mihi
343 1233 403 1254 esse
418 1225 493 1254 duxi.
515 1224 594 1259 Quod
614 1229 707 1253 autem
724 1233 769 1253 res
781 1224 891 1253 divinas
905 1224 984 1252 ludos
999 1225 1052 1252 sibi

257 1273 362 1305 fecerit,
376 1280 465 1308 exque
487 1273 596 1308 impuro
612 1272 786 1308 obscenoque
799 1279 831 1300 ac
844 1271 999 1301 effeminato
1013 1271 1051 1298 illi

256 1320 454 1347 adhaerentium
468 1319 597 1347 sodalitio
606 1318 790 1355 patriarcbam
801 1327 888 1346 unum
902 1318 1051 1351 vocaverit,

255 1374 344 1402 exque
366 1366 422 1394 illis
445 1366 571 1394 undecim
590 1366 781 1402 metropolilas
805 1365 966 1401 designarit,
989 1369 1052 1392 tan-

256 1420 338 1448 quam
361 1412 420 1448 ipse
437 1412 470 1440 ad
494 1412 688 1448 complendum
709 1420 855 1445 numerum
871 1411 1052 1440 duodecimus

257 1459 339 1491 foret,
362 1458 388 1486 id
411 1466 476 1486 vero
499 1458 629 1486 narrabo.
647 1457 799 1485 Profanum
823 1466 855 1486 ac
874 1457 1053 1486 sceleratissi-

258 1510 332 1529 mum
349 1502 473 1529 Grullum
491 1502 675 1536 patriarcham
693 1502 843 1537 appellans,
856 1502 1051 1530 arcliieratica-

256 1556 310 1583 que
327 1555 395 1575 auro
407 1548 577 1575 interstincta
592 1555 623 1576 ac
637 1547 808 1584 praefulgcnti
820 1553 893 1576 veste
908 1548 1050 1582 amiciens,

256 1599 369 1629 tumque
382 1594 420 1621 illi
433 1594 624 1629 omophorium
638 1594 793 1629 imponens,
805 1602 855 1622 nec
867 1601 921 1622 non
936 1594 963 1621 in
976 1595 1051 1622 ordi—
1065 1605 1086 1636 ο

255 1649 290 1668 ne
305 1640 540 1676 metropolitarum
557 1640 626 1667 alios
642 1640 780 1673 undecim,
798 1640 837 1668 uti
862 1640 1002 1674 dicebam,
1018 1648 1051 1668 ex

256 1688 351 1715 eodem
372 1688 424 1715 sibi
450 1687 649 1715 adltmrentium
673 1687 800 1714 sodalitio
818 1688 998 1720 constituens,
1021 1695 1053 1716 ac

256 1734 447 1761 duodecimum
463 1741 492 1761 se
511 1734 598 1768 ipsum
615 1733 735 1760 Colonia:
754 1733 990 1769 archiepiscopum
1004 1741 1052 1762 vo-

256 1779 355 1811 citans,
372 1779 496 1813 praebens
517 1778 630 1813 singulis
643 1778 788 1810 citharam,
802 1786 884 1814 quam
900 1780 951 1806 sub
962 1787 1053 1807 sacer-

256 1825 339 1852 dotali
356 1825 459 1852 amictu
476 1824 588 1858 ferrent,
609 1830 636 1852 et
658 1826 818 1861 prmcipiens
836 1826 871 1852 ita
886 1829 971 1854 tectas
989 1826 1051 1861 pul-

257 1879 331 1905 sare,
344 1872 383 1900 sic
399 1879 461 1899 cum
477 1871 532 1899 illis
545 1871 642 1899 ludens
658 1878 689 1898 ac
707 1871 834 1898 deridens
851 1871 1052 1905 traducensque

256 1926 312 1946 rem
324 1925 431 1946 sacram
450 1918 676 1953 peragebat,eum
693 1917 815 1945 scelestis
827 1917 1050 1951 scelestissimus,

255 1972 317 1992 cum
334 1964 457 2000 profanis
472 1963 583 1999 impius.
603 1964 671 1991 Cum
688 1968 793 1992 secreta
811 1963 933 1999 precatio
948 1963 1050 1991 recita-

255 2011 345 2044 batur,
368 2012 470 2039 sensim
495 2018 527 2038 ac
548 2011 610 2038 lene
629 2011 742 2038 citharis
759 2015 879 2045 strepere
896 2009 1050 2045 iniunctum

253 2062 338 2086 erat:
360 2065 423 2086 cum
454 2065 520 2085 vero
549 2057 717 2085 sacerdotem
748 2065 842 2085 vocem
873 2057 981 2084 elevare
1007 2057 1050 2084 vel

254 2105 368 2133 chorum
382 2105 546 2140 respondere
562 2109 671 2138 tempus
683 2104 823 2138 poscebat,
842 2108 899 2130 tum
917 2103 971 2131 illis
987 2111 1050 2139 gra-

254 2152 324 2179 viter
339 2152 443 2186 plectro
461 2150 577 2185 pulsatis
593 2150 719 2177 intonare
738 2149 863 2182 decebat,
879 2149 1050 2185 melodiaque

255 2196 423 2224 adstantium
447 2203 540 2228 aures,
555 2200 582 2222 et
598 2199 628 2221 ut
643 2194 716 2221 clare
744 2194 914 2228 audirentur,
929 2195 1048 2223 circum-

255 2249 366 2270 sonare.
392 2241 432 2269 Ad
457 2241 515 2268 haec
539 2241 626 2269 sacris
650 2239 735 2274 vasis,
762 2239 898 2275 lapidibus
920 2240 1048 2275 pretiosis

255 2288 523 2323 margaritarumque
553 2287 635 2323 245
661 2286 767 2323 fulgore
792 2275 1087 2321 intermicantibus,D

253 2337 422 2367 argentoque
446 2336 474 2359 et
493 2339 561 2360 auro
587 2332 725 2364 conﬂatis,
749 2332 850 2368 quibus
865 2340 920 2360 non
938 2340 1001 2361 raro
1020 2333 1046 2361 in

253 2379 342 2407 sacris
361 2377 500 2413 mysteriis
514 2386 581 2406 usus
595 2378 695 2411 fuerat,
710 2379 797 2414 sinapi
812 2383 973 2415 acetnmque
986 2379 1048 2415 inji-

253 2426 368 2458 cientcs,
393 2425 433 2452 sic
451 2424 561 2452 sodales
575 2425 661 2452 multo
680 2432 741 2452 cum
757 2424 814 2452 risu
827 2425 973 2461 verbisque
988 2431 1048 2454 tur-

253 2471 333 2507 pibus
353 2475 380 2499 et
404 2471 542 2503 obscenis,
559 2471 801 2506 spurcissimisque
819 2476 846 2500 et
869 2472 1048 2501 exsecrandil

253 2518 386 2553 gestibus,
409 2517 612 2553 impertiebant.
629 2516 728 2544 Verum
745 2517 801 2545 lucc
819 2519 953 2547 sinamus.

1100 299 1220 334 ἀφειδῶς
1243 298 1367 331 ὲξεκένου
1386 298 1420 325 τὰ
1438 297 1557 333 δημόσια
1583 297 1726 333 χρήματα.
1748 295 1805 323 Καὶ
1818 295 1849 322 τὸ
1862 294 1894 331 δὴ

1101 345 1299 382 σχετλιώτατον
1310 366 1317 378 ,
1344 344 1385 371 δτι
1409 344 1458 371 καὶ
1477 343 1547 370 αὐτὰ
1562 344 1596 370 τὰ
1612 343 1663 379 τῆς
1680 343 1800 374 πίστεως
1816 342 1894 378 ἡμῶν

1101 391 1225 427 σύμϐολα
1247 390 1388 427 χλευάζων
1412 390 1460 417 καὶ
1483 389 1639 426 κερτομῶν,
1662 388 1827 421 ἀντιτύπους
1842 388 1896 415 τῶν

1102 438 1210 474 σεμνῶν
1220 438 1316 474 ἱερέων
1329 438 1361 464 ὲκ
1373 437 1428 464 τῶν
1441 437 1508 473 περὶ
1518 437 1601 464 αὑτὸν
1615 436 1708 472 μίμων
1720 435 1767 463 καὶ
1782 435 1895 470 γελοίων

1101 485 1358 520 καταστησάμενος,
1390 483 1581 520 μυκτηρισμὸν
1608 483 1657 510 καὶ
1683 482 1783 518 χλεύην
1811 481 1895 508 ἐτίθει

1102 531 1188 558 ταῦτα
1226 530 1273 558 καὶ
1308 530 1424 565 γέλωτα.
1449 531 1622 566 Διηγήσομαι
1653 529 1682 556 δέ
1704 537 1767 555 τινα
1789 527 1817 561 ἐξ
1845 528 1896 554 αὖ·

1101 578 1166 610 τῶν,
1182 578 1214 604 οὐ
1228 577 1323 612 πολλὰ,
1347 578 1391 605 ἵνα
1406 578 1461 605 ἀπὸ
1487 577 1541 604 τῶν
1557 577 1656 612 ὀλίγων
1683 575 1772 610 γνῶτε
1791 575 1840 601 καὶ
1862 574 1897 601 τὰ

1102 624 1195 651 λοιπά.

1139 669 1181 706 [Ρ.
1212 669 1272 706 [52]
1299 674 1353 698 κα’.
1380 670 1442 697 ’Ότι
1468 670 1518 706 μὲν
1548 670 1594 697 οὖν
1622 669 1822 705 ἀρματηλάτης
1848 669 1897 696 καὶ

1103 717 1210 752 ἡνίοχος
1233 714 1277 752 ἦν,
1293 717 1373 744 ὲπὶη
1391 717 1437 744 τοῦ
1451 717 1547 752 δίφρου
1565 716 1619 743 τῶν
1634 716 1727 743 ἵππων
1747 716 1807 751 μεθ’
1819 715 1898 752 ἡνιό-

1102 772 1149 799 χου
1164 763 1260 798 στολῆς
1276 763 1460 799 καθεζόμενος
1477 764 1524 790 καὶ
1542 763 1611 799 πρὸς
1623 763 1687 794 τοὺς
1699 762 1827 794 διαύλους
1841 762 1898 788 τῶν

1103 810 1214 845 δρόμων
1227 811 1283 841 τοῖς
1292 810 1457 845 ἀντιτέχνοις
1467 808 1683 845 διαμιλλώμενος
1692 809 1764 836 ἔνδον
1777 818 1805 835 τε
1812 809 1837 826 ⁹⁶
1847 809 1897 843 τῆς

1105 855 1303 891 βασιλευούσης
1318 855 1366 883 καὶ
1381 855 1436 882 τῶν
1453 855 1597 891 βασιλείων
1610 855 1657 882 καὶ
1670 855 1723 887 ἔξω
1738 854 1809 881 κατά
1819 854 1855 880 τά
1867 855 1897 880 ὲν

1104 901 1143 937 τῷ
1173 902 1220 929 τοῦ
1249 903 1390 938 μάρτυρος
1415 903 1566 937 Μάμαντος
1599 901 1728 937 βασιλικὰ
1754 901 1897 936 ἐνδιαιτή-

1106 957 1191 984 ματα,
1223 948 1272 976 καὶ
1307 949 1349 976 δτι
1384 949 1534 984 πάμπολλα
1568 949 1699 984 χρήματα
1730 948 1771 980 εἰς
1809 947 1897 974 ταῦτα.

1104 996 1246 1031 ἀνήλισκε,
1263 996 1404 1032 Θεωρικῶν
1426 997 1581 1032 γενομένων
1603 996 1657 1024 τῶν
1677 995 1896 1032 στρατιωτικῶν,

1104 1042 1152 1068 καὶ
1165 1042 1218 1069 ἀπὸ
1236 1042 1291 1069 τῶν
1311 1042 1469 1077 πολεμικῶν
1489 1043 1591 1076 τάξεων
1616 1043 1656 1074 είς
1679 1042 1728 1074 τὰς
1745 1042 1897 1077 ουμελικάς

1104 1088 1232 1124 ὀρχήσεις
1246 1087 1294 1115 καὶ
1313 1088 1414 1124 λέσχας
1427 1089 1441 1115 ό
1458 1088 1613 1124 Ῥωμαϊκὸς
1629 1087 1750 1123 ἐξεχεῖτο
1767 1088 1897 1121 πλοῦτος,

1104 1133 1151 1160 καὶ
1163 1134 1204 1165 εἱς
1219 1133 1345 1168 ἀσελγεῖς
1359 1133 1407 1161 καὶ
1423 1134 1602 1170 παρανόμους
1618 1133 1750 1170 βακχείας
1767 1133 1814 1161 καὶ
1825 1132 1899 1168 έρω-

1103 1187 1152 1212 τας
1160 1178 1282 1211 ἀσώτους
1294 1180 1407 1212 ἀσώτως
1417 1181 1464 1208 καὶ
1476 1181 1558 1217 ῥύδην
1567 1180 1745 1215 ὲξειροροῦντο
1753 1181 1777 1207 οἱ
1789 1179 1899 1215 βασιλι-

1103 1226 1147 1253 κοὶ
1160 1225 1301 1262 θησαυροὶ,
1314 1226 1352 1259 ὡς
1364 1228 1431 1254 πᾶσι
1442 1227 1582 1262 γνώριμον
1597 1227 1643 1254 καὶ
1657 1226 1816 1262 καταφανὲς
1830 1226 1898 1254 καθ-

1104 1272 1192 1304 εστὼς
1213 1273 1352 1309 παρήσειν
1382 1282 1427 1309 μοι
1452 1273 1524 1300 δοκῶ
1540 1281 1546 1288 ·
1564 1273 1604 1300 ὅτι
1628 1273 1655 1300 δὲ
1677 1273 1712 1300 τὰ
1741 1273 1803 1299 θεῖα
1829 1282 1898 1300 κατ-

1104 1316 1213 1350 έπαιζε,
1233 1317 1282 1345 καὶ
1316 1317 1372 1345 ἀπὸ
1395 1318 1450 1345 τῶν
1476 1318 1611 1346 συνόντων
1634 1319 1708 1353 αύτῴ
1725 1319 1835 1354 μιαρῶν
1852 1318 1900 1345 καὶ

1102 1363 1229 1399 ἀσελγῶν
1242 1364 1416 1400 ἀνδρογύνων
1439 1364 1487 1392 καὶ
1509 1365 1684 1400 πατριάρχην
1702 1365 1751 1392 ἕνα
1771 1365 1900 1400 ὠνόμαζε

1102 1412 1150 1438 καὶ
1175 1411 1377 1447 μητροπολίτας
1397 1412 1429 1438 ὲκ
1449 1410 1552 1438 τούτων
1580 1411 1720 1447 ἀφώρισεν
1748 1411 1851 1438 ἕνδεκα
1863 1411 1900 1443 ὡς

1103 1456 1186 1484 αὑτοῦ
1207 1457 1433 1494 συμπληροῦντος
1452 1457 1499 1484 τὸν
1515 1457 1619 1485 δώδεκα
1630 1458 1653 1474 ’⁷
1673 1458 1803 1495 ἀριθμὸν,
1822 1458 1901 1484 τοῦτο

1103 1501 1133 1528 δὲ
1149 1503 1173 1519 ⁹⁶
1189 1502 1366 1538 διηγήσομαι.
1398 1503 1450 1530 Τὺν
1470 1503 1525 1537 γὰρ
1547 1503 1631 1538 ἐναγῆ
1658 1504 1704 1530 καὶ
1722 1503 1900 1539 μιαρώτατον

1107 1551 1212 1578 ἐκεῖνον
1235 1549 1353 1585 Γρῦλλον
1372 1549 1396 1566 ⁹⁹
1408 1549 1439 1576 τὸ
1462 1549 1508 1577 τοῦ
1531 1550 1700 1586 πατριάρχου
1724 1550 1901 1584 ἐπιφημίσας

1104 1596 1200 1630 ὄνομα,
1227 1595 1275 1622 καὶ
1300 1596 1482 1632 ἀρχιερατικῇ
1510 1595 1605 1623 τοῦτον
1632 1596 1824 1631 χρυσοστίκτῳ
1853 1596 1902 1623 καὶ

1106 1641 1299 1677 ὑπερλάμπρῳ
1316 1641 1462 1676 κοσμήσας
1481 1640 1562 1676 στολῇ
1583 1642 1630 1667 καὶ
1641 1640 1803 1675 ὼμοφόριον
1819 1648 1902 1675 περι-

1105 1687 1173 1720 θεὶς,
1195 1688 1243 1714 καὶ
1262 1688 1290 1714 ὲν
1312 1686 1388 1719 τάξει
1402 1686 1612 1723 μητροπολιτῶν
1638 1687 1750 1722 ἑτέρους
1766 1686 1817 1713 ἕνα
1832 1687 1903 1721 πρὸς

1103 1735 1161 1765 τοῖς
1182 1733 1260 1764 δέκα,
1275 1733 1313 1765 ὡς
1325 1733 1445 1769 εἴρηται,
1460 1733 1493 1760 ὲκ
1507 1733 1554 1760 τοῦ
1569 1733 1651 1760 αὐτοῦ
1663 1733 1720 1760 τῶν
1736 1733 1903 1769 ὁμογνωμό-

1102 1787 1157 1806 νων
1173 1777 1247 1814 αὐτῷ
1266 1777 1404 1813 συνεδρίου
1432 1778 1579 1812 σκευάσας,
1601 1778 1649 1805 καὶ
1667 1778 1823 1805 δωδέκατον
1837 1779 1904 1805 ἑαυ-

1103 1824 1148 1852 τὸν
1162 1824 1319 1856 Κολωνείας
1335 1824 1473 1860 δνομάσας
1489 1824 1719 1860 ἀρχιεπίσκοπον,
1746 1825 1797 1851 καὶ
1817 1825 1904 1852 κιθά-

1105 1879 1156 1907 ραν
1168 1871 1285 1898 ἕκαστον
1299 1870 1401 1897 ἔσωθεν
1412 1871 1462 1906 τῆς
1487 1871 1629 1907 ἱερατικῆς
1647 1871 1745 1907 στολῆς
1767 1872 1906 1907 ἐπιφέρε-

1104 1917 1167 1944 σθαι
1179 1917 1252 1949 δοὺς,
1267 1917 1314 1944 καὶ
1331 1917 1433 1949 ταύτας
1454 1917 1578 1944 κάτωθεν
1591 1918 1707 1953 ὑπηχεῖν
1727 1919 1904 1954 προστάξας,

1102 1963 1174 1990 οὕτω
1193 1964 1242 1990 σὺν
1254 1964 1346 1995 αὐτοῖς
1357 1963 1407 2000 τὴν
1425 1963 1501 2000 ἱερὰν
1513 1963 1593 1999 δῆθεν
1609 1964 1715 1996 παίζων
1731 1965 1779 1991 καὶ
1795 1973 1906 2000 κατορ-

1102 2008 1237 2044 χούμενος
1256 2008 1380 2036 ἐπετέλει
1410 2010 1609 2045 μυσταγωγίαν
1634 2010 1681 2037 καὶ
1708 2010 1905 2046 λειτουργίαν,

1104 2055 1173 2090 μετά
1193 2055 1247 2082 τῶν
1261 2056 1433 2091 παμμιάρων
1447 2056 1461 2082 ὁ
1476 2055 1648 2091 μιαρώτατος
1659 2057 1680 2088 ί,
1698 2056 1769 2091 μετὰ
1780 2057 1840 2083 τῶν
1857 2056 1906 2092 βε-

1102 2100 1218 2136 ϐήλωνὸ
1235 2102 1347 2137 ἐναγής.
1373 2102 1430 2128 Καὶ
1452 2102 1498 2129 ὅτε
1515 2102 1564 2138 μὲν
1589 2102 1785 2138 μυστηριώδης
1815 2102 1906 2138 δῆθεν

1101 2146 1169 2182 εὐχὴ
1190 2146 1310 2181 ὲλέγετο,
1336 2147 1428 2182 ἡρέμα
1444 2147 1494 2179 τὰς
1507 2147 1626 2182 κιθάρας
1639 2148 1695 2174 ἔδει
1713 2148 1883 2183 ὑποφωνεῖν
1895 2156 1904 2164 ·

1101 2194 1145 2221 ὅτε
1158 2193 1186 2220 δὲ
1203 2194 1298 2230 ἱερέως
1309 2193 1491 2229 ὲκφώνησινῆ
1504 2193 1569 2220 λαοῦ
1582 2194 1733 2228 ἀμοισαίαν
1748 2194 1907 2230 ἀπόκρισιν

1101 2241 1115 2268 ὁ
1132 2241 1250 2276 χρόνος¹
1276 2240 1439 2275 ὑπέϐαλλεν,
1465 2241 1513 2267 ἐπὶ
1542 2240 1615 2276 μέγα
1642 2241 1693 2273 τὰς
1709 2241 1836 2278 κιθάρας
1865 2241 1908 2278 τῷ

1102 2285 1235 2322 πλήκτρῳ
1272 2286 1442 2322 κρουομένας
1479 2286 1533 2313 ἔδει
1575 2287 1653 2321 ἠχεῖν
1691 2287 1740 2314 καὶ
1780 2287 1908 2320 ἐξάκου-

1100 2341 1163 2360 στον
1185 2331 1274 2359 αὐτῶν
1291 2332 1339 2368 τὴν
1371 2332 1506 2368 μελῳδίαν
1532 2332 1727 2361 καθίστασθαι.
1755 2331 1829 2361 Εἶτα
1847 2335 1911 2365 τοῖς

1101 2379 1211 2407 σκεύεσι
1228 2380 1286 2410 τοῖς
1314 2379 1409 2415 ἱεροῖς,
1433 2379 1513 2406 ἀτινα
1536 2378 1620 2412 λίθοις
1643 2379 1748 2415 τιμίοις
1763 2380 1814 2407 καὶ
1828 2389 1910 2416 μαρ-

1100 2427 1194 2463 γάρων
1221 2427 1417 2461 κατεκοσμεῖτο
1430 2425 1619 2462 φαιδρότησιν,
1645 2425 1676 2460 ἐξ
1702 2426 1834 2462 ἀργύρου
1858 2427 1913 2454 καὶ

1100 2472 1204 2509 χρυσοῦ
1231 2473 1510 2508 κατεσκευασμένοις,
1534 2472 1551 2499 ἃ
1582 2473 1628 2500 καὶ
1645 2472 1911 2508 λελειτουργηκότα

1099 2519 1230 2551 πολλάκις
1246 2520 1280 2555 τῇ
1297 2518 1359 2555 θείᾳ
1372 2518 1552 2555 μυσταγωγία
1567 2519 1729 2554 ιτύγχανεν,
1743 2520 1773 2545 ὲν
1789 2519 1914 2550 τούτοις

251 2567 342 2594 τοίνυν
352 2567 446 2601 σίνηπι
463 2566 511 2592 καὶ
529 2566 588 2599 ὅξος
599 2565 764 2601 ἐμϐαλόντες
781 2566 853 2593 οὕτω
871 2566 1044 2602 μετεδίδοσαν
1059 2568 1114 2600 τοίς
1131 2568 1236 2602 ὁμοίοις
1270 2567 1341 2603 μετά
1369 2566 1470 2593 πολλοῦ
1490 2566 1538 2593 τοῦ
1564 2566 1667 2602 μεταξὺ
1691 2567 1817 2601 γέλωτος
1858 2571 1913 2593 καὶ

253 2611 384 2647 ῥημάτων
394 2610 516 2646 αἰσχρῶν
529 2611 575 2637 καὶ
591 2611 739 2646 σχημάτων
762 2611 958 2648 ἀποτροπαίων
984 2612 1032 2640 καὶ
1050 2612 1197 2649 βδελυρῶν.
1222 2611 1296 2640 Εἶεν.

287 2656 332 2683 22.
346 2657 414 2683 Cum
431 2657 576 2691 aliquando
588 2657 781 2686 sanctissimus
796 2658 951 2693 patriarcha
967 2658 1046 2694 lgna-

252 2704 317 2736 tins,
339 2702 527 2730 ecclesiastico
546 2703 622 2730 omni
645 2708 718 2731 coetu
744 2708 771 2731 et
796 2704 892 2732 ordine
918 2704 1045 2739 stipatus,

252 2751 312 2786 pias
329 2750 544 2786 supplicationes
557 2751 583 2778 in
599 2751 722 2786 pomerio
736 2757 815 2779 extra
832 2759 928 2779 muros
944 2751 1043 2784 obiret,

250 2802 277 2824 et
299 2797 333 2824 ad
351 2797 475 2825 divinum
492 2797 629 2832 quoddam
647 2797 779 2833 templum
794 2803 925 2826 consueta
939 2798 1045 2826 cantica

1127 2659 1190 2695 ”κβ¹.
1209 2659 1263 2687 Τοῦ
1274 2659 1302 2686 δὲ
1315 2652 1468 2694 ἁγιωτάτου
1484 2659 1653 2695 πατριάρχου
1667 2659 1802 2693 Ίγνατίου
1822 2661 1915 2694 ποτὲ,

1102 2705 1172 2740 μετὰ
1183 2704 1274 2739 πάσης
1286 2704 1337 2740 τῆς
1351 2704 1416 2739 περὶ
1429 2703 1512 2731 αὐτὸν
1524 2704 1759 2740 ὲκκλησιαστικῆς
1778 2705 1918 2741 δορυφο-

1101 2750 1163 2786 ρίας
1187 2750 1234 2778 καὶ
1249 2749 1364 2783 τάξεως,
1378 2750 1527 2782 λιτανείαις
1542 2750 1553 2766 ³
1569 2750 1685 2785 πρόοδον
1711 2751 1766 2787 πρὸ
1785 2752 1846 2787 τῆς
1868 2753 1918 2780 πό-

1099 2797 1168 2829 λεως
1194 2797 1358 2832 ποιουμένου
1382 2797 1430 2824 καὶ
1452 2797 1521 2833 πρός
1536 2805 1596 2825 τινα
1611 2798 1798 2833 πορευομένου
1833 2799 1919 2828 θεῖον

901 2853 1020 2882 VARUE
1044 2851 1248 2882 LECTIONES.

286 2902 309 2918 "
326 2901 384 2937 ἐπὶ]
399 2903 430 2928 ἐκ
447 2901 478 2929 Ρ.
515 2902 538 2918 ⁸⁸
551 2910 582 2928 τε
599 2909 654 2930 om.
672 2901 702 2929 Ρ.
741 2902 764 2918 ⁸⁷
780 2901 932 2937 δωδέκατον
948 2901 977 2929 Ρ.
1016 2901 1039 2916 ’⁸
1055 2901 1086 2936 δὴ

252 2936 425 2972 μιαρώτατος
437 2937 468 2964 Ρ.
506 2938 517 2954 ¹
529 2938 634 2973 ὀχυρὸς
651 2937 682 2966 Ρ,
721 2938 732 2963 ἒ
749 2936 886 2969 λιτανείας
901 2938 932 2964 Δ.

1100 2900 1132 2927 Α.
1183 2900 1204 2916 ’³
1218 2899 1337 2936 Γρῦλλον
1355 2898 1535 2933 Barberinus,
1551 2898 1751 2936 ΓροῦλλονᾹΡ.
1790 2900 1801 2916 ¹
1831 2910 1919 2938 παμ-
