1989 3161
263 225 315 256 267

816 219 1072 250 T‘IIEOI’IIANES
1087 220 1366 251 CON'I'INUATUS.

1849 217 1896 249 268

297 281 342 307 26.
361 279 456 314 Neque
478 282 567 311 tamen
585 276 658 312 quod
671 283 755 303 suave
773 276 874 309 solum,
891 281 919 303 ct
933 275 1053 302 solutqu

1141 278 1198 307 xc".
1215 275 1288 310 Πλὴν
1317 275 1346 301 οὐ
1360 274 1391 302 τὸ
1418 274 1549 310 μειλίχιον
1570 275 1651 309 μόνον
1682 274 1729 300 καὶ
1745 273 1837 301 λυαῖον
1854 275 1896 300 καὶ

263 332 290 355 ct
305 327 478 359 deliciosnm,
495 329 522 352 et
533 324 726 355 remissum,ct
739 323 830 355 molle,
838 327 866 350 et
884 322 1054 354 indecorum,

263 382 295 402 ex
309 374 441 402 ebrietate
458 371 575 399 habebat
590 370 690 398 Bacchi
709 371 859 406 gratiarum
871 369 976 397 datoris
988 376 1056 404 gau-

263 420 366 454 diique,
387 425 467 453 quem
480 424 510 444 se
526 415 662 444 etimitari
678 415 828 449 putabatet
843 413 991 445 ambiebat,
1009 414 1055 441 sed

263 474 360 493 rursus
367 466 448 493 etiam
458 464 586 495 crudelis,
595 464 668 490 illius
675 470 762 494 more,
771 462 906 490 furiosum
915 461 978 496 quid
984 461 1055 496 piam

261 511 472 546 Titanieumque
484 510 662 545 praeferebat;
677 516 728 535 nec
743 515 806 535 raro
818 508 952 535 comicum
968 507 1058 542 pervi-

261 557 355 592 gilium
368 556 394 583 in
405 556 540 583 malorum
551 555 590 582 illi
599 555 679 582 desiit
690 553 862 588 tragoediam.
873 551 912 579 Ex
925 552 1057 579 temulen—

258 605 299 631 tia
317 604 390 631 enim
403 602 579 630 debacchatus
596 600 775 635 felicioreque
789 599 899 627 fortuna
914 599 1007 626 ebrius
1030 598 1056 625 in

260 657 371 678 otunem
399 649 503 676 nefarie
519 648 689 682 impietatem
703 647 863 682 proruebat.
880 645 947 673 Cum
965 645 1059 680 itaque

261 701 337 724 totus
354 703 431 731 mero
446 694 575 722 madidus
599 699 626 721 et
650 693 817 720 temulentus
836 696 905 725 erat,
925 699 956 718 ac
976 692 1058 726 quiq-

260 743 327 778 quid
362 749 477 778 prorsus
508 748 580 768 sana:
610 740 709 767 mentis
749 744 792 766 cst
826 742 997 770 excusserat,
1025 737 1058 764 all

262 789 350 816 caedes
380 788 503 815 animum
530 786 677 821 adjiciebat
705 785 938 820 iunocentumque
967 783 1060 810 homi.

262 843 329 862 num
354 839 462 862 atroces
479 841 575 870 poenas
598 841 630 861 ac
645 839 725 860 ncces
748 831 911 867 imperabat.
928 830 991 858 Haec.
1003 830 1060 857 fere

264 881 340 909 illius
362 881 394 908 ad
411 881 553 908 ministros
572 880 648 914 jussa
667 887 675 906 :
696 878 773 906 Hunc
792 878 920 913 illumque
941 878 1059 905 tollentes

263 927 350 954 lictori
366 926 472 953 tradite.
501 923 588 952 Alteri
614 925 703 952 oculos
722 924 846 959 effodite;
869 915 980 951 alterius
1002 932 1060 950 ma—

1094 321 1243 356 ’τρυφηλόν
1260 330 1288 348 τε
1300 323 1321 337 ’⁷
1332 322 1378 348 καὶ
1387 321 1530 356 ἀνειμένον
1545 322 1591 348 καὶ
1603 321 1707 348 ἁπαλὸν
1717 322 1764 348 καὶ
1778 329 1893 356 παρακε-

1107 367 1221 401 κινηκὸς
1236 367 1267 392 ὲκ
1281 366 1331 401 τῆς
1349 366 1434 402 μέθης
1450 366 1582 401 ἐκέκτητο
1600 366 1646 393 τοῦ
1656 365 1797 401 χαριδότου
1809 365 1898 392 Διονύ-

1109 421 1167 442 σου,
1197 412 1227 439 ὃν
1254 412 1398 448 μιμεῖσθαι
1417 412 1486 448 ᾤετο
1501 413 1726 444 καλὲσπούδοζεν
1739 420 1746 428 ·
1765 413 1835 440 ἀλλά
1853 414 1898 440 καὶ

1107 458 1145 490 ὡς
1157 459 1290 494 ὠμηστὴς
1300 459 1323 474 ³⁸
1340 459 1421 486 πάλιν
1436 460 1496 486 κατ’
1525 460 1607 486 αὐτον
1630 461 1736 486 ἐκεῖνον
1751 460 1774 476 ’⁸
1789 457 1847 495 εἶχε
1870 460 1898 485 τὸ

1108 505 1254 539 ἑρινυῶδές
1280 514 1309 531 τε
1334 506 1382 532 καὶ
1403 506 1552 539 τιτανικὸν,
1570 506 1617 533 καὶ
1631 506 1764 537 πολλάκις
1786 506 1898 541 κωμικὴ

1109 552 1242 586 παννυχὶς
1255 553 1296 583 εἰς
1309 551 1464 588 τραγῳδίαν
1476 553 1624 588 συμφορῶν
1638 553 1829 588 ἐτελεύτησεν,
1846 553 1897 580 Ἐκ

1109 607 1139 624 τε
1156 598 1209 633 γὰρ
1234 598 1284 633 τῆς
1311 598 1397 633 μέθης
1424 599 1562 634 παροινῶν
1578 599 1624 625 καὶ
1644 600 1676 626 ἐκ
1699 600 1748 634 τῆς
1773 599 1900 634 εὐτυχίας

1110 643 1279 679 παρανόμως
1291 645 1332 677 εις
1346 645 1420 672 ἅπαν
1448 645 1576 678 ἐξώκειλε
1601 645 1742 678 δυσσεεές.
1767 646 1832 673 ὀτε
1858 644 1901 674 οὖν

1110 691 1171 722 ὅλος
1181 691 1227 718 τοῦ
1240 692 1360 726 ἀκράτου
1376 691 1485 726 καὶτῆς
1503 691 1588 727 μέθης
1612 691 1722 726 ἐγένετο
1739 693 1787 719 καὶ
1813 693 1900 727 πάντη

1110 737 1160 768 τὰς
1189 737 1293 769 οἰκείας
1323 739 1427 773 φρένας
1451 738 1587 770 ἀπώλεσε,
1605 739 1672 773 πρὸς
1691 738 1788 772 φόνους
1804 738 1901 774 ἐχώρει

1111 784 1240 819 καὶπρὸς
1254 785 1383 812 ἀναιτίων
1397 784 1550 819 ἀνθρώπων
1567 784 1730 815 ἀλλοκότους
1741 785 1840 816 ποινὰς
1858 785 1902 811 καὶ

1112 831 1230 865 σφαγὰς,
1246 831 1293 858 καὶ
1304 831 1360 863 τοῖς
1372 831 1523 866 ὑπηρέταις
1532 830 1706 857 ἑνεκελεύετο
1717 838 1723 845 ·
1737 829 1797 857 Τὸν
1807 830 1902 863 δεῖνα,

1111 878 1188 912 φησὶ,
1207 877 1256 904 καὶ
1289 877 1373 904 δεῖνα
1392 878 1539 909 λαϐόντες
1557 876 1596 909 τῷ
1612 877 1707 911 δημίῳ
1735 877 1901 911 παράδοτε,

1112 923 1162 950 καὶ
1181 923 1283 957 ἐτέρου
1304 924 1374 956 τοὺς
1384 923 1560 958 ὀφθαλμοὺς
1573 923 1744 957 ὲξορύξατε,
1772 922 1820 950 καὶ
1849 923 1902 950 ἅλ-

263 981 312 999 ηιιις
331 972 460 1007 pedesque
478 971 655 1005 prtescindite.
674 970 725 997 Hic
737 956 829 1004 rapite
850 970 923 1003 luat;
939 969 984 996 ille
1000 970 1058 1004 igne

1112 971 1167 996 ,1ου
1187 970 1240 1002 τὰς
1255 969 1357 1003 χεῖρας
1377 956 1426 996 καὶ
1445 956 1520 1001 τοὺς
1536 956 1632 1002 πόδας
1657 969 1817 1002 ἐκκόψατε.
1850 969 1901 995 Kal

264 1022 406 1044 torreatur.
436 1015 491 1043 Eos
522 1015 639 1043 ministri
663 1015 841 1050 arripientes,
866 1021 930 1042 cum
955 1014 1058 1041 scirent

263 1064 336 1090 haud
367 1069 441 1090 sana:
467 1062 568 1089 mentis
586 1061 671 1088 fuisse
695 1068 756 1087 cum
773 1059 938 1087 sententiam
966 1059 1057 1090 ferret,

264 1111 403 1138 dedebant
431 1109 469 1136 illi
488 1109 598 1143 quidem
617 1107 758 1139 custodiat,
779 1114 833 1133 non
855 1110 947 1133 tamen
963 1104 1044 1140 252

263 1157 352 1192 poenis
375 1155 554 1183 addicebant:
572 1162 643 1189 saepe
658 1161 722 1181 vero
736 1174 743 1186 ,
757 1161 819 1180 cum
836 1152 898 1188 quis
914 1157 973 1179 erat
992 1159 1060 1187 quo-

263 1210 327 1230 cum
355 1209 410 1230 non
439 1200 506 1228 satis
535 1200 603 1235 ipsis
628 1199 808 1227 conveniebat
833 1199 927 1233 eisque
959 1205 1060 1225 exosus

263 1254 334 1282 erat,
367 1247 542 1283 imperatoris
572 1248 702 1273 mamlato
734 1245 878 1272 abutentes
904 1252 978 1276 enm,
1008 1244 1058 1271 etsi

265 1294 452 1325 innocentem.
469 1292 552 1320 Veluti
579 1292 684 1327 judicio
703 1291 864 1319 damnatum
890 1290 917 1318 in
949 1297 1058 1325 poenam

264 1340 419 1376 rapiebant.
444 1339 514 1367 Hinc
541 1339 625 1367 miser
651 1338 706 1372 ille,
736 1346 769 1366 ne
798 1343 864 1365 tunc
888 1338 998 1373 quidem
1032 1338 1059 1364 in

264 1387 364 1423 quibus
390 1391 549 1414 versaretur
583 1385 749 1421 intelligens,
780 1394 794 1412 a
827 1385 1003 1413 cubiculariis
1031 1384 1059 1410 in

265 1432 442 1468 imperatorio
458 1432 557 1460 lectulo
580 1432 729 1459 reclinatus
744 1431 834 1459 vicino
850 1431 947 1458 mortis
962 1437 1059 1458 somno

265 1479 349 1507 veluti
368 1479 535 1513 mancipium
558 1475 782 1513 opprime-batur;
803 1486 884 1506 mane
905 1485 979 1509 vero,
998 1485 1058 1504 cum

266 1532 381 1553 somnus
405 1531 518 1559 vapores
536 1524 592 1550 vini
616 1532 794 1559 crassanxque
815 1525 888 1552 illam
915 1523 1059 1558 caliginem

265 1572 312 1599 vix
353 1570 463 1598 tandem
503 1570 692 1602 discussissct,
729 1570 922 1605 expergiscens
957 1568 1060 1596 nullius

1110 1014 1201 1048 οὗτος
1225 1015 1362 1050 κεφαλῆς
1392 1016 1584 1050 τιμωρείσθω,
1607 1015 1750 1049 κάκεῖνος
1774 1015 1903 1050 γινέσθω

1108 1064 1326 1097 πυρίκαυστος.
1352 1062 1407 1094 Οὓς
1428 1063 1557 1095 λαϐόντες
1580 1063 1605 1089 οἰ
1624 1063 1778 1098 ὑπηρέται,
1797 1062 1848 1089 καὶ
1868 1062 1903 1096 τῷ

1109 1107 1161 1141 ἔξω
1175 1109 1230 1135 τῶν
1245 1109 1353 1144 φρενῶν
1378 1109 1460 1136 αὑτὸν
1486 1109 1643 1144 τυγχάνειν,
1660 1110 1725 1137 ὅταν
1747 1109 1830 1144 ἐξῆγε
1857 1109 1904 1140 τὰς

1110 1155 1273 1190 ἀποφάσεις,
1296 1155 1488 1189 γινώσκοντες,
1515 1156 1687 1191 ἐμφρούρους
1710 1155 1753 1192 [1³.
1773 1155 1837 1191 157]
1859 1157 1905 1191 μὲν

1111 1202 1209 1233 αὐτοὺς
1228 1202 1346 1235 ἐποίουν,
1373 1204 1434 1234 ταῖς
1451 1204 1559 1235 ποιναῖς
1586 1203 1614 1230 δὲ
1638 1203 1668 1229 οὐ
1684 1202 1904 1230 καθυπέὃαλλον.
1931 1202 1933 1204 ’

1110 1248 1245 1280 Πολλάκις
1260 1248 1299 1280 δὲ,
1317 1250 1340 1275 εἰ
1353 1249 1448 1284 ἔτυχέν
1465 1258 1507 1281 τις
1523 1250 1591 1285 πρὸς
1613 1250 1643 1276 ὃν
1655 1250 1705 1276 οὐκ
1719 1247 1793 1286 εἶχον
1807 1249 1905 1285 ἡδέως,

1109 1294 1168 1321 ἀλλ’
1183 1291 1322 1329 ἀπεχθῶς,
1340 1295 1502 1330 ἀπεχρῶντο
1518 1297 1552 1330 τῇ
1569 1295 1695 1331 βασιλικῇ
1709 1295 1850 1326 κελεύσει.
1864 1295 1906 1322 καὶ

1110 1343 1143 1378 τῇ
1157 1342 1281 1378 τιμωρίᾳ
1296 1342 1342 1368 τὸν
1371 1342 1459 1368 ἀθῶον
1484 1341 1622 1373 ὲξεδὶκουν
1636 1342 1791 1369 κατάὂικον.
1813 1339 1882 1367 Εἶτα
1893 1341 1906 1366 ό

1110 1385 1226 1416 δείλαιος
1251 1386 1354 1416 ἐκεῖνος
1380 1385 1428 1412 καλ⁴
1450 1385 1542 1415 ἄθλιος
1563 1385 1586 1401 ³⁸
1613 1385 1674 1411 τότε
1690 1385 1739 1420 μὲν
1748 1384 1805 1411 οὐδ’
1821 1386 1854 1410 ὲν
1869 1381 1908 1414 οἷς

1111 1432 1186 1458 ἐστιν
1205 1431 1294 1463 εἰδὼς,
1321 1431 1396 1467 παρά
1422 1431 1478 1458 τῶν
1503 1431 1694 1458 κατευναστῶν
1708 1431 1748 1466 τῷ
1771 1429 1907 1464 βασιλικῷ

1111 1476 1339 1512 προσανεκλίνετο
1353 1476 1483 1511 σκίμποδι
1499 1476 1546 1503 καὶ
1560 1476 1598 1512 τῷ
1610 1476 1711 1511 γείτονι
1723 1475 1773 1502 τοῦ
1789 1475 1907 1502 θανάτου

1112 1525 1189 1559 ὕπνῳ
1213 1523 1251 1556 ὼς
1279 1524 1446 1559 ἀνδράποδον
1474 1523 1626 1556 ὲξεδίδοτο¹
1653 1522 1757 1549 ἔσωθεν
1786 1522 1828 1554 δὲ,
1861 1521 1907 1547 τοῦ

1112 1571 1197 1598 ὕπνου
1224 1571 1288 1603 τοὺς
1313 1571 1345 1597 ὲκ
1372 1570 1418 1597 τοῦ
1432 1571 1505 1597 οίνου
1531 1571 1637 1605 ἀτμοὺς
1651 1569 1699 1597 καὶ
1720 1569 1770 1604 τὴν
1789 1569 1908 1604 παχεῖαν

266 1620 362 1646 eorum
383 1625 443 1653 qua!
463 1617 551 1652 pridie
567 1617 673 1652 vesperi
689 1617 759 1644 facta
775 1621 869 1644 essent
885 1616 1058 1648 meminerat,

1112 1615 1218 1649 ἐκείνην
1238 1615 1323 1651 ἀχλὺν
1341 1615 1419 1651 μόλις
1439 1616 1494 1643 ἀπὸ
1514 1616 1562 1642 τοῦ
1591 1616 1744 1651 ἐγκεφάλου
1760 1614 1909 1642 διασκεδά-

266 1665 424 1700 szepiusque
443 1665 591 1692 nonnullos
608 1672 641 1691 cx
660 1664 714 1692 illis
727 1663 868 1698 quaerebat
883 1670 956 1698 quos
972 1667 1060 1689 temu-

266 1712 358 1739 lentus
382 1711 562 1738 damnaverat
589 1710 727 1744 mortique
756 1709 909 1737 addixerat.
940 1708 1061 1736 Audiens

265 1764 332 1785 vero
352 1765 367 1784 a
383 1756 564 1791 stipatoribus
585 1761 612 1783 et
638 1755 773 1783 ministris
792 1762 875 1790 quam
892 1755 919 1781 in
944 1761 992 1782 eos
1013 1760 1060 1781 ve-

265 1803 338 1838 speri
361 1802 524 1830 sententiam
553 1801 663 1834 tulerat,
681 1801 770 1835 ipsum
785 1800 850 1827 facti
866 1799 1015 1835 poenitebat
1029 1806 1062 1826 ac

264 1849 473 1885 ingemiscebat.
497 1848 531 1876 Et
556 1847 703 1882 aliquando
725 1847 834 1881 quidem
857 1845 966 1882 quaesiti
983 1846 1060 1873 inve-

265 1896 422 1926 niebantur.
447 1893 595 1929 aliquando
609 1900 673 1921 vero
690 1892 795 1920 inutilis
808 1897 866 1920 erat
880 1900 929 1927 pro
945 1892 980 1919 iis
997 1899 1060 1927 qua:

265 1941 371 1969 nefarie
392 1940 431 1968 illi
452 1944 526 1976 gesta
551 1943 630 1967 erant
644 1938 814 1974 poenitentia,
828 1939 882 1967 illis
902 1938 1018 1966 sublatis
1033 1938 1060 1964 in

265 1995 336 2023 quos
365 1986 529 2015 sententiam
557 1985 674 2013 dixerat.
700 1984 807 2013 Rursus
839 1985 938 2012 iterum
968 1991 1059 2014 mane.

265 2033 378 2069 vinique
395 2036 460 2068 potu
478 2033 503 2060 in
524 2032 659 2067 prolixam
675 2036 782 2059 noctem
797 2039 860 2059 cum
884 2030 1062 2066 nequissimis

265 2081 348 2108 dictis
373 2079 509 2114 factisque
525 2082 637 2106 strenue
651 2082 800 2113 protracto,
816 2077 910 2105 eadem
924 2076 1059 2112 patrabat.

266 2124 330 2152 Haec
344 2131 409 2151 vero
425 2124 553 2158 quisnam
571 2122 665 2150 audiat
680 2123 836 2157 videatque,
850 2121 892 2149 vel
911 2122 932 2149 si
948 2129 1061 2148 saxeum

267 2171 307 2198 illi
331 2176 427 2205 pectus
443 2176 530 2204 exque
553 2169 652 2196 robore
675 2168 793 2201 animus,
809 2168 855 2203 qui
871 2175 925 2196 non
943 2168 983 2195 ira
997 2175 1062 2195 con-

267 2217 378 2248 citetur,
407 2223 458 2243 nec
491 2214 640 2250 aliquando
673 2215 707 2242 ad
737 2222 785 2242 eos
812 2215 986 2242 ulciscendas
1015 2213 1062 2248 qui

267 2261 379 2290 innoxie
404 2265 517 2295 pereant
543 2260 712 2288 incalescat?
732 2259 788 2288 Nec
815 2260 972 2287 mortalium
1001 2266 1063 2286 om-

1112 1671 1218 1695 σαντος,
1235 1662 1441 1697 ἐξεγειρόμενος
1455 1661 1532 1689 οὐδὲν
1548 1661 1602 1688 τῶν
1622 1662 1652 1689 ὲν
1668 1663 1701 1696 τῇ
1723 1662 1832 1696 ἑσπέρα
1846 1660 1910 1695 ἑμέ-

1113 1716 1211 1744 μνητο,
1232 1708 1280 1734 καὶ
1307 1708 1399 1744 ἐζήτει
1418 1707 1550 1739 πολλάκις
1572 1707 1650 1738 τινὰς
1669 1707 1716 1742 ἀφ’
1739 1704 1778 1734 ὧν
1790 1708 1819 1733 ὲν
1836 1707 1858 1723 ³¹
1878 1708 1909 1741 τῇ

1113 1753 1183 1790 μέθῃ
1209 1754 1417 1789 κατεψηφίσατο
1433 1754 1481 1781 καὶ
1505 1753 1545 1789 τῷ
1569 1753 1677 1789 θανάτῳ
1691 1753 1821 1786 ἐξέδωκε,
1843 1761 1912 1788 μαν-

1113 1799 1202 1827 θάνων
1216 1799 1246 1827 ὁὶ
1261 1800 1336 1835 παρὰ
1349 1800 1403 1826 τῶν
1415 1800 1574 1836 δορυφόρων
1587 1809 1617 1827 τε
1631 1800 1678 1827 καλΙ
1689 1799 1841 1834 ὑπηρετῶν
1851 1799 1870 1826 ἃ.
1884 1800 1912 1825 ὲν

1111 1847 1144 1881 τῇ
1160 1846 1267 1881 ἑσπέρᾳ
1282 1846 1342 1872 κατ’
1370 1846 1462 1872 αὐτῶν
1486 1846 1650 1881 ἑψηφίσατο,
1664 1845 1849 1881 μετεμελείτο
1864 1845 1913 1871 καὶ

1112 1892 1230 1919 ἔστενεν.
1250 1892 1305 1920 Καὶ
1329 1892 1424 1919 ἄλλοτε
1449 1893 1498 1928 μὲν
1515 1893 1674 1929 εὑρίσκοντο
1689 1893 1713 1919 οἱ
1732 1892 1912 1927 ζητούμενοι.

1112 1938 1207 1965 ἄλλοτε
1223 1938 1252 1965 δὲ
1266 1938 1396 1973 ἀνόνητος
1408 1936 1442 1974 ἦν
1459 1939 1534 1974 αὐτῷ
1549 1940 1566 1974 ἡ
1585 1939 1632 1966 ἐπὶ
1649 1940 1706 1970 τοῖς
1720 1939 1845 1970 ἀνοσίοις
1860 1939 1916 1965 τῶν

1112 1985 1203 2021 ἔργων
1221 1985 1361 2020 μετάνοια,
1378 1985 1433 2012 τῶν
1460 1985 1627 2013 ὲκὸοθέντων
1643 1985 1842 2021 ἀνῃρημένων.
1859 1986 1915 2012 Πά-

1112 2031 1154 2058 λιν
1162 2031 1194 2058 δὲ
1206 2031 1254 2067 τῆς
1271 2032 1394 2067 ἑσπέρας
1407 2030 1629 2067 καταλαὼύσης,
1645 2032 1693 2058 καὶ
1708 2031 1848 2066 νεανικῶς
1869 2030 1916 2056 τοῦ

1113 2077 1197 2104 πότου
1213 2077 1310 2113 πόρῤω
1330 2077 1381 2114 τῆς
1400 2077 1500 2109 νυκτὸς
1526 2078 1595 2113 μετά
1617 2077 1673 2103 τῶν
1690 2077 1857 2112 ἀλαστόρων
1873 2077 1917 2111 Ερ-

1113 2132 1170 2158 γων
1185 2123 1232 2150 καὶ
1245 2123 1334 2158 λόγων
1363 2123 1579 2158 προκόπτοντος,
1598 2125 1626 2150 ὲν
1649 2124 1707 2156 τοῖς
1732 2123 1842 2158 ὁμοίοις
1858 2122 1918 2156 ιγ(-

1114 2177 1184 2196 νετο.
1202 2170 1235 2196 ’Δ
1264 2170 1307 2202 τίς
1325 2169 1433 2197 ἀκούων
1454 2179 1484 2196 τε
1514 2171 1561 2197 καὶ
1583 2170 1665 2205 ὁρῶν,
1683 2170 1707 2197 εἰ
1733 2170 1781 2197 καὶ
1803 2169 1918 2203 λιθίνην

1115 2215 1227 2250 καρδίαν
1241 2216 1375 2251 ἐκέκτητο
1394 2217 1410 2253 ἢ
1428 2217 1602 2244 παντάπασιν
1618 2216 1784 2252 ἀναίσθητος
1806 2214 1858 2252 ἦν,
1881 2216 1920 2251 μὴ

1116 2261 1184 2297 πρὸς
1201 2261 1287 2297 ὀργὴν
1303 2261 1416 2297 ἐκινήθη
1432 2262 1479 2288 καὶ
1495 2261 1678 2298 διεθερμάνθη
1692 2263 1760 2288 ποτὲ
1777 2262 1853 2297 πρὸς
1870 2261 1920 2296 τὴν

267 2310 344 2336 nium
359 2308 524 2336 mitissimus
541 2307 635 2341 David,
652 2312 680 2335 ut
696 2307 826 2339 arbitror.
840 2311 945 2334 tantam
961 2306 1059 2342 piaculi

1118 2307 1173 2333 τῶν
1202 2307 1334 2339 ἀναιτίως
1356 2307 1554 2342 ἀπολλυμένων
1582 2308 1739 2342 ἐκδίκησιν;
1767 2308 1851 2343 Μηδὲ
1875 2307 1919 2330 τὸν

267 2353 445 2391 petulantiam
472 2353 562 2381 lenius
595 2353 741 2381 sustineat.
764 2353 908 2381 Stoliditas
936 2353 1009 2380 enim
1038 2355 1065 2379 et

267 2406 362 2436 stupor
375 2405 427 2434 est,
445 2408 499 2428 non
512 2400 612 2428 lenitas
626 2405 673 2427 ant
686 2400 802 2434 zequitas
819 2398 986 2433 indulgentia
1007 2398 1064 2426 haec

266 2456 315 2476 seu
333 2446 483 2475 ulciscendi
504 2446 661 2473 subtractus
678 2446 765 2480 vigor.

301 2536 381 2572 253
398 2537 440 2564 27.
459 2535 519 2564 1am
543 2543 606 2563 vero
622 2536 696 2563 onmi
713 2543 781 2570 pcnc
806 2536 942 2564 exhausto
956 2536 1064 2567 :erario,

267 2582 328 2616 ejus
355 2583 462 2610 scilicet
481 2582 580 2617 opibus
600 2583 626 2610 in
651 2582 750 2610 studiis
772 2583 909 2618 rebusque
929 2582 1065 2617 ejusmodi

269 2627 341 2654 finde
363 2627 521 2662 dilapidatis
551 2629 707 2656 necessario
729 2629 892 2657 imminebat
920 2636 1064 2664 procerum

269 2675 391 2702 omnium
409 2674 599 2710 (patriciorum
626 2675 731 2704 scilicet
748 2681 795 2703 aut
819 2675 989 2711 senatorum)
1012 2684 1066 2703 una

269 2719 415 2748 manifeste
429 2725 587 2756 exspectata
601 2721 688 2749 caedes
701 2721 892 2756 bonorumque
905 2722 1066 2757 publicatio,

269 2772 299 2795 ut
323 2776 378 2795 non
396 2768 524 2796 deessent
547 2768 705 2803 imperatori
734 2773 872 2804 sumptus,
897 2769 996 2804 quibus
1015 2777 1066 2795 an-

270 2813 345 2848 rigis.
366 2814 697 2850 nteretricibns,aliisquc
712 2815 828 2850 impuris
853 2814 1012 2841 hominibus
1034 2822 1065 2841 ac

1119 2355 1272 2389 πραότατον
1291 2354 1400 2380 πάντων
1413 2353 1566 2389 ἀνθρώπων
1581 2353 1663 2381 Δαῦλδ
1679 2354 1854 2390 ἀνασχέσθαι
1880 2349 1920 2377 οἶ-

1120 2409 1169 2435 μαι
1180 2401 1229 2436 τὴν
1242 2400 1376 2436 τοσαύτην
1402 2400 1450 2427 τοῦ
1476 2401 1655 2436 καθάρματος
1673 2398 1821 2433 παροινίαν
1832 2406 1842 2413 ·
1857 2398 1921 2432 ἡλι-

1118 2447 1210 2482 θιότης
1222 2447 1277 2482 γὰρ
1288 2447 1336 2474 καὶ
1352 2447 1517 2482 ἀναλγησία,
1540 2448 1571 2473 οὐ
1595 2445 1775 2481 μακροθυμία
1794 2445 1923 2471 ἐνταῦθα

1116 2494 1255 2527 λογίζεται
1272 2494 1289 2528 ἡ
1305 2493 1399 2528 φειδώ.

1155 2540 1208 2572 κζ’.
1225 2541 1295 2574 Ἤδη
1319 2541 1348 2568 δὲ
1378 2541 1487 2568 πάντων
1504 2540 1597 2576 σχεδὸν
1617 2540 1670 2566 τῶν
1687 2539 1833 2566 ἀποθέτων
1854 2548 1926 2574 χρπ-

1120 2586 1212 2620 μοὶτων
1235 2586 1415 2614 ἐπιλιπόντων
1425 2587 1458 2619 ³¹,
1472 2587 1500 2613 ὲν
1510 2587 1567 2618 τοῖς
1577 2585 1709 2617 τοιούτοις
1718 2585 1927 2612 ἀναλωθέν-ταν

1119 2631 1220 2664 αὐτῶν,
1238 2632 1346 2667 ἀνάγκη
1362 2633 1502 2668 ἐπήρτητο
1518 2633 1581 2663 τοὺς
1601 2633 1630 2658 ἐν
1649 2631 1721 2658 τέλει
1736 2631 1851 2663 πάντας
1873 2639 1928 2665 ςα-

1119 2678 1205 2713 νερῶς
1226 2678 1449 2713 ἀποσφάττεσθαι
1479 2679 1526 2705 καὶ
1556 2677 1725 2714 δημεύεσθαι
1743 2677 1794 2710 τὰς
1821 2678 1929 2708 οὐσίας

1117 2724 1217 2756 αὐτῶν,
1243 2724 1276 2751 ἵν’
1301 2724 1358 2761 ἔχοι
1377 2725 1486 2760 πόρονὸ
1501 2724 1629 2760 βασιλεὺς
1645 2724 1765 2760 ἡνιόχοις
1780 2725 1833 2750 καὶ
1854 2725 1931 2758 περ·

1118 2779 1177 2801 ναις
1192 2771 1238 2797 καὶ
1257 2771 1401 2805 ἁσελγὲσιν
1415 2771 1574 2806 ἀνθρώποις
1587 2771 1763 2807 χαρίζεσθαι.
1780 2769 1930 2804 Έὸδομή-

1119 2825 1201 2842 κοντα
1214 2816 1267 2852 γὰρ
1280 2817 1327 2843 καὶ
1338 2817 1484 2844 ἐννακόσια
1512 2817 1680 2853 κεντηνάρια
1700 2816 1931 2851 κεχαραγμένον

902 2871 1019 2899 VARle
1049 2871 1252 2900 LECTIONES.

304 2917 326 2933 "
338 2925 367 2943 τε
382 2926 438 2946 om.
460 2919 490 2947 P.

269 2959 326 2979 om.
339 2953 372 2980 A.

545 2920 567 2936 ³⁵
580 2920 654 2956 ὠμάς
666 2928 707 2952 τις
730 2920 758 2946 Ρ.
798 2920 821 2936 ¹⁹
835 2919 939 2947 ἐκεῖνον
969 2927 1023 2948 οιιι.
1041 2919 1071 2946 Ρ.
1109 2920 1131 2936 ³ο
1143 2919 1190 2945 καὶ
1202 2918 1293 2950 ἄθλιος
1313 2925 1368 2944 om.
1382 2917 1412 2944 P.
1451 2918 1472 2933 ³¹
1489 2917 1518 2943 ὲν
1532 2924 1588 2944 om.
1604 2916 1635 2945 Ρ.

1690 2917 1713 2934 ³⁸
1725 2916 1932 2945 ἐπιλιπόντων
