1989 3161
107 284 187 324 χρυσοῦ,
198 284 282 319 χωρὶς
293 283 415 318 ἀργύρου
429 282 475 310 τοῦ
487 292 516 309 τε
530 284 638 319 ἀσήμου
652 285 698 310 καὶ
710 283 860 318 ἐπισήμου.
876 286 899 312 Λ

106 330 268 361 καταλιπόντος
299 329 429 364 Θεοφίλου
455 330 503 356 τοῦ
533 330 636 365 πατρὸς
666 329 749 356 αὐτοῦ
767 331 796 355 ὲν
822 329 861 363 τῷ

105 378 174 414 φύλακι
184 377 341 412 τηρούμενα
371 376 410 411 τῷ
427 375 572 411 βασιλικῷ,
590 376 630 403 ἔτι
648 376 676 402 δὲ
696 376 744 403 καὶ
757 375 861 402 Θεοδώ-

104 423 184 460 ριςλτῆς
196 421 294 449 τούτου
307 421 411 457 μητρὸς
428 421 496 448 ἄλλα
520 421 688 457 προτιθείσης
713 421 861 456 τριάκοντα

103 468 315 504 καὶάπαρτισάσης
324 468 369 494 τδν
378 468 453 503 χίλια
465 468 520 494 τῶν
529 467 716 503 κεντηναρίων
732 467 860 502 ἀριθμὺν.

102 515 173 544 ἓνούδὲ
185 514 258 545 ὅλοις
284 514 538 550 τεσσαρεσκαίδεκα
563 514 680 550 χρόνοις,
697 514 744 547 ἀφ’
765 510 797 540 οὗ
812 514 861 548 τὴν

101 563 137 590 τῶν
145 562 162 579 ⁸³
171 562 239 588 ὅλων
249 562 375 595 ἐξουσίαν
385 560 463 594 οὗτος
475 562 594 595 ἐδέξατο,
609 562 698 589 πάντα
710 562 860 597 διηφόρησε

101 609 279 641 καὶάνάλωσεν,
309 609 351 639 ὡς
383 609 467 644 μηδὲν
491 609 587 644 ἕτερον
617 609 686 644 μετὰ
707 608 754 635 τὸν
777 608 860 635 αὐτοῦ

100 655 182 682 θάνατον
197 654 343 689 εὑρεθῆναι
359 654 429 688 πλὴν
452 654 517 690 τρία
534 654 582 680 καὶ.
605 654 674 688 μόνα
687 653 709 669 ³⁵
729 653 862 688 κεντηνά-

99 711 137 737 pta.
150 702 199 728 Καὶ
210 701 268 732 πῶς
277 701 306 727 δὲ
316 701 367 727 οὐκ
396 699 508 735 ἔμελλον
527 700 675 732 ἐπιλιπεῖν,
693 700 746 726 κᾶν
763 701 795 725 ἐκ
809 708 860 726 πο-

97 746 297 782 τσμῶνὲπέρῥει,
316 745 359 782 [Ρ.
377 745 441 781 158]
454 746 542 778 οὕτως
552 745 675 780 ἀσελγῶς
688 745 735 772 καὶ
749 746 862 777 ἀσώτως

96 791 301 827 δισσκιδνάμενας
323 792 447 827 Ἦνιόχου
463 793 517 828 γάρ
537 800 603 819 ποτε
620 792 727 819 παιδίον
746 791 864 827 δεξάμε-

96 848 126 870 νος
143 838 184 865 τοῦ
213 839 286 866 οὕτω
306 838 477 874 καλουμένου
506 838 594 865 Χειλᾶ
619 838 767 874 ὁλόκληρον
789 838 864 874 αὐτῷ

95 886 246 921 χεντηνάριον
269 886 438 922 ἐδωρήσατο.
478 886 560 912 Ἀλλὰ
585 886 633 913 καὶ
663 885 702 921 τῷ
727 886 864 922 πατρικίῳ

99 933 193 969 ’ίμερίῳ,
213 932 243 959 ὃν
263 933 363 968 Χοῖρον
390 933 471 964 αὐτὸς
495 933 544 968 μὲν
570 933 584 959 ό
599 931 726 968 βασιλεὺς
751 933 796 959 διὰ
810 931 861 967 τὴν

95 978 127 1012 τῆς
140 977 224 1011 ὅψεως
237 977 379 1013 ὠνόμαζεν
405 977 567 1013 ἀγριότητα,
585 977 629 1004 διὰ
645 978 673 1004 δὲ
692 977 722 1004 τὸ
732 977 861 1013 χοιρῶδες

94 1023 127 1049 τοῦ
139 1023 193 1057 βίου
210 1023 310 1058 μᾶλλον
322 1024 370 1050 καὶ
386 1024 509 1059 ῥυπαρὸν
527 1023 602 1056 ἄξιος
620 1022 654 1058 ἧν
668 1024 719 1057 τῆς
732 1023 861 1058 τοιαύτης

95 1072 249 1106 προσρήσεως
263 1090 271 1103 ,
296 1070 384 1106 τούτῳ
411 1071 501 1098 τοίνυν
534 1070 758 1107 αἱσχρολογοῦντί
796 1079 861 1098 ποτε

93 1116 238 1143 κατενώπιον
267 1117 350 1144 αὑτοῦ
367 1117 416 1143 καὶ
431 1118 492 1149 ταῖς
517 1117 570 1144 ἀπὸ
594 1118 698 1153 σκηνῆς
715 1118 862 1152 φλυαρίαις

93 1163 287 1198 καταχρωμένῳ,
313 1163 345 1189 ἐκ
359 1172 389 1189 τε
417 1163 466 1190 τοῦ
493 1164 633 1196 παντελῶς
659 1164 862 1199 ἀπερυθριᾶσαι

93 1210 126 1236 tul
134 1210 211 1245 μηδὲν
224 1210 279 1236 τῶν
297 1210 490 1237 ὲπονειδίστων
505 1210 621 1246 ὀκνῆσαι
641 1211 687 1236 καὶ
699 1210 784 1245 ψόφον
799 1210 863 1236 ἀκύ-

93 1255 166 1283 λιστον
179 1256 234 1283 ἀπὸ
244 1256 293 1291 τῆς
307 1257 410 1292 μιαρᾶς
425 1256 540 1291 ἀφέντος
550 1256 679 1292 γαστρὸς,
693 1256 764 1283 οὕτω
777 1256 863 1292 βαρὺν

93 1302 125 1328 καὶ
145 1302 268 1338 σφοδρῶς
300 1302 495 1336 καταιγίζοντα
533 1302 604 1329 ὥστε
635 1304 683 1330 καὶ
710 1303 740 1329 τὸ
768 1304 864 1337 φαῖνον

93 1348 183 1381 φστλίον
203 1348 411 1384 ἀποσϐεσθῆναι
428 1350 463 1382 ³⁸,
487 1351 658 1385 πεντήκοντα
681 1350 781 1385 λιτρῶν
803 1351 865 1377 ἐπι-

90 1393 141 1421 δόσει
167 1395 301 1430 ἐτίμησεν
326 1396 364 1427 ὡς
386 1396 552 1431 Ἡράκλειόν
580 1405 641 1422 τινα
662 1396 758 1422 τοῦτον
783 1395 864 1424 ἆθλον

92 1440 213 1468 ἀνύσαντι.
233 1442 287 1469 Καὶ
298 1443 367 1478 πρὸς
380 1442 442 1473 τοὺς
452 1442 550 1474 ἄλλους
566 1442 594 1469 δὲ
605 1442 660 1468 τῶν
678 1442 779 1477 ὁμοίων
790 1442 865 1478 αὑτῷ

92 1486 159 1518 οὕτως
172 1488 342 1523 ὑπέρμετροι
358 1489 385 1514 αἱ
408 1488 498 1520 δόσεις
520 1485 591 1523 ἦσαν
611 1488 705 1516 αὑτοῦ,
728 1488 822 1515 Ταῦτα
837 1489 866 1515 δὲ

91 1532 107 1558 εἰ
120 1533 165 1567 μὲν
181 1533 202 1548 ³⁵
219 1535 259 1565 εἰς
275 1533 445 1569 στρατιώτας
457 1535 503 1561 καὶ
513 1534 675 1570 προμάχους
685 1535 731 1561 καὶ
745 1535 866 1569 ἀριστεῖς

90 1576 101 1612 ἢ
117 1580 153 1610 εἰς
167 1580 230 1611 τοὺς
247 1580 291 1606 ἐπ’
309 1580 381 1615 ἄλλῳ
408 1580 462 1607 τινὶ
475 1580 531 1607 τῶν
553 1581 664 1615 ἀγαθῶν
687 1581 867 1616 διαφέροντας

91 1623 190 1659 ἑτοίμως
216 1625 304 1657 οὕτως
319 1626 477 1662 ³⁷·προῖετο,
502 1627 705 1662 μεγαλοψυχίας
719 1627 751 1654 ἄν
765 1637 806 1659 τις
826 1632 874 1657 καὶ
886 1634 908 1663 c

89 1668 292 1706 ἐλευθεριότητος
309 1672 357 1698 καὶ
379 1672 480 1706 τρόπου
509 1672 652 1708 φιλοτίμου
668 1673 778 1708 ἐνόμισε
795 1675 865 1710 σύμ-

89 1715 159 1743 ϐολα·
171 1717 214 1744 ὅτε
227 1717 256 1744 δὲ
273 1719 313 1750 είς
329 1718 431 1754 μίμους
449 1719 495 1746 καὶ
514 1719 638 1755 ἡνιόχους
656 1721 702 1747 καὶ
727 1722 865 1757 ὀρχηστὰς

89 1763 124 1787 καὶ
140 1762 311 1798 βωμολόχους
327 1765 375 1790 καὶ
392 1764 511 1796 κόλακας
527 1765 575 1792 καὶ
588 1765 733 1802 βδελυρίας
755 1767 865 1804 ἁπάσης

91 1809 191 1840 μεστοὺς
207 1810 335 1845 ἀφρόνως
351 1810 567 1846 διεσκορπίζετο,
583 1813 623 1844 εἰς
634 1813 663 1839 δέ
677 1822 705 1839 τι
715 1812 769 1840 τῶν
783 1822 867 1840 σπου-

89 1853 160 1882 δαίων
176 1856 272 1892 προῄει
297 1856 320 1872 ⁸⁸
346 1857 403 1883 οὐδ’
419 1857 524 1890 ὀϐολὸς,
551 1859 672 1891 ἀσωτίας
693 1860 803 1892 πάντως
819 1861 867 1888 καὶ

89 1905 217 1937 παροινίας
239 1904 288 1930 καὶ
312 1904 467 1939 ἐμπληξίας
496 1905 629 1939 λογίσαιτ’
663 1906 696 1933 ἄν
727 1915 769 1938 τις
796 1904 867 1933 εἶναι

88 1953 222 1986 τεκμήρια.
237 1953 294 1980 Καὶ
307 1944 409 1980 τοὺ-ἴων
421 1953 619 1980 ἐπιλειπόντων
633 1954 683 1988 ἠδη
699 1954 806 1990 ἀνάγκη
822 1953 866 1990 ἦν,

88 1995 172 2032 ὥσπερ
183 1999 205 2014 ³·
221 1999 342 2034 ετρηται,
367 1999 414 2026 καὶ
429 2000 510 2031 ναοὺς
529 1999 728 2034 περισυλᾶσθαι
744 2000 791 2026 καὶ
824 2001 869 2027 εὑ-

89 2045 156 2076 αγεϊς
170 2046 260 2077 οἴκους
271 2046 525 2080 αῑχμαλωτίζεσθαι
540 2047 588 2073 καὶ
597 2047 701 2078 πάντας
712 2047 775 2078 τοὺς
789 2047 868 2074 πλέον

88 2089 137 2115 τῶν
147 2091 233 2118 ἄλλων
258 2092 446 2128 κεκτημένους
476 2093 516 2124 εἰς
542 2093 673 2128 χρήματα
695 2093 868 2128 ἀναιρεῖσθαι

89 2137 130 2164 καὶ
138 2138 368 2173 ἀποσφάττεσθαι.
385 2140 424 2166 Δι’
437 2139 455 2167 ἃ
472 2140 504 2175 δὴ
520 2140 609 2167 πάντα
626 2141 869 2176 συμφρονήσαντες

87 2181 135 2208 τῶν
145 2183 173 2209 ὲν
182 2184 254 2211 τέλει
266 2185 291 2211 ot
306 2184 488 2219 δοκιμώτατοι
503 2186 550 2212 καὶ
564 2185 595 2212 τὸ
616 2185 722 2222 ἔμφρον
737 2186 787 2222 τῆς
804 2195 867 2220 συγ-

88 2227 177 2264 κλήτου
204 2230 315 2266 βουλῆς,
332 2231 377 2258 διὰ
400 2231 456 2258 τῶν
480 2232 701 2268 προκοιτούντων
722 2235 778 2265 τοῖς
794 2233 870 2268 βασι-

88 2272 154 2302 λεῦσι
180 2277 366 2312 στρατιωτῶν,
394 2278 422 2303 ὲν
454 2278 511 2309 τοῖς
539 2278 681 2311 παλατίοις
707 2280 753 2306 τοῦ
777 2279 870 2313 Ἀγίου

89 2320 218 2358 μάρτυρος
231 2323 383 2358 Μάμαντος
395 2324 554 2359 ἀναιροῦσιν
575 2325 667 2358 αὑτὸν,
693 2327 725 2352 ὲκ
737 2326 787 2361 τῆς
799 2327 869 2361 ἄγαν
888 2318 910 2345 θ

87 2366 249 2403 ῦξνοφλυγίας
276 2370 487 2405 ἀνιπαισθήτως
515 2371 561 2397 τὸν
592 2370 678 2398 ὕπνον
699 2372 739 2407 τῷ
762 2372 871 2408 θανάτῳ

89 2412 246 2448 συνάψαντα.
263 2416 371 2453 Ὠσπερ
396 2418 450 2452 γὰρ
481 2417 544 2449 τοὺς
558 2419 707 2453 σκορπίους
733 2420 781 2446 καὶ
798 2419 871 2454 ἔχεις

91 2458 162 2490 μόνον
176 2461 276 2493 ίδόντες
301 2463 348 2489 καὶ
365 2463 430 2498 πρὶν
456 2463 472 2498 ἢ
496 2463 600 2498 τρῶσαι
620 2464 777 2499 ἀναιροῦσιν
791 2466 814 2491 oi
827 2466 872 2493 ἄν-

90 2503 184 2538 θρωποι
199 2507 245 2535 διὰ
259 2509 309 2543 τὴν
338 2510 548 2545 ἐνυπάρχουσαν
563 2510 655 2542 αὐτοῖς
671 2512 781 2543 κακίαν,
799 2511 872 2539 οὕτω

89 2552 191 2580 καὶτῶν
207 2554 312 2590 ἀνδρῶν
327 2556 390 2587 τοὺς
421 2555 508 2587 ίώδεις
524 2558 572 2583 καὶ
598 2558 728 2592 φονικοὺς
748 2559 801 2594 πρὸ
824 2559 871 2585 τοῦ

89 2598 183 2632 τρῶσαι
211 2601 260 2628 καὶ
287 2601 393 2628 ἀνελεῖν
410 2603 607 2635 σπουδάζουσιν
623 2605 783 2632 ἀποκτεῖναι
801 2606 825 2632 οἱ
841 2607 872 2633 ἐκ

88 2644 180 2673 τούτων
199 2648 408 2683 προσδοκῶντες
431 2650 477 2676 τὸν
507 2650 641 2678 κίνδυνον.
659 2651 713 2677 Καὶ
726 2648 803 2683 οὗτος
823 2653 872 2687 μὲν

87 2689 151 2719 οὕτω
167 2693 253 2727 βιοὺς,
267 2695 391 2730 αἰσχρῶς
403 2704 432 2722 τε
442 2697 489 2723 καὶ
502 2697 633 2733 ὀλεθρίως
647 2697 738 2733 ἑαυτῷ
754 2699 801 2725 καὶ
816 2701 872 2731 τοῖς

86 2738 236 2773 πράγμασι,
256 2740 377 2768 τοιοῦτον
397 2742 445 2769 καὶ
462 2743 492 2769 τὸ
505 2743 581 2775 τέλος
599 2743 718 2779 ἐδέξατο,
738 2745 793 2772 τῶν
806 2754 874 2781 προ-

84 2782 254 2819 δεδιωμένων
267 2787 389 2821 ἐπάξιον.

877 958 902 988 Β

620 228 694 258 LIB.
712 227 746 257 V.
761 238 794 243 -’
813 225 991 255 BASILIUS
1011 225 1175 257 MACEDO.

1655 229 1709 262 270

916 282 1086 316 ganeonibus
1127 283 1338 317 gratiﬁcaretur.
1373 284 1548 319 Septuaginta
1591 293 1710 320 namque

916 335 998 362 supra
1035 334 1171 362 nongenta
1203 329 1262 356 auri
1291 330 1391 364 signati
1427 331 1585 358 centenario
1613 336 1712 366 praeter

914 375 1021 409 argenti
1050 375 1127 404 rudis
1159 377 1262 410 pariter
1291 384 1324 404 ac
1351 377 1449 412 signati
1483 378 1548 410 vim,
1579 378 1674 405 relicta
1695 387 1711 405 ιι

913 426 991 456 patre
1020 421 1176 456 Theopltilo
1200 428 1283 458 atque
1311 423 1339 451 in
1368 424 1443 459 regio
1471 429 1577 451 servata
1603 424 1711 456 aerario,
1746 430 1750 434 '

914 468 1017 503 quibus
1032 473 1121 496 mater
1147 467 1292 497 Theodora
1321 469 1432 504 triginta
1448 469 1510 496 aliis
1527 469 1712 504 superadditis

914 514 990 542 mille
1008 516 1230 543 centenariorum
1253 523 1398 543 numerum
1419 516 1615 551 compleverat,
1631 515 1712 544 annis

913 561 1131 596 quatuor-decim,
1147 570 1180 590 ac
1193 570 1228 589 ne
1255 562 1368 598 integris
1384 563 1506 598 quidem,
1519 562 1621 598 quibus
1636 563 1713 590 solus

914 608 974 643 ipse
996 615 1089 635 rerum
1107 608 1213 642 potitus
1229 600 1282 640 esi,
1304 608 1386 642 plane
1414 608 1543 636 distraxit
1567 616 1600 636 ac
1615 608 1714 644 dilapi-

914 653 1000 686 davit,
1020 658 1051 681 ut
1070 657 1134 688 post
1156 654 1217 689 ejus
1239 658 1356 682 mortem
1382 657 1435 682 noh
1461 656 1541 690 plura
1560 655 1648 684 tribus
1666 663 1711 683 re-

916 704 994 734 perta
1010 699 1075 728 sint.
1089 699 1124 727 Et
1137 700 1278 735 quomodo
1292 708 1346 728 non
1360 700 1483 728 futurum
1499 705 1597 730 eratut
1611 701 1712 730 deﬁce.

916 751 986 779 rent,
1002 746 1044 774 vel
1064 746 1086 774 si
1113 754 1145 774 ex
1173 747 1264 774 ﬂuviis
1286 747 1442 780 inlluerent,
1461 756 1522 775 cum
1541 748 1582 776 sic
1609 748 1714 783 perdite

916 798 999 828 atque
1014 793 1129 828 prodige
1148 793 1371 828 dissiparentur?
1388 793 1456 821 Cum
1472 795 1545 822 enim
1563 794 1715 830 aliquando

915 840 1028 875 aurigae.
1050 840 1094 867 cui
1121 847 1222 867 nomen
1249 839 1345 872 Chilaa,
1365 840 1450 868 ﬁlium
1472 849 1505 868 ex
1534 849 1614 869 sacro
1641 841 1715 869 fonte

915 885 1095 920 suscepisset,
1118 885 1253 920 integrum
1281 886 1471 913 centenarium
1485 887 1648 922 magniﬁcus
1667 887 1716 914 do-

916 935 996 958 nator
1026 923 1160 966 erogavit.
1192 930 1246 958 Sed
1273 935 1300 959 et
1328 931 1445 966 patricio
1473 931 1605 966 Himerio,
1633 940 1714 968 quem

915 977 1045 1005 Choerum
1062 977 1101 1013 (id
1124 981 1166 1005 est
1182 978 1306 1013 porcum)
1329 978 1480 1012 imperator
1496 979 1532 1005 ob
1557 978 1614 1006 oris
1633 986 1715 1014 aspc-

913 1024 1022 1051 ritatem
1051 1024 1301 1060 inelegantiamque
1329 1025 1456 1058 vocabat,
1486 1025 1534 1060 qui
1561 1029 1651 1052 tamen
1679 1025 1717 1053 ob

913 1071 1006 1106 porcis
1020 1070 1127 1098 afﬁnem
1142 1071 1338 1106 sordidamque
1354 1071 1415 1098 vitae
1426 1072 1563 1100 rationein
1577 1078 1610 1098 eo
1623 1071 1717 1106 potius

914 1117 1027 1145 nomine
1054 1117 1155 1152 dignus
1187 1114 1343 1151 videbatur,
1372 1118 1446 1152 quod
1472 1118 1622 1153 aliquando
1657 1118 1717 1153 ipso

913 1170 1008 1190 coram
1035 1162 1154 1191 obscena
1173 1164 1257 1192 verba
1288 1164 1416 1192 elfutiens
1443 1168 1471 1192 et
1498 1164 1615 1192 scenicis
1635 1164 1717 1199 nugis

915 1211 1043 1241 abutens,
1070 1210 1145 1237 omni
1171 1218 1286 1245 prorsus
1319 1211 1442 1246 proiecto
1466 1211 1571 1246 pudore
1595 1211 1719 1245 nihilque

915 1262 995 1293 turpe
1020 1266 1052 1286 ac
1070 1258 1234 1294 probrosum
1252 1265 1266 1283 a
1293 1264 1324 1285 se
1341 1257 1461 1284 alienum
1477 1262 1564 1289 ratus,
1584 1258 1718 1292 ganeonis

910 1304 1051 1339 crepitum
1075 1311 1108 1332 ex
1131 1303 1267 1331 scelerato
1282 1307 1377 1330 ventre
1395 1302 1523 1335 misisset,
1538 1303 1579 1329 sic
1606 1309 1718 1337 gravem

915 1350 1060 1385 valideque
1088 1350 1241 1385 displosum
1257 1349 1340 1385 254
1358 1353 1389 1376 ut
1414 1349 1540 1384 procellae
1563 1349 1591 1376 in
1609 1356 1715 1376 morem

916 1396 1065 1435 lucentem‘
1084 1396 1202 1424 faculam
1226 1395 1293 1423 ﬂatu
1319 1396 1494 1428 exstinxerit,
1513 1396 1716 1431 quinquaginta

918 1444 1013 1476 libras,
1027 1443 1140 1478 perinde
1158 1450 1190 1471 ac
1207 1443 1230 1470 si
1245 1441 1409 1470 Herculeum
1426 1442 1479 1469 hoc
1498 1446 1637 1470 certamen
1649 1449 1719 1469 con-

918 1489 1039 1522 iecisset,
1055 1489 1178 1517 liberalis
1196 1493 1357 1517 munerator
1377 1489 1526 1524 congessit.
1546 1488 1591 1516 Sic
1607 1496 1720 1524 quoque

918 1537 977 1571 ejus
1000 1544 1064 1572 erga
1084 1537 1152 1564 alios
1176 1536 1201 1563 ei
1218 1536 1324 1564 similes
1340 1540 1454 1571 nepotes
1477 1536 1589 1564 modum
1609 1543 1720 1564 omnem

918 1584 1032 1618 praemia
1059 1579 1229 1618 muneraque
1248 1583 1405 1611 vincebant.
1425 1581 1488 1610 llaec
1521 1590 1606 1618 porro
1638 1582 1661 1610 si
1692 1582 1722 1610 in

926 1629 1026 1656 milites
1051 1628 1304 1663 primipilariosque
1330 1635 1363 1655 ac
1394 1628 1468 1655 viros
1502 1632 1640 1660 strenuos,
1672 1635 1721 1655 seu

922 1675 1006 1703 etiam
1021 1675 1075 1702 alia
1091 1675 1191 1702 virtute
1215 1678 1388 1709 prastantes,
1405 1674 1446 1701 sic
1463 1674 1576 1709 proclivi
1602 1673 1721 1701 liberali-

922 1726 978 1749 tate
1000 1720 1217 1753 eﬁ'underentur,
1244 1720 1456 1756 magniﬁcentia),
1486 1725 1513 1748 et
1547 1720 1720 1748 liberalitatis

922 1767 1071 1803 magnique
1085 1774 1117 1794 ac
1131 1767 1257 1802 generosi
1278 1767 1362 1794 animi
1382 1767 1459 1802 signa
1472 1774 1526 1794 non
1542 1774 1623 1794 nemo
1645 1767 1722 1794 arbi-

921 1819 1061 1843 traretur:
1086 1815 1159 1849 quod
1177 1821 1242 1841 vero
1259 1813 1285 1840 in
1307 1813 1408 1841 mimos
1426 1818 1453 1841 et
1469 1814 1579 1849 aurigas
1593 1818 1621 1841 et
1636 1813 1722 1841 salta-

923 1869 996 1890 tores
1019 1866 1046 1888 et
1073 1869 1184 1889 scurras
1198 1866 1225 1888 et
1251 1859 1408 1887 adulatores
1423 1866 1451 1887 et
1465 1860 1674 1888 sordidissimos
1689 1867 1721 1887 ac

923 1907 1163 1943 inquinatissimos
1189 1913 1314 1942 quosque
1339 1906 1479 1933 dementer
1504 1905 1721 1941 dissipabantur,

923 1955 1030 1982 honesti
1048 1961 1113 1981 vero
1131 1961 1163 1981 ac
1178 1953 1287 1981 virtutis
1303 1953 1415 1987 praemio
1434 1959 1468 1980 ne
1486 1952 1584 1980 obolus
1606 1951 1718 1987 quidem

924 2002 1144 2033 ministrabatur,
1168 2000 1348 2036 prodigentia!
1358 2000 1471 2027 omnino
1493 2004 1520 2027 et
1537 1998 1682 2026 dementire
1694 2003 1722 2026 et

924 2047 1092 2083 stupiditatis
1115 2050 1190 2075 certa
1214 2046 1315 2074 indicia
1346 2052 1408 2073 esse
1437 2044 1586 2072 existimet.
1615 2043 1722 2077 Quibus

922 2096 978 2130 jam
997 2094 1186 2122 deﬁcientibus
1202 2100 1313 2121 necesse
1328 2097 1397 2125 erat,
1415 2091 1455 2118 uti
1466 2091 1604 2123 dicebam,
1621 2090 1722 2125 templa

925 2141 1049 2177 spoliari,
1067 2140 1211 2175 religiosas
1223 2146 1370 2174 sacrasque
1382 2139 1479 2166 domos
1492 2138 1583 2173 praada
1595 2137 1723 2165 temerari

925 2195 958 2215 ac
985 2186 1091 2222 rapina,
1120 2193 1276 2221 omnesque
1299 2185 1380 2220 paulo
1397 2184 1511 2220 reliquis
1528 2183 1724 2218 locupletiores

925 2234 1041 2268 direptis
1063 2231 1239 2260 facultatibus
1259 2231 1374 2259 mactari
1398 2235 1424 2257 et
1444 2230 1575 2266 iugulari.
1597 2229 1725 2264 Quapro-

926 2285 987 2316 pter
1002 2279 1193 2315 probatissimi
1209 2279 1341 2306 nobilium
1359 2285 1429 2312 equc
1445 2283 1542 2304 senatu
1569 2276 1724 2311 prudentis-

927 2326 1000 2358 simi,
1024 2334 1077 2353 una
1095 2325 1299 2360 conspiratione
1326 2332 1374 2359 per
1389 2324 1490 2351 milites
1508 2331 1555 2358 pro
1581 2330 1660 2351 sacro
1676 2330 1726 2351 cu-

927 2373 1018 2400 biculo
1033 2372 1201 2400 excubantes
1218 2371 1245 2398 in
1262 2371 1363 2405 palatio
1376 2370 1405 2398 S.
1423 2369 1568 2397 Mamantis
1584 2369 1724 2404 martyris,

927 2426 989 2446 eum
1008 2418 1180 2450 interimunt,
1195 2418 1235 2445 sic
1249 2417 1379 2444 nimirum
1392 2420 1422 2443 ut
1437 2416 1583 2443 immodica
1601 2415 1726 2442 vinolen-

927 2466 962 2493 tia
993 2465 1153 2500 consopitus
1181 2464 1285 2500 nbsque
1309 2464 1365 2491 ullo
1393 2471 1476 2491 sensu
1509 2469 1637 2490 somnum
1663 2468 1725 2489 eum

927 2516 1016 2540 morte
1041 2511 1228 2546 coniunxerit.
1254 2509 1491 2544 Quemadmodum
1508 2510 1582 2537 enim
1602 2507 1727 2543 scorpios

927 2565 954 2587 et
970 2559 1080 2594 viperas
1097 2559 1180 2586 semel
1199 2557 1290 2585 intuiti
1308 2556 1435 2584 homines
1460 2556 1497 2583 ob
1520 2555 1646 2582 innatum
1673 2553 1728 2580 illis

928 2606 1015 2637 virus,
1045 2610 1191 2639 antequam
1226 2603 1308 2631 etiam
1338 2603 1439 2630 vulnus
1468 2601 1604 2637 inﬂigunt.
1635 2600 1727 2628 statim

917 2656 1036 2683 vnecant,
1066 2650 1106 2677 sic
1121 2655 1148 2677 et
1172 2656 1327 2676 venenosos
1344 2652 1534 2682 cruentosque
1548 2647 1631 2679 viros,
1651 2650 1731 2673 ante-

928 2705 1010 2733 quam
1029 2697 1174 2723 vulnerent
1191 2695 1271 2730 255
1286 2701 1319 2722 ae
1341 2693 1519 2726 interﬁciant,
1547 2693 1659 2720 student
1675 2691 1729 2719 tol-

932 2745 988 2771 lere
1009 2743 1056 2779 qui
1072 2744 1106 2770 ab
1130 2743 1170 2770 eis
1197 2743 1346 2770 creandum
1375 2741 1427 2768 sibi
1451 2740 1602 2775 periculum
1634 2745 1732 2772 exspe-

937 2796 1023 2819 ctant.
1050 2790 1096 2817 Sic
1122 2789 1177 2822 ille,
1204 2789 1321 2824 turpiter
1349 2795 1382 2815 ac
1405 2786 1521 2814 exitiose
1546 2785 1598 2821 sibi
1627 2784 1732 2819 pariter

85 2830 216 2867 rebusque
246 2833 350 2866 vivens,
376 2836 456 2864 talem
483 2842 510 2864 et
529 2836 609 2864 linem
639 2842 736 2865 nactus
765 2837 867 2873 est,iii:

923 2838 1064 2871 indignum
1086 2843 1147 2871 quae
1170 2842 1218 2870 per
1241 2835 1325 2861 vitam
1351 2837 1485 2868 gesserat.

377 2912 380 2913 ,
755 2884 876 2913 VAIUJS
901 2885 1050 2912 LECTION
1056 2883 1107 2912 ES.

116 2923 139 2966 ξ’
152 2924 208 2966 τῷν
233 2933 289 2966 (_t_ln_.
306 2924 336 2953 Ρ.
366 2927 399 2966 -³⁸
418 2927 497 2963 μόνον
517 2928 548 2955 Α.
588 2929 610 2944 ³⁸
625 2929 822 2966 ἀποσεισοῆναι
841 2934 873 2959 Α.
925 2932 947 2947 ³⁸
963 2932 987 2957 εἰ
1006 2932 1054 2966 μὲν
1071 2938 1127 2958 om.
1143 2930 1174 2958 A.
1226 2930 1247 2945 ³⁷
1263 2925 1386 2965 0310;?-
1425 2927 1447 2944 ³⁸
1462 2925 1551 2961 προΐει
1564 2923 1619 2952 Ap.
1640 2929 1732 2957 παρα·

85 2958 155 2992 vota;
169 2961 201 2989 Δ.
237 2961 259 2978 ⁸·
273 2962 345 2998 ἥπερ
359 2963 391 2991 Α.
