1989 3161
261 216 314 249 97.1

263 321 310 356 qui
327 319 459 347 hactenus
475 318 611 347 secundas
624 317 653 345 in
676 317 818 353 republica
836 318 957 350 tenebat,
976 318 1053 345 Basi-

263 366 317 394 lius
331 374 339 399 ;
353 370 435 400 atque
446 365 481 392 ab
494 363 675 399 optimatibus
687 363 925 399 inferioribusque
946 364 1053 392 ordini-

263 413 315 441 bus
330 412 461 446 omnique
477 406 598 438 exercitu
611 415 638 438 et
660 410 765 445 reliqua
781 410 887 438 urbana
901 411 990 446 plebe,
1008 411 1056 446 qui

263 464 290 487 et
303 463 384 486 antea
402 457 574 492 supplicibus
589 465 605 484 a
622 457 676 485 Deo
693 458 765 485 votis
782 457 816 485 iis
844 458 1055 492 exposcebatur,

264 507 415 541 imperator
430 504 601 532 acclamatus
620 509 673 532 est.
688 505 713 532 is
737 512 812 538 vero,
835 512 899 532 mox
918 512 950 532 ac
965 505 1056 539 reipu-

263 551 341 578 blicae
357 550 436 577 clavo
458 549 586 577 admotus
603 554 657 581 est.
671 554 727 576 ttun
740 557 772 577 se
787 549 846 585 ipse
871 553 928 578 tum
947 549 1055 584 imperii

264 597 387 625 habenas
409 596 465 624 Deo
480 595 595 628 dicavit,
606 595 662 622 haec
677 596 768 623 verbis
781 596 950 624 solemnibus
961 605 1056 630 orans,

262 644 366 671 Christe
381 651 438 675 rem,
456 643 501 678 qui
516 647 562 670 tuo
573 642 679 677 judicio
691 651 722 670 ac
739 647 806 670 nutu
819 643 958 678 imperium
974 644 1055 678 adep-

265 695 307 718 tus
328 690 391 724 sim,
419 690 468 716 tibi
491 689 559 716 illud
582 690 683 723 pariter
704 697 793 725 meque
812 690 898 725 ipsum
922 698 1056 718 consecro.

263 737 383 773 Moxque
409 735 552 764 accersitis
575 739 688 763 senatus
711 736 880 771 primoribus
901 736 1058 771 muniisque

262 783 381 819 publicis
404 789 436 810 ac
459 782 640 817 dignitatibus
662 782 893 817 praecellentibus.
915 782 949 810 iis
960 790 1056 810 coram

262 830 399 865 regiorum
421 828 615 857 thesaurorum
635 835 737 863 penum
753 828 882 864 aperuit;
903 836 953 857 nec
979 829 1056 856 aliud

261 875 412 911 quidquam
428 882 463 902 ex
478 879 554 903 tanta
568 875 749 910 pecuniarum
765 875 792 903 vi
806 875 949 903 inventum
972 883 1056 910 quam

262 922 315 949 tria
331 921 476 953 duntaxat,
494 921 727 955 quemadmodum
743 920 825 956 paulo
840 916 905 948 ante
921 919 1056 953 dicebam,

262 967 436 996 cemenaria.
454 966 546 999 Quare
567 966 702 1002 indagans
719 966 870 1001 imperator
887 967 1000 1001 expensi
1015 974 1058 994 co-

261 1014 361 1046 dicem,
375 1020 465 1048 eoque
479 1013 593 1040 invento
607 1013 678 1047 apud
697 1020 789 1040 senem
807 1012 954 1047 quemdam
967 1020 1056 1040 eunu-

261 1061 357 1092 chum,
391 1060 525 1087 Basilium
557 1059 821 1094 protospatharium,
847 1059 1059 1095 intelligensque

262 1115 316 1142 quo
332 1107 384 1134 illae
401 1106 546 1138 abiissent,
559 1113 622 1132 cum
635 1105 813 1140 optimatibus
826 1105 885 1140 ejus
909 1106 949 1133 rei
973 1113 1056 1134 causa

262 1153 411 1181 consilium
443 1152 550 1180 habuit.
572 1151 680 1179 Horum
698 1159 753 1179 una
781 1159 899 1180 concors
921 1153 1058 1180 sententia

263 1199 326 1232 fuit,
342 1199 416 1234 ipsos
430 1199 477 1234 qui
494 1199 566 1226 male
578 1202 753 1232 acceperant,
768 1198 795 1225 in
807 1198 935 1225 aerarium
954 1197 1059 1225 referre

263 1251 399 1281 oportere.
416 1245 569 1280 Imperator
585 1244 668 1280 256
681 1245 778 1279 iudicii
791 1245 970 1273 acrimoniam
987 1249 1058 1272 tem-

262 1299 373 1327 perans,
398 1292 543 1319 semissem
565 1297 739 1325 receptarum
762 1291 789 1318 in
813 1291 942 1318 ararium
968 1291 1058 1326 publi-

261 1346 325 1367 cum
340 1338 457 1372 singulis
473 1337 649 1365 referendam
666 1337 771 1365 sanxit.
793 1338 834 1365 Ita
854 1337 957 1365 factum
972 1342 1015 1365 est
1030 1341 1060 1365 ut

262 1390 290 1411 et
308 1384 374 1416 illis,
393 1383 446 1411 etsi
462 1382 539 1410 nulla
554 1382 630 1417 digiti
644 1382 833 1410 muniﬁcentia
848 1387 938 1416 erant,
954 1383 1060 1419 accepti

263 1429 385 1456 muneris
398 1435 462 1462 pars
475 1428 547 1455 haud
561 1428 660 1463 exigua
673 1428 795 1461 cederet,
809 1433 837 1456 et
856 1433 979 1456 trecenta
996 1437 1060 1457 cen-

264 1475 370 1502 tenaria
385 1476 419 1501 ad
443 1475 571 1501 aerarium
600 1474 741 1508 publicum
766 1474 907 1507 redirent;
935 1475 1008 1502 unde
1031 1475 1059 1502 in

264 1522 426 1557 urgentibus
438 1521 558 1556 negotiis
571 1520 783 1548 subministrare
797 1521 880 1555 coepit
897 1521 1056 1556 imperator,

263 1575 354 1603 exque
367 1566 447 1595 oilicii
465 1567 571 1594 ratione
591 1574 647 1593 rem
669 1566 804 1601 publicam
821 1575 928 1602 gerere.

814 215 1072 248 THEOPHANES
1086 218 1367 251 CONTINUATUS.

298 271 438 300 28.'Illico
452 275 543 300 autem
563 270 598 298 ad
621 277 759 298 summam
775 277 868 298 rerum
882 272 1053 306 provehitur,
1070 273 1096 303 Α

1145 273 1188 309 [Ρ.
1206 274 1268 310 159]
1283 274 1337 310 κη’.
1358 274 1514 310 Προάγεται
1525 274 1553 301 δὲ
1570 273 1650 304 εὐθὺς
1662 274 1708 301 ἐπὶ
1725 274 1776 311 τὴν
1791 275 1890 302 πάντων

1109 319 1220 355 ἁρχὴνό
1237 321 1318 355 μέχρι
1331 320 1408 346 τοῦδε
1427 319 1596 355 δευτερεύων
1622 319 1726 355 ταύτης
1748 320 1889 354 Βασίλειος,

1109 366 1158 392 καὶ
1172 366 1249 401 παρά
1272 374 1302 392 τε
1313 366 1364 401 τῆς
1376 365 1487 401 ἐντίμου
1513 365 1611 401 βουλῆς
1627 365 1675 393 καὶ
1690 365 1745 392 τῶν
1761 366 1898 402 ὐποὸεεη-

1110 411 1199 438 κότων
1219 411 1370 446 ταγμάτων
1385 412 1432 438 καὶ
1448 410 1549 442 παντὸς
1563 409 1611 437 τοῦ
1635 409 1834 446 στρατεύματος
1847 411 1893 437 καὶ

1109 457 1158 485 τοῦ
1175 457 1255 492 ὄχλου
1284 456 1331 484 τοῦ
1355 457 1467 484 ἀστικοῦ
1483 456 1497 482 ὁ
1513 457 1562 484 καὶ
1583 456 1637 491 πρὸ
1654 455 1751 483 τούτου
1761 456 1796 483 δι’
1809 456 1892 491 ίιιετη-

1112 504 1198 539 ρικῶν
1230 503 1318 539 εὐχῶν
1358 503 1572 538 ἑπιξητούμενος
1610 501 1808 538 ἀναγορεύεται
1847 502 1894 528 αὐ-

1109 550 1255 585 τοκράτωρ
1281 549 1432 581 Βασίλειος.
1450 551 1498 581 ’ος
1533 549 1591 584 ἅμα
1616 548 1656 584 τῷ
1683 548 1828 584 παρελθεῖν
1848 548 1894 575 ἐπὶ

1110 597 1160 632 τὴν
1173 596 1227 623 τῶν
1243 597 1312 624 ὅλων
1325 596 1412 632 ἀρχὴν
1426 596 1474 623 καὶ
1490 595 1587 629 ἐαυτρν
1599 595 1647 622 καὶ
1661 595 1711 627 τὰς
1723 594 1771 621 τοῦ
1784 596 1894 630 κράτους

1110 643 1190 678 ἡνίας
1205 642 1264 678 Θεῷ
1276 643 1464 676 ἀνατέθεικεν,
1481 642 1631 678 εὐξάμενος
1642 641 1690 668 ἐπὶ
1703 641 1802 675 λέξεως
1817 641 1892 668 τάδε’

1109 689 1220 723 Χριστὲ
1245 689 1390 722 βασιλεῦ,
1418 689 1455 724 τῇ
1471 688 1513 724 σῇ
1535 689 1633 722 κρίσει
1658 688 1717 722 τὴν
1737 688 1895 720 ,βασιλείαν

1108 736 1284 772 δεξάμενος,
1293 737 1343 764 σοι
1351 737 1400 763 καὶ
1410 737 1524 770 ταύτην
1532 736 1580 763 καὶ
1591 735 1723 770 ἐμαυτὸν
1732 735 1893 770 ἀνατίθημι.

1110 783 1373 819 Προσκαλεσάμενος
1412 783 1441 809 δὲ
1456 782 1556 809 αὐτίκα
1577 782 1642 814 τοὺς
1680 781 1731 816 τῆς
1757 781 1895 816 γερουσίας

1109 829 1258 865 προκίτους
1275 830 1323 857 καὶ
1339 829 1363 845 δι’
1379 831 1408 856 ἐν
1419 829 1558 865 ἀξιώμασι
1583 827 1763 864 προῦχοντας,
1783 828 1838 864 μετ’
1849 829 1896 855 αὐ-

1104 877 1164 904 τῶν
1181 877 1227 903 τὸν
1240 877 1297 903 τῶν
1313 876 1459 912 βασιλείων
1469 876 1617 912 θησαυρῶν
1632 875 1654 891 δ’
1666 874 1767 911 ἀνέῳξε
1777 874 1894 910 φύλακα·

1107 923 1159 950 καὶ
1175 922 1253 949 οὐδὲν
1280 922 1376 958 ἓτερον
1397 923 1431 950 ὲκ
1455 922 1503 950 τοῦ
1528 921 1658 949 τοσούτου
1682 921 1738 948 τῶν
1751 921 1895 956 χρημάτων

1109 968 1231 1004 πλήθους
1246 969 1347 1005 εὑρέθη
1364 969 1435 1004 πλὴν
1448 969 1511 1004 τρία
1522 968 1571 995 καὶ
1587 968 1666 1002 μόνα,
1680 966 1772 999 καθὼς
1788 967 1834 1002 ἠδη
1850 966 1896 994 καὶ

1108 1015 1163 1050 πρὸ
1175 1015 1268 1049 ὀλίγου
1285 1024 1330 1050 μοι
1362 1014 1483 1051 εἴρηται,
1513 1013 1691 1049 κεντηνάρια.
1708 1014 1830 1048 Ζητήσας
1851 1011 1896 1039 οὖν

1109 1063 1123 1088 ό
1137 1061 1265 1097 βασιλεὺς
1281 1061 1330 1098 τὴν
1346 1061 1397 1095 τῆς
1418 1059 1510 1093 ἐξόδου
1537 1059 1731 1096 καταγραφὴν,
1764 1059 1810 1085 καὶ
1835 1058 1897 1084 ταύ-

1109 1116 1160 1143 την
1188 1106 1277 1142 εὑρὼν
1304 1107 1382 1142 παρά
1407 1116 1460 1134 τινι
1488 1106 1544 1133 τῶν
1564 1105 1701 1141 εὐνούχων
1732 1104 1838 1139 γέροντι
1860 1103 1897 1139 τῷ

1110 1153 1355 1190 πρωτοσπαθαρίῳ
1394 1154 1417 1170 ⁸³
1440 1153 1594 1188 Βασιλςίῳ,
1633 1151 1682 1179 καὶ
1720 1151 1800 1185 γνοὺς
1833 1150 1896 1177 ὅπου

1109 1200 1198 1228 ταῦτα
1216 1200 1352 1237 ἐχώρησε,
1385 1200 1483 1236 βουλὴν
1502 1200 1568 1235 περὶ
1584 1199 1680 1226 τούτου
1704 1200 1761 1229 τοῖς
1781 1197 1897 1234 ἀρίστοις

1111 1244 1270 1281 προῦθηκεν
1280 1254 1287 1260 ·
1318 1242 1357 1273 ὧν
1371 1246 1387 1281 ὴ
1402 1245 1494 1280 ψῆφος
1519 1243 1670 1280 ὁμοφώνως
1684 1243 1836 1278 συνᾴδουσα
1853 1241 1897 1269 αὖε

1110 1293 1174 1325 τοὺς
1188 1292 1309 1324 ἐκείνους
1325 1292 1390 1324 τοὺς
1406 1291 1501 1323 κακῶς
1514 1291 1602 1318 ταῦτα
1616 1290 1751 1321 λαϐόντας
1761 1288 1898 1323 ἀντιστρέ-

1107 1337 1159 1372 ψαι
1173 1337 1242 1374 πρὸς
1255 1338 1285 1364 τὸ
1298 1338 1440 1373 δημόσιον,
1451 1338 1465 1364 ὁ
1476 1336 1603 1372 βασιλεὺς
1616 1336 1648 1362 τὸ
1657 1336 1728 1370 ἄγαν
1740 1333 1897 1370 ὑποθραύων

1109 1384 1214 1412 δίκαιον
1242 1384 1293 1417 τὰς
1319 1384 1449 1420 ἡμισείας
1464 1381 1558 1418 ὧνπερ
1582 1381 1680 1409 ἔλαϐον
1697 1381 1811 1408 ἕκαστοι
1831 1379 1899 1407 ἀντι-

1111 1430 1230 1466 στρέψαι
1247 1430 1317 1466 πρὺς
1344 1431 1375 1457 τὸ
1402 1429 1542 1465 βασιλικὸν
1556 1429 1680 1464 ταμιεῖον
1695 1427 1833 1455 ἐκέλευσε.
1849 1425 1899 1452 Καὶ

1111 1476 1198 1509 οὕτως
1214 1477 1314 1512 συνέϐη
1331 1476 1480 1508 κάκείνοις,
1496 1477 1521 1502 εἰ
1541 1475 1589 1502 καὶ
1604 1473 1709 1506 ἀνάξιοι
1725 1473 1816 1507 πάσης
1828 1471 1898 1506 φιλο-

1112 1524 1207 1559 τιμίας
1219 1522 1379 1558 ἐτύγχανον,
1396 1523 1447 1548 οὐκ
1465 1521 1557 1556 ὀλίγον
1572 1521 1613 1547 ἐτι
1630 1517 1839 1555 περιλειφθῆναι
1854 1518 1899 1552 τῆς

1107 1570 1224 1606 δωρεᾶς,
1239 1569 1287 1596 καὶ
1298 1569 1338 1604 τῷ
1350 1568 1482 1603 βασιλικῷ
1493 1566 1740 1603 θησαυροφυλακίῳ
1754 1563 1898 1600 τριακόσια

264 1613 460 1647 ἐπεισαχθῆναι
471 1612 493 1627 ⁵³
505 1612 681 1648 κεντηνάρια,
695 1612 742 1647 ἀφ’
755 1610 792 1639 ὦν
818 1613 848 1640 ὲν
865 1615 922 1646 τοῖς
949 1615 1107 1650 ἐπείγουσιν
1117 1617 1218 1652 ἤρξατο
1230 1617 1359 1652 χορηγεῖν
1374 1614 1422 1643 καὶ
1444 1614 1560 1645 δεόντως
1575 1614 1590 1640 ό
1602 1613 1626 1632 ⁸⁵
1642 1611 1771 1648 βασιλεὺς
1782 1609 1898 1638 διοικεῖν.

299 1659 346 1687 29.
361 1658 422 1692 Qua
436 1658 481 1686 die
501 1658 608 1693 imperii
623 1667 760 1687 summam
778 1660 894 1696 adeptus
919 1665 962 1689 est
983 1661 1058 1690 Basi-

1151 1663 1204 1691 κθ’.
1216 1663 1296 1690 Κατὰ
1322 1663 1351 1690 δὲ
1371 1662 1422 1698 τὴν
1438 1661 1546 1698 ἡμέραν
1569 1659 1631 1687 καθ’
1645 1659 1683 1695 ἢν
1696 1659 1743 1686 sui.
1760 1658 1812 1694 τὴν
1825 1658 1899 1684 αὑτο-

264 1706 329 1738 lius,
343 1705 417 1732 velut
431 1704 486 1732 Deo
502 1705 690 1733 Romanarum
712 1713 804 1733 rerum
823 1707 851 1734 in
875 1707 974 1735 melius
998 1716 1060 1736 mu-

264 1750 377 1778 tationis
410 1749 520 1784 indico,
551 1751 701 1778 multorum
726 1756 890 1787 tropaeorum
916 1755 1005 1782 nuntii
1033 1756 1061 1782 in

265 1800 411 1831 angustant
446 1797 518 1824 hanc
550 1796 645 1824 urbem
674 1797 865 1832 advenerunt,
911 1799 1061 1835 multisque

265 1842 431 1870 Christianis
455 1847 589 1870 assertum
616 1851 650 1869 ex
672 1843 831 1878 captivitate
852 1845 1005 1873 libertatem
1027 1847 1061 1874 ad

265 1897 326 1917 eam
339 1890 474 1925 perlatum
490 1894 541 1917 est.
558 1889 661 1925 Pompa
677 1889 769 1926 itaque
785 1899 949 1927 progressus
973 1893 1061 1928 impe-

265 1942 344 1964 rator
358 1936 391 1964 ad
406 1932 535 1971 magnum
549 1935 597 1964 Dei
614 1937 756 1972 templum,
769 1938 813 1965 cui
828 1938 863 1966 ab
878 1938 939 1974 ejus
952 1940 1061 1975 sapien-

265 1984 302 2011 tia
332 1991 433 2011 nomen
448 1988 502 2015 est.
520 1991 625 2019 proque
650 1984 781 2012 omnibus
798 1984 882 2012 simul
909 1985 1060 2020 gratiarum

264 2030 377 2058 actione
407 2030 581 2065 perfunctus,
611 2030 752 2058 redeundo
781 2031 939 2059 consularia
960 2032 1074 2067 sparsit.

263 2084 392 2108 munera,
422 2076 617 2111 ingentemque
642 2076 695 2103 vim
727 2077 916 2110 pecuniarum,
944 2084 998 2103 non
1026 2085 1060 2104 ex

263 2122 385 2156 publicis
402 2122 484 2156 (quae
506 2129 560 2148 non
590 2121 800 2156 suppetebant),
816 2122 864 2149 sed
881 2129 913 2150 ex
929 2123 1059 2157 propriis,

265 2176 334 2203 quas
349 2173 413 2195 ante
427 2169 597 2202 possederat,
611 2168 638 2194 in
652 2169 777 2196 subditos
790 2168 951 2204 plebemque
966 2169 1061 2196 distri-

265 2213 335 2241 buit.
354 2212 430 2240 Uxor
447 2220 557 2247 quoque
575 2212 695 2240 Eudocia
717 2221 780 2240 cum
801 2213 896 2241 liberis
925 2215 1060 2242 Constan-

266 2260 324 2287 tino
344 2263 371 2286 et
394 2258 497 2292 Leone,
512 2259 570 2293 pari
587 2264 615 2286 ct
629 2259 687 2294 ipsa
703 2259 859 2294 largitione,
877 2260 977 2288 multas
993 2261 1060 2288 civi-

265 2306 319 2334 bus
334 2306 466 2342 pecunias
480 2314 513 2332 ex
528 2305 587 2333 suis
602 2306 735 2340 erogavit.
748 2307 787 2334 Ac
807 2307 871 2335 licet
890 2315 923 2336 eo
938 2313 1060 2343 tempore

1112 1711 1237 1746 κράτορα
1247 1708 1329 1745 ἦλθεν
1342 1709 1430 1745 ἀρχὴν
1440 1709 1454 1736 ὁ
1475 1707 1626 1740 Βασίλειος,
1651 1705 1747 1741 ὥσπερ
1768 1704 1899 1731 ἐνδεικνυ-

1092 1784 1102 1798 ιη
1112 1758 1196 1793 μένου
1211 1756 1279 1784 Θεοῦ
1304 1756 1354 1791 τὴν
1382 1757 1429 1782 ἐπὶ
1452 1754 1487 1782 τὰ
1509 1754 1629 1790 κρείττω
1658 1752 1713 1798 τῶν
1739 1749 1900 1798 Ῥωμαϊκῶν

1111 1800 1284 1837 πραγμάτων
1311 1801 1475 1836 μεταϐολὴν,
1503 1799 1602 1834 συνέϐη
1629 1797 1736 1825 πολλῶν
1762 1796 1901 1823 ἐπινικίων

1112 1849 1242 1884 ἀγγελίαν
1259 1848 1310 1884 τὴν
1328 1847 1525 1883 βασιλεύουσαν
1540 1845 1646 1881 ταύτην
1665 1842 1832 1872 καταλαϐεῖν
1857 1841 1901 1868 καὶ

1112 1895 1264 1931 ἀνάρρυσιν
1278 1894 1400 1929 πλήθους
1421 1891 1603 1928 αἰχμαλώτων
1622 1889 1796 1926 Χριστιανῶν
1808 1887 1902 1922 ἀγγελ-

1113 1940 1202 1975 θῆναι.
1215 1940 1331 1975 Πρόοδον
1340 1938 1388 1966 οὖν
1396 1939 1411 1966 ό
1421 1938 1546 1974 βασιλεὺς
1560 1937 1606 1964 tua
1615 1937 1661 1963 τὸν
1679 1936 1768 1971 μέγαν
1782 1934 1828 1961 τοῦ
1835 1931 1901 1960 Θεοῦ

1112 1985 1175 2013 ναὸν
1192 1985 1238 2013 τὸν
1246 1985 1297 2020 τῆς
1305 1985 1411 2012 ἐκείνου
1432 1984 1534 2018 Σοφίας
1546 1982 1690 2016 ἐπώνυμον
1708 1980 1899 2016 ποιησάμενος,

1113 2034 1159 2059 καὶ
1170 2032 1220 2064 τὰς
1236 2032 1301 2068 περὶ
1312 2031 1421 2059 πάντων
1428 2030 1497 2066 ὁμοῦ
1509 2029 1683 2066 εὐχαριστίας
1692 2027 1768 2063 αὺτῷ
1775 2026 1900 2057 ἀποδοὺς,

1112 2079 1142 2105 ἐν
1153 2078 1192 2114 τῷ
1206 2078 1389 2114 ὑποστρέφειν
1417 2078 1581 2110 ὑπάτευσεν,
1595 2076 1643 2103 καὶ
1658 2075 1789 2111 χρήματα
1805 2072 1900 2103 πολλὰ,

1111 2125 1162 2152 οὐκ
1175 2125 1208 2151 ἐκ
1226 2124 1280 2151 τῶν
1291 2123 1431 2158 δημοσίων
1452 2121 1523 2158 (οὐδὲ
1537 2121 1592 2157 γὰρ
1607 2119 1664 2157 ἦν),
1677 2120 1736 2147 ἀλλ’
1747 2120 1780 2146 ἐκ
1794 2118 1850 2144 τῶν
1864 2116 1901 2143 οἱ-

1112 2170 1204 2203 κείων,
1213 2169 1231 2197 ἃ
1244 2170 1377 2204 ἐκέκτητο
1386 2168 1532 2204 πρότερον.
1540 2168 1596 2198 τοῖς
1608 2166 1740 2200 ὑπηκόοις
1756 2165 1899 2197 διένειμεν.

1111 2216 1167 2243 Καὶ
1185 2215 1306 2252 ήτούτου
1321 2215 1350 2241 δὲ
1366 2214 1482 2248 σύζυγος
1494 2213 1609 2249 Εὺδοκία
1619 2213 1636 2247 ἡ
1651 2211 1759 2246 βασιλὶς
1775 2209 1834 2245 ἃμα
1846 2209 1900 2237 τοῖς

1112 2262 1180 2291 υἱοῖς
1209 2261 1409 2296 Κωνσταντίνῳ
1435 2260 1484 2286 καὶ
1499 2259 1595 2286 Λέοντι
1612 2257 1792 2284 ὑπατεύσασα
1818 2254 1900 2281 πο).λᾶ

1111 2309 1144 2343 τῇ
1160 2307 1285 2343 πολιτείᾳ
1305 2308 1438 2342 χρήματα
1465 2306 1520 2333 ἀπὸ
1541 2306 1594 2332 τῶν
1607 2304 1710 2339 ἑαυτῆς
1733 2303 1898 2337 ἐδωρήσατο.

267 2354 418 2388 imperator
431 2352 516 2380 multa
532 2353 621 2380 adhuc
637 2353 674 2380 rei
690 2354 852 2382 nummaria:
863 2359 983 2390 egestate
994 2363 1058 2390 pre~

1114 2354 1187 2389 Πλὴν
1201 2354 1224 2380 εἰ
1239 2353 1287 2380 καὶ
1295 2353 1355 2380 τότε
1372 2352 1413 2379 ἔτι
1429 2352 1560 2384 ἐσπάνιζε
1574 2351 1724 2387 χρημάτων
1735 2350 1748 2376 ό
1767 2344 1899 2383 βασιλεὺς,

267 2405 401 2434 meretur,
417 2400 456 2427 uti
473 2399 578 2427 dictum
593 2404 647 2432 est,
661 2404 755 2435 postea
771 2405 862 2429 tamen
878 2401 976 2429 uberes
989 2402 1057 2429 satis

266 2455 334 2484 opes
353 2447 467 2482 adeptus
484 2449 537 2480 est,
559 2447 658 2482 partim
677 2446 788 2481 quidem
817 2447 866 2475 Dei
889 2454 1003 2475 munere
1026 2454 1058 2474 ac

266 2498 336 2522 nutu
347 2485 383 2521 ob
394 2493 455 2528 ejus
470 2493 497 2520 in
514 2500 649 2528 pauperes
662 2492 878 2520 misericordiam
896 2500 928 2520 ac
948 2493 1058 2528 aequita.

266 2545 333 2573 tem,
351 2539 444 2566 multis
461 2539 513 2566 sub
531 2543 604 2566 terra
620 2538 738 2566 occultis
752 2538 890 2566 thesauris
903 2539 949 2566 illo
964 2546 1057 2566 rerum

247 2578 389 2621 "potiente
402 2586 430 2612 in
450 2586 539 2613 lucem
559 2584 642 2620 257
670 2584 833 2620 productis;
862 2585 963 2620 partim
992 2592 1058 2612 vero

266 2632 350 2659 etiam
368 2639 400 2659 ex
414 2638 482 2658 auro
498 2631 571 2666 quod
589 2631 615 2658 in
639 2631 746 2667 privato
763 2631 936 2666 imperatoris
948 2631 1056 2664 aerario,

266 2677 340 2713 quod
356 2685 454 2712 nempe
469 2677 529 2711 ejus
544 2677 674 2705 decessor
698 2677 816 2705 Michael
839 2677 965 2705 conﬂatis
981 2685 1058 2713 egre-

267 2724 318 2762 giae
333 2725 444 2753 fabrica:
459 2724 708 2760 pulcherrimisquc
722 2724 851 2760 operibus
868 2726 969 2760 (aurea
984 2724 1060 2752 scili-

266 2778 310 2802 cet
329 2773 370 2802 sic
386 2778 482 2800 vocata
511 2772 633 2807 platano,
658 2772 766 2800 duobus
788 2778 856 2798 auro
884 2770 978 2799 solidis
997 2777 1059 2806 gry-

267 2820 391 2855 phibus,
423 2819 595 2854 totidemque
634 2826 703 2847 auro
729 2817 882 2846 ductilibus
920 2817 1056 2849 leonibus.

1111 2400 1207 2435 ὥσπερ
1221 2399 1341 2434 εἴρηται,
1353 2398 1396 2435 [Ρ.
1412 2397 1476 2434 160]
1492 2397 1560 2425 ἀλλὰ
1575 2396 1644 2432 μετὰ
1654 2395 1742 2422 ταῦτα
1763 2391 1901 2428 προσεγέ-

1112 2454 1173 2473 νετο
1198 2445 1245 2472 καὶ
1273 2445 1376 2479 ἑτέρων
1390 2445 1412 2460 ⁵³
1424 2444 1576 2480 χρημάτων
1590 2441 1691 2477 πλῆθος
1705 2439 1781 2474 αὐτῷ
1798 2436 1900 2465 ἱκανὸν.

1112 2493 1193 2519 τοῦτο
1208 2492 1257 2528 μὲν
1275 2491 1344 2518 Θεοῦ
1371 2490 1416 2518 διὰ
1440 2490 1486 2517 τὸν
1505 2490 1574 2525 πρὸς
1597 2488 1660 2519 τοὺς
1685 2486 1807 2520 πένητας
1829 2482 1901 2530 ἔλεον

1111 2537 1196 2566 αὑτοῦ
1225 2538 1273 2565 κα)⁸
1296 2537 1346 2573 τὴν
1374 2535 1549 2570 δικαιοσύνην
1564 2533 1680 2564 πολλοὺς
1703 2531 1758 2558 τῶν
1783 2529 1835 2556 ὑπὸ
1851 2534 1902 2573 γτγ

1114 2583 1260 2620 θησαυρῶν
1275 2585 1304 2610 ὲν
1319 2570 1381 2615 ταῖς
1411 2582 1528 2618 ἡμέραις
1556 2579 1640 2607 αὐτοῦ
1656 2579 1696 2609 εἰς
1712 2576 1770 2612 φῶς
1794 2570 1904 2621 εὐδοκὴς

1111 2639 1208 2663 σαντος
1226 2629 1379 2666 προελθεῖν,
1394 2628 1473 2656 τοῦτο
1488 2628 1516 2655 δὲ
1527 2627 1576 2654 καὶ¹
1589 2626 1644 2653 ἀπὸ
1659 2625 1706 2651 τοῦ
1724 2625 1754 2650 ὲν
1767 2620 1904 2668 etiam???

1110 2663 1271 2714 εὑρεθέντος
1285 2675 1399 2712 χρυσοῦ,
1418 2675 1448 2702 ὃν
1468 2677 1482 2702 ό
1511 2670 1771 2710 προϐεϐασιλευκὼς
1794 2663 1903 2716 Άίιχαῗὶλ

1109 2725 1144 2752 τὰ
1157 2724 1289 2752 κάλλιστα
1306 2722 1360 2750 τῶν
1376 2722 1465 2758 ἔργων
1494 2719 1700 2756 συγχωνεύσας,
1717 2716 1791 2751 λέγω
1805 2713 1837 2748 δὴ

1110 2770 1217 2806 χρυσῆν
1239 2769 1347 2804 ἐκείνην
1362 2754 1694 2803 καλουμένηνηπλάτανον
1710 2763 1758 2790 καὶ
1775 2760 1835 2806 τούξ
1854 2754 1903 2780 δύο

1111 2816 1276 2851 ὁλοχρύσους
1284 2814 1394 2850 γρῦπας
1401 2814 1518 2845 καὶτοὺς
1528 2812 1575 2840 δύο
1585 2810 1704 2847 χρυσοῦς
1711 2803 1902 2841 σφυρηλάτους

892 2875 894 2878 ’
925 2875 1040 2903 νΑΙίῐΑΞ
1059 2873 1260 2902 LECTIONES.

301 2924 325 2940 “
338 2923 386 2950 κα)⁸
398 2931 454 2951 om.
471 2923 502 2950 A.
540 2923 562 2940 “
576 2922 714 2958 Θησαυρὸν
737 2924 770 2949 Α.
808 2923 830 2939 ⁴¹
845 2922 899 2949 τῶν
912 2921 1167 2958 πρωτοσπαθαρίων
1187 2923 1218 2948 Δ.
1259 2921 1280 2936 ⁸⁵
1292 2917 1506 2952 ὲπισυναχθῆναι
1522 2917 1555 2944 Α.
1594 2915 1618 2932 ⁸⁸
1632 2915 1646 2941 ὀ
1661 2921 1718 2942 om.
1735 2912 1765 2940 P.
1801 2909 1824 2926 “
1839 2908 1905 2934 ἒτε.

270 2967 315 2996 ρον
326 2958 360 2986 Α.
