1989 3161
245 184 298 217 275

793 188 1047 219 THEOPHANES
1066 169 1353 221 CONTINUATUSr

1827 179 1874 219 976

247 248 364 278 poterat,
384 243 527 280 ipsiusmet
545 245 717 280 imperatoris
725 253 812 281 opera
836 247 942 275 meliori
959 247 1036 283 l‘ruge

1090 249 1279 284 βασιλεύοντος
1307 249 1323 284 ἢ
1357 247 1575 284 μετεϐάλλετοῆ
1607 247 1722 277 ἀλλοίως
1750 252 1808 278 πως
1834 248 1878 281 τὴν

246 292 473 326 componebatun,
492 297 539 320 aut
559 297 632 320 corte
647 293 730 320 variis
746 293 807 321 aliis
823 294 911 322 modis
925 294 1038 322 medici-

247 345 311 365 nam
333 338 496 373 accipiebat.
517 338 585 366 Cum
601 340 674 366 enim
689 339 810 374 optimus
824 339 869 367 hic
887 340 1038 375 imperator

246 392 296 420 per
307 391 416 412 omnem
432 386 485 413 late
495 385 624 412 ditionem
640 385 801 420 injustitiam
811 392 923 420 prorsus
938 386 1038 413 exstir-

247 438 313 466 pare
324 431 513 463 contenderet,
533 431 632 466 ubique
648 432 754 460 sancita
771 432 856 460 edidit
881 432 964 468 inque
976 440 1038 460 om-

248 485 296 506 nes
312 478 468 513 provincias
489 478 576 510 misit,
592 479 692 513 quibus
710 479 785 507 datio
803 479 894 506 omnis
915 486 947 506 ac
970 486 1039 514 pra:-

247 525 340 558 statio,
360 532 415 559 prae
431 525 527 552 inolita
548 525 612 552 olim
627 533 711 560 prava
736 526 937 554 consuetudine
966 524 1039 552 haud

247 571 335 598 aliena
349 578 364 598 a
384 571 491 598 ratione
505 571 576 604 visa,
591 571 737 599 toliebatur
761 579 793 599 ac
814 571 1038 604 exscindebatur,

247 617 391 652 omnisque
408 618 552 653 aequalitas
566 625 598 646 ac
610 618 716 653 justitia
731 619 806 646 velut
820 626 835 646 a
851 619 958 653 prolixo
970 625 1039 653 quo-

223 689 227 692 .
246 665 309 692 dam
327 665 426 692 exsilio
441 673 473 693 ac
494 665 556 700 luga
569 666 596 693 in
614 666 677 693 vitae
699 673 779 693 usum
799 665 894 693 reduci
914 665 1041 699 interque

248 711 371 739 homines
385 719 486 739 novum
503 713 595 740 vivere
610 713 764 740 videbatur.

282 757 328 785 3|.
345 757 398 785 Sed
409 765 436 785 et
455 758 501 793 qui
516 758 548 785 ad
558 758 662 793 judicia
674 758 765 785 idonei
783 765 870 793 exque
885 757 1040 792 disciplinis

246 803 275 831 in
290 811 352 831 eam
370 811 426 831 rem
443 805 571 832 instructi
593 804 661 832 satis
682 805 823 839 animique
846 804 982 832 sententia
1009 811 1042 831 ac

247 850 388 878 voluntate
407 851 529 886 religiosi
547 851 701 886 integrique
719 851 915 884 noscebantur,
933 851 1041 878 collatis

246 896 400 924 honoribus
430 897 466 924 ab
492 897 631 925 humiliori
664 897 749 932 gradu
776 897 924 925 sustollens
957 902 1040 931 atque

232 940 398 979 ,exaltaris,
425 944 580 980 annuisque
608 943 751 979 stipendiis
775 949 802 971 ct
825 943 1039 970 frumentatione

247 987 365 1023 aliisque
381 989 541 1016 muneribus
557 989 705 1016 liberaliter
721 989 840 1021 donans,
857 996 904 1023 per
916 988 1038 1023 singulos

247 1035 444 1068 propemodum
460 1035 536 1063 vicos
553 1035 704 1070 domosque
719 1034 862 1069 religiosas
880 1034 1036 1062 coustituit.

246 1079 425 1108 Potissimum
446 1088 522 1112 vero.
547 1088 629 1115 quam
656 1080 771 1109 Chalces
796 1085 904 1111 vocant,
929 1081 1039 1115 conspi-

247 1130 327 1150 cuam
343 1123 408 1151 olim
420 1131 453 1152 ac
465 1124 654 1152 admirandam
666 1126 764 1159 aedem,
790 1126 922 1161 temporis
939 1125 1038 1161 injuria

247 1176 402 1205 eorumque
417 1170 462 1205 qui
480 1178 572 1198 rerum
588 1171 666 1206 potiti
679 1176 759 1199 erant
771 1172 934 1207 negligentia
949 1171 1040 1207 (forte

246 1215 330 1243 ctiam
351 1216 540 1244 incendiorum
557 1217 601 1252 vi)
625 1217 719 1246 multis
746 1218 773 1245 in
799 1218 868 1246 locis
891 1217 1039 1246 labefacta-

246 1265 316 1294 tam,
331 1262 457 1290 obsoleto
473 1267 546 1290 tecto
564 1271 596 1291 ac
607 1264 771 1297 collabente,
788 1264 848 1300 ipse
863 1269 891 1292 et
906 1265 998 1292 labore
1013 1269 1040 1292 et

245 1307 368 1343 profusis
383 1309 540 1344 sumptibus
553 1310 715 1345 expurgavit
735 1315 816 1346 atque
831 1310 937 1344 refecit,
959 1311 1040 1346 260

245 1353 392 1389 feruntque
405 1348 536 1390 iudiciale
552 1355 710 1390 destinavit,
728 1357 870 1393 Areopago
886 1356 1041 1392 Heliazaque

232 1399 333 1428 imuito
348 1401 502 1435 augustius.
517 1400 573 1429 Nec
598 1402 721 1438 judicum
741 1403 914 1432 solummodo
932 1404 1040 1432 delectu

245 1453 279 1474 ac
290 1447 464 1481 promotione
478 1448 533 1475 illis
547 1449 664 1482 providit
676 1449 724 1484 qui
737 1457 767 1477 se
781 1449 883 1485 injuria
899 1450 959 1478 laedi
972 1458 1040 1485 quc-

246 1496 384 1525 rcrentur,
395 1493 443 1520 sed
457 1497 484 1520 et
495 1494 602 1522 diurnis
622 1495 759 1524 alimentis
774 1495 808 1523 iis
822 1496 978 1524 constitutis
993 1497 1039 1531 qui

246 1547 262 1566 a
280 1539 484 1574 potentioribus
498 1547 547 1575 per
566 1541 621 1568 vim
647 1542 772 1577 quotidie
786 1542 814 1569 in
832 1543 926 1570 urbem
945 1543 1040 1570 trahe-

1092 296 1215 331 ἰατρείαν
1239 296 1357 330 ὲδέχετο.
1385 295 1484 322 Τέλεον
1500 295 1555 330 γὰρ
1575 294 1672 329 ἐξᾶραι
1690 292 1825 320 πάντοθεν
1836 293 1879 328 τὴν

1091 342 1199 370 ἀδικίαν
1219 343 1233 369 ὁ
1250 342 1395 378 κράτιστος
1417 338 1496 373 οὗτος
1516 340 1678 376 φιλονεικῶν
1698 338 1837 374 πανταχοῦ
1855 348 1880 366 τε
1913 343 1917 347 ”

1091 389 1265 423 διατάγματα
1279 388 1387 420 ἐξέθετο
1401 388 1448 414 καὶ
1463 387 1534 414 κατὰ
1551 388 1642 414 πᾶσαν
1660 386 1753 421 χώραν
1769 385 1881 419 ἐξέπεμ-

1091 436 1152 471 ψεν.
1164 436 1199 462 δι’
1211 432 1249 462 ὧν
1264 436 1340 462 πᾶσα
1364 434 1438 466 δόσις
1456 435 1537 469 μέχρι
1558 434 1620 460 τότε
1644 433 1675 460 τὸ
1690 432 1803 466 εὔλογον
1816 432 1880 466 ἔχειν

1090 481 1208 509 δοκοῦσα
1237 481 1281 509 διὰ
1307 481 1357 516 τὴν
1387 480 1509 515 πονηρὰν
1534 479 1588 505 ἀπο
1612 479 1712 513 χρόνου
1742 477 1881 512 συνήθειαν

1091 529 1219 564 ἀνῃρεῖτο
1249 528 1298 554 καὶ
1322 526 1497 560 ἐξεκόπτετο,
1525 525 1572 551 καὶ
1604 523 1729 559 ἰσονομία
1750 523 1826 550 πᾶσα
1839 522 1881 549 καὶ

1091 573 1248 608 δικαιοσύνη
1265 573 1360 608 ὥσπερ
1377 572 1431 599 ἀπό
1455 580 1530 603 τινος
1554 570 1703 606 ὑπερορίου
1728 567 1817 604 φυγῆς
1831 567 1882 593 ὲδό-

1092 629 1136 647 κει
1151 620 1277 647 κατιέναι
1288 620 1356 656 πρὸς
1371 620 1418 647 τὸν
1430 619 1487 655 βίον
1504 619 1552 646 καὶ
1563 619 1619 649 τοῖς
1630 616 1786 653 ἀνθρώποις
1801 616 1881 651 ἐμπο-

1093 666 1264 693 λιτεύεσθαι.

1128 762 1180 788 λα’.
1202 759 1284 787 Ἀλλὰ
1299 759 1347 786 καὶ
1371 758 1435 790 τοὺς
1459 758 1500 789 εἰς
1521 757 1553 784 τὸ
1580 756 1686 792 κρίνειν
1702 753 1880 790 ἐπιτηδείους,

1092 807 1148 835 ἀπὸ
1161 806 1210 842 μὲν
1229 806 1252 822 ⁸⁸
1266 805 1437 841 μαθημάτων
1452 804 1525 840 ἔχειν
1537 804 1567 830 τὸ
1582 803 1604 819 ⁸⁵
1618 802 1712 829 ἱκανὸν
1727 807 1879 837 μαρτυρου-

1094 855 1202 890 μένους,
1227 853 1282 880 ἀπὸ
1296 852 1324 879 δὲ
1342 851 1453 887 γνώμης
1468 851 1516 878 καὶ
1531 850 1719 886 προαιρέσεως
1731 848 1762 875 τὸ
1776 846 1882 878 εὐσεϐές

1092 909 1122 927 τε
1140 901 1188 927 καὶ
1200 899 1404 934 ἁδωρόληπτον,
1423 897 1561 933 ἀξιώμασι
1581 905 1611 923 τε
1626 896 1676 930 τῆς
1689 893 1881 928 ταπεινοτέρας

1092 946 1221 981 βαθμίδος
1237 944 1396 980 ὑπεραίρων
1420 944 1467 971 καὶ
1494 943 1606 978 ἁνυψῶν
1624 942 1672 969 καὶ
1693 941 1783 977 ῥογῶν
1796 942 1880 967 ἐνιαυ-

1092 991 1157 1018 σίων
1171 990 1297 1017 ὲκθέσεπι
1316 990 1364 1017 καὶ
1376 989 1539 1024 σιτηρεσίων
1554 988 1643 1016 ἀλλων
1659 988 1707 1014 καὶ
1721 985 1880 1021 φιλοτιμιῶν

1091 1038 1227 1072 παροχαῖς
1239 1036 1412 1071 δεξιούμενος
1426 1035 1495 1062 κατὰ
1508 1036 1599 1062 πᾶσαν
1614 1033 1709 1069 σχεδὸν
1723 1032 1825 1067 ἀγυιὰν
1839 1032 1881 1057 καὶ

1091 1083 1145 1109 πᾶν
1166 1083 1266 1117 εὐαγὲς
1298 1082 1461 1117 ἐνδιαίτημα
1485 1082 1700 1116 ἐγκατέστησεν.
1722 1078 1882 1114 Ἐξαιρέτως

1090 1129 1119 1156 δὲ
1135 1129 1166 1156 τὸ
1177 1129 1325 1164 λεγόμενον
1335 1129 1386 1164 τῆς
1403 1128 1513 1163 Χαλκῆς
1538 1127 1733 1163 λαμπρότατον
1753 1126 1785 1152 τὸ
1800 1124 1882 1151 πάλαι

1091 1176 1139 1202 καὶ
1154 1175 1320 1209 ἀξιάγαστον
1335 1175 1450 1210 οἴκημα,
1471 1173 1511 1209 τῷ
1527 1173 1618 1209 χρόνῳ
1633 1173 1680 1199 καὶ
1692 1173 1726 1208 τῇ
1742 1171 1800 1198 τῶν
1816 1179 1881 1206 κρα-

1090 1221 1207 1248 τούντων
1224 1219 1357 1256 ῥᾳθυμίᾳ,
1366 1220 1432 1251 ἴσως
1441 1219 1470 1246 δὲ
1484 1219 1532 1246 καὶ
1544 1219 1598 1246 ἀπό
1608 1226 1689 1245 τινων
1698 1215 1881 1252 ὲμπρησμιῖιν,

1090 1266 1162 1293 κατά
1183 1266 1255 1302 μέρη
1269 1265 1356 1292 πολλά
1373 1264 1563 1301 διαῤῥυὲνκαὶ
1576 1264 1626 1299 τὴν
1646 1262 1749 1298 ὀροφὴν
1765 1263 1882 1296 πονήσα-

1092 1321 1142 1339 σαν
1155 1312 1285 1347 ὲσχηκδς,
1305 1311 1387 1343 αὐτὸς
1404 1311 1452 1338 καὶ
1469 1310 1544 1346 πόνῳ
1558 1310 1606 1336 καὶ
1621 1309 1757 1340 δαπάναις
1772 1309 1881 1343 συχναῖς

1091 1358 1252 1393 ἀπεκάθηρέ
1279 1366 1309 1384 τε
1331 1357 1378 1385 καὶ
1404 1357 1619 1393 περιεποιήσατο
1637 1355 1685 1383 καὶ
1710 1354 1803 1382 κοινὸν
1819 1361 1882 1381 κατ-

1091 1405 1190 1440 έστησε
1205 1403 1393 1439 δικαστήριον,
1415 1401 1523 1437 Ἀρείου
1537 1410 1566 1428 τε
1585 1401 1673 1435 πάγου
1691 1401 1739 1427 καὶ
1760 1399 1882 1429 Ἢλιαίας

1093 1450 1267 1486 σεμνότερον.
1283 1450 1321 1477 οῡ
1338 1449 1421 1484 μόνον
1432 1446 1462 1476 δὲ
1488 1448 1532 1475 διὰ
1546 1449 1595 1484 τῆς
1608 1447 1664 1474 τῶν
1685 1445 1790 1482 κριτῶν
1809 1446 1882 1472 Exlo-

1092 1499 1145 1532 γῆς
1155 1505 1184 1523 τε
1196 1496 1242 1523 καὶ
1255 1495 1393 1531 προϐολῆς
1407 1495 1431 1511 ⁸⁰
1453 1494 1517 1526 τοὺς
1536 1493 1688 1521 ἀδικεῖσθαι
1705 1492 1749 1528 [Ρ.
1764 1491 1827 1527 162]
1840 1491 1881 1518 λέ-

1070 1551 1191 1578 ,γοντας
1218 1542 1272 1570 τῶν
1298 1542 1412 1569 δικαίων
1429 1541 1574 1576 τυγχάνειν
1597 1540 1794 1575 προενοήσατο,
1817 1537 1880 1565 ἀλλὰ

246 1589 353 1612 rentur.
371 1584 479 1613 Veritus
492 1586 566 1614 enim
580 1594 615 1614 ne
629 1588 777 1615 necessarii
798 1593 968 1616 commeatus
990 1596 1036 1624 pe-

1090 1591 1138 1617 καὶ
1155 1590 1200 1616 διὰ
1213 1589 1263 1624 τῆς
1278 1588 1402 1624 παροχῆς
1428 1589 1477 1624 τῆς
1503 1587 1567 1615 καθ’
1584 1587 1694 1622 ἡμέραν
1710 1586 1815 1621 τροφῆς
1830 1584 1881 1611 τῶν

245 1631 326 1658 nuria
349 1631 466 1660 necdum
487 1632 614 1661 absoluto
631 1635 740 1669 negotio
756 1634 829 1662 haud
843 1642 908 1662 raro
922 1634 1035 1670 quidam

244 1677 315 1704 urbe
340 1677 520 1712 excederent,
546 1679 713 1707 suﬁicientes
742 1680 885 1708 constituit
915 1680 1036 1712 reditus,

245 1722 319 1750 unde
333 1727 440 1752 actores
450 1730 674 1759 procurarentur,
683 1727 770 1754 donec
783 1734 798 1754 a
807 1726 900 1762 judice
912 1727 984 1754 dicta
997 1727 1038 1755 eis

245 1769 381 1796 sententia
395 1775 479 1798 esset.
494 1770 550 1799 Nec
569 1772 622 1800 ista
641 1772 724 1800 modo
739 1772 800 1808 ejus
824 1773 934 1800 inventa
947 1773 979 1800 ad
994 1773 1038 1800 in-

243 1816 346 1851 iuriam
371 1818 480 1852 penitus
513 1818 720 1854 proﬂigandam,
749 1819 796 1847 sed
815 1825 843 1848 et
863 1820 982 1855 seipsum
1009 1820 1036 1847 in

245 1862 317 1890 hanc
335 1862 439 1891 dedidit
452 1869 566 1899 partem.
582 1864 651 1892 Cum
665 1864 736 1892 enim
749 1872 764 1891 ιι
784 1865 915 1892 ducendis
932 1865 1038 1892 εχει-είς

246 1909 320 1936 tibus
331 1913 378 1936 aut
390 1908 490 1937 dandis
504 1910 647 1944 responsis
660 1910 843 1945 uudequaquc
865 1910 1037 1938 adventanti-

244 1955 296 1983 bus
314 1955 411 1991 legatis
424 1957 449 1983 ei
466 1961 587 1989 vacaret,
600 1957 659 1992 ipse
670 1965 701 1984 se
712 1957 776 1984 aula
784 1957 942 1985 subduceris
952 1957 1037 1993 inque

244 1999 347 2029 Genico
364 2002 458 2036 posito
468 2002 597 2030 tribunali
612 2003 669 2038 (sie
687 2003 760 2031 dicto
775 2003 846 2036 loco,
858 2004 897 2031 uti
918 2003 1035 2037 videtur,

243 2048 318 2082 quod
333 2054 367 2076 ex
383 2048 459 2075 omni
473 2049 534 2076 loco
548 2049 582 2076 ad
595 2049 720 2084 publicas
734 2050 856 2077 rationes
867 2057 900 2076 eo
914 2048 1036 2076 conﬂue-

243 2095 324 2130 rent)
339 2102 388 2123 eos
403 2095 450 2130 qui
465 2103 480 2123 a
499 2095 655 2130 publicanis
666 2095 738 2123 haud
757 2103 831 2128 raro,
845 2099 876 2122 ut
895 2094 953 2122 fere
967 2102 1036 2122 con-

243 2140 324 2176 tingit
339 2140 374 2168 ob
392 2141 500 2177 imperii
516 2141 736 2176 amplitudinem,
749 2141 849 2175 injuria
863 2139 1036 2168 adicerentur

243 2195 276 2215 ac
288 2187 363 2215 velut
379 2188 413 2215 ad
430 2193 590 2223 prytaneum
608 2187 642 2214 ad
666 2187 803 2221 ejusmodi
822 2186 919 2221 judicii
942 2187 1033 2214 locum

243 2232 425 2269 confugerem
438 2240 558 2267 suasque
574 2232 808 2267 expostulationes
821 2231 960 2264 oﬂ‘errcnt,
977 2239 1035 2258 ma-

1091 1636 1138 1663 ἐπὶ
1152 1637 1185 1671 τῇ
1198 1636 1273 1670 παρὰ
1287 1634 1342 1661 τῶν
1359 1633 1542 1670 ἰσχυροτέρων
1557 1632 1603 1668 βίᾳ
1614 1632 1744 1660 ἑκάστοτε
1757 1631 1826 1666 πρὸς
1834 1630 1880 1664 τὴν

1092 1681 1289 1717 βασιλεύουσαν
1312 1679 1547 1715 ἀναγκαζομένων
1575 1678 1750 1714 εἰσέρχεσθαι
1787 1677 1880 1707 Δείσας

1089 1727 1144 1762 γὰρ
1162 1727 1199 1761 μὴ
1216 1727 1319 1762 ἀπορίᾳ
1334 1725 1388 1752 τῶν
1403 1725 1564 1760 ἐπιτηδείων
1582 1725 1712 1756 πολλάκις
1732 1723 1807 1755 τινὲς
1830 1721 1879 1757 πρὸ

1089 1771 1136 1798 τοῦ
1152 1772 1239 1807 πέρας
1256 1771 1306 1806 τὴν
1320 1770 1381 1798 κατ’
1401 1771 1500 1802 αὐτοὺς
1525 1770 1656 1796 ὑπόθεσιν
1683 1768 1816 1802 δέξασθαι
1829 1767 1879 1793 τῶν

1089 1817 1151 1853 τῇδε
1178 1818 1390 1853 ἀναχωρήσωσι,
1417 1816 1549 1852 πρόσοδον
1580 1816 1719 1852 ἀρκοῦσαν
1741 1815 1879 1850 ἀφώρισεν

1089 1861 1181 1899 ἀφ’ἦς
1196 1865 1219 1890 οι
1237 1864 1260 1879 ⁸¹
1275 1862 1456 1897 ἐγκαλοῦντες
1479 1862 1551 1889 κατά
1574 1871 1654 1889 τινων
1682 1861 1877 1895 ἀπετρέφοντο,

1089 1911 1141 1942 ἕως
1152 1911 1201 1947 τὴν
1210 1909 1264 1936 ἀπὸ
1274 1909 1321 1936 τοῦ
1330 1909 1457 1936 δικαστοῦ
1467 1909 1606 1943 ἀπόφασιν
1622 1908 1730 1935 ἕλαὸον.
1744 1908 1782 1934 Οὺ
1799 1906 1878 1933 ταῦτα

1088 1957 1116 1984 δὲ
1126 1957 1196 1992 μόνα
1214 1956 1283 1991 πρὸς
1311 1955 1362 1991 τὴν
1382 1955 1504 1991 παντελῆ
1514 1956 1565 1991 τῆς
1590 1955 1698 1987 ἀδικίας
1713 1954 1879 1990 ὲπενοήσατο

1088 2003 1288 2038 ὲξολόθρευοιν,
1301 2002 1370 2029 ἀλλὰ
1382 2002 1432 2030 καὶ
1458 2002 1556 2029 ἑαυτὸν
1575 2003 1615 2034 είς
1636 2002 1665 2028 τὸ
1678 2000 1787 2028 τοιοῦτο
1800 1999 1880 2036 μέρος

1087 2050 1227 2076 ἐπέδωκε·
1246 2051 1292 2077 καὶ
1304 2050 1369 2076 ὅταν
1389 2050 1469 2085 ἔτυχε
1487 2050 1541 2076 τῶν
1571 2048 1722 2084 στρατειῶν
1744 2048 1879 2083 σχολάζων

1088 2096 1193 2123 καὶτοῦ
1205 2096 1387 2132 χρηματίζειν
1413 2097 1475 2128 ταῖς
1503 2095 1692 2131 ἁπανταχόθεν
1709 2089 1879 2130 πρεσΰείαις,

1089 2143 1171 2175 αὐτὸς
1198 2143 1254 2170 τῶν
1281 2143 1426 2178 βασιλείων
1454 2143 1609 2170 ὑποκατιὼν
1635 2143 1682 2169 καὶ
1711 2143 1753 2174 εἰς
1783 2142 1814 2168 τὸ
1840 2141 1881 2167 διὰ

1087 2189 1151 2221 τοὺς
1166 2190 1189 2205 ⁸³
1200 2189 1371 2227 πανταχόθεν
1382 2191 1422 2221 είς
1444 2190 1512 2216 αὐτὸ
1538 2189 1746 2224 συντρέχοντας,
1771 2188 1809 2219 ὼς
1831 2187 1881 2213 ἑοι-

1089 2244 1147 2268 κεν,
1164 2235 1311 2271 λεγόμενον
1341 2235 1453 2263 Γενικὺν
1476 2236 1658 2270 καθεζόμενος
1677 2237 1741 2267 τοὺς
1765 2233 1880 2262 ὑπὸλτῶν

243 2287 297 2314 gno
311 2267 406 2306 labore
419 2278 585 2313 assiduoque.
598 2277 737 2312 diligentia
751 2277 937 2309 cxaminabat,
953 2283 1036 2312 atque

1090 2267 1309 2316 εἰσπραττύντων
1337 2283 1403 2313 τοὺς
1429 2267 1584 2317 δημοσίους⁷
1606 2282 1707 2317 φόρους
1740 2281 1880 2310 πολλάκις,

244 2326 272 2352 in
287 2333 350 2353 eum
365 2325 477 2353 modum
493 2324 528 2351 iis
540 2323 589 2358 qui
611 2323 712 2358 injuria
732 2322 921 2351 adiciebantur
936 2324 1036 2351 vindex

243 2372 373 2404 sedebat;
390 2379 437 2399 eos
450 2378 516 2398 vero
530 2370 576 2406 qui
591 2369 737 2402 faciebant,
754 2371 843 2405 poenis
861 2379 877 2399 a
890 2371 949 2407 lege
968 2380 1036 2407 prac-

243 2417 365 2452 scriptis,
396 2423 429 2444 ne
457 2415 522 2443 talia
551 2415 680 2451 deinceps
706 2415 850 2448 auderent.
869 2417 1033 2446 deterrebat.

244 2462 405 2491 Subsecutis
422 2461 521 2490 deinde
543 2461 711 2497 temporibus
738 2461 810 2489 fama
832 2468 883 2496 est,
909 2471 972 2491 cum
1000 2464 1035 2491 ad

243 2515 306 2535 eum
319 2508 415 2542 judicii
431 2508 523 2535 locum
538 2512 619 2543 atque
632 2507 785 2542 palmstram
801 2511 961 2537 accessisset
979 2510 1034 2538 illis

244 2555 342 2582 vindex
356 2555 466 2582 futurus
488 2556 537 2590 qui
555 2556 609 2583 ulla
630 2555 730 2590 injuria
747 2556 935 2592 pulsarentur,
952 2558 1031 2594 261

243 2601 354 2627 neruine
367 2602 567 2635 expostulante,
592 2609 655 2630 cum
670 2602 697 2628 in
722 2608 838 2630 mentem
863 2604 984 2632 venisset
1001 2612 1035 2633 ne

243 2644 314 2672 forte
330 2644 453 2679 ingressu
464 2646 497 2673 ad
514 2646 603 2680 ipsum
617 2647 828 2682 prohiberentur
838 2650 884 2684 qui
900 2650 1032 2678 damnum

244 2691 355 2726 aliquod
377 2691 479 2726 injuste
499 2695 670 2727 paterentur,
690 2703 722 2722 ex
743 2696 905 2730 stipantium
922 2699 1035 2726 cohorte

243 2737 353 2765 misisse
368 2737 414 2773 qui
429 2746 477 2773 per
497 2739 570 2766 varia
586 2739 662 2767 urbis
686 2741 742 2768 loca
770 2742 951 2776 inquirerent,
967 2751 1032 2771 num

242 2783 306 2816 quis
316 2783 450 2813 adversus
466 2784 584 2820 aliquem
601 2787 797 2821 expostularct.
812 2788 863 2815 Ubi
882 2789 1031 2822 redierunt,

242 2828 347 2856 nullum
370 2838 399 2858 se
415 2830 551 2859 invenisse
568 2831 691 2861 dicentes
713 2834 759 2868 qui
785 2835 958 2869 querelarum
984 2837 1033 2864 ali-

1089 2324 1133 2354 οἷα.
1155 2325 1311 2362 συμϐαίνει,
1335 2326 1379 2354 διὰ
1404 2327 1434 2354 τὸ
1460 2327 1576 2362 μέγεθος
1597 2327 1646 2362 τῆς
1662 2327 1752 2362 ἀρχῆς
1772 2326 1880 2353 ἀδικου-

1092 2373 1190 2408 μένους
1227 2372 1276 2400 καὶ
1300 2372 1396 2408 ὥσπερ
1423 2374 1461 2405 εἱς
1483 2374 1572 2400 κοινὸν
1599 2375 1766 2409 πρυτανεῖον
1784 2374 1824 2403 είς
1852 2370 1882 2396 τὸ

1088 2419 1211 2447 τοιοῦτον
1243 2419 1427 2455 διαιτητὴριον
1479 2419 1704 2454 καταφεύγοντας
1747 2419 1796 2446 καὶ
1835 2417 1883 2447 τὰς

1086 2467 1191 2498 οἰκείας
1227 2466 1374 2501 ὲγκλήσεις
1406 2466 1646 2501 προϐαλλομένους
1688 2466 1760 2502 μετά
1800 2465 1882 2492 πόνου

1089 2511 1188 2540 πολλοῦ
1202 2512 1251 2539 καὶ
1278 2512 1379 2548 συχνῆς
1402 2512 1561 2547 ἐπιμελείας
1583 2512 1730 2546 ἐξήταζεν,
1749 2513 1797 2539 καὶ
1814 2510 1883 2538 οὕτω

1088 2561 1144 2591 τοῖς
1164 2559 1355 2594 ἀδικουμένοις
1388 2560 1528 2594 ἐπήμυνεν
1555 2560 1602 2586 καὶ
1630 2560 1693 2591 τοὺς
1720 2559 1884 2588 ἀδικοῦντας

1089 2607 1173 2633 ἔπαυε
1184 2605 1228 2632 διὰ
1247 2605 1297 2640 τῆς
1309 2606 1426 2640 νομίμου
1447 2605 1582 2640 τιμωρίας
1595 2606 1642 2632 τοῦ
1667 2606 1767 2641 μηκέτι
1781 2604 1883 2639 τολμᾷν

1088 2653 1123 2679 τὰ
1140 2651 1252 2679 τοιαῦτα
1267 2653 1365 2678 ποιεῖν.
1390 2651 1503 2686 Χρόνοις
1520 2650 1547 2677 δὲ
1563 2651 1678 2686 ὕστερον
1692 2650 1804 2684 λέγεται
1819 2655 1883 2674 ποτε

1090 2699 1233 2726 κατελθεῖν
1249 2698 1289 2729 είς
1304 2698 1353 2732 τὴν
1368 2697 1498 2731 τοιαύτην
1523 2698 1668 2732 διατριῦὴν
1683 2698 1753 2733 πρὸς
1765 2697 1815 2732 τὴν
1828 2695 1883 2722 τῶν

1089 2744 1278 2779 ἀδικουμένων
1307 2743 1447 2778 ἐκδίκησιν
1460 2752 1466 2758 ·
1492 2744 1530 2775 ὡς
1550 2743 1572 2770 δ’
1585 2743 1681 2778 ἔτυχεν
1693 2744 1782 2775 οὐδεὶς
1797 2744 1880 2774 ἐγκαι-

1087 2791 1151 2824 λῶν,
1169 2791 1345 2825 ὑποτοπήσας
1359 2789 1411 2816 ὑπό
1434 2798 1514 2816 τινων
1527 2790 1576 2824 τῆς
1597 2790 1665 2825 πρὸς
1682 2790 1764 2816 αὐτὸν
1777 2786 1879 2814 εἰσόδου

1088 2835 1274 2871 ἀνείργεσθαι,
1291 2835 1354 2866 τοὺς
1371 2835 1436 2869 περὶ
1451 2835 1533 2861 αὑτὸν
1548 2836 1718 2870 δορυφόρους
1735 2830 1879 2861 ἀπέστειλε

878 2883 995 2912 νΑῐὶΙίΕ
1016 2884 1218 2913 LECTIONES.

276 2923 299 2939 ⁵⁸
316 2924 378 2960 μὲν]
390 2926 443 2953 τῶν
457 2925 488 2955 Ρ·
526 2927 548 2944 "
567 2929 597 2956 τὸ
612 2937 666 2958 οηι.
682 2929 714 2958 Ρ.
751 2932 775 2948 ⁸⁸
789 2931 943 2966 προσεολῆς
959 2932 991 2960 Λ.
1032 2934 1051 2950 ⁸¹
1068 2935 1091 2960 οἱ
1110 2941 1164 2961 om.
1187 2933 1216 2960 ιι.
1257 2933 1278 2948 ⁸³
1293 2931 1367 2966 τοὺς]
1382 2931 1411 2957 τὸ
1430 2931 1494 2962 τοὺς
1514 2929 1570 2957 AP.
