1989 3161
223 187 276 221 279

781 187 1036 220 ΤΗΕΟΡΗΑΝΕΞ
1046 190 1326 224 CONTINUATUS.

1817 188 1869 222 280

227 244 267 272 uti
293 244 413 273 maxime
435 243 517 280 lignis
538 243 665 272 dulcibus
687 243 877 272 adnaseuntur
900 252 1016 278 vermes,

1074 248 1107 280 ὥς
1121 250 1179 282 τοῖς
1189 249 1303 283 γλυκισι
1316 248 1434 285 μάλιστα
1449 248 1504 276 τῶν
1519 248 1606 282 ξύλων
1620 249 1646 276 οἱ
1657 248 1812 284 σκώληκες,
1823 249 1869 276 καὶ

228 290 348 326 malique
383 291 520 319 daemones
544 297 699 318 annuorum
729 294 807 318 terra:
835 296 1017 325 proventuum

227 336 395 373 frugumque
412 337 530 365 ubertati
548 335 702 364 invidentes
715 344 862 370 pravorum
876 337 1017 364 hominum

228 392 313 420 opera
336 384 472 412 bonorum
497 383 668 412 feracitatem
689 384 853 412 conturbare
870 389 1016 417 conantur,

227 438 261 459 ex
277 431 375 458 horum
390 438 504 458 numero
533 431 568 457 ad
598 430 774 465 imperatoris
796 430 882 458 vitam
911 430 1018 458 insidiis

228 477 358 512 ferroque
370 477 549 512 appetendam
565 477 692 505 instructi
709 476 869 513 Symbatius
886 484 918 504 ac
932 476 1019 505 Geor-

195 514 201 545 5
228 523 289 558 gius
303 531 365 551 cum
383 523 524 551 hominum
540 522 708 551 nefariorum
724 531 756 551 ac
771 523 916 558 impiorum
927 523 1016 550 turba.

193 588 195 592 τ
228 568 307 595 Haud
325 572 415 595 tamen
431 568 545 596 omnino
558 569 598 596 eis
618 569 713 601 licuit,
733 577 786 597 non
801 569 908 597 sinente
922 569 976 596 Deo
991 574 1021 596 ut

228 613 358 648 depressa
381 613 542 649 devictaque
563 614 668 642 malitia
690 615 763 642 brevi
787 615 867 650 quasi
887 614 1020 650 reparatis

229 660 333 688 viribus
359 660 562 688 convivisceret
591 668 680 697 exque
706 661 772 689 orbe
796 662 952 697 aequitatem
988 670 1020 688 ae

226 706 364 740 justitiam
389 707 512 746 pelleret.
525 706 739 742 Conjuratorum
753 716 809 735 uno
823 708 957 744 prodente
972 715 1020 735 eo-

229 761 290 780 rum
307 753 334 780 in
347 758 472 788 apertum
486 754 600 782 deducta
613 754 780 783 machinatio
792 760 844 783 est.
860 755 1020 783 Subsecutis

228 800 355 827 criminis
372 800 482 828 indiciis
494 801 639 837 evictaquc
660 809 754 835 causa,
771 802 859 837 legum
876 802 1022 829 severitate

228 850 381 873 extremum
399 846 560 875 imminebat
572 847 753 882 supplicium,
772 853 801 875 ut
817 848 946 876 nimirum
973 848 1021 875 ho-

230 900 330 920 norum
351 893 474 920 omnium
497 894 701 929 proscriptione
717 894 854 922 damnatis
868 894 949 922 etiam
967 894 1020 922 vita

229 940 407 968 adimeretur.
435 941 471 968 At
495 942 622 977 generosi
650 942 780 977 principis
796 942 941 969 clementia
967 950 1022 969 una

228 987 362 1015 duntaxat
384 988 529 1016 oculorum
546 988 703 1022 ell'ossione,
729 995 825 1016 eorum
851 989 1024 1017 solummodo

228 1033 276 1069 qui
290 1033 368 1068 pravi
380 1034 491 1062 consilii
506 1040 634 1062 auctores
649 1035 824 1068 exstiterant,
845 1043 955 1070 [laeuam
977 1035 1023 1063 de-

228 1080 333 1114 ﬁnivit;
361 1081 505 1116 magisque
542 1081 673 1109 ultionem
697 1082 856 1110 moderatus
883 1087 965 1115 esset,
996 1082 1022 1109 ni

228 1131 401 1161 perspectum
416 1126 560 1154 habuisset
570 1135 676 1155 summa
695 1128 722 1155 in
738 1136 785 1156 eos
797 1127 942 1156 clementia
955 1129 1023 1156 alios

228 1179 338 1207 quoque
355 1172 388 1199 ad
411 1172 482 1200 idem
501 1172 592 1201 scelus
611 1173 767 1201 audendum
782 1179 960 1209 provocatum
976 1174 1021 1207 iri,

228 1223 343 1253 tumque
370 1218 534 1254 adigendum
561 1227 591 1247 se
619 1221 779 1248 necessario
806 1221 839 1248 ad
871 1221 1023 1249 atrociores

229 1273 326 1300 poenas
339 1265 498 1302 exigendas.
516 1265 622 1294 Idcirco
631 1274 674 1300 ea,
691 1275 774 1303 quam
786 1267 852 1301 dixi,
865 1275 945 1303 poena
966 1273 1023 1296 tum

227 1311 283 1339 illis
297 1311 379 1347 264
393 1312 561 1346 paenitentia:
578 1317 686 1349 tempus
714 1313 841 1348 praebuit,
864 1318 921 1341 tum
937 1315 1024 1342 malos

227 1357 348 1394 reliquos
368 1358 501 1386 coercuit.
518 1359 638 1388 Studens
657 1365 748 1388 autem
764 1361 896 1396 majorem
920 1361 948 1388 in
963 1369 1024 1388 mo-

226 1404 290 1432 dum
304 1412 399 1432 eorum
416 1405 565 1440 reprimere
580 1406 688 1435 animos
708 1407 757 1442 qui
781 1407 882 1443 injuste
902 1408 1019 1435 aliorum

227 1453 349 1482 caedibus
377 1452 494 1485 inhiant,
528 1460 695 1488 omnemque
719 1453 773 1481 illis
801 1461 878 1489 spem
905 1454 1023 1487 auferre,

229 1499 301 1526 ﬁlios
318 1504 383 1526 natu
400 1498 519 1534 majores
545 1499 759 1528 Constantinum
781 1504 865 1536 atque
892 1500 1022 1533 Leonem,

228 1544 304 1579 regie
317 1543 374 1578 jam
389 1544 520 1572 educatos
543 1551 576 1571 ac
587 1545 712 1572 eruditos
726 1546 858 1581 omnique
871 1547 971 1574 virtute
989 1554 1023 1573 ex

1070 297 1103 332 τῇ
1118 298 1239 332 κοσμικῇ
1265 294 1396 333 εὐετηρίᾳ
1411 297 1458 324 καὶ
1485 297 1599 333 εὑθηνίᾳ
1630 297 1816 332 βασκαίνοντα
1835 296 1868 323 τὰ

1070 342 1161 376 φαῦλα
1177 343 1305 378 δαιμόνια
1328 343 1373 370 διὰ
1402 343 1529 378 πονηρῶν
1557 342 1711 379 ἀνθρώπων
1739 343 1870 378 πειρᾶται

1071 387 1120 424 τὴν
1134 388 1190 416 τῶν
1211 388 1324 423 ἀγαθῶν
1350 389 1517 425 συνταράξαι
1532 389 1630 424 φορὰν,
1652 390 1684 415 ὲκ
1703 389 1808 416 τούτων
1824 388 1871 414 καὶ

1071 434 1158 470 τούτῳ
1186 435 1322 470 συσκευὴν
1345 435 1503 471 ἐπιϐουλῆς,
1534 436 1604 471 μετὰ
1631 435 1765 471 καὶπρὸς
1790 435 1871 468 φόνον

1070 482 1211 514 ὁπλίζεται
1226 482 1378 517 Συμσάτιος
1393 483 1439 509 καὶ
1450 483 1585 518 Γεώργιος
1597 483 1666 517 μετὰ
1681 483 1794 516 στίφους
1803 482 1871 508 ἀπο,

1072 527 1182 563 φράδων
1194 527 1347 563 ἀνθρώπων
1358 529 1405 555 καὶ
1421 528 1570 555 δυσσεσῶν.
1581 528 1617 554 Οὐ
1629 527 1838 563 συγχωροῦντος
1847 526 1871 542 ⁸⁸

1071 574 1099 600 δὲ
1119 574 1239 606 πάντως,
1255 574 1310 601 οὐδ’
1324 574 1489 609 ἀνεχομένου
1502 574 1572 601 Θεοῦ
1581 575 1631 610 τὴν
1647 574 1747 601 κακίαν
1758 573 1792 600 δι’
1808 572 1871 600 ἐλα-

1072 620 1166 656 χίστου
1191 620 1270 653 αὖθις
1284 628 1288 634 λ
1301 620 1486 648 ἁναπαλαῑσαι
1513 620 1563 656 τὴν
1583 620 1689 648 οἰκείαν
1706 618 1807 657 ’ἧτταν
1824 620 1870 646 καὶ

1072 666 1208 694 ἀπελάσαι
1223 667 1272 702 τὴν
1283 667 1412 702 εὐνομίαν
1426 667 1473 694 καὶ
1486 667 1662 702 δικαιοσύνην
1679 667 1733 694 ἀπὸ
1745 667 1794 701 τῆς
1805 666 1868 702 γῆς,

1073 713 1221 747 κατάδηλος
1238 714 1255 748 ἠ
1274 712 1376 739 τούτων
1407 711 1449 748 [Ρ.
1472 711 1534 748 164]
1564 712 1680 747 πονηρία
1705 711 1870 738 καθίσταται

1073 758 1120 792 ἀφ’
1133 759 1192 790 ἐνὸς
1207 757 1262 785 τῶν
1288 757 1463 792 συνωμοτῶν.
1486 757 1744 793 Ἀκολουθησάντων
1761 757 1790 784 δὲ
1814 756 1872 783 τῶν

1073 805 1192 841 ἐλέγχων
1207 805 1347 841 ἐπήρτητο
1363 805 1412 840 μὲν
1422 805 1477 832 ἀπὸ
1490 804 1544 832 τῶν
1556 804 1648 840 νόμων
1657 805 1749 837 αὐτοῖς
1760 805 1775 839 ἡ
1789 804 1871 839 ὲσχά-

1072 860 1106 887 τη
1122 851 1252 887 τιμωρία,
1270 852 1404 884 τουτέστι,
1437 851 1507 886 μετὰ
1529 851 1578 878 καὶ
1591 851 1723 886 δήμευσιν
1749 850 1798 877 καὶ,
1815 850 1871 876 τῶν

1073 899 1159 926 ὄντων
1171 898 1299 926 ἁπάντων
1314 898 1462 930 ἔκπτωσιν,
1480 898 1527 925 καὶ
1543 899 1560 934 ἡ
1577 897 1627 932 τῆς
1641 898 1716 933 ζωῆς
1724 897 1812 933 αὐτῆς
1822 897 1874 924 ἀλα

1074 945 1228 979 λοτρίωσις.
1251 943 1320 971 Ἀλλ’
1339 944 1356 979 ἡ
1369 943 1417 970 τοῦ
1431 943 1554 978 γενναίου
1572 943 1704 978 βασιλέως
1717 942 1871 977 φιλανθρω-

1075 993 1126 1019 πία
1145 993 1213 1027 μόνῃ
1232 991 1286 1018 τῶν
1306 990 1454 1027 ὀφθαλμῶν
1465 990 1570 1025 ὲκκοπῇ
1586 990 1635 1025 τὴν
1652 988 1788 1024 τιμωρίαν
1802 987 1869 1023 ὡρί-

1064 1038 1140 1065 ’σατο
1158 1037 1226 1069 τέως
1250 1036 1304 1064 τῶν
1318 1036 1570 1073 προκαταρξὰντων
1593 1035 1643 1070 τῆς
1660 1034 1784 1070 πονηρᾶς
1800 1042 1869 1068 συμ-

1074 1083 1174 1119 ϐουλῆς
1185 1091 1191 1098 ·
1208 1085 1255 1110 καὶ
1271 1083 1353 1110 πλέον
1379 1083 1401 1110 δ’
1413 1083 1446 1109 ἄν
1465 1082 1516 1117 τὴν
1532 1081 1675 1117 εἴσπραξιν
1692 1080 1869 1115 ἐμετρίασεν,

1074 1133 1098 1158 εί
1110 1131 1147 1167 μὴ
1161 1130 1209 1166 τὴν
1224 1131 1263 1162 εἰς
1279 1130 1392 1161 τούτους
1411 1130 1500 1164 ἄκραν
1517 1128 1724 1163 φιλανθρωπίαν
1735 1127 1870 1160 ἐγίνωσκε

1074 1178 1124 1204 καὶ
1146 1177 1244 1209 ἄλλους
1257 1176 1460 1212 προτρέψεσθαι
1481 1176 1501 1191 θ’
1523 1176 1591 1211 πρὸς
1605 1175 1655 1210 τὴν
1680 1174 1800 1209 μίμησιν
1822 1173 1870 1199 καὶ

1074 1224 1134 1250 τότε
1150 1224 1190 1254 είς
1204 1223 1330 1257 ἀνάγκην
1355 1221 1512 1257 ὑπαχθῆναι
1540 1220 1622 1248 αὑτὸν
1647 1220 1696 1247 καὶ
1716 1217 1871 1254 βαρυτέρας

1074 1269 1289 1300 ἀνταποδόσεως.
1311 1268 1360 1295 Διὰ
1372 1267 1452 1294 τοῦτο
1466 1269 1499 1303 τῇ
1520 1266 1647 1302 λεχθείσῃ
1664 1267 1744 1301 ποινῇ
1762 1264 1870 1295 τούτοις

1074 1326 1103 1344 τε
1123 1316 1267 1352 μετανοίας
1281 1316 1406 1351 παρέσχε
1433 1314 1531 1351 καιρὸν
1549 1314 1595 1341 καὶ
1611 1314 1674 1345 τοὺς
1686 1312 1800 1343 λοιποὺς
1813 1311 1869 1337 τῶν

1075 1365 1203 1401 πονηρῶν
1214 1354 1393 1399 ἐσωφρόνιζε.
1410 1363 1577 1398 Βουλόμενος
1588 1361 1611 1388 δ’
1626 1361 1673 1388 ἐπὶ
1684 1360 1787 1395 μᾶλλον
1803 1359 1868 1386 ἁνα-

1076 1412 1177 1440 στεῖλαι
1188 1412 1237 1443 τὰς
1251 1411 1341 1447 ὁρμὰς
1358 1410 1412 1437 τῶν
1428 1409 1526 1441 ἀδίκως
1555 1408 1711 1444 ζητούντων
1727 1406 1870 1441 ἀλλότριον

1075 1459 1190 1487 θάνατον
1204 1458 1250 1485 καὶ
1265 1458 1356 1484 πᾶσαν
1379 1456 1470 1484 αὐτῶν
1484 1455 1579 1483 ἐλπίδα
1607 1454 1757 1490 περιελεῖν,
1775 1452 1868 1485 ἀνάγει

1075 1504 1143 1539 πρὸς
1159 1503 1189 1530 τὺ
1201 1502 1252 1538 τῆς
1276 1502 1416 1537 βασιλείας
1430 1501 1540 1536 ἀξίωμα
1549 1501 1611 1532 τοὺς
1623 1499 1677 1526 τῶν
1690 1499 1796 1526 παίδων
1809 1496 1868 1524 καθ’

1075 1550 1184 1586 ἠλικίαν
1199 1549 1376 1583 προέχοντας,
1389 1547 1440 1582 ἠδη
1461 1547 1607 1582 βασιλικῶς
1621 1545 1810 1580 ἀναγομένους
1823 1545 1868 1571 καὶ

228 1590 336 1625 imperii
364 1590 471 1618 ratione
500 1591 637 1623 excultos,
664 1590 699 1617 ad
729 1591 836 1626 imperii
861 1592 1020 1627 dignitatem

1074 1596 1288 1631 παιδευομένους
1305 1589 1352 1621 καὶ
1365 1595 1405 1626 εἰς
1429 1594 1520 1620 πᾶσαν
1535 1593 1729 1627 ὲκλάμποντας
1753 1589 1868 1626 ἀρχικὴν

227 1642 380 1672 promovet,
402 1636 476 1664 velut
491 1636 622 1665 nimirum
639 1637 787 1666 validiores
810 1638 958 1673 pluresque
978 1646 1022 1665 ra—

228 1683 302 1710 dices
320 1683 346 1710 in
363 1682 481 1718 imperio
502 1683 627 1717 mittens,
649 1687 678 1711 et
694 1691 777 1718 super
796 1674 950 1712 eo.uobiles
970 1684 1022 1711 im—

226 1731 296 1765 perii
312 1738 404 1759 ramos
416 1731 579 1759 sustollens.

262 1821 310 1851 '55.
324 1822 363 1850 Ad
376 1822 447 1850 hanc
462 1829 545 1858 porro
557 1821 680 1850 historia:
690 1825 796 1855 partem
807 1828 870 1847 cum
887 1820 1018 1851 venerim,

226 1870 295 1897 libet
312 1870 358 1897 hic
375 1877 487 1905 quoque
502 1869 537 1897 de
558 1868 672 1903 reliquis
689 1867 749 1903 ejus
773 1867 866 1895 liberis
895 1867 1021 1895 instituto

225 1923 363 1949 sermone,
376 1916 514 1951 quomodo
538 1915 572 1943 de
596 1915 712 1950 singulis
733 1915 778 1951 pie
795 1915 943 1942 admodum
966 1920 1021 1943 sta-

226 1963 320 1995 tuerit.
336 1963 488 1991 declarare.
507 1962 590 1990 Velut
604 1962 676 1990 enim
701 1961 767 1989 olim
791 1961 893 1997 pietate
907 1961 1021 1997 conspi-

225 2018 293 2039 cuos
310 2018 343 2038 ac
363 2010 458 2039 beatos
484 2011 570 2043 viros,
602 2010 658 2037 imo
682 2013 710 2036 et
731 2016 814 2044 supra
845 2008 917 2042 illos,
948 2009 1021 2036 hunc

224 2064 336 2093 quoque
359 2057 431 2085 Deus
454 2058 569 2092 copiosa
592 2057 736 2092 proboque
766 2055 861 2085 sobole
894 2055 1019 2083 donavit.

223 2105 290 2133 Post
302 2104 414 2140 aliquod
436 2105 531 2140 itaque
549 2109 658 2139 tempus
678 2104 763 2132 etiam
791 2103 977 2130 Alexandrum
995 2103 1023 2128 ti-

224 2152 325 2179 linrum
349 2151 460 2179 tertium
479 2150 597 2186 Augusti
610 2157 714 2178 corona
730 2149 890 2185 impartivit.
916 2149 1020 2176 llorum

223 2207 289 2226 vero
327 2198 507 2226 novissimum
545 2196 737 2231 Stephanum,
763 2196 837 2223 haud
873 2204 952 2224 secus
988 2203 1021 2224 ac

225 2245 400 2272 Abrahamus
414 2242 552 2276 lsaacum,
581 2242 638 2269 Deo
666 2242 744 2270 oll'et't
769 2242 871 2277 Deique
892 2242 1021 2271 Ecclesia:

224 2290 327 2324 adlegit
342 2296 375 2316 ac
390 2291 546 2316 consecrat.
570 2287 654 2316 Filias
673 2288 788 2316 totidem
815 2296 932 2317 numero
952 2294 1021 2324 quot

224 2340 305 2364 erant
331 2335 470 2367 masculi,
501 2334 529 2362 in
554 2341 636 2363 sacro
667 2335 864 2364 illustrissimae
891 2337 1020 2372 martyris

224 2380 383 2415 Euphemiae
406 2380 575 2407 monasterio
597 2379 729 2412 devovet.
758 2388 790 2408 ac
818 2381 893 2409 velut
920 2389 1019 2410 munus

225 2430 367 2462 acceptum
383 2426 558 2461 hostiamque
575 2426 631 2454 Deo
645 2427 729 2461 dicat,
746 2427 807 2456 illas
825 2432 882 2455 tum
896 2428 1018 2456 moribus

225 2479 282 2501 tum
297 2473 392 2501 habitu
404 2473 535 2508 omnique
544 2480 679 2509 apparatu
694 2481 808 2507 ornans,
822 2482 879 2509 quo
893 2475 1017 2503 decorari

225 2520 314 2547 solent
324 2528 386 2554 quae
401 2529 468 2555 pure
481 2528 513 2549 ac
528 2520 745 2548 incontaminate
760 2520 906 2548 immortali
917 2528 1020 2556 sponso

224 2566 335 2594 Christo
363 2575 472 2602 sponsa:
495 2568 616 2602 virgines
643 2566 818 2602 copulantur.
854 2568 927 2600 Haec,
956 2569 1022 2597 licet

227 2613 385 2640 subsecutis
404 2613 485 2649 265
500 2613 669 2648 temporibus
688 2618 748 2642 acta
767 2619 842 2648 sunt,
867 2614 911 2642 hic
928 2619 1017 2642 tamen

226 2659 315 2692 posita
330 2663 422 2693 sunto,
438 2659 476 2687 uti
495 2664 603 2693 natura,
623 2661 663 2688 sie
678 2665 704 2689 ct
716 2661 846 2689 narrandi
863 2662 922 2696 ipsa
936 2661 1016 2694 serie,

226 2705 342 2733 fratrum
355 2707 531 2741 quater-niani
548 2707 705 2742 conjuncta.

261 2751 307 2779 56.
321 2751 413 2780 Rebus
430 2752 523 2788 itaque
538 2752 579 2781 sic
594 2753 632 2780 illi
646 2754 719 2781 domi
738 2753 822 2789 probe
835 2752 1018 2789 religioseque

226 2804 259 2824 ac
274 2797 328 2825 Deo
339 2798 439 2833 placito
453 2806 538 2835 scopo
552 2800 719 2832 constitutis,
736 2807 798 2826 cum
816 2799 905 2834 ipsum
918 2799 1017 2828 ardens

227 2844 383 2879 reipublicae
405 2853 469 2873 cura
498 2847 531 2874 ad
556 2852 668 2875 externa
688 2853 800 2882 quoque
828 2846 899 2874 bella
926 2847 1017 2874 susci-

1074 1643 1186 1679 ἀρετὴν,
1215 1641 1419 1668 Κωνσταντῑνον
1445 1639 1492 1666 καὶ
1507 1639 1623 1670 Λέοντα,
1639 1638 1721 1665 οίονεὶ
1736 1645 1866 1672 κραταιο-

1073 1690 1156 1725 τέρας
1172 1688 1251 1723 ῥίζας
1265 1687 1311 1713 καὶ
1328 1686 1454 1716 πλείονας
1472 1685 1634 1720 βαλλόμενος
1647 1685 1681 1720 τῇ
1706 1684 1778 1719 ἀρχῇ
1789 1705 1797 1716 ,
1823 1683 1866 1709 καὶ

1073 1737 1137 1768 τοὺς
1162 1736 1283 1769 εὐγενεῖς
1307 1735 1357 1769 τῆς
1383 1733 1523 1768 βασιλείας
1547 1732 1675 1768 δρπηκας
1693 1731 1740 1757 ἐπὶ
1768 1730 1867 1764 ταύτης

1074 1782 1160 1817 ὑψῶν.

1107 1828 1156 1855 λε’.
1174 1827 1246 1854 Ἀλλ’
1258 1826 1318 1852 ἐπεὶ
1330 1824 1401 1852 κατὰ
1414 1823 1494 1850 τοῦτο
1519 1823 1549 1850 τὸ
1564 1822 1647 1858 μέρος
1670 1821 1808 1857 ἐγενόμην
1819 1821 1865 1855 τῆς

1073 1875 1236 1910 διηγήσεως,
1262 1872 1393 1907 βούλομαι
1418 1871 1465 1898 καὶ
1490 1871 1556 1905 περὶ
1570 1870 1626 1896 τῶν
1651 1869 1757 1896 λοιπῶν
1787 1867 1865 1896 αὐτοῦ

1074 1920 1177 1948 παίδων
1189 1919 1241 1956 ἤδη
1250 1918 1399 1948 διαλασεῖν,
1415 1918 1490 1948 ὅπως
1505 1918 1570 1952 περὶ
1591 1916 1711 1944 ἑκάστου
1722 1914 1815 1941 αὐτῶν
1825 1914 1866 1940 εὑ-

1074 1965 1162 1998 σεσῶς
1176 1964 1367 1992 ἐϐουλεύσατο.
1382 1963 1461 1991 Κατὰ
1474 1963 1530 1998 γὰρ
1541 1963 1605 1994 τοὺς
1635 1962 1719 1989 πάλαι
1744 1961 1800 1988 τῶν
1825 1959 1866 1986 εὑ·

1075 2013 1162 2040 σεδῶν
1178 2013 1225 2039 καὶ
1254 2011 1398 2046 μακαρίων
1412 2009 1528 2043 ἀνδρῶν,
1560 2009 1661 2044 μᾶλλον
1675 2008 1704 2035 δὲ
1725 2008 1774 2035 καὶ
1788 2006 1865 2046 ,ὑπὲρ

1073 2059 1195 2090 ἐκείνους
1209 2058 1363 2085 πολύπαιδα
1378 2057 1425 2083 καὶ
1441 2055 1606 2083 καλλίπαιδα
1624 2055 1671 2082 καὶ
1693 2054 1791 2081 τοῦτον
1803 2053 1865 2079 εδει-

1073 2107 1119 2140 ξεν
1129 2107 1144 2132 ὁ
1161 2105 1237 2137 Θεός.
1253 2104 1332 2132 Μετὰ
1346 2104 1441 2139 χρόνον
1456 2103 1547 2129 τοίνυν
1561 2101 1623 2129 τινὰ
1639 2100 1805 2137 μεταδίδωσι
1819 2097 1865 2125 τοῦ

1074 2152 1188 2187 στέφους
1199 2151 1247 2178 καὶ
1263 2149 1430 2185 Ἀλεξάνδρῳ
1448 2148 1488 2184 τῷ
1506 2148 1593 2184 τρίτῳ
1618 2147 1685 2183 υίῷ·
1702 2147 1752 2174 τὸν
1766 2143 1865 2172 seeos-

1073 2207 1127 2225 των
1142 2197 1276 2225 νεώτατον
1290 2196 1436 2231 Στέφανον,
1456 2195 1494 2226 ὡς
1511 2194 1558 2220 τὸν
1578 2193 1674 2220 Ἰσαὰκ
1690 2193 1705 2219 ὁ
1729 2191 1865 2228 Ἀϐραὰμ,

1075 2245 1209 2280 προσάγει
1220 2243 1280 2279 Θεῷ
1294 2243 1340 2269 καὶ
1352 2243 1385 2277 τῇ
1402 2241 1450 2268 τοῦ
1461 2240 1529 2267 Θεοῦ
1550 2239 1703 2274 Ἐκκλησία
1715 2236 1865 2271 ἐγκαταλέ-

1074 2301 1118 2328 γει
1135 2293 1157 2308 ⁸⁸
1173 2291 1221 2318 καὶ
1247 2290 1368 2325 ἀφιεροῑ.
1383 2288 1440 2324 Τὴν
1454 2287 1565 2323 θήλειαν
1574 2287 1603 2314 δὲ
1621 2286 1704 2322 γονὴν
1722 2283 1865 2320 ἰσάριθμον

1072 2338 1157 2366 οὖσαν
1171 2338 1205 2372 τῇ
1230 2337 1326 2371 ᾶῤῥενι
1340 2335 1369 2361 ἐν
1388 2334 1454 2369 ἱερῷ
1484 2333 1604 2369 σεμνείῳ
1618 2333 1669 2367 τῆς
1687 2331 1865 2365 πανευφήμου

1074 2384 1212 2420 μάρτυρος
1232 2381 1377 2416 Εὑφημίας
1393 2379 1517 2414 καθιεροῖ
1533 2379 1582 2405 καὶ
1605 2379 1644 2410 ὡς
1659 2377 1749 2413 δῶρον
1775 2375 1865 2403 δεκτὸν

1072 2432 1119 2459 καὶ
1133 2429 1263 2464 ἀνάθημα
1278 2427 1338 2462 Θεῷ
1357 2427 1529 2461 ἀνατίθησιν.
1554 2425 1601 2452 καὶ
1615 2425 1740 2460 σχήματι
1757 2423 1805 2451 καὶ
1817 2431 1863 2449 κα-

1071 2476 1194 2511 ιιταστολῇ⁴
1206 2477 1348 2510 κοσμήσας
1366 2473 1466 2509 ὁμοίως
1479 2473 1538 2503 ταῖς
1555 2471 1685 2507 καθαρῶς
1700 2471 1750 2497 καὶ
1767 2469 1863 2505 ἀμιάν-

1069 2532 1123 2554 τως
1134 2522 1174 2557 τῷ
1193 2520 1320 2556 ἀθανάτῳ
1344 2519 1464 2554 Νυμφίῳ
1480 2517 1705 2554 νυμφευομάναις
1717 2516 1863 2552 παρθένοις

1071 2569 1194 2614 Χριστῷ.
1209 2566 1301 2594 Ταῦτα
1317 2566 1345 2593 δὲ
1362 2567 1387 2593 εἰ
1398 2566 1514 2597 καὶτοῖς
1531 2565 1639 2601 χρόνοις
1651 2565 1768 2600 ὕστερον
1787 2562 1864 2598 τυχὸν

1070 2610 1194 2651 γέγονεν,
1210 2614 1268 2641 ἀλλ’
1279 2613 1327 2641 οὖν
1336 2612 1452 2640 ἐνταῦθα
1465 2612 1567 2639 κείσθω
1582 2611 1757 2646 συνημμένα,
1773 2610 1864 2641 ὥσπερ

1071 2665 1103 2699 τῇ
1118 2662 1208 2697 φύσει,
1222 2661 1294 2688 οὕτω
1314 2660 1346 2695 δὴ
1366 2660 1414 2687 καὶ
1438 2661 1471 2694 τῇ
1489 2659 1616 2694 διηγήσει
1632 2657 1683 2694 τῆς
1700 2655 1870 2694 “spartum!

1071 2710 1125 2736 τῶν
1139 2708 1272 2742 ἀδελφῶν.

1107 2755 1163 2788 λς’,
1186 2755 1265 2781 Ἐπεὶ
1283 2754 1331 2780 οὖν
1359 2753 1393 2779 τὰ
1419 2753 1489 2779 οἴκοι
1516 2751 1609 2782 καλῶς
1635 2748 1710 2786 εἶχεν
1724 2749 1801 2782 αὐτῷ
1819 2747 1862 2772 καὶ

1073 2803 1144 2829 κατὰ
1159 2800 1262 2828 σκοπὸν
1278 2799 1378 2834 εὐσεϐῆ
1394 2800 1440 2826 καὶ
1450 2798 1610 2834 θεάρεστον,
1633 2797 1727 2824 ἐκάλει
1743 2796 1770 2822 δὲ
1786 2793 1861 2821 αὑτὸν

1073 2848 1206 2886 ή-ζέουσα
1221 2847 1284 2882 περὶ
1312 2846 1365 2873 τῶν
1391 2845 1459 2872 ὅλων
1479 2845 1591 2880 φροντὶς
1609 2844 1655 2871 καὶ
1686 2842 1755 2879 πρὸς
1783 2842 1861 2874 ὕπερ-

876 2890 995 2918 V'ARIAE
1016 2891 1216 2920 LECTIONI‘IS.

262 2938 285 2953 ¹⁰
299 2937 506 2972 συγχωροῦνται
521 2939 550 2967 P.
591 2940 612 2956 εί
634 2938 882 2973 προτρέψασθαιΑ.

924 2938 945 2953 θ’
959 2939 1104 2973 καταλέγει
1122 2940 1154 2965 Α.
