1989 3161
144 209 186 241 281

142 268 224 318 ορίους
238 270 396 305 στρατείας,
414 273 452 305 ὡς
475 275 508 302 ἀν
527 277 584 308 τοῖς
596 277 710 311 οίκείοις
724 279 817 312 πόνοις
836 282 882 308 καὶ
894 283 926 318 τῇ
942 282 965 310 Α

141 312 216 340 αὑτοῦ
231 315 329 352 ἀνδρίᾳ
349 318 397 344 καὶ
413 321 584 357 γενναιότητι
606 323 729 360 πλατύνῃ
749 326 799 360 μὲν
813 327 848 353 τὰ
865 312 926 362 ὅρια

198 359 298 408 ἀρχῆς.
328 364 497 400 πορρωτέρω
511 367 540 394 δὲ
556 369 664 406 συνώσῃ
740 359 803 408 1765]
818 374 864 400 καὶ
873 359 926 401 ἀπ-

139 405 216 456 ιλάσῃ
227 406 259 433 τὸ
269 407 475 444 δυσμενὲς,οὑδὲ
485 413 588 442 τούτων
594 405 741 453 ἠμέλησεν,
752 405 820 446 ἀλλά
829 421 926 456 πρῶτα

141 451 186 486 μὲν
199 453 262 484 τοὺς
285 459 500 491 στρατιωτικοὺς
523 462 694 497 καταλόγους
721 464 925 499 ὲλαττωθὲντας

139 501 168 526 ὲκ
180 501 226 528 τοῦ
241 504 425 540 περικοπῆναι
437 506 486 539 τὰς
500 507 639 544 διδομένας
648 511 753 545 τούτοις
767 514 923 550 φιλοτιμίας

138 545 182 591 καὶ
193 547 278 581 ρόγας
299 549 346 576 καὶ
361 550 394 577 τὰ
412 551 541 586 βασιλικὰ
564 556 707 591 σιτηρέσια
716 558 761 586 διὰ
772 545 843 586 νέων
858 545 924 587 ἐυλζ

137 590 213 626 λογῆς
224 601 254 619 τε
267 594 313 620 καὶ
331 594 447 631 ἐκλογῆς
465 590 659 633 ἀνεπλήρωσεν
683 602 730 628 καὶ
745 603 789 630 διὰ
804 604 854 639 τῆς
866 606 922 633 τῶν

135 638 246 665 δεόντων
264 642 389 676 παροχῆς
403 651 434 669 τε
446 644 494 670 καὶ
504 645 652 679 ἐπιδόσεως
668 647 790 684 ἔρρωσεν
800 658 807 665 ·
824 638 921 678 ἔπειτα

135 683 273 718 γυμνάσας
288 686 401 719 τούτους
416 689 476 720 ταῖς
489 692 634 724 τακτικαῖς
648 683 784 727 μελέταις,
803 696 850 722 καὶ
864 698 922 729 τοῖς

134 730 279 766 ἐνδελεχέσι
290 733 384 765 πόνοις
395 735 545 771 ἐμπείρους
559 737 610 773 τῆς
624 738 775 774 πολεμικῆς
801 742 922 776 ἀγωνίας

134 777 300 812 πεποιηκὼς,
326 780 374 806 καὶ
392 781 520 814 εὐταξίας
549 783 592 810 ὅτι
611 785 728 819 μάλιστα
752 787 832 822 λόγον
847 788 920 824 ἔχειν

131 823 222 856 ἐθίσας
236 826 284 852 καὶ
299 828 513 862 πεφροντικέναι
530 830 578 856 τοῦ
593 832 748 865 εὐπειθοῦς,
771 835 843 863 οὕτω
859 823 919 870 μετ’

131 870 220 897 αὐτῶν
228 871 300 907 ὑπὲρ
313 873 368 899 τῶν
379 873 502 908 φυλετῶν
512 877 559 903 καὶ
575 879 715 913 συγγενῶν
730 880 775 908 καὶ
791 882 919 917 ὑπηκόων

130 915 199 943 κατὰ
211 917 358 953 βαρσάρων
372 920 564 956 ἐστράτευσεν.
581 924 659 959 ᾚδει
675 926 730 962 γὰρ
744 927 782 959 ὼς
794 915 854 962 οὺς-ὲ
865 930 919 956 τῶν

129 961 271 996 βαναύσων
282 964 330 991 καὶ
345 966 464 1001 χυδαίων
474 968 578 996 τούτων
590 972 693 1005 τεχνῶν
704 973 832 1008 οὐδεμίαν
842 974 916 1002 ἐστιν

127 1007 224 1035 εἰδέναι
239 1009 294 1044 πρὸ
310 1011 359 1037 τοῦ
375 1012 484 1046 μαθεῖν,
512 1014 566 1041 οὐδ’
579 1014 653 1042 ἔστιν
668 1017 742 1049 ὅστις
755 1007 916 1048 διδασκάλου

126 1055 208 1090 popl;
219 1054 281 1082 οὔτε
299 1056 558 1095 ὑποδηματοράῳος,
575 1062 641 1097 μήτι
658 1072 689 1097 γε
707 1064 762 1091 τῶν
773 1066 917 1093 σπουδαιο-

124 1100 211 1135 τέρων
240 1103 302 1130 τινὰ
317 1104 421 1139 τεχνῶν
453 1107 647 1142 κατωρθωκὼς
663 1110 798 1144 φαίνεται.
817 1113 873 1148 Τὴν
887 1113 916 1140 δὲ

125 1146 277 1183 πολεμικὴν
302 1150 457 1186 ἐπιστήμην
487 1152 503 1187 ἢ
531 1153 629 1189 τέχνην
649 1157 674 1182 εἰ
689 1156 750 1192 δίχα
769 1146 915 1195 μαθήσεως

124 1194 169 1220 καὶ
185 1194 283 1229 ἱκανῆς
306 1196 454 1232 ἐμπειρίας
478 1199 542 1234 ὲξῆν
563 1200 662 1228 εἰδέναι
677 1203 716 1238 τῷ
746 1203 913 1241 βουλομένῳ,

125 1240 172 1266 οὐκ
183 1238 257 1275 εἶχον
282 1242 337 1278 ἄρα
361 1243 435 1277 νοῦν,
449 1245 507 1272 ἀλλ’
523 1246 640 1282 ἐλήρουν
655 1250 679 1275 οι
695 1248 780 1278 πολλὰ
791 1238 860 1286 περὶ
883 1238 914 1279 τδ

125 1287 204 1321 μέρος
220 1288 301 1315 τοῦτο
316 1291 485 1325 πονήσαντες
504 1293 535 1320 ἐν
549 1295 606 1325 τοῖς
620 1298 758 1328 τακτικοῖς
771 1299 913 1334 συγγράμ-

123 1341 188 1366 μασι
206 1334 254 1360 καὶ
277 1335 302 1361 οἱ
316 1335 439 1370 μέγιστοι
455 1338 510 1365 τῶν
526 1340 738 1378 αὐτοκρατόρων
752 1344 799 1370 καὶ
813 1352 913 1380 στρατ-

122 1379 207 1425 ¹ιιγῶν.
235 1381 261 1407 οι
281 1381 368 1409 πολλὰ
381 1383 436 1410 ἀπὸ
452 1384 559 1412 πολλῶν
571 1388 691 1422 τρόπαια
717 1379 911 1425 συστήσαντες,

121 1420 156 1451 ὧν
171 1425 261 1458 οὐδεὶς
273 1427 412 1463 ἐθάρρησε
431 1430 545 1458 πώποτε
571 1420 631 1468 μετ’
648 1433 771 1468 ἀμαθοῦς
787 1420 833 1462 καὶ
843 1420 911 1472 dmi;

125 1472 239 1507 μνάστου
268 1475 332 1502 λαοῦ
358 1478 399 1509 εἰς
418 1478 559 1514 πολεμίων
586 1481 742 1516 παράταξιν
769 1484 910 1519 ἐμϐαλεῖν.

128 1517 196 1545 Ἀλλ’
223 1520 275 1546 οὐκ,
288 1521 364 1548 ἔστιν
379 1522 442 1549 οὔτε
457 1524 504 1551 τὸν
521 1525 558 1561 μὴ
577 1526 700 1561 μαθόντα
717 1517 827 1563 είδέναι,
848 1530 910 1561 οὔτε

123 1564 165 1591 τὸν
178 1565 215 1601 μὴ
228 1567 391 1603 ἀσκήσαντα
419 1569 467 1597 καὶ
481 1572 693 1608 γυμνασάμενον
717 1576 909 1609 ἀγωνίζεσθαι.

124 1610 170 1638 Διά
185 1612 264 1640 τοῦτο
278 1615 327 1641 καὶ
345 1615 367 1632 ⁸³
380 1617 394 1643 ό
409 1619 533 1650 γενναῖος
558 1616 639 1651 οὗτος
658 1621 791 1656 πρότερον
804 1624 911 1659 γυμνάς
926 1633 950 1665 c

124 1665 169 1690 σας
183 1660 230 1686 καὶ
256 1663 427 1696 καταρτίσας
451 1664 486 1691 τά
509 1665 639 1700 τάγματα
658 1667 694 1694 τὰ
716 1671 913 1705 στρατιωτικὰ,

124 1705 166 1730 καὶ
179 1705 201 1721 ⁸⁵
213 1707 264 1742 τὴν
279 1708 472 1737 νεοσύλλεκτον
491 1713 622 1747 στρατιὰν
651 1714 788 1750 ἀναμίξας
812 1718 844 1752 τῇ
861 1727 913 1745 πα-

100 1786 103 1789 _
123 1751 193 1800 λαιᾷ,
208 1755 256 1781 καὶ
271 1757 333 1788 ταῖς
361 1757 548 1792 ἁρμοζούσαις
571 1762 715 1797 χορηγίαις
734 1766 781 1791 καὶ
797 1751 912 1800 δώρεαῖς

124 1797 232 1830 λιπάνας
251 1801 342 1829 αὐτῶν
365 1803 400 1830 τὰ
415 1804 498 1841 νεῦρα
525 1806 574 1833 καὶ
594 1808 717 1840 τονώσας
745 1809 795 1842 τὰς
810 1797 910 1844 δεξιὰς,

123 1843 191 1890 οὕτω
202 1847 258 1882 μετ’
270 1848 363 1876 αὐτῶν
390 1850 545 1886 προσέϐαλε
560 1852 582 1868 ⁶¹
594 1855 651 1885 τοῖς
677 1855 783 1890 ἐχθροῖς
805 1843 852 1884 καί
870 1843 904 1886 τά

124 1889 204 1917 πολλὰ
221 1893 340 1927 τρόπαια
355 1894 470 1930 ἔστησεν
484 1896 533 1922 καὶ
555 1897 606 1928 τὰς
620 1889 819 1933 μυρίαςγνίκας
832 1901 906 1928 ἀνεία-

124 1934 189 1962 λετο.
203 1938 249 1964 Διὰ
263 1938 387 1974 βραχέων
394 1940 424 1966 δὲ
441 1940 610 1977 διηγήσομαι
625 1943 658 1971 ⁸⁸,

686 221 760 252 ΠΒ.
782 222 816 253 ν.
837 235 871 240 -
889 222 1067 256 BASILIUS
1081 225 1245 258 MACEDO.

1708 236 1762 268 2'52

979 282 1076 317 pienda
1093 284 1320 322 impellerel,quo
1330 286 1460 317 nimirum
1480 290 1538 318 suis
1554 290 1611 326 ipse
1622 292 1764 322 laboribus

978 333 1005 356 et
1021 328 1180 358 fortitudine
1195 332 1336 368 animique
1359 335 1548 369 magnitudine
1572 338 1678 373 imperii
1698 339 1766 368 lines

976 374 1111 410 proferret
1125 377 1289 413 longiusque
1299 379 1405 408 hostem
1417 382 1580 416 propelleret
1594 391 1626 411 ac
1637 385 1768 420 abigeret,

977 429 1026 449 nec
1038 422 1109 450 banc
1126 424 1178 452 sibi
1193 430 1298 460 partem
1315 427 1504 462 negligentiam
1521 430 1766 464 putavit.PrinuIm

977 474 1068 496 tamen
1090 470 1224 499 militares
1256 473 1386 501 cohortes
1413 474 1475 502 inde
1503 475 1664 505 imminutas
1691 479 1765 513 quod

975 520 1113 544 consuetae
1133 516 1292 552 largitiones
1306 524 1333 546 et
1346 520 1480 554 stipendia
1501 522 1637 557 regiisque
1649 531 1766 552 annona:

974 561 1029 589 illis
1046 563 1195 591 subtracta:
1210 571 1311 596 essent,
1334 574 1405 594 novo
1420 567 1527 600 delectu
1551 569 1765 605 conscriptaque

974 608 1001 634 in
1017 616 1076 636 eam
1091 617 1147 637 rem
1164 611 1249 638 milite
1263 612 1388 647 replevit,
1412 615 1617 650 necessariique
1629 623 1765 644 commea-

972 658 1017 681 tus
1041 655 1298 685 subministratione
1312 666 1344 686 ac
1361 659 1522 695 elargitione
1545 661 1696 689 roboravit.
1708 662 1763 690 Ex-

971 700 1035 728 inde
1049 701 1215 731 militaribus
1228 705 1358 738 operibus
1376 713 1423 734 eos
1437 714 1579 740 exercens,
1590 709 1764 746 assiduisque

972 744 1114 774 laboribus
1139 747 1292 782 disciplinae
1306 753 1461 777 castrorum
1491 749 1619 787 eipertos
1646 760 1678 780 ac
1707 744 1764 788 pra:

971 792 1099 820 ontnibus
1115 794 1241 821 servandi
1260 795 1366 822 ordinis
1379 796 1513 825 sollicitos
1529 798 1659 832 reddens,
1677 799 1763 827 tribu-

970 838 1068 873 nisque
1092 839 1152 866 suis
1165 843 1248 875 atque
1269 841 1384 869 ducibus
1409 844 1579 879 obsequendi
1602 846 1657 873 ritu
1682 846 1763 874 insti-

971 889 1062 916 tuens,
1082 893 1134 912 una
1152 893 1215 913 cum
1231 886 1285 914 illis
1309 895 1358 922 pro
1372 889 1519 918 tribulibus
1541 897 1567 918 et
1583 891 1709 920 afﬁnibus
1723 897 1763 920 at-

970 939 1024 966 que
1041 931 1159 959 subditis
1175 932 1309 960 adversus
1332 934 1466 963 barbaros
1479 937 1681 971 expeditionem
1697 946 1760 966 sus-

971 977 1053 1012 cepit.
1069 977 1186 1005 Noverat
1202 979 1275 1005 enim
1295 980 1396 1007 nullam
1414 985 1511 1013 artem,
1523 990 1556 1010 ne
1572 984 1760 1011 mechanieam

970 1023 1083 1057 quidem
1100 1031 1132 1051 ac
1145 1024 1238 1056 vilem,
1251 1025 1315 1053 sciri
1329 1033 1410 1060 posse
1423 1031 1570 1062 antequam
1583 1029 1759 1064 addiscatur;

969 1074 1020 1094 nec
1037 1074 1202 1102 quemquam
1231 1076 1292 1096 esse
1312 1071 1358 1104 qui
1384 1071 1445 1098 sine
1467 1073 1598 1108 magistro
1613 1074 1654 1102 vel
1670 1074 1757 1108 ipsam

970 1113 1104 1140 sutoriam
1122 1113 1233 1148 (nedum
1259 1115 1380 1150 aliquam
1401 1117 1569 1146 nobiliorum
1588 1120 1699 1153 artium,
1725 1129 1758 1148 ac

968 1167 1030 1195 qua:
1045 1161 1152 1195 magnis
1166 1161 1316 1189 sudoribus
1330 1166 1539 1200 comparantur)
1555 1167 1671 1201 adeptus
1689 1169 1758 1196 satis

968 1205 1106 1233 videatur.
1120 1206 1270 1234 Scientiam
1294 1216 1358 1235 vero
1373 1217 1422 1237 seu
1443 1215 1529 1238 artem
1546 1212 1705 1246 militarem,
1733 1215 1758 1242 si

968 1252 1074 1288 absque
1092 1253 1236 1288 disciplina
1262 1254 1464 1291 suiﬁeientique
1480 1265 1511 1285 ex
1538 1259 1575 1285 rei
1595 1267 1643 1286 usu
1659 1261 1756 1294 peritia

967 1299 1056 1326 cuivis
1068 1299 1171 1326 volenti
1187 1307 1284 1334 parare
1304 1301 1408 1333 liceret.
1424 1302 1496 1330 baud
1512 1311 1579 1330 sane
1593 1305 1693 1332 mentis
1716 1306 1755 1332 in-

968 1348 1050 1379 tegrae
1067 1344 1194 1378 fuissent,
1213 1347 1258 1373 sed
1275 1347 1451 1380 delirassent,
1462 1348 1509 1382 qui
1525 1349 1603 1383 plura
1619 1350 1690 1377 circa
1704 1351 1756 1378 hoc

966 1391 995 1418 in
1008 1391 1214 1419 commentariis
1240 1392 1272 1419 de
1291 1393 1373 1420 rebus
1398 1393 1504 1422 bellicis
1521 1394 1646 1430 diligenti
1673 1404 1756 1431 opera

966 1437 1151 1471 tradiderunt,
1166 1438 1248 1473 266
1273 1439 1440 1474 maximique
1458 1441 1638 1474 imperatores
1656 1450 1687 1470 ac
1702 1443 1754 1469 du-

964 1491 1013 1511 ces
1028 1483 1176 1516 exercitus,
1203 1485 1250 1519 qui
1276 1486 1361 1513 multa
1378 1485 1412 1513 de
1429 1487 1523 1519 multis
1544 1492 1644 1522 tropaea
1660 1495 1756 1515 erexe-

965 1534 1046 1562 runt;
1062 1538 1178 1564 quorum
1196 1538 1278 1558 nemo
1295 1539 1414 1566 unquam
1440 1540 1502 1559 cum
1523 1533 1584 1560 rudi
1603 1533 1689 1561 milite
1705 1543 1756 1562 nee

964 1576 1069 1603 bellicls
1095 1576 1237 1605 laboribus
1253 1578 1368 1605 subacto
1392 1580 1521 1606 adversas
1537 1580 1609 1607 acies
1626 1581 1753 1608 tentavit.

965 1622 1048 1657 Atqui
1063 1622 1122 1650 ﬁeri
1138 1630 1192 1650 non
1215 1627 1305 1658 potest
1320 1628 1351 1651 ut
1369 1624 1393 1652 is
1414 1624 1512 1652 doctus
1525 1625 1560 1652 sit
1574 1627 1621 1661 qui
1641 1634 1694 1654 non
1711 1627 1755 1654 di-

963 1669 1073 1702 dicerit,
1089 1670 1130 1698 vel
1144 1674 1174 1697 ut
1192 1671 1344 1698 certamine
1360 1670 1468 1698 fortiter
1482 1671 1650 1707 defungatur
1660 1673 1706 1707 qui
1725 1681 1755 1700 se

961 1716 1078 1743 minime
1097 1717 1253 1744 exercuerit
1270 1724 1302 1744 ac
1317 1717 1495 1752 gymnastica:
1512 1726 1622 1753 operam
1635 1719 1753 1747 dederit.

961 1761 1068 1790 Idcirco
1082 1762 1125 1789 vir
1139 1763 1185 1790 ille
1201 1770 1350 1797 generosus
1372 1764 1531 1791 exercitatis
1555 1765 1630 1798 prius
1647 1765 1754 1792 instau-

961 1809 1085 1844 ratisque
1097 1809 1265 1837 militaribus
1276 1809 1432 1842 ordinibus,
1447 1810 1630 1844 admistisque
1648 1811 1753 1846 tyroni-

960 1855 1012 1883 bus
1029 1860 1222 1882 veteranorum
1240 1854 1375 1888 numeris,
1399 1863 1432 1882 ac
1455 1856 1682 1883 convenientibus
1700 1856 1753 1883 lar-

962 1901 1113 1936 gitionibus
1126 1901 1346 1936 muneribusque
1360 1909 1457 1929 eorum
1474 1902 1651 1937 irnpinguatis
1661 1902 1754 1929 nervis

959 1949 1120 1983 dextrisque
1135 1949 1285 1981 roboratis,
1298 1949 1339 1975 sic
1357 1955 1419 1975 cum
1437 1948 1492 1975 illis
1508 1949 1642 1976 adversus
1660 1950 1754 1976 hostes

121 1989 278 2019 congressus
303 1988 387 2016 multa
402 1993 504 2024 tropaea
534 1991 622 2018 erexit
640 1996 668 2020 et
684 1992 845 2024 innumeras
860 1998 991 2027 victorias
1004 1997 1166 2033 reportavit.
1195 1996 1259 2023 llaec
1285 2003 1351 2024 vero
1382 1998 1518 2024 enarrabo
1552 2004 1632 2031 quam
1658 1997 1752 2032 paucis

122 2031 220 2062 licebit.

154 2095 203 2126 λζ’.
224 2097 278 2124 Καὶ
309 2098 476 2126 κατάστασιν
508 2099 612 2132 πόλεως
639 2101 839 2140 ἑνευκαιρήσας
863 2107 910 2134 καὶ

119 2141 248 2175 σχολάσας
269 2143 413 2179 πράξεσιν,
427 2144 507 2180 ἔαρος
523 2146 732 2183 ὑπολάμποντος
753 2151 776 2165 ⁸⁷
793 2152 827 2178 τὰ
839 2152 909 2179 ὅπλα

115 2187 234 2215 ἀνείλετο
242 2190 272 2205 ⁸⁷·
282 2190 327 2216 καὶ
338 2191 408 2225 μετὰ
415 2191 470 2218 τῶν
477 2195 679 2227 στρατιωτικῶν
687 2195 845 2231 καταλόγων
853 2198 909 2230 ξυνα

114 2232 269 2267 εξητάζετο,
297 2237 451 2272 ἡγούμενος
461 2240 560 2274 χρῆναι
573 2240 618 2266 τὸν
629 2241 665 2272 ὡς
674 2241 782 2276 ἀληθῶς
789 2244 906 2279 ἄρχοντα

112 2280 162 2306 τοῦ
189 2283 286 2310 οίκείου
310 2284 533 2318 προκινδυνεύειν
550 2286 616 2312 λαοῦ
634 2288 681 2314 καὶ
705 2288 774 2324 ὑπὲρ
790 2289 836 2315 τοῦ
853 2291 906 2319 πᾶν

112 2323 199 2357 ἀδεῶς
215 2327 317 2362 διάγειν
333 2329 364 2355 τὺ
377 2330 533 2365 ὑποχείριον
547 2331 645 2364 πόνους
656 2334 702 2359 καὶ
718 2334 906 2371 ταλαιπωρίας

111 2370 242 2406 ἑκουσίως
268 2375 351 2402 αὑτὸν
376 2377 566 2412 ἀναδέχεσθαι.
591 2379 646 2405 Καὶ¹
667 2380 730 2406 ἐπεὶ
748 2381 819 2407 κατὰ
843 2382 906 2415 τοὺς

110 2420 224 2454 καιροὺς
233 2421 355 2454 ἐκείνους
362 2424 375 2449 ὁ
383 2423 431 2458 τῆς
437 2424 578 2459 Τεφρικῆς
586 2423 627 2460 [Ρ.
637 2425 698 2461 {66]
712 2425 904 2462 ἐξηγούμενος,

109 2463 140 2490 ἦν
154 2466 327 2504 Χρυσόχειρα
341 2469 546 2504 κατωνόμαζον.
564 2471 607 2497 ἐπ’
619 2471 717 2507 ἀνδρίᾳ
729 2469 777 2499 καὶ
796 2475 905 2501 συνέσει

107 2509 247 2548 διαφέρειν
259 2515 347 2542 δοκῶν
361 2515 464 2551 σφόδρα
479 2517 633 2552 παρελύπει
653 2517 703 2554 τὴν
722 2518 867 2554 Ῥωμαίων
882 2520 904 2536 ⁸⁸

106 2558 204 2593 χώραν
222 2561 268 2587 καὶ
285 2562 351 2594 τοὺς
373 2562 467 2596 λαοὺς,
480 2563 528 2590 καὶ
551 2563 667 2595 πολλοὺς
685 2564 740 2591 τῶν
767 2565 906 2601 ἀγροίκων

106 2604 173 2629 καο¹
188 2605 306 2642 ἑκάστην
323 2607 514 2643 αἰχμαλώτους
537 2609 700 2645 ποιούμενος
725 2611 833 2647 ἐφρόνει
858 2621 907 2638 σο-

105 2650 183 2684 ῦῖρὰ
198 2653 244 2679 καὶ
255 2650 411 2690 ὑπέρογκα,
429 2655 490 2682 κατ’
510 2655 593 2682 αὑτοῦ
623 2656 671 2682 καὶ
686 2657 735 2692 τῆς
762 2657 809 2684 ὑπ’
823 2658 904 2685 αὑτὸν

106 2696 214 2730 πόλεως
229 2701 407 2736 ὲκστρατεύει
418 2701 432 2728 ὁ
452 2701 590 2737 βασιλεύς.
611 2703 664 2730 Τοῦ
680 2703 708 2730 δὲ
721 2704 838 2740 σοῆαροῦ
857 2706 903 2732 καὶ

103 2740 224 2776 θρασέος
244 2746 350 2773 ἐκείνου
365 2747 433 2783 πρὸς
447 2749 497 2785 τὴν
520 2750 700 2786 γενναιότητα
715 2751 762 2777 τοῦ
777 2751 903 2783 ἐπιόντος

105 2791 316 2826 στριτεύματος
333 2794 380 2821 καὶ
397 2794 448 2829 τὴν
459 2794 568 2823 σύνεσιν
581 2797 626 2824 καὶ
638 2796 749 2832 ἀνδρίαν
760 2797 806 2823 τοῦ
820 2797 900 2824 αὖτο-

999 2106 1044 2133 57.
1064 2104 1225 2139 Tranquillo
1247 2103 1332 2138 igitur
1358 2102 1435 2130 urbis
1463 2107 1553 2135 statu,
1575 2110 1607 2130 ac
1629 2111 1676 2137 per
1694 2102 1753 2138 ejus

962 2155 1196 2190 opportunitatem
1222 2158 1320 2180 navata
1345 2152 1427 2180 rebus
1454 2152 1578 2186 diligenti
1605 2159 1687 2186 opera
1712 2151 1753 2178 in<

961 2206 1121 2235 struetoque
1151 2199 1287 2238 exercitu,
1312 2206 1376 2225 vero
1401 2206 1478 2225 arma
1506 2198 1665 2232 capessivit,
1683 2198 1752 2225 inter

961 2245 1096 2272 militares
1114 2244 1172 2279 ipse
1189 2243 1303 2271 ordines
1330 2250 1415 2277 agens
1442 2251 1474 2270 ac
1500 2248 1589 2271 castra
1616 2247 1751 2278 sequens;

961 2299 1060 2326 nempe
1075 2291 1129 2319 hoc
1146 2292 1308 2323 arbitratus,
1318 2291 1378 2318 viro
1391 2291 1509 2326 principi
1527 2299 1575 2325 pro
1591 2291 1690 2325 populo
1702 2299 1752 2318 suo

960 2339 1084 2367 adeunda
1108 2338 1240 2372 pericula,
1265 2341 1292 2365 et
1319 2341 1349 2364 ttt
1375 2338 1479 2365 subditi
1495 2345 1592 2365 omnes
1605 2345 1700 2365 secure
1720 2346 1752 2364 ac

959 2385 1052 2420 quiete
1061 2387 1153 2419 agant,
1163 2388 1260 2418 sponte
1276 2383 1467 2418 suscipiendos
1477 2383 1585 2411 labores
1601 2392 1632 2411 ac
1648 2391 1750 2410 mrum-

959 2438 1018 2458 nas.
1044 2429 1167 2464 Cumque
1200 2437 1231 2456 ea
1257 2434 1337 2457 aetate
1360 2429 1504 2464 Tepbricze
1538 2429 1679 2464 princeps,
1706 2430 1750 2455 cui

957 2475 1138 2511 Chrysocbiri
1156 2481 1256 2502 nomen
1279 2479 1348 2508 erat,
1374 2475 1488 2509 reliquis
1501 2475 1602 2502 virtute
1621 2479 1751 2509 praestare

958 2523 1036 2550 visus
1057 2530 1090 2549 ac
1105 2521 1262 2556 prudentia,
1279 2521 1432 2548 Romanam
1449 2521 1580 2549 ditionem
1597 2528 1628 2548 ac
1639 2525 1747 2556 gentem

956 2568 1015 2596 dire
1036 2570 1169 2599 vastaret,
1197 2566 1375 2601 quotidieque
1391 2567 1493 2595 multos
1513 2567 1682 2594 rusticorum
1708 2575 1750 2593 ca-

954 2614 1044 2648 ptivos
1062 2621 1157 2648 agens,
1189 2613 1306 2648 superbe
1327 2613 1469 2647 altumque
1489 2617 1600 2648 saperet
1613 2620 1646 2640 ac
1665 2620 1695 2640 se
1713 2621 1750 2639 rc-

954 2660 1037 2694 liquis
1068 2659 1222 2694 praeferret,
1249 2659 1383 2686 adversus
1407 2659 1483 2686 illum
1510 2659 1625 2694 ejusque
1652 2659 1748 2686 urbem

954 2705 1035 2741 267
1053 2705 1202 2739 imperator
1218 2704 1372 2731 exercitum
1393 2704 1477 2732 ducit.
1490 2704 1529 2732 Eo
1547 2709 1649 2737 autem,
1662 2712 1749 2739 quan-

956 2752 1027 2780 tavis
1052 2750 1180 2787 superbia
1203 2759 1234 2778 ac
1252 2751 1368 2778 audacia
1383 2751 1470 2779 frctus
1493 2755 1549 2778 crat
1564 2770 1573 2784 ,
1596 2758 1650 2777 non
1679 2757 1751 2776 auso

956 2798 1045 2831 palam
1066 2797 1217 2824 adoricntis
1234 2797 1373 2824 exercitus
1393 2804 1541 2831 generosos
1567 2799 1683 2822 conatus
1698 2802 1746 2822 ex-

745 2865 862 2893 νΑΙίΙᾹΣ
882 2864 1089 2893 LECTIONES.

149 2916 172 2933 “
187 2920 231 2947 καὶ
245 2929 301 2950 om.
319 2921 350 2949 P.

131 2950 137 2955 .
149 2922 172 2959 :‘
187 2922 231 2947 καὶ
245 2929 301 2950 om.
407 2922 430 2939 ⁵⁸
446 2924 493 2950 καί
510 2929 572 2951 ante
587 2925 637 2959 τὴν
654 2934 707 2952 om.
730 2925 758 2951 l‘.

112 2952 249 2984 Videntur.
289 2958 311 2975 ⁸⁷
325 2957 479 2994 λάμποντος
503 2989 507 2994 η

525 2959 561 2976 ⁵⁷⁸
571 2960 601 2987 Ρ.
620 2960 655 2986 εἴ)
663 2969 706 2985 ετο
722 2960 742 2983 τ’

818 2927 840 2942 ⁵⁸
853 2926 1022 2960 προσέϐαλλε
1037 2927 1068 2954 Α.

806 2962 828 2977 '9
846 2962 991 2997 Ῥωμαίοις
1001 2963 1032 2991 Λ.
1050 2969 1083 2990 un
1098 2963 1150 2988 ὐπδ
1169 2962 1340 2993 Ῥωμαίοιςῖ

1126 2928 1147 2941 δί’
1169 2932 1228 2960 post
1248 2927 1414 2960 διηγήσομαι
1431 2925 1511 2953 verba
1530 2926 1632 2961 aliquot
1650 2926 1746 2954 deesse
