1989 3161
231 207 284 239 283

760 191 1015 237 THEOPHANES
1034 204 1311 235 communes.

1810 201 1858 234 28S

232 267 315 303 periri
337 271 385 294 aut
409 266 584 301 prudentiam
600 266 739 301 roburque
764 266 941 300 imperatoris
961 271 1020 293 ten-

1083 265 1206 299 ερατορος
1216 263 1346 298 ἐμφανῶς
1364 263 1401 299 μὴ
1415 262 1601 297 τολμήσαντος
1613 260 1784 296 ἀντιστῆναι,
1803 261 1857 286 ἁλλ’

233 320 302 347 tare,
328 313 376 341 sed
398 313 542 341 secedente
568 320 710 348 unumque
733 313 785 340 hoc
807 317 959 349 satagente,
992 318 1023 342 ut

234 368 312 388 suam
329 359 382 387 sibi
407 364 531 387 servaret
558 359 653 387 urbem
682 363 765 393 alque
791 364 937 392 assereret,
968 360 1024 387 ibat

234 407 386 441 imperator
402 406 510 432 neruine
528 405 700 440 prohibente,
711 405 845 440 diripiens
858 411 1024 439 vastatisque

234 457 262 480 et
278 452 442 480 exscindens
454 452 659 487 incendensque
674 459 758 487 pagos
768 459 865 480 omnes
873 457 901 480 et
912 452 1023 487 oppida,

235 507 296 535 quae
309 498 500 534 Chrysochiris
514 497 627 525 ditionis
648 503 738 531 erant,
757 498 892 525 immensa
907 504 1024 526 onuslus

236 545 326 580 praeda
373 545 568 579 ingentemque
608 544 778 578 captivorum
820 545 1024 573 multitudinem

238 591 360 618 trahens.
379 590 432 618 Sed
457 595 484 618 et
508 590 594 624 ipsam
610 591 722 618 adortus
740 591 834 618 urbem
849 591 1023 625 Tephricam,

236 645 353 671 eamque
381 637 563 664 tumultuaria
592 637 671 672 quasi
701 645 802 672 pugna,
833 638 1023 666 nonrdiutina

236 683 380 711 obsidione
404 688 521 711 conatus
552 691 670 719 capere.
697 684 792 712 videns
824 689 852 712 et
881 693 1024 712 murorum

237 730 368 758 ﬁrmitate
395 735 422 758 et
437 731 618 758 barbarorum
637 730 812 757 multitudine
837 738 1024 758 annouarum-

239 783 292 810 que
305 777 382 811 copia
393 776 501 804 abunde
515 777 659 808 munitam,
672 784 705 804 ac
715 784 775 811 qua:
789 785 860 811 aegre
873 779 1025 812 expugnari

239 826 343 856 posset,
362 822 436 856 quod
463 822 614 857 praesertim
644 822 737 850 omnis
762 823 865 850 circum
881 831 946 858 ager
966 824 1026 852 bre-

239 867 353 896 vissimo
379 872 501 903 tempore
514 868 656 903 copiarum
673 868 872 897 numerositate
885 869 1025 897 desolatus

1076 310 1281 346 ὑποχωροῦντος
1296 311 1343 336 καὶ
1364 309 1448 344 μόνην
1463 309 1512 344 τὴν
1527 309 1632 336 οἰκείαν
1653 307 1730 334 πόλιν
1745 307 1859 341 φυλάξαι

1075 358 1122 385 καὶ
1146 356 1328 391 κρατύνεσθαι
1354 355 1546 389 διεγνωκότος,
1574 354 1654 390 ἐπῄει
1677 353 1750 380 κατὰ
1764 352 1860 388 πολλὴν

1074 404 1122 430 τοῦ
1136 403 1304 434 κωλύσοντος
1322 402 1439 437 ἐρημίαν
1463 401 1622 436 ληϊζόμενος
1636 400 1683 427 καὶ
1696 399 1806 435 πορθῶν
1817 399 1862 426 καὶ

1076 448 1253 483 κατατέμνων
1276 448 1322 474 καὶ
1337 446 1482 482 πυρπολῶν
1497 447 1585 476 πασας
1598 445 1647 475 τὰς
1660 445 1713 471 ὑπὸ
1730 444 1776 470 τὸν
1790 443 1862 478 Χρυ-

1077 494 1188 529 σόχειρα
1214 493 1307 529 χώρας
1332 492 1380 519 καὶ
1405 492 1576 527 κωμοπόλεις
1602 491 1615 517 ὀ
1640 490 1767 525 βασιλεὺς
1792 489 1864 516 λείαν

1076 542 1190 576 ἄπειρον
1208 541 1255 567 καὶ
1269 541 1291 556 ⁸³
1309 539 1499 574 αἰχμαλωσίαν
1516 538 1761 574 περιϐαλλόμενος.
1779 537 1865 572 Προσ-

1076 587 1166 614 ϐαλὼν
1198 587 1226 613 δὲ
1253 587 1300 613 καὶ
1318 586 1393 620 αὐτῷ
1419 585 1458 619 τῷ
1480 586 1557 613 ἄστει
1588 584 1740 620 Τεφρικῆς,
1768 583 1815 609 καὶ
1834 581 1866 608 δι’

1075 632 1284 667 ἀκροϐολισμῶν
1309 633 1355 658 καὶ
1374 631 1554 666 προσεδρείας
1572 630 1632 665 οὐχὶ
1659 630 1770 666 μακρᾶς
1798 628 1867 654 ἑλεῖν

1077 678 1228 713 πειραθεὶς,
1239 678 1276 709 ὠς
1291 677 1364 712 ἑώρα
1378 677 1425 704 καὶ
1438 676 1537 712 τειχῶν
1549 677 1729 711 καρτερότητι
1738 675 1785 702 καὶ
1800 674 1869 708 πλή-

1077 725 1119 752 θει
1130 724 1290 761 βαρϐαρικῷ
1304 724 1352 751 καὶ
1363 723 1479 759 ἀφθονίᾳ
1494 723 1593 759 χρειῶν
1602 721 1838 757 κατωχυρωμένον
1846 721 1870 737 τ’

1076 772 1143 800 αύτδ
1158 772 1205 798 καὶ
1222 771 1388 803 δυσάλωτον,
1416 770 1479 796 ἐπεὶ
1497 769 1544 796 καὶ
1564 769 1600 796 τὰ
1613 768 1691 799 ἐκτὸς
1712 768 1821 794 ἅπαντα
1834 766 1860 794 δι

1076 819 1218 853 ἐλαχίστου
1235 818 1331 853 χρόνου
1347 817 1385 852 τῷ
1401 817 1500 852 πλήοει
1519 816 1570 850 τῆς
1592 815 1723 851 στρατιᾶς
1737 814 1868 849 κατηρεί-

1077 865 1181 892 πωτο⁷¹
1197 864 1289 891 καὶτὰ
1303 864 1439 897 ἀναγκαῖα
1455 863 1547 897 σχεδὸν
1560 862 1747 897 κατηνάλωτο,
1761 861 1871 894 ἀπέστη

239 918 308 946 erat,
334 921 368 941 ac
388 921 457 949 pene
474 915 626 942 exercitqu
655 915 828 942 necessarius
853 919 1025 943 commeatus

1083 912 1126 946 τῆς
1139 909 1208 946 πρὸς
1228 910 1278 945 τὴν
1293 909 1454 944 πολιορκίαν
1479 908 1588 943 χρονίου
1613 907 1761 941 ἐπιμονῆς·
1789 905 1824 932 τὰ
1841 906 1873 932 δὲ

1132 957 1138 965 ι
1180 957 1186 965 ι
1212 956 1218 965 1
1257 957 1279 965 ιι
1356 956 1362 963 ι
1375 964 1378 965 ν
1427 955 1449 965 γε
1471 963 1474 965 .
1490 955 1615 965 IIAE,.--“
1629 953 1675 965 ..μὶ
1697 953 1748 965 ρΣ...
1763 953 1873 965 ν-ι.ο...,

239 961 386 994 defecerat,
413 970 429 988 ιι
458 961 566 989 diutina
588 961 733 989 obsidione
756 962 905 993 abscessit;
922 962 1026 990 circum

240 1014 304 1035 vero
320 1007 418 1042 positis
433 1008 586 1043 praesidiis,
605 1007 694 1034 Abara
725 1013 752 1035 et
781 1007 884 1043 Spatha
911 1009 1028 1044 aliisque

239 1053 405 1088 quibusdam
432 1054 571 1089 expilatis,
596 1054 681 1081 illatso
708 1054 770 1082 inde
793 1060 893 1082 cuncto
919 1056 1028 1084 sublato

239 1099 374 1131 exercitu,
400 1107 462 1127 cum
486 1099 592 1132 multis,
620 1104 651 1127 ut
676 1099 780 1128 dictum
807 1105 867 1134 est,
885 1101 980 1136 spoliis
996 1109 1029 1130 ac

240 1145 355 1180 captivis
370 1153 496 1174 reversus
506 1151 559 1173 est.

276 1191 322 1218 58.
340 1190 466 1226 Ingentes
489 1191 630 1226 Tephricm
645 1192 729 1221 factas
755 1194 842 1222 caedes
852 1195 905 1222 alia
923 1196 1030 1224 lsntzte-

241 1236 350 1265 litatum
366 1238 432 1265 urbs
445 1246 508 1265 curti
523 1239 638 1266 vidisset
656 1239 806 1272 (Taracem
824 1242 945 1278 vocant).
962 1243 1030 1271 mis-

239 1281 281 1310 sis
297 1282 394 1317 legatis
405 1290 501 1318 pacem
519 1284 712 1318 expostulatct
725 1284 751 1311 in
765 1286 904 1313 sociarum
920 1288 1030 1315 urbium

240 1327 303 1355 albo
317 1328 418 1355 ascribi
432 1327 555 1364 νομί-1η
571 1329 613 1357 his
629 1330 750 1364 optimus
765 1330 925 1365 imperator,
941 1340 1031 1368 quan-

240 1378 297 1401 tum
326 1374 408 1410 268
436 1382 500 1410 erga
530 1375 704 1405 adversarios
732 1376 904 1407 fortitudinis
935 1380 1030 1413 robur,

241 1424 344 1448 tantam
354 1429 426 1456 .erga
439 1421 579 1456 subjectos
594 1430 755 1458 moremque
776 1430 902 1460 gerentes
919 1427 1032 1461 aequita-

241 1471 294 1493 tem
311 1473 345 1493 ac
362 1466 535 1494 clementiam
561 1468 721 1499 ostendens,
735 1468 808 1496 vinci
831 1477 861 1497 se
877 1478 976 1504 passus
989 1476 1033 1499 est

240 1512 277 1539 ab
292 1513 466 1545 oratoribus,
475 1521 624 1548 pacemque
642 1515 801 1549 rogantibus
814 1517 937 1543 tribuens
953 1517 1032 1544 exin—

240 1558 274 1585 de
289 1565 339 1593 pro
350 1558 475 1586 hostibus
492 1559 553 1587 illos
580 1560 670 1587 socios
686 1565 783 1588 nactus
807 1566 857 1589 est.
875 1561 946 1589 llinc
969 1570 1032 1590 cum

1079 957 1143 992 περὶ
1156 956 1242 992 αὐτὴν
1257 957 1279 973 ⁷¹
1296 956 1414 991 φρούρια
1424 955 1474 989 τὴν
1490 955 1615 989 ’Ἀϐαραν
1629 953 1678 980 καὶ
1697 953 1748 988 τὴν
1763 953 1875 988 Σπάθην

1077 1003 1126 1030 καὶ
1141 1002 1224 1037 ἕτερά
1239 1010 1300 1028 τινα
1311 1001 1496 1036 ἐκπορθήσας,
1509 1000 1556 1026 καὶ
1571 999 1640 1035 ἄρας
1653 998 1778 1025 ἐντεῦθεν
1791 998 1874 1030 ἀσινῆ

1078 1049 1124 1076 τδν
1153 1049 1218 1084 περὶ
1233 1048 1316 1075 αὑτὸν
1332 1047 1421 1074 πάντα
1445 1046 1572 1082 στρατὸν,
1604 1046 1675 1081 μετὰ
1700 1044 1817 1080 συχνῶν.
1835 1045 1874 1075 ὡς

1080 1096 1206 1132 εἴρηται,
1240 1095 1370 1130 λαφύρων
1405 1094 1453 1121 καὶ
1485 1093 1662 1128 ἀνδραπόδων
1695 1090 1874 1127 ἑπανεχώρη-

1081 1151 1126 1169 σεν
1145 1143 1177 1170 ⁷³.

1080 1195 1084 1200 ’
1115 1188 1166 1224 λη’.
1184 1188 1245 1215 Τῶν
1258 1189 1286 1215 ἐν
1298 1189 1331 1224 τῇ
1348 1188 1471 1223 Τεφρικῇ
1486 1187 1577 1214 τοίνυν
1593 1187 1639 1214 τὸν
1653 1186 1737 1213 πολὺν
1757 1185 1837 1220 φόνον
1857 1187 1875 1222 ἡ

1080 1236 1162 1271 ἑτέρα
1174 1235 1229 1263 τῶν
1243 1234 1423 1270 Ἰσμαηλιτῶν
1434 1235 1512 1266 πόλις
1523 1234 1692 1269 θεασαμένη,
1704 1234 1737 1269 ἡν
1748 1233 1877 1268 Τάραντα

1080 1282 1204 1315 λέγουσι,
1216 1280 1346 1316 πρέσϐεις
1361 1280 1496 1315 πέμψασα
1509 1280 1622 1316 εἰρήνης
1637 1279 1714 1314 ἠξίου
1729 1281 1822 1314 τυχεῖν
1830 1279 1877 1306 καὶ

1081 1330 1141 1359 ταῖς
1168 1326 1339 1362 συμμαχίσιν
1354 1325 1552 1361 ἐγγράφεσθαι.
1580 1325 1609 1352 '0
1623 1325 1650 1352 δὲ
1667 1326 1814 1361 κράτιστος
1827 1325 1876 1360 βα-

1083 1374 1184 1406 σιλεὺς,
1205 1374 1271 1408 ὅσην
1288 1372 1356 1407 πρὸς
1369 1371 1434 1403 τοὺς
1451 1372 1694 1410 ἀντιταττομένους
1716 1371 1828 1406 ἀνδρίαν
1842 1371 1876 1404 ⁷⁸,

1083 1419 1219 1454 τοσαύτην
1235 1418 1303 1453 πρὸς
1317 1419 1381 1450 τοὺς
1400 1418 1637 1453 ὑποταττομένους
1666 1418 1819 1444 ἐπιείκειαν
1834 1419 1877 1444 ὲν-

1083 1465 1268 1501 δεικνύμενος,
1283 1464 1390 1500 ἡττήθη
1405 1473 1435 1491 τε
1445 1465 1494 1500 τῆς
1510 1464 1658 1500 πρεσϐείας
1674 1465 1722 1491 καὶ
1739 1464 1791 1499 τῆς
1803 1465 1877 1499 είρή-

1084 1520 1134 1546 νης
1145 1512 1201 1542 τοῖς
1215 1510 1321 1538 αἰτοῦσι
1339 1510 1488 1546 μετέδωκε,
1512 1511 1559 1537 καὶ
1588 1510 1753 1545 συμμάχους
1780 1511 1840 1538 ἀντὶ
1855 1511 1878 1526 ’⁷⁸

1086 1558 1224 1593 πολεμίων
1248 1557 1279 1584 τὸ
1291 1557 1344 1583 ἀπὸ
1358 1557 1434 1583 τοῦδε
1451 1556 1595 1592 ἐκέκτητο.
1617 1557 1666 1584 Ἐκ
1682 1556 1780 1583 τούτου
1805 1555 1878 1583 ἄλλοι

241 1602 288 1630 alii
305 1611 359 1631 non
371 1604 464 1638 pauci,
483 1609 540 1632 tum
564 1604 704 1633 Curticius
721 1606 866 1640 Armenus,
891 1607 1028 1636 Lucanam

1083 1613 1111 1630 τε
1127 1604 1177 1630 οὐκ
1185 1603 1271 1638 ὀλίγοι
1294 1604 1341 1629 καὶ
1354 1602 1519 1638 Κουρτίκιός
1533 1610 1575 1633 τις
1603 1601 1756 1637 ’Δρμένιος,
1781 1601 1811 1632 ὃς
1824 1598 1879 1635 εἶχε

241 1654 308 1677 tunc
339 1650 467 1685 praesidio
498 1655 595 1679 tenens
616 1651 803 1687 Romanaeque
826 1654 941 1682 ditionis
963 1655 1032 1684 ﬁnes

241 1695 354 1724 assidue
383 1697 545 1730 molestans,
563 1698 598 1726 ad
624 1706 687 1725 eum
712 1699 853 1735 confugit,
883 1701 1034 1737 urbemque

242 1747 322 1768 suam
346 1745 374 1768 et
396 1749 473 1769 arma
500 1745 528 1770 et
560 1744 690 1778 populum
717 1745 877 1780 imperatori
904 1747 1032 1782 subjecit,

243 1786 319 1813 illius
340 1787 499 1822 aequitatem
514 1796 547 1815 ac
578 1789 752 1818 clementiam
766 1799 830 1819 cum
851 1793 910 1828 pari
925 1793 1034 1822 fortitu-

241 1831 308 1860 dine
318 1839 351 1861 ac
362 1833 498 1868 justitiam
512 1842 575 1863 eum
590 1836 690 1864 virtute
704 1837 855 1868 admirans.

278 1923 326 1954 59.
344 1923 456 1953 interim
473 1933 539 1955 vero
549 1926 664 1956 intentis
684 1928 710 1956 in
724 1922 794 1957 συιῐῖ
803 1923 923 1958 hostium
936 1918 1034 1960 axi—imis

244 1970 372 2005 serieque
389 1971 601 2000 observantibus
613 1981 696 2008 quam
711 1974 737 2001 in
756 1979 860 2010 partem
883 1976 928 2004 ille
947 1977 1035 2012 impe-

243 2020 301 2042 tunt
319 2020 447 2050 verteret,
461 2022 492 2044 ut
515 2018 651 2046 laboranti
669 2027 749 2054 opem
780 2021 830 2055 ipsi
862 2021 977 2056 ferrent,
995 2023 1035 2050 le-

242 2065 314 2089 ctam
334 2061 498 2090 bellatorum
527 2072 639 2092 ntanutn
666 2065 797 2094 adversus
807 2066 950 2102 Zapetram
969 2068 978 2104 (
995 2068 1036 2096 sic

242 2107 344 2135 dictam
376 2109 471 2137 urbem
485 2109 494 2146 )
509 2111 585 2138 misit
601 2120 608 2144 ;
627 2113 820 2147 superatisque
841 2114 971 2142 velociter
984 2115 1035 2143 viae

243 2155 378 2190 angustiis
389 2156 477 2191 ipsam
494 2157 590 2185 urbem
600 2159 764 2186 adoriuntur
775 2160 919 2195 pritnoque
931 2161 1034 2196 impetu

243 2201 368 2236 capiunt,
395 2209 428 2230 ac
447 2202 476 2230 in
504 2210 537 2230 ea
557 2205 661 2232 multos
695 2205 843 2238 trucidant,
878 2207 1036 2242 ingentique

243 2247 336 2281 praeda
369 2255 401 2275 ac
426 2248 522 2283 spoliis
538 2250 631 2284 potiti,
653 2250 701 2285 qui
726 2251 831 2285 pridem
864 2252 938 2280 inea
952 2254 1034 2282 vincti

244 2293 460 2326 tenebantur,ex
469 2301 580 2322 carcere
607 2296 732 2323 liberant.
748 2296 817 2324 Tum
832 2298 936 2327 vicinas
949 2304 1035 2327 terras

244 2338 407 2373 incendunt,
423 2340 597 2368 Samosatqu
611 2342 755 2377 diripiunt,
769 2343 919 2379 eodemque
933 2345 1034 2380 impetu

244 2388 374 2418 superato
400 2384 552 2420 Euphrate,
567 2394 629 2414 cum
646 2388 737 2416 nullus
757 2397 872 2424 usquam
891 2391 1036 2419 obsisteret

217 2454 219 2456 .
242 2427 338 2466 (quod
367 2431 499 2458 nimirum
522 2431 596 2459 haud
623 2433 718 2467 procul
738 2434 771 2461 ab
796 2434 962 2470 imperatore
991 2437 1037 2464 lto-

243 2476 329 2505 Itium
355 2482 445 2505 castra
467 2478 555 2506 locata
579 2480 707 2515 essent),
726 2481 818 2508 multis
847 2482 962 2517 captivis
1002 2491 1035 2511 ac

245 2522 348 2557 ingenti
377 2524 466 2557 praeda
499 2524 578 2551 dilati
612 2524 646 2552 ad
687 2526 880 2561 imperatorem
930 2529 1035 2556 reversi

246 2572 319 2599 sunt,
337 2568 427 2595 adhuc
443 2577 528 2604 prope
541 2569 717 2598 Zarnuchum
733 2571 858 2606 fluvium,
879 2573 924 2601 ubi
949 2574 1034 2601 Cara-

247 2613 356 2640 misium
373 2619 425 2645 est.
455 2622 619 2649 morantem,
647 2618 750 2646 desidis
768 2620 878 2654 quidem
903 2621 1033 2652 similem.

247 2656 296 2684 sed
311 2659 356 2693 qui
370 2659 476 2687 summa
490 2661 624 2690 industria
635 2671 667 2691 ac
679 2665 788 2693 solertia
802 2673 849 2700 per
862 2666 985 2695 subditos
997 2672 1036 2695 ta-

248 2702 282 2730 lia
300 2704 467 2740 designaret.

282 2750 364 2787 269
383 2753 427 2781 40.
452 2754 520 2783 Hinc
534 2756 677 2785 discedens
711 2767 773 2786 cum
806 2760 934 2787 universo
955 2768 1032 2788 excr-

1085 1650 1146 1677 τότε
1169 1649 1219 1685 τὴν
1246 1649 1370 1676 Λόκαναν
1385 1649 1433 1675 καὶ
1456 1647 1576 1682 συνεχῶς
1601 1648 1651 1679 τὰς
1679 1647 1812 1682 ἐσχατιὰς
1830 1647 1878 1680 τῆς

1091 1694 1249 1730 Ῥωμαῖκῆς
1264 1695 1353 1730 ἀρχῆς
1372 1694 1545 1729 ἐλυμαίνετο,
1571 1693 1729 1728 προσέφυγε
1750 1693 1820 1728 πρὸς
1833 1692 1881 1718 αὑ-

1084 1741 1146 1774 τὸν,
1161 1741 1209 1768 xai.
1223 1741 1273 1776 τὴν
1298 1740 1375 1767 πόλιν
1391 1740 1473 1766 αὑτοῦ
1490 1740 1537 1766 καὶ
1553 1739 1587 1766 τὰ
1599 1739 1670 1766 ὅπλα
1687 1739 1733 1765 καὶ
1751 1739 1798 1765 τὸν
1817 1738 1880 1765 λαὸν

1084 1787 1124 1823 τῷ
1153 1787 1335 1823 αὐτοκράτορι
1362 1785 1554 1818 καθυπέταξε,
1580 1784 1723 1820 θαυμάσας
1744 1783 1828 1810 αὑτοῦ
1850 1783 1881 1810 τὸ

1087 1834 1156 1870 μετὰ
1169 1833 1217 1859 τοῦ
1233 1833 1355 1869 ἀνδρείου
1380 1831 1502 1863 ἐπιεικὲς
1517 1831 1564 1858 καὶ
1585 1830 1655 1866 μετὰ
1669 1831 1720 1865 τῆς
1735 1830 1881 1865 δυνάμεως

1085 1878 1200 1906 δίκαιον.

1109 1924 1170 1960 ιλθ’.
1188 1925 1261 1956 Ἕως
1271 1925 1294 1940 ⁷⁸
1308 1923 1336 1950 δὲ
1347 1923 1416 1958 πρὸς
1429 1923 1510 1951 αὑτὸν
1526 1922 1599 1958 εἶχον
1617 1922 1663 1949 τὸν
1682 1921 1743 1949 νοῦν
1758 1923 1783 1949 οἱ
1801 1921 1882 1948 πολέ-

1087 1979 1154 2006 μιοι,
1167 1972 1213 1998 καὶ
1228 1970 1426 2006 περιεσκόπουν
1443 1970 1512 2005 πρὸς
1526 1969 1540 1995 ὃ
1554 1969 1636 2004 μέρος
1656 1968 1745 2004 ῥέψει,
1756 1968 1800 1995 ἴνα
1814 1967 1882 2003 πρὸς

1084 2017 1116 2044 τὸ
1129 2017 1228 2044 πονοῦν
1255 2017 1303 2043 καὶ
1317 2017 1394 2043 αὐτοὶ
1409 2015 1608 2047 συνασπίσωσι,
1625 2014 1668 2050 [Ρ.
1681 2013 1745 2050 167]
1763 2014 1880 2050 κοῦρσον

1086 2064 1158 2090 κατὰ
1171 2064 1220 2098 τῆς
1233 2063 1384 2098 λεγομένης
1399 2062 1542 2097 Ζαπέτρας
1558 2060 1720 2088 ἀπέστειλεν
1731 2059 1882 2086 ἐπιλέκτων

1087 2109 1269 2144 πολεμιστῶν,
1281 2109 1305 2134 οἳ
1321 2107 1421 2143 σπουδῇ
1439 2108 1474 2134 τὰ
1492 2107 1573 2134 στενὰ
1593 2107 1644 2141 τῆς
1656 2106 1718 2133 ὀδοῦ
1730 2105 1882 2136 διελθόντες

1087 2155 1155 2190 αὐτῇ
1171 2157 1204 2192 τῇ
1217 2155 1293 2182 πόλει
1309 2154 1522 2190 προσπίπτουσι,
1547 2154 1595 2180 καὶ
1620 2153 1724 2188 ταύτην
1739 2153 1770 2187 ἐξ
1786 2152 1882 2187 ὲφὸδου

1087 2204 1267 2239 λαμϐάνουσι,
1296 2194 1344 2228 καὶ
1359 2200 1473 2232 πολλοὺς
1493 2202 1521 2227 ἐν
1535 2201 1603 2236 αὐτῇ
1632 2201 1880 2234 κατασφάττονσιν,

1088 2249 1275 2286 αἰχμαλωσίαν
1289 2257 1318 2274 τε
1335 2247 1435 2282 πολλὴν
1460 2247 1508 2274 καὶ
1531 2247 1608 2273 λείαν
1625 2245 1809 2281 λαμϐάνουσι.
1833 2245 1883 2271 καὶ

1087 2297 1214 2332 δεσμίους
1234 2295 1358 2332 χρονίους
1373 2293 1500 2328 ἐξάγουσι
1522 2294 1573 2328 τῆς
1591 2294 1725 2329 φρουρᾶς.
1749 2291 1816 2320 Εἶτα
1833 2291 1882 2323 τὰς

1087 2344 1188 2380 ἑφεξῆς
1217 2342 1444 2378 πυρπολήσαντες
1470 2341 1563 2377 χώρας
1591 2341 1639 2368 καὶ
1666 2340 1698 2367 τὸ
1722 2341 1882 2375 Σαμόσαταν

1087 2391 1317 2426 ἐκπορθήσαντες,
1328 2390 1374 2416 καὶ
1386 2390 1418 2424 τῇ
1432 2389 1500 2423 αὐτῇ
1515 2388 1590 2423 ῥύμῃ
1614 2387 1659 2413 τὴν
1671 2387 1818 2422 Εύιρράτην
1834 2393 1883 2411 πε-

1089 2438 1218 2474 ράσαντες
1238 2436 1308 2462 κατὰ
1323 2434 1422 2469 πολλὴν
1440 2435 1559 2469 ἐρημίαν
1574 2433 1629 2460 τῶν
1643 2433 1823 2460 κωλυσόντων
1839 2430 1883 2457 διὰ

1086 2485 1118 2511 τὸ
1132 2481 1434 2519 παραστρατοπεδεύειν
1457 2481 1520 2512 τοὺς
1536 2479 1685 2514 πολεμίους
1699 2479 1741 2514 τῷ
1767 2478 1881 2514 βασιλεῖ,

1089 2531 1136 2557 καὶ
1151 2529 1253 2562 πολλὴν
1264 2527 1394 2558 λαϐόντες
1407 2525 1600 2561 αἰχμαλωσίαν
1616 2525 1664 2552 καὶ
1680 2525 1804 2559 λάφυρα,
1829 2523 1882 2549 ὑπ-

1088 2574 1224 2609 έστρεψαν
1237 2573 1306 2608 πρὸς
1327 2572 1373 2598 τὸν
1402 2572 1594 2606 αὐτοκράτορα
1607 2570 1647 2597 ἔτι
1663 2571 1734 2605 πρὸς
1756 2569 1794 2605 τῷ
1809 2569 1880 2603 Ζαρ-

1089 2623 1154 2657 νοὺχ
1179 2619 1304 2655 ποταμῷ,
1331 2618 1397 2646 ἔνθα
1418 2618 1448 2644 τδ
1465 2618 1638 2653 Κεραμίσιὰν
1653 2618 1675 2633 ⁷⁷
1687 2619 1759 2649 ἐστι,
1780 2615 1883 2650 διατρῖ-

1091 2670 1172 2696 ϐοντα
1189 2667 1236 2694 καὶ
1249 2666 1346 2702 ἀργεῖν
1361 2666 1412 2701 μὲν
1422 2665 1564 2697 δοκοῦντα,
1583 2665 1618 2691 τὰ
1632 2664 1660 2691 δὲ
1675 2665 1791 2691 τοιαῦτα
1816 2670 1883 2689 παν·

1091 2717 1179 2751 σόφως
1190 2715 1234 2741 διὰ
1248 2713 1302 2739 τῶν
1318 2713 1370 2739 ὑπὸ
1385 2713 1463 2748 χεῖρα
1477 2711 1752 2746 καταπραττόμενον.

1123 2766 1160 2798 μ’.
1185 2759 1326 2788 Ἐντεῦθεν
1338 2759 1408 2795 ἄρας
1430 2760 1444 2786 ό
1460 2758 1586 2789 βασιλεὺς
1602 2758 1672 2792 μετὰ
1690 2757 1792 2788 παντὸς
1808 2762 1885 2790 στρα-

898 2850 941 2877 VA
948 2851 1015 2879 [il/Ii
1038 2851 1185 2880 LECTION
1191 2851 1233 2877 ES

250 2935 310 2963 bcri
331 2944 361 2965 us

331 2902 389 2938 nil,
408 2904 442 2944 δε,
453 2905 540 2944 κλαὶΔΡ,
580 2907 602 2922 ⁷ο
616 2908 800 2943 κατοχυρούμ.
817 2909 994 2938 Barberiuus.
1035 2911 1055 2926 τι
1073 2910 1258 2944 κατηρείπατο
1271 2908 1301 2934 Ρ.
1340 2909 1361 2944 7f
1372 2907 1457 2944 αὐτῇς
1474 2906 1507 2944 Α,-

1544 2907 1566 2922 ⁷³
1587 2905 1801 2941 ὑπανεχώρησεν
1816 2902 1882 2929 Bar-

423 2939 446 2978 ⁷ξ
462 2940 573 2977 ἀνδρίαν
584 2939 853 2979 -ὐποταττομξένους
869 2952 923 2972 om.
940 2945 972 2972 Α.
1012 2946 1033 2963 ⁷⁸
1056 2939 1171 2980 ἀντὶ]’ἐκ
1186 2945 1215 2972 Ρ,
1254 2944 1277 2960 τθ
1293 2942 1358 2976 ἕως]
1371 2943 1408 2974 ὡς
1424 2939 1455 2969 Ρ.
1494 2942 1516 2958 ⁷⁷
1532 2939 1693 2977 Καραμίσιν
1708 2939 1741 2968 Ρ.
