1989 3161
145 221 189 253 285

680 225 753 255 LIB.
770 225 804 255 ν.
824 236 860 242 -
875 202 1056 255 ΒΑδΙιιυε
1068 219 1232 256 ΜΑαΕῡοζ

1722 229 1776 259 986i

146 281 242 317 τοῦτὴν
259 282 299 314 ὡς
313 282 361 309 hri.
379 282 532 319 Μελιτηνὴν
548 283 569 300 ⁷⁸
587 284 748 319 ἀπάγουσαν
762 284 832 320 διῄει
856 285 925 311 ὀδόν.

980 285 1048 317 citu,
1064 285 1137 321 quod
1160 286 1193 313 ad
1217 286 1370 313 Melitencm
1400 280 1487 318 ducit,
1519 287 1569 314 iter
1606 277 1769 322 ingreditur.

147 327 207 363 Πρὸς
222 327 252 354 δὲ
279 329 338 360 ταῖς
353 329 447 364 ὄχθαις
472 330 518 357 τοῦ
544 331 688 366 Εὐφράτου
710 332 867 366 γενόμενος,
891 331 930 363 ὡς

147 371 207 401 ιῖδιν
223 374 306 402 αὑτὸν
325 375 386 411 ὥρᾳ
399 375 494 410 θέρους
511 377 731 412 πλημμυροῦντα
755 379 800 404 καὶ
816 378 930 412 πελαγί-

147 420 228 452 ζοντα,
248 421 279 448 τὸ
291 420 319 448 δὲ
331 422 538 458 προσκαθῆσθαι
552 424 586 459 τῇ
603 424 726 451 διαϐάσει
737 424 785 451 καὶ
801 424 929 452 ταπεινὸν

147 467 302 503 προσμένειν
327 469 455 502 γενέσθαι
472 469 519 496 τὸν
544 471 668 506 ποταμὸν
682 471 796 504 ἀγεννὲς
817 472 929 507 ινόμισε

147 514 187 541 καὶ
198 514 309 547 ἀνάξιον
323 516 373 550 τῆς
390 515 456 551 περὶ
472 516 554 543 αὑτὸν
568 517 719 552 δυνάμεως,
745 517 854 554 γεφύρᾳ
868 518 931 544 τοῦ·

145 568 183 587 τον
192 560 262 594 ἔγνω
275 561 423 594 διαλαϐεῖν,
441 563 488 589 καὶ
502 563 591 590 πάντα
606 564 675 599 πρὸς
685 564 716 590 τὸ
728 564 808 598 ἔργον
825 564 927 600 σπουδῇ

144 607 327 642 ηὐτρεπίζετο.
354 609 446 635 Θέλων
469 609 498 636 δὲ
516 602 562 636 τὸν
591 610 676 637 κόπον
704 611 928 645 παραμυθεῖσθαι

142 655 190 681 τῶν
210 655 319 682 οἰκείων
344 656 520 692 στρατιωτῶν
543 658 592 684 καὶ
615 658 680 689 τοὺς
704 657 804 689 πόνους
829 657 929 693 ῥᾳδίως

143 699 281 735 ὑποφέρειν
294 702 397 733 πείσαι,
405 701 464 736 ἅμα
475 702 504 728 δὲ
519 702 566 729 καὶ
577 702 673 729 ἑαυτὸν
684 703 713 729 ἐν
723 703 781 735 τοῖς
795 703 928 734 ἑκουσίοις

141 747 300 782 ἀποτρύχειν
317 747 417 780 πόνοις,
447 748 490 775 ἵνα
512 749 536 774 εί
565 748 613 775 καὶ
641 748 769 780 ἀκούσιος
795 748 928 779 πολλάκις

142 793 237 828 συμϐῇ,
270 793 307 828 μὴ
324 792 460 829 ξενοπαθῇ
490 794 559 829 μηδὲ
577 795 666 830 ἀήθης
683 795 848 829 εὑρίσκοιτο,
865 802 927 822 συν-

139 840 271 875 ιφήπτετο
284 839 332 866 τοῦ
348 840 430 875 ἔργου
444 842 501 872 τοῖς
512 841 694 876 στρατιώταις
706 842 753 868 καὶ
771 841 843 876 μάλα
860 850 927 876 προ-

78 891 82 896 ”
138 886 239 920 θύμως,
265 887 313 914 καὶ
335 887 371 914 τά
393 887 505 923 μείζονα
529 888 600 924 βάρη
617 890 674 919 τοῖς
700 889 814 921 οἰκείοις
840 890 926 924 αἴρων

136 931 218 967 ὀμοις
233 933 301 968 πρὸς
329 935 378 968 τὴν
399 934 524 970 γέφυραν
548 934 716 969 διεκόμιζεν.
736 933 814 961 Εῗδεν
834 936 867 962 ἄν
882 944 925 967 τις

135 978 194 1004 τότε
209 978 366 1014 ἰσομέγεθες
381 978 464 1015 βάρος
480 976 567 1015 οὗπερ
582 979 737 1019 δβασιλεὺς
749 980 848 1015 ῥᾳδίως
865 980 926 1007 ἐϐά-

135 1024 224 1057 σταζε,
242 1026 318 1061 τρεῖς
331 1025 386 1052 τῶν
401 1025 581 1061 στρατιωτῶν
605 1026 675 1061 ὁμοῦ
703 1026 782 1061 μόλις
797 1027 925 1062 διακομί-

135 1070 238 1104 ζοντας.
253 1070 334 1098 ουτω
347 1071 376 1098 δὲ
390 1072 436 1098 τὸν
452 1071 602 1107 Εὐφράτην
621 1072 784 1106 περαιωθεὶς
796 1072 826 1098 τὸ
841 1072 926 1107 φρούι

136 1125 191 1151 ριον
206 1116 287 1149 εὐθὺς
309 1117 324 1144 ὃ
344 1117 492 1152 Ῥαψάκιον
506 1118 615 1152 λέγεται
644 1117 838 1154 ἐξεπόρθησεν.
862 1119 926 1156 Ἰδία

133 1164 160 1190 δὲ
171 1163 235 1194 τοὺς
247 1163 369 1195 Χάλδους
385 1165 433 1190 καὶ
451 1165 627 1196 Κολωνιάτας
647 1165 697 1200 τὴν
713 1165 815 1200 μεταξὺ
834 1165 926 1200 χώραν

134 1209 276 1244 Εὐφράτου
294 1209 341 1236 καὶ
362 1210 484 1244 Ἀραίνου
500 1209 633 1241 κελεύσας
645 1210 842 1246 καταδραμεῖν,
852 1211 926 1243 λείας

135 1255 234 1291 πολλῆς
247 1255 296 1282 καὶ
308 1255 482 1290 ἀνδραπόδων
498 1255 532 1282 δι’
547 1255 638 1283 αὐτῶν
654 1256 816 1291 ἐκυρίευσεν
830 1256 877 1283 καὶ
892 1256 926 1283 τὰ

134 1302 248 1337 φρούρια
258 1301 290 1328 τό
300 1309 330 1328 τε
343 1301 507 1336 Κουρτικίου
525 1301 614 1328 καὶτὸ
628 1301 719 1337 Χαχδν
736 1303 783 1329 καὶ
797 1301 827 1328 τδ
835 1303 926 1338 Ἀμερ

132 1347 177 1375 καὶ
192 1348 224 1374 τὸ
235 1347 369 1383 Μουρινὶξ
383 1347 553 1383 καλούμενον
567 1347 616 1375 καὶ
639 1348 669 1374 τὸ
687 1348 806 1375 Ἀϐδελα
820 1348 843 1364 ⁷¹
882 1349 926 1381 εξ-

132 1395 295 1430 ιπόρθησεν.
312 1395 399 1426 Δὺτδς
412 1395 441 1421 δὲ
458 1396 490 1431 τῇ
502 1395 640 1430 Μελιτηνῇ
658 1394 835 1430 προσϐαλὼν,
845 1395 926 1422 εὐαν-

132 1439 232 1476 δρούσῃ
247 1441 310 1468 τότε
337 1440 386 1467 καὶ
402 1441 507 1476 πλῆθος
534 1441 635 1477 ἐχούσῃ
653 1441 801 1476 βαρϐάρων
816 1442 925 1477 συχνὸν.

133 1486 156 1513 οῖ
172 1487 226 1522 πρὸ
241 1487 292 1522 τῆς
315 1487 420 1518 πόλεως
440 1487 509 1522 μετὰ
529 1487 706 1523 βαρϐαρικῶν
721 1487 888 1523 ἀλαλαγμῶν
902 1488 925 1504 ⁸⁸

135 1533 180 1560 καὶ
195 1534 385 1569 φρυαγμάτων
401 1534 531 1569 ἀπήντων
543 1534 629 1569 αὐτῷ,
642 1534 692 1569 τῆν
707 1535 811 1561 οἰκείαν
826 1535 926 1570 ἀρετὴν

135 1579 300 1611 ἐπεδείξατο.
319 1579 358 1611 ὡς
389 1579 427 1615 μὴ
443 1580 524 1615 μόνον
544 1581 609 1612 τοὺς
624 1581 670 1607 ὑπ’
685 1580 777 1614 αὑτὸν,
795 1580 864 1607 ἀλλὰ
879 1580 926 1608 καὶ

134 1625 193 1658 τοὺς
210 1626 360 1661 πολεμίους
368 1627 525 1663 περιφανῶς
533 1627 706 1662 εκπλαγῆναι
718 1628 761 1664 [Ρ.
771 1627 833 1663 168]
844 1628 894 1664 τὴν
902 1627 925 1643 ⁸⁵

134 1669 242 1706 ἀνδρίαν
257 1671 341 1699 αὐτοῦ
356 1672 404 1699 καὶ¹
423 1672 576 1708 εὐχέρειαν.
603 1673 764 1708 Ἐμφρόνως
790 1674 846 1709 γὰρ
866 1674 925 1710 ἅμα

135 1718 180 1744 καὶ
200 1718 333 1751 νεανικῶς
355 1719 510 1754 προσμίξας
528 1720 585 1751 τοῖς
611 1719 763 1755 πολεμίοις,
780 1720 828 1746 καὶ
855 1721 925 1748 κατὰ

135 1764 210 1800 χεῖρα
235 1766 360 1799 γενναῖος
393 1765 490 1799 φανεὶς
507 1765 555 1792 καὶ
578 1765 664 1801 τόλμῃ
688 1766 843 1801 διαφέρων,
878 1767 925 1793 καὶ

135 1811 207 1846 παρὰ
216 1811 238 1827 ⁶¹
251 1811 328 1837 δεινὰ
342 1811 482 1847 ὁρώμενος
498 1811 637 1847 εὐθαρσής
657 1820 686 1837 τε
701 1811 750 1838 καὶ
760 1812 923 1847 ἀκατάπλη-

135 1862 206 1886 κτος,
220 1855 329 1891 πρῶτος
344 1857 408 1887 τοὺς
433 1856 681 1892 ἀντιτεταγμένους
704 1857 838 1893 ἐτρέψατο
851 1858 925 1893 φόνῳ

135 1901 222 1938 πλλῷ
232 1909 240 1918 ·
272 1901 323 1930 εἴθ’
338 1902 426 1935 οὕτως
451 1904 476 1930 oi
505 1903 553 1931 σὺν
569 1903 645 1938 αὐτῷ
661 1904 724 1935 τοὺς
749 1904 811 1931 κατ’
827 1904 925 1936 αὐτοὺς

135 1946 242 1976 ικαστοι
256 1949 303 1976 καὶ
330 1949 412 1985 μέχρι
426 1949 474 1976 τοῦ
498 1949 596 1981 ἄστεος
610 1947 787 1983 ἀναιροῦντες
800 1949 922 1983 ἐδίωκον,
942 1959 953 1970 ο

133 1993 171 2026 ὡς
189 1994 293 2027 πολλοῖς
311 1997 419 2031 νεκροῖς
439 1995 470 2022 τδ
487 1995 540 2030 πρὸ
552 1996 602 2031 τῆς
617 1996 722 2027 πόλεως
735 1995 826 2022 πεδίον
838 2003 924 2023 κατα-

133 2040 285 2076 στρωθῆναι
299 2041 348 2068 καὶ
362 2041 393 2068 τὸ
407 2041 461 2079 πρὸ
483 2041 531 2069 τοῦ
548 2041 656 2077 τείχους
677 2041 750 2078 ὕδωρ
763 2042 861 2077 αἵματι
875 2051 923 2069 κε-

133 2087 276 2122 ρασθῆναι,
292 2087 409 2120 πολλοὺς
422 2088 450 2115 δὲ
463 2089 512 2115 καὶ
526 2087 631 2120 ζῶντας
642 2088 756 2120 ἁλῶναι,
772 2088 819 2115 καὶ
828 2088 924 2121 ἄλλους

131 2131 170 2166 τῷ
185 2132 236 2160 δέει
246 2133 360 2165 ἑκόντας
375 2133 571 2169 αὐτομολῆσαι,
588 2133 653 2164 τοὺς
669 2132 697 2160 δὲ
712 2132 867 2168 περιλιπεῖς
882 2133 923 2164 είς

131 2178 162 2205 τὺ
178 2179 244 2206 ἄστυ
258 2179 472 2216 συγκλεισθῆναι
486 2180 535 2207 καὶ
549 2179 598 2206 τοῦ
623 2177 718 2206 λοιποῦ
737 2180 828 2212 ἐξόδου
853 2189 922 2207 παν-

131 2224 250 2253 τάπασιν
265 2225 418 2262 εἴργεσθαι.
441 2226 526 2253 Ἔνθα
547 2225 674 2253 διενοεῖτο
699 2226 750 2262 μὲν
768 2227 782 2253 ὀ
798 2226 924 2262 βασιλεὺς

133 2273 257 2308 μηχανάς
275 2281 306 2300 τε
321 2272 477 2309 πήγνυσθαι
491 2272 539 2299 καὶ
552 2272 626 2300 ἅπαν
640 2272 755 2307 ὄργανον
776 2272 924 2308 πολιορκη-

131 2318 209 2345 τικὸν
224 2319 456 2354 μεταπέμπεσθαι
487 2319 535 2346 καὶ
561 2318 631 2354 ἔργα
657 2319 760 2355 τόλμης
786 2319 834 2346 καὶ
859 2327 921 2353 γεν-

131 2365 270 2401 ναιότητος
288 2366 354 2402 περὶ
377 2365 427 2402 τὴν
442 2366 622 2401 τειχομαχίαν
639 2366 807 2399 ἐνδείξασθαι
820 2374 827 2382 ⁸
844 2367 884 2398 ὠς
895 2366 925 2394 δὲ

131 2410 207 2446 ἑώρα
229 2413 278 2449 τὴν
290 2413 368 2440 πόλιν
396 2413 495 2448 τειχῶν
511 2421 543 2440 τε
567 2412 697 2450 περιϐολῇ
714 2413 853 2450 καρτερὰν
877 2414 925 2441 καὶ

130 2457 230 2493 πλήθει
245 2459 300 2486 τῶν
317 2459 375 2486 ἀπὸ
399 2459 446 2486 τοῦ
466 2459 573 2495 τείχους
592 2460 772 2496 ἀμυνομένων
803 2460 925 2488 δυσάλω-

130 2512 190 2538 τον,
200 2505 314 2533 ἐπύθετο
333 2505 362 2532 δὲ
377 2506 400 2522 ⁸³
414 2507 491 2542 παρὰ
505 2506 559 2534 τῶν
579 2507 739 2542 αὐτομόλων
755 2507 803 2534 καὶ
830 2509 926 2542 ἐπιτη-

131 2549 211 2577 δείων
225 2551 298 2586 ἔχειν
312 2550 444 2586 ἀφθονίαν
457 2551 560 2587 πολλὴν
572 2551 618 2578 καὶ
633 2551 670 2587 μὴ
687 2551 802 2579 δεδιέναι
813 2552 925 2587 χρονίαν

130 2597 303 2632 πολιορκίαν,
319 2597 389 2633 ἄρας
403 2597 528 2624 ἐντεῦθεν
541 2599 574 2633 τῇ
589 2598 751 2633 Μανιχαίων
773 2598 925 2633 προσέϐαλε

125 2645 177 2678 γῇ.
195 2645 416 2681 Δενδροτομήσας
435 2644 464 2671 δὲ
478 2644 581 2679 ταύτην
608 2645 655 2671 καὶ
671 2643 720 2676 τὰς
744 2644 834 2675 οἰκίας
857 2645 926 2680 πυρὶ

123 2687 193 2721 δοὺς
206 2690 254 2717 καὶ
268 2691 323 2718 πᾶν
352 2691 519 2726 διαφθείρων
538 2691 568 2718 τὸ
583 2692 612 2717 ἐν
637 2691 712 2722 ποσὶ,
727 2692 758 2717 τὸ
788 2691 924 2725 ’Λργαούθ

117 2732 277 2771 λεγόμενον
302 2737 394 2764 αὐτῶν
423 2737 554 2773 φρούριον
577 2738 624 2764 καὶ
648 2737 679 2764 τὸ
707 2737 861 2763 Κουτακίου
875 2737 923 2764 καὶ

119 2778 269 2817 Στεφάνου
285 2783 334 2811 καὶ
352 2782 455 2819 Ῥαχάτ
470 2783 616 2820 ἐμπρήσας
645 2783 828 2819 κατέσκαψε-ν.
857 2783 923 2811 Εἶτα

985 331 1036 360 Ubi
1053 337 1143 360 autent
1161 333 1195 360 ad
1216 332 1364 367 Euphratis
1379 332 1451 367 ripas
1469 333 1552 365 venit,
1577 337 1775 361 tumescentem
1811 341 1815 344 ‘

983 379 1079 406 aestivo
1093 383 1214 412 tempore
1227 378 1334 412 lateque
1344 378 1527 404 exundantem
1544 377 1655 405 fluvium
1669 378 1773 412 videns,

982 425 1181 460 degenerisquc
1201 424 1289 452 animi
1316 432 1367 451 nec
1393 424 1448 451 illis
1461 431 1530 459 quas
1545 424 1663 451 ducebat
1689 420 1776 459 copiis

981 472 1096 507 dignum
1107 476 1184 499 ratus
1196 471 1321 506 trajeclui
1334 470 1468 503 assidere,
1477 478 1509 498 ac
1524 470 1610 498 donec
1621 471 1776 498 detumuis-

981 523 1043 546 sent
1057 526 1134 553 aqua:
1147 518 1293 546 humiliore
1318 517 1395 544 alveo
1425 521 1595 552 exspectare,
1609 521 1691 552 ponte
1712 517 1776 551 jun-

981 565 1099 600 gendum
1122 564 1289 597 constituit;
1306 569 1461 598 cunctaque
1486 563 1519 590 ad
1548 570 1618 597 opus
1635 563 1784 602 Velociter‘.

981 612 1116 639 instructa
1132 615 1206 638 sunt.
1231 610 1351 645 Cupiens
1374 617 1439 636 vero
1455 609 1573 636 militum
1594 609 1715 636 laborem
1733 609 1775 636 lc-

981 658 1040 685 nire
1059 662 1086 684 et
1105 657 1138 684 ad
1153 657 1214 691 ejus
1229 656 1371 684 molestias
1387 655 1467 683 facile
1487 655 1614 683 ferendas
1629 655 1772 688 inducere,

980 711 1064 738 reque
1077 703 1168 738 ipsum
1186 702 1290 737 pariter
1311 701 1472 737 spontaneis
1500 699 1710 735 fatigationibus
1731 701 1774 727 di-

979 757 1088 781 vexare,
1104 755 1138 776 ne
1153 749 1175 776 si
1196 747 1318 783 quando,
1346 750 1376 774 ut
1390 747 1552 782 plerumque
1579 747 1659 779 solet,
1683 747 1774 774 incon.

978 796 1051 824 sulto
1068 795 1172 830 aliquid
1187 794 1473 827 accidisset,uovitate
1484 801 1565 821 casus
1583 796 1775 820 consternere-

979 845 1024 868 tur
1038 844 1085 867 aut
1098 839 1178 867 malis
1191 840 1315 866 insuetus
1330 839 1509 872 inveniretur,
1521 839 1623 866 sociam
1641 838 1775 866 militibus

977 891 1100 919 operam,
1116 887 1143 911 et
1157 883 1267 918 quidem
1292 886 1404 910 strenue
1425 881 1573 910 admodum
1589 890 1622 910 ac
1633 881 1772 915 alacriter,

978 930 1142 965 adiungebat
1154 949 1161 962 ,
1174 929 1336 964 maioraque
1351 935 1434 955 onera
1457 929 1516 955 suis
1529 928 1589 962 ipse
1599 928 1723 956 humeris
1739 928 1773 956 ad

977 981 1087 1012 pontem
1098 981 1209 1012 apporto
1215 976 1268 1003 bat.
1278 975 1400 1003 Vidisses
1417 980 1482 1004 tunc
1492 976 1552 1010 ejus
1559 976 1687 1011 ponderis
1703 983 1773 1003 onus

978 1023 1171 1058 imperatorem
1187 1022 1266 1050 facile
1284 1022 1364 1054 ferre,
1387 1022 1431 1050 cui
1446 1022 1493 1049 vix
1506 1026 1561 1050 tres
1575 1023 1655 1050 simul
1671 1022 1774 1049 milites

978 1077 1058 1105 pares
1071 1073 1173 1098 essent.
1189 1069 1217 1096 In
1237 1069 1440 1111 hunc_modum
1452 1069 1618 1097 transmisso
1634 1068 1774 1104 Euphrate

978 1117 1070 1145 statim
1091 1117 1250 1152 praesidium
1277 1116 1465 1152 Rbapsacium
1476 1121 1626 1152 expugnat.
1641 1115 1772 1143 Scorsum

977 1171 1043 1191 vero
1067 1163 1188 1192 Cbaldos
1212 1169 1240 1191 et
1268 1163 1428 1192 Coloniatas
1450 1163 1590 1199 regionem
1607 1170 1669 1198 qua:
1700 1162 1774 1190 inter

979 1209 1146 1246 Euphratem
1161 1215 1188 1238 et
1199 1211 1330 1238 Arsinum
1345 1209 1602 1245 eﬂundituriubens
1614 1216 1773 1242 excurrere,

978 1257 1081 1292 ingenti
1103 1257 1195 1292 prmda
1216 1256 1365 1291 multisque
1388 1256 1505 1291 captivis
1527 1255 1630 1291 potitus
1645 1260 1687 1282 est
1704 1263 1712 1288 ;
1727 1261 1774 1282 ca-

978 1303 1122 1338 stellaque,
1132 1303 1204 1338 quod
1215 1302 1329 1330 Curticii
1339 1307 1438 1329 vocant
1454 1307 1479 1329 et
1494 1301 1625 1329 Chachon
1647 1305 1673 1329 et
1687 1301 1772 1328 Amer

978 1354 1005 1377 et
1020 1349 1185 1377 lllurinixum
1218 1354 1246 1377 et
1267 1349 1386 1381 Abdela,
1412 1348 1486 1383 cepit
1512 1356 1544 1376 ac
1570 1348 1694 1382 diripuit.
1712 1347 1773 1382 Ipse

978 1396 1130 1424 Melitencm
1151 1397 1330 1431 irrumpens-,
1346 1396 1442 1423 urbem
1465 1403 1497 1423 eo
1523 1400 1646 1430 tempore
1665 1394 1769 1430 ingenti

979 1443 1079 1471 civium
1103 1443 1278 1470 multitudine
1300 1442 1398 1470 fretam
1416 1442 1575 1477 affatimque
1591 1442 1772 1470 barbarorum

978 1490 1066 1524 copiis
1080 1490 1226 1521 munitam,
1251 1489 1352 1524 quibus
1368 1489 1395 1516 in
1422 1497 1569 1516 oocursum
1589 1496 1650 1515 cum
1674 1487 1774 1515 barba-

978 1537 1037 1564 rico
1051 1537 1171 1564 clamore
1186 1544 1219 1565 ac
1233 1537 1349 1572 strepitu
1367 1537 1449 1571 27o
1459 1536 1554 1563 cll‘nsis
1572 1535 1631 1570 ipse
1645 1542 1702 1562 sua:
1719 1533 1774 1560 vir-

978 1585 1045 1612 tutis
1057 1584 1197 1620 egregium
1220 1583 1461 1619 specimen'dedit,
1483 1587 1513 1610 ttt
1540 1590 1596 1610 non
1615 1582 1697 1609 modo
1714 1581 1774 1616 ejus

940 1638 960 1668 ο
978 1631 1100 1662 asseclce,
1125 1631 1172 1658 sed
1187 1636 1213 1657 et
1240 1630 1333 1658 hostes
1362 1629 1436 1657 illius
1460 1629 1549 1664 palam
1580 1628 1772 1655 fortitudinem

976 1675 1223 1710 dexteritatemque
1257 1680 1368 1709 stupore
1397 1674 1613 1701 admirarentur.
1648 1673 1772 1700 Solertcr

976 1722 1050 1750 enim
1088 1721 1254 1756 fortiterque
1298 1720 1424 1748 hostibus
1468 1727 1633 1754 ccitgressus
1654 1738 1662 1751 ,
1708 1726 1768 1745 ma-

976 1776 1069 1804 nuque
1104 1767 1201 1795 fortem
1230 1772 1256 1795 et
1284 1768 1399 1795 audacia
1439 1771 1618 1802 pratstantem
1646 1765 1773 1793 ﬁdentis-

976 1823 1029 1850 que
1048 1814 1133 1842 animi
1152 1815 1242 1841 virum
1261 1821 1294 1841 ac
1318 1813 1477 1841 interritum
1493 1812 1662 1839 terribilibus
1679 1811 1775 1846 praefe-

954 1873 959 1879 -
977 1870 1052 1895 reus,
1073 1862 1179 1896 primus
1194 1860 1337 1888 adversam
1360 1859 1445 1887 aciem
1465 1867 1564 1894 magna
1580 1863 1670 1892 strage
1689 1857 1773 1891 fudit;

978 1914 1091 1942 tumque
1113 1907 1162 1934 alii
1186 1907 1238 1934 sibi
1260 1906 1363 1941 quique
1383 1900 1513 1932 adversos
1543 1904 1722 1939 objectosque
1739 1902 1773 1929 ad

981 1955 1057 1983 urbis
1072 1961 1158 1988 usque
1171 1957 1265 1988 portas
1282 1951 1418 1978 credentes
1432 1950 1570 1985 persecuti
1588 1953 1664 1981 sunt,
1682 1952 1712 1974 ut
1725 1955 1775 1974 ex-

977 2000 1061 2028 terius
1079 1999 1155 2026 urbis
1179 1995 1439 2032 porneriummultis
1448 1994 1629 2021 cadaveribus
1647 1997 1770 2020 conster-

976 2050 1088 2074 neretur
1112 2044 1231 2078 vallique
1259 2049 1338 2069 muro
1363 2040 1544 2069 circumducti
1571 2047 1641 2075 aqua
1671 2046 1771 2066 cruore

977 2093 1152 2124 misceretur,
1174 2090 1252 2118 multi
1265 2089 1348 2117 etiam
1368 2089 1422 2115 viri
1436 2091 1611 2122 caperentur,
1630 2086 1678 2114 alii
1700 2090 1773 2112 metu

976 2137 1072 2173 perciti
1084 2136 1136 2171 ipsi
1155 2139 1252 2171 sponte
1266 2134 1488 2170 transfugerent;
1501 2133 1599 2168 reliqui
1616 2132 1735 2166 denique
1746 2131 1772 2158 in

975 2184 1044 2213 urbe
1060 2182 1275 2216 includerentur,
1290 2181 1421 2215 omnique
1435 2179 1611 2215 postmodum
1629 2179 1705 2206 exitu
1728 2184 1775 2212 pe-

976 2231 1050 2259 nitus
1062 2234 1232 2258 arcerentur.
1247 2229 1276 2255 ln
1291 2228 1336 2256 bis
1351 2227 1490 2264 cogitabat
1504 2227 1654 2261 imperator
1666 2224 1773 2252 machi-

976 2285 1027 2305 nas
1042 2277 1134 2313 flgere,
1157 2279 1313 2310 cunctaque
1328 2272 1520 2308 expugnandis
1545 2272 1660 2299 urbibus
1681 2275 1773 2306 aptata

976 2324 1156 2352 instrumenta
1169 2321 1331 2352 convehere,
1344 2319 1512 2354 audacisque
1522 2326 1553 2345 ac
1563 2318 1667 2346 strenui
1684 2317 1771 2344 animi

974 2369 1097 2398 facinora
1121 2367 1260 2396 tentandis
1279 2366 1366 2393 muris
1376 2365 1519 2401 designare
1535 2373 1540 2391 :
1555 2364 1603 2391 sed
1617 2371 1681 2390 cum
1697 2361 1774 2389 vidc-

974 2421 1017 2445 ret
1038 2416 1134 2443 urbem
1155 2413 1289 2441 mmnium
1314 2412 1419 2439 ambitu
1438 2409 1668 2439 munitissimam,
1683 2415 1772 2442 caque

975 2461 1125 2490 tutantium
1154 2457 1330 2486 multitudine
1349 2464 1381 2484 ac
1411 2456 1511 2483 robore
1537 2460 1617 2490 captu
1645 2453 1774 2481 difficilli-

976 2516 1061 2540 mam,
1084 2506 1262 2540 audissetque
1273 2512 1287 2531 a
1303 2503 1426 2539 profugis
1443 2501 1602 2529 necessario
1615 2506 1771 2527 commeatu

975 2553 1084 2582 abunde
1105 2554 1284 2584 instructam,
1298 2558 1349 2577 nec
1375 2549 1511 2576 diutinam
1531 2547 1628 2574 timere
1653 2546 1774 2573 obsidio-

975 2608 1049 2632 nem,
1082 2599 1145 2626 inde
1165 2597 1310 2625 discedens
1337 2596 1363 2623 in
1387 2594 1526 2630 regionem
1557 2593 1771 2620 Manichaeorum

975 2647 1083 2682 irrupit,
1102 2645 1259 2678 excisisque
1276 2642 1421 2669 arboribus
1444 2648 1477 2667 ac
1493 2640 1598 2667 aedibus
1626 2638 1681 2673 igni
1710 2646 1774 2665 sue-

975 2693 1067 2721 ccnsis
1081 2691 1246 2725 cunctisque
1267 2689 1358 2716 obviis
1383 2687 1534 2715 devastatis
1557 2693 1652 2713 eorum
1677 2684 1774 2711 rastel-

977 2741 1033 2767 lum
1060 2735 1401 2772 ArgantltumCutaciique
1426 2739 1452 2759 et
1471 2732 1605 2766 Stephani
1621 2736 1647 2757 ct
1662 2726 1770 2756 [lacha-

979 2790 1036 2813 tunt
1053 2789 1233 2812 concrematis
1247 2781 1356 2816 penitus
1367 2779 1475 2807 evertit.
1492 2777 1668 2805 Postmodqu
1684 2774 1773 2809 subje-

938 2315 961 2343 D

763 2869 879 2898 VAlilz‘E
894 2869 1104 2898 LECTIONES.

166 2927 195 2968 ’ξ’
210 2930 355 2968 Μελιτινὴν
371 2929 537 2968 Δηειῌὶῃΐιιξι
553 2930 693 2968 Μελιτινῇ.
735 2933 755 2948 ⁷³
770 2932 890 2967 "Misy-lat
904 2932 925 2958 Α

124 2962 225 2993 malim
239 2967 313 3002 παρὰ
325 2962 370 2994 τὰ.
397 2962 431 2982 ’⁸⁸
447 2965 488 3001 δὲ]
503 2965 554 3001 μὲν
565 2966 620 2994 ΑΡ.

930 2952 935 2958 .
976 2932 997 2946 ⁸⁸⁷
1015 2930 1157 2963 ἀλαλαγιῖιν
1173 2928 1204 2955 Λ.
1245 2928 1265 2944 ³¹
1284 2927 1332 2961 τὴν
1357 2933 1412 2952 om.
1431 2922 1460 2950 Ρ.
1492 2955 1495 2958 ν

1515 2920 1536 2935 ¹¹
1556 2916 1642 2953 παρὰ]
1666 2916 1728 2951 περὶ
1738 2915 1773 2948 Ρ,
