1989 3161
213 202 268 236 287

766 201 1021 233 THEOPHANES
1034 201 1314 234 CONTINUATUS.

1811 200 1863 233 258

220 264 266 288 cto
281 260 361 295 271
377 259 454 288 omni
470 260 556 288 milite
571 260 645 295 large
658 260 825 295 copioseque
837 259 1011 288 -muneribus

1080 259 1109 287 δν
1127 259 1182 286 ὑπὸ
1199 261 1278 295 χεῖρα
1292 261 1382 288 πάντα
1393 259 1458 287 λαὸν
1473 258 1609 290 πολυσιως
1624 257 1862 293 φιλοφρονησάμε-

220 312 345 343 accepto,
361 315 393 335 ac
410 307 457 342 qui
482 307 615 342 singulari
640 307 741 335 virtute
765 307 913 341 fulserant,
927 308 1018 343 singu-

219 353 254 382 lis
269 354 375 382 deecnti
397 353 543 396 honoraria
563 353 682 387 donatis,
698 354 792 381 multis
808 358 906 381 auctus
921 354 1018 389 spoliis

219 409 252 429 ac
268 401 391 429 victoria:
411 400 492 428 seriis
511 400 538 427 in
559 400 654 427 urbem
685 408 813 428 reversus
839 402 1018 436 est;ingres.

220 456 324 484 susque
341 456 391 483 per
414 449 520 476 Aureas
542 452 647 482 portas,
673 456 729 483 quo
755 448 812 477 fere
831 449 885 476 ritu
913 455 1018 478 veteres

221 496 404 530 imperatores
413 495 440 522 in
451 495 655 530 praemagnifica
670 495 812 530 nobilique
822 495 908 523 Roma
920 497 1018 523 trium-

221 542 306 576 phum
319 541 446 576 agebaut.
464 540 563 569 faustis
577 548 626 576 pro
643 542 758 569 victoria
774 542 868 577 populi
880 542 1017 570 acclama-

221 588 343 616 tionibus
371 587 567 622 ominibusque
582 588 803 621 deducentibus,
830 589 857 616 in
885 597 1016 623 maguum

222 634 270 662 Dei
285 634 432 669 Sapientia:
448 633 582 669 templum
599 634 632 662 ad
651 639 715 662 vota
737 642 946 671 eongruamque
961 643 1019 670 gra-

222 681 322 708 tiarum
337 680 473 708 actionem
487 679 543 707 Deo
567 680 792 715 persolvendam,
810 681 906 708 statim
923 685 1019 709 uterat

222 735 257 754 ex
276 726 386 759 itinere,
406 726 557 762 profectus,
577 730 660 761 atque
682 735 698 754 a
714 727 872 762 patriarcha
895 727 1019 755 victoriae

223 778 326 799 corona
343 771 497 804 redimitus,
514 770 542 798 in
559 771 661 806 regiam
681 775 810 806 receptus
823 776 876 799 est.

258 862 304 889 tl.
324 861 434 890 Rursus
447 868 515 889 vero
532 869 608 890 cura:
620 869 682 889 eum
699 862 793 890 civiles
819 862 1018 895 sollicitabant,

223 908 451 943 diversarumque
462 908 584 943 gentium
595 908 756 936 oratoribus
766 909 799 936 ad
808 916 838 937 se
852 909 1020 937 convenien-

225 955 300 983 tibus
323 955 422 983 dandis
444 955 586 990 responsis
610 956 807 988 incumbebat;
822 956 1020 991 paululumquo
1036 955 1046 968 ‘

225 1009 289 1028 cum
307 1001 403 1029 liberis
418 1008 452 1029 ac
471 1008 558 1029 uxore
569 1001 694 1029 relaxato
706 1001 810 1034 animo,
827 1008 860 1028 ac
873 1008 1021 1029 sacrosan-

225 1047 277 1075 ctis
304 1054 351 1082 per
372 1047 468 1074 urbem
501 1046 558 1074 voti
588 1054 760 1081 precumque
794 1053 879 1073 causa
911 1045 1021 1081 templis

226 1093 355 1129 religiose
372 1093 511 1125 lustratis,
524 1100 561 1120 ex
578 1100 654 1120 more
674 1083 772 1120 rursus
783 1092 914 1120 civilibus
928 1092 1020 1119 admi-

227 1140 436 1168 nistrationibus
458 1139 630 1175 judiciisque
641 1139 751 1166 addicta
779 1146 876 1174 opera,
902 1139 1021 1174 diligen-

228 1187 294 1213 tiam
326 1186 372 1214 ille
397 1193 476 1214 suam
494 1185 661 1221 vigilemque
683 1192 778 1212 curam
802 1192 866 1221 erga
893 1185 1020 1214 subditos

228 1232 396 1260 ostentabat.
411 1231 523 1259 Nullum
547 1237 639 1259 tamen
655 1231 773 1259 faciebat
791 1232 873 1259 tinem
899 1232 1024 1267 quotidie

228 1280 256 1306 in
271 1286 382 1306 sacrum
395 1278 577 1313 divinumque
588 1279 720 1314 templum
734 1278 907 1314 ingrediendi
919 1278 1023 1307 Deum-

228 1333 283 1360 que
299 1324 482 1360 suppllicibus
493 1325 566 1353 votis
579 1325 724 1357 exorandi,
741 1325 976 1353 intercessoribus
989 1325 1023 1352 ad

229 1372 313 1399 licunt
325 1371 454 1399 adhibitis
466 1376 523 1398 tum
533 1370 667 1399 Michaele
673 1371 794 1399 caelestis
803 1371 942 1399 exercitus
948 1370 1024 1406 prin-

192 1431 196 1436 ι
228 1419 302 1454 cipe,
320 1423 376 1446 lum
394 1418 453 1446 Elia
467 1418 612 1453 propheta,
641 1426 676 1445 ne
693 1418 770 1454 prius
799 1418 854 1445 vita
881 1418 1026 1446 excederet

229 1473 310 1499 quam
328 1465 522 1499 (lhrysocbiris
535 1465 677 1492 interitum
707 1464 813 1491 videret
837 1472 870 1492 ac
893 1464 944 1491 tria
972 1464 1024 1492 tela

230 1510 339 1545 impuro
361 1510 434 1537 illius
447 1509 530 1544 capiti
548 1509 695 1544 infigeret;
711 1509 784 1544 quod
804 1514 832 1536 et
850 1512 945 1545 postea
961 1516 1026 1537 con-

231 1555 301 1590 tigit.
335 1554 467 1589 Sequenti
494 1555 569 1582 enim
594 1561 687 1586 anno,
717 1561 781 1581 eum
795 1555 818 1581 is
840 1554 922 1589 272
943 1562 1024 1589 quem

194 1615 195 1619 η
230 1601 354 1630 dicebam
369 1601 539 1636 Cbrysochir
560 1600 714 1628 Romanam
732 1600 863 1628 ditionem
878 1601 1027 1629 invasisset

230 1656 348 1683 eamque
370 1648 536 1679 devastarel,
562 1647 638 1675 misit
656 1655 690 1675 ex
717 1655 795 1675 more
821 1647 973 1682 imperator
1000 1647 1028 1675 in

231 1702 295 1722 eum
318 1693 476 1721 scholarum
505 1693 926 1728 domesticum;assumptoquo
953 1691 1027 1720 omni

233 1740 358 1768 Romano
382 1740 516 1773 exercitu,
533 1740 597 1768 licet
609 1739 698 1774 palam
725 1743 855 1767 conserta
883 1739 943 1766 acie
963 1746 1026 1766 cum

232 1787 280 1814 illo
299 1794 423 1821 pugnare
441 1794 496 1814 non
522 1786 647 1817 auderet,
659 1785 769 1813 interim
790 1789 879 1812 tamen
897 1784 1029 1812 Romanis

233 1833 397 1860 cohortibus
409 1840 440 1860 ex
468 1836 545 1860 certo
562 1831 704 1860 intervallo
733 1831 960 1867 insequentibus,
978 1831 1028 1860 oh-

233 1879 326 1906 stabat
344 1886 378 1906 ne
394 1877 457 1905 hinc
477 1877 540 1906 inde
554 1884 702 1905 excurrere
715 1884 747 1905 ac
765 1876 883 1912 palandn
898 1884 947 1912 per
969 1877 1029 1905 loca

1041 1607 1064 1640 C

233 1924 353 1960 dispergi
377 1924 503 1952 auderet.
517 1924 585 1952 Cum
603 1923 687 1959 igitur
698 1923 843 1954 barbarus,
862 1924 962 1958 partim
984 1931 1030 1951 re-

195 1975 198 1981 '
234 1969 286 1997 bus
301 1977 335 1998 ex
354 1974 419 1997 voto
443 1969 606 1998 cedentibus
637 1969 737 2004 partim
767 1968 898 1996 frustrato
914 1974 1028 2002 conatu,

231 2015 288 2050 jam
303 2015 387 2043 etiam
402 2019 525 2050 tempore
545 2019 673 2048 vocante,
696 2015 729 2043 ad
744 2022 794 2042 sua
809 2015 899 2042 redire
917 2016 1031 2043 statuis-

233 2066 276 2090 set
295 2062 427 2097 gravique
440 2066 558 2089 onustus
575 2062 665 2096 praeda
682 2061 795 2088 domum
813 2061 926 2092 rediret,
948 2061 1031 2089 sebo-

233 2108 275 2135 lis‘
285 2108 428 2142 praefectus
442 2108 549 2136 duobus
561 2107 691 2138 ducibus,
715 2114 833 2142 quorum
858 2114 930 2134 unus
944 2105 1031 2134 Char-

235 2154 322 2181 sianis
350 2155 421 2181 alter
444 2154 616 2181 Armeniacis
628 2158 756 2188 praeerat.
784 2153 905 2188 praecipit
921 2158 951 2181 ut
966 2161 1030 2182 cum

237 2201 270 2227 iis
288 2208 358 2235 quas
380 2200 521 2228 ducebant
544 2199 705 2227 cohortibus
732 2199 946 2235 Cbrysoebirem
960 2207 1031 2236 pone

237 2251 390 2280 sequantur
419 2253 507 2280 usque
530 2245 564 2272 ad
585 2245 839 2280 Balbyrrbyacem;
860 2245 988 2281 indeque,
1006 2247 1031 2274 si

237 2291 350 2326 quidem
364 2291 497 2319 adversus
522 2291 710 2319 Romanorum
737 2292 805 2319 lines
821 2291 915 2326 copias
927 2292 1030 2320 immit-
1043 2279 1070 2310 D

238 2343 316 2372 teret,
339 2339 364 2366 id
379 2338 533 2366 domestico
548 2338 758 2374 signiﬁcarent:
775 2338 818 2365 sin
836 2343 912 2366 recto
933 2339 1032 2367 itinere

239 2386 265 2412 in
282 2393 360 2412 suam
375 2393 404 2412 se
431 2385 563 2413 latebram
576 2385 720 2420 reciperet,
746 2384 794 2412 illo
809 2385 924 2413 dimisso
936 2386 970 2414 ad
991 2386 1032 2421 ip-

237 2440 299 2459 sum
314 2440 413 2460 rursus
425 2432 556 2459 redirent.

1069 314 1124 338 νος,
1146 306 1194 333 καὶ
1213 305 1268 333 τῶν
1293 305 1513 340 ἀριστευσάντων
1528 305 1644 332 ἕκαστον
1660 303 1810 339 ἀριστείοις
1824 313 1863 330 τι-

1070 351 1172 386 μήσας,
1194 351 1265 387 μετὰ
1281 350 1389 378 πολλῶν
1412 350 1543 385 λαφύρων
1558 349 1607 377 καὶ
1627 349 1778 385 νικητικῶν
1802 358 1864 376 στε-

1069 397 1162 432 φάνων
1179 397 1334 433 ὑπέστρεψε
1357 397 1426 433 πρὸς
1451 397 1499 433 τὴν
1519 397 1733 432 βασιλεύουσαν
1755 397 1802 424 καὶ
1821 396 1877 447 διὰ¹

1068 445 1123 472 τῶν
1137 444 1256 480 Χρυσῶν
1269 444 1362 472 πυλῶν
1378 443 1507 471 εἰσελθὼν
1519 444 1557 476 ὡς
1584 445 1609 470 οἱ
1623 444 1709 471 πάλαι
1730 443 1802 470 κατὰ
1817 443 1866 479 τὴν

1070 491 1250 527 μεγαλόδοξον
1259 491 1371 528 Ῥώμην
1383 492 1438 519 τῶν
1462 491 1676 527 αὐτοκρατόρων
1689 491 1754 522 τοὺς
1766 480 1879 534 θριάμ-ξ

1069 537 1133 570 6ους
1153 538 1330 572 κατάγοντες,
1345 538 1393 566 καὶ
1406 537 1457 569 τὰς
1473 538 1550 573 παρὰ
1565 537 1612 564 τοῦ
1625 537 1712 572 δήμου
1723 536 1868 572 νικητικὰς

1069 585 1214 620 ἐκδοήσεις
1229 585 1276 612 καὶ
1286 585 1426 620 εὐφημίας
1441 585 1598 619 δεξάμενος,
1607 584 1654 612 καὶ
1669 585 1739 619 πρὸς
1752 584 1783 610 τὸ
1797 584 1868 619 μέγα

1069 630 1118 665 τῆς
1130 629 1178 657 τοῦ
1202 630 1269 658 Θεοῦ
1291 631 1393 665 Σοφίας
1408 630 1570 665 ἀνάκτορον,
1588 630 1627 662 ὡς
1641 629 1692 662 τὰς
1716 629 1800 665 εὐχὰς
1821 629 1867 656 καὶ

1069 677 1119 713 τὴν
1135 678 1329 714 προσήκουσαν
1353 677 1531 714 εὐχαριστίαν
1545 676 1705 710 ἀποδώσων,
1723 676 1806 708 εὐθὺς
1830 676 1868 708 ὡς

1071 722 1146 760 εἶχεν
1162 723 1192 756 ἐξ
1207 724 1268 751 ὀδοῦ
1294 723 1509 760 παραγεγονὼς,
1538 723 1585 750 καὶ
1601 723 1653 749 ὑπὸ
1672 722 1720 750 τοῦ
1734 723 1796 749 τότε
1813 731 1868 750 πα-

1069 769 1264 806 τριαρχοῢντος
1278 770 1318 806 τῷ
1325 770 1377 805 τῆς
1390 770 1470 805 νίκης
1480 769 1606 805 στεφάνῳ
1620 770 1787 802 ταινιωθεὶς,
1812 770 1868 797 ἁπ-

1071 816 1206 852 εκατέστη
1227 817 1267 848 εἰς
1282 816 1316 842 τὰ
1327 815 1460 851 βασίλεια.

1107 862 1164 897 μα’.
1179 863 1235 890 Καὶ
1259 862 1342 889 πάλιν
1356 861 1439 890 αὑτὸν
1463 862 1605 898 φροντίδες
1630 862 1769 890 πολιτικαὶ
1786 862 1871 890 διεδέ-

1072 917 1161 945 χοντο,
1179 909 1229 935 καὶ
1242 909 1303 940 ταῖς
1321 908 1376 935 ἀπὺ
1401 908 1540 944 διαφόρων
1558 908 1644 935 ἐθνῶν
1661 908 1823 944 πρεσὸεἰαῑς
1837 908 1872 936 τὰ.

1071 955 1216 991 πρόσφορα
1226 955 1413 990 ἐχρημάτιζε·
1428 955 1476 981 καὶ
1499 954 1568 990 πρὸς
1580 955 1672 989 ὀλίγον
1684 955 1742 986 τοῖς
1761 955 1872 986 τέκνοις

1072 1002 1286 1038 συνευφρανθεὶς
1299 1001 1348 1028 καὶ
1356 995 1521 1037 τῇ’γυναικὶ,
1531 1001 1580 1029 καὶ
1593 1001 1656 1033 τοὺς
1672 1001 1744 1028 κατὰ
1759 1001 1790 1028 τὸ
1802 1001 1871 1029 ἄστυ

1073 1047 1225 1084 περιελοὼν
1241 1048 1331 1084 ἱεροὺς
1344 1047 1392 1074 καὶ
1417 1047 1506 1080 θείους
1533 1048 1616 1079 ναοὺς
1639 1047 1687 1074 καὶ
1711 1047 1761 1079 τὰς
1788 1047 1872 1082 εὐχὰς

1072 1094 1201 1127 ἀποδοὺς,
1217 1093 1341 1129 συνήθως
1356 1091 1392 1129 ἦν
1405 1093 1484 1125 αὖθις
1499 1094 1546 1120 ἐπὶ
1565 1093 1620 1121 τῶν
1638 1093 1788 1120 πολιτικῶν
1803 1093 1872 1119 διας

1073 1141 1182 1176 κήσεων
1193 1140 1304 1168 καὶτῶν
1323 1140 1452 1175 κρίσεων,
1467 1140 1518 1176 τὴν
1533 1140 1597 1176 περὶ¹
1611 1140 1641 1166 τὸ
1653 1140 1774 1175 ὑπήκοον
1791 1140 1873 1175 κηδε-

1076 1186 1173 1222 μονίαν
1181 1185 1228 1213 καὶ
1239 1185 1378 1222 ἄγρυπνον
1387 1185 1567 1222 πρόνοιανηΡ.
1579 1185 1642 1222 169]
1654 1186 1873 1221 ἐνδεικνύμενος.

1075 1232 1112 1259 Οὐ
1128 1231 1289 1266 διελίμπανε
1302 1231 1331 1258 δὲ
1361 1232 1438 1266 ὅμως
1465 1232 1527 1259 καθ’
1546 1232 1668 1267 ἑκάστην
1683 1233 1723 1264 εἰς
1736 1231 1784 1258 τὸν
1800 1232 1875 1267 ἱερὸν

1075 1279 1122 1306 καὶ
1135 1279 1208 1306 θεῖον
1222 1279 1289 1307 ναὸν
1307 1278 1406 1317 εἰσιὼν.
1417 1279 1465 1306 καὶ
1482 1279 1613 1307 ἱκετεύων
1631 1280 1677 1307 τὸν
1692 1279 1809 1315 Κύριον,
1826 1280 1875 1306 καὶ

1077 1325 1191 1361 μεσίτας
1205 1324 1276 1361 πρδς
1290 1324 1369 1352 τοῦτο
1384 1326 1431 1353 τόν
1458 1333 1488 1353 τε
1509 1325 1732 1361 ἀρχιστράτηγον
1760 1325 1876 1361 Μιχαὴλ

1076 1373 1124 1400 καὶ
1144 1372 1236 1400 Ἦλιοὺ
1246 1372 1292 1400 τὸν
1303 1373 1451 1408 προφήτην
1466 1372 1535 1408 πρὸς
1549 1372 1617 1400 Θεδν
1637 1371 1876 1408 προῦαλλόμινος,

1076 1416 1123 1444 τοῦ
1138 1417 1177 1454 μὴ
1190 1417 1325 1454 πρότερον
1337 1417 1385 1445 τοῦ
1401 1417 1460 1452 βίου
1479 1418 1640 1452 ὑπεξελθεῖν
1656 1418 1749 1454 πρὶνή
1766 1417 1814 1445 τὸν
1829 1416 1878 1444 τοῦ

1077 1463 1264 1499 Χρυσόχειρος
1281 1463 1394 1499 ὄλεθρον
1409 1464 1512 1491 ἐπιδεῖν
1524 1463 1571 1492 καὶ
1586 1464 1650 1500 τρία
1665 1463 1730 1499 βέλη
1739 1465 1772 1499 τῇ
1789 1463 1878 1490 αὑτοῦ

1077 1509 1237 1545 καταπτῆξαι
1251 1510 1340 1546 μιαρᾷ
1357 1510 1474 1546 κεφαλῇ.
1495 1511 1528 1538 Ὃ
1548 1509 1594 1538 καὶ
1619 1510 1731 1544 γέγονεν
1747 1510 1877 1545 ὕστερον.

1077 1556 1123 1592 Τῷ
1136 1555 1190 1592 γὰρ
1207 1556 1311 1584 ἐπιόντι
1326 1557 1416 1593 χρόνῳ
1430 1558 1472 1589 είς
1492 1558 1543 1590 τὰς
1554 1558 1611 1585 τῶν
1625 1557 1771 1593 Ῥωμαίων
1783 1557 1878 1592 ἔμϐα-

1080 1603 1172 1635 λόντος
1187 1602 1279 1640 χώρας
1303 1604 1352 1631 τοῦ
1367 1604 1660 1640 προμνημονευθέντος
1687 1605 1881 1640 Χρυσόχειρος

1081 1651 1128 1678 καὶ
1145 1650 1246 1682 ταύτας
1262 1650 1438 1686 ληϊζομένου,
1458 1651 1620 1679 ἀποστέλλει
1635 1652 1696 1678 κατ’
1713 1651 1797 1678 αὑτοῦ
1813 1660 1882 1678 συν.

1081 1696 1154 1731 ήθως
1169 1698 1184 1724 ὁ
1202 1697 1330 1732 βασιλεὺς
1344 1697 1392 1724 τὸν
1416 1697 1472 1724 τῶν
1487 1697 1592 1732 σχολῶν
1612 1697 1809 1733 ἐξηγούμενον.
1833 1698 1884 1729 Ὃς

1081 1741 1197 1775 ἑξελθὼν
1212 1742 1237 1758 ⁸⁸
1251 1744 1299 1770 καὶ
1317 1742 1408 1769 πάντα
1425 1743 1472 1769 τὸν
1490 1742 1645 1778 Ῥωμαῖκὺν
1663 1743 1778 1778 στρατὸν
1806 1751 1884 1777 συμ-

1081 1787 1260 1823 ¹καραλαὸὼν,
1277 1788 1340 1814 ἐπεὶ
1356 1787 1427 1815 κατὰ
1444 1788 1592 1824 πρόσωπον
1604 1788 1734 1822 ἐμφανῶς
1748 1789 1888 1822 ἀντιστῆ-

1047 1857 1053 1864 .
1081 1843 1126 1862 ναι
1142 1833 1210 1870 πρὸς
1226 1834 1309 1861 αὐτὸν
1328 1834 1482 1866 ἁπεδειλία,
1498 1834 1533 1862 τὰ
1549 1834 1605 1861 τῶν
1627 1833 1774 1869 Ῥωμαίων
1793 1842 1888 1869 στρα-

1081 1879 1207 1914 τεύματα
1223 1879 1435 1915 συμπαρείπετο
1460 1879 1530 1911 τέως
1555 1879 1631 1914 αὐτῷ
1647 1879 1702 1906 ἀπό
1718 1888 1791 1910 τινος
1826 1879 1888 1906 δια-

1057 1948 1059 1951 .
1083 1926 1232 1961 στήματος,
1240 1926 1289 1953 καὶ
1302 1925 1352 1956 τὰς
1370 1925 1488 1961 μερικὰς
1507 1926 1618 1961 ἀνεῖργε
1633 1925 1831 1961 καταδρομὰς,
1841 1926 1891 1952 καὶ

1081 1973 1113 1999 οὐ
1134 1972 1283 2008 συνεχώρει
1300 1972 1372 1999 κατὰ
1390 1972 1442 2007 τῆς
1457 1972 1550 2007 χώρας
1561 1972 1647 2003 ἀδεῶς
1658 1971 1801 1999 διασκίδνα
1811 1971 1892 1998 σθαι.

1089 2019 1134 2051 Ὠς
1157 2016 1205 2046 οὖν
1220 2020 1254 2047 τὰ
1269 2019 1318 2054 μὲν
1339 2019 1413 2055 δρῶν
1428 2020 1465 2046 τὰ
1480 2019 1509 2046 δὲ
1524 2019 1675 2055 ἁπρακτῶν
1696 2019 1710 2045 ό
1728 2018 1892 2055 βάρᾶαρθς,

1082 2064 1134 2099 ἤδη
1153 2064 1200 2091 καὶ
1213 2063 1259 2090 τοῦ
1280 2064 1380 2100 καιροῦ
1394 2064 1543 2096 καλοῦντος
1565 2064 1659 2097 αὑτὸν,
1675 2063 1727 2099 τῆς
1751 2064 1831 2099 πρὸς
1855 2063 1892 2091 τὰ

1082 2110 1171 2136 οἰκεῖα
1183 2110 1315 2137 ἐπανόδου
1331 2111 1454 2146 ἐμνήσθη
1468 2111 1516 2138 καὶ
1529 2111 1599 2146 μετὰ
1613 2111 1688 2142 λείας
1698 2111 1806 2146 συχνῆς
1819 2111 1893 2147 πρὸς

1082 2156 1131 2192 τὴν
1151 2157 1219 2184 ἰδίαν
1229 2158 1322 2194 χώραν
1330 2158 1510 2194 ὑπέστρεφεν,
1520 2157 1643 2194 ἀφώρισε
1656 2158 1704 2185 δύο
1713 2157 1771 2185 τῶν
1784 2165 1895 2194 στρατ-

1083 2203 1158 2238 ηγῶν
1185 2204 1200 2230 ὁ
1221 2204 1276 2231 τῶν
1307 2204 1412 2239 σχολῶν
1437 2204 1621 2240 ἐξηγούμενος
1644 2204 1678 2237 ⁸⁸,
1703 2205 1751 2231 τόν
1782 2213 1817 2231 τε
1842 2203 1894 2231 τοῦ

1083 2249 1240 2284 Χαρσιανοῦ
1268 2251 1316 2278 καὶ
1329 2251 1383 2277 τῶν
1406 2251 1572 2286 Ἀρμενίων,
1602 2250 1673 2286 μετὰ
1687 2252 1738 2286 τῆς
1754 2252 1828 2285 περὶ
1843 2251 1894 2277 αὺ-

1084 2295 1147 2327 τοὺς
1161 2296 1304 2332 δυνάμεως
1323 2297 1451 2330 ἕκαστον,
1469 2297 1542 2324 ὥστε
1559 2298 1818 2333 συμπαρομαρτεῖν
1843 2295 1897 2323 καὶ

1085 2343 1237 2378 Ξφέπεσθαι
1254 2344 1293 2378 τῷ
1315 2345 1482 2380 Χρυσόχειρι
1511 2344 1577 2380 ἄχρι
1602 2344 1649 2371 τοῦ
1673 2343 1897 2379 Μθυρῤύακος,

1086 2390 1216 2417 κάκεῖθεν
1242 2391 1267 2418 ει
1295 2392 1344 2426 μὲν
1372 2392 1509 2426 ὲπαφήσει
1534 2391 1607 2418 κατὰ
1636 2391 1691 2417 τῶν
1719 2389 1898 2425 Ῥωμαϊκῶν

1090 2436 1172 2471 ὁρίων
1188 2438 1315 2473 στρατὸν,
1329 2437 1410 2473 δῆλον
1429 2437 1510 2465 τοῦτο
1535 2437 1576 2473 τῷ
1590 2437 1747 2473 δομεστίκῳ
1766 2438 1900 2473 ποιήσα-

239 2479 313 2512 σθαι,
329 2478 396 2506 εἰδὲ
415 2479 484 2515 πρὸς
506 2479 552 2506 τὸν
575 2479 674 2506 οἰκεῖον
701 2479 805 2515 φωλεὸν
818 2480 1027 2517 ἀμεταστρεπτὶ
1046 2483 1163 2518 βαδίζων
1178 2485 1339 2519 εἱσδύνειεν,
1367 2486 1503 2518 ἐάσαντας
1534 2485 1630 2513 τοῦτον
1655 2484 1735 2517 αὖθις
1765 2486 1899 2515 ὲπεινελ.

238 2526 295 2553 θεῖν
311 2526 380 2560 πρὸς
394 2526 486 2554 αὐτόν.

274 2572 320 2599 4‘2.
338 2572 397 2600 Jam
427 2573 519 2607 itaque
538 2573 572 2601 ad
604 2581 667 2601 eum
684 2573 731 2608 qui
748 2573 839 2612 dictus
853 2578 896 2602 est
914 2574 1031 2611 Bathyr-

239 2620 334 2655 rbyaci
370 2621 473 2653 locum,
507 2621 752 2656 advesperaseenle
780 2621 824 2649 die
850 2622 1031 2650 barbarorqu

239 2666 370 2694 devectus
389 2667 527 2695 exercitus
539 2666 574 2694 ad
600 2667 683 2702 pedes
698 2668 800 2696 montis
811 2669 949 2697 consedit.
975 2670 1031 2697 Ro-

240 2715 387 2740 manorum
404 2713 488 2741 duces
504 2713 576 2741 illius
591 2715 735 2749 superiora
750 2719 899 2749 occupant,
915 2722 948 2742 ac
964 2715 1031 2750 quid

239 2764 404 2787 eventurum
431 2760 468 2788 sit
491 2760 650 2796 dispiciunt.
679 2761 790 2789 Interim
816 2761 888 2788 inter
910 2761 1032 2790 duorum

241 2805 393 2833 thematum
410 2806 524 2839 milites,
539 2812 565 2834 et
589 2807 716 2834 ordinum
749 2812 958 2842 turtnarumque
980 2808 1032 2834 du-

243 2856 334 2881 ctores
347 2861 380 2880 ac
396 2853 607 2889 manipularios,
623 2852 764 2880 contentio
789 2853 915 2887 quaedam
937 2857 964 2880 et
981 2861 1032 2888 pu-

1125 2573 1179 2610 μβ¹,
1192 2573 1262 2609 Ἤδη
1278 2572 1325 2600 οὖν
1345 2572 1394 2600 τοῦ
1419 2572 1591 2609 βαρϐαρικοῦ
1613 2572 1833 2608 στρατεύματος
1851 2582 1901 2608 γε-

1087 2621 1197 2655 γονότος
1211 2621 1240 2647 ἐν
1255 2619 1376 2655 ἑσπέρας
1390 2619 1480 2656 καιρῷ
1495 2619 1567 2646 κατὰ
1580 2618 1627 2645 τὸν
1644 2618 1829 2654 καλούμενον
1845 2621 1901 2646 Βα-

1088 2668 1231 2704 θυρῤύακα
1245 2667 1293 2694 καὶ
1304 2666 1470 2701 αὺλισμένου
1490 2667 1565 2693 κάτω
1581 2665 1651 2701 πρὸς
1666 2665 1717 2701 τὴν
1733 2665 1786 2692 τοῦ
1813 2666 1903 2701 ὅρους

1088 2713 1238 2749 ὑπώρειαν,
1253 2713 1308 2740 τῶν
1337 2712 1366 2739 δὲ
1387 2711 1552 2747 Ῥωμαῖκῶν
1581 2711 1747 2747 στρατηγῶν
1760 2712 1902 2738 καταλα-

1087 2761 1189 2788 ϐόντων
1199 2760 1234 2788 τὰ
1247 2760 1345 2787 τούτου
1371 2759 1563 2795 μετεωρότερα
1579 2759 1627 2786 καὶ
1641 2759 1673 2785 τὸ
1694 2757 1801 2793 μέλλον
1828 2759 1904 2785 ἀπο-

1087 2807 1271 2840 σκοπούντων,
1285 2806 1420 2842 ἐμπίπτει
1431 2815 1472 2839 τις
1488 2806 1546 2842 ἔρις
1558 2806 1623 2840 περὶ
1638 2805 1695 2831 τῶν
1709 2805 1906 2839 ¹⁶πρωτείων

1088 2854 1134 2879 καὶ
1151 2853 1252 2887 ἅμιλλα
1275 2854 1331 2884 τοῖς
1347 2852 1400 2879 τῶν
1425 2851 1471 2879 δύο
1489 2851 1615 2886 θεμάτων
1633 2849 1830 2885 στρατιώταις
1856 2853 1906 2878 καὶ

894 2899 1010 2926 VARle
1041 2898 1246 2927 LECTIONES.

280 2945 300 2960 ‘“
316 2944 345 2975 ὃς
359 2943 473 2985 segem
485 2952 540 2973 om.
626 2946 647 2962 ⁸⁸
666 2945 857 2981 ἀφηγούμενος
871 2946 904 2974 Δ.
943 2946 964 2962 ⁸⁵
982 2945 1035 2972 τῶν
1046 2945 1078 2972 Α.

411 3084 480 3103 κλειδὶ
