  <div class='ocr_page' id='page_1' title='image "/cluster/home/n/w/nwhite01/storage/ocr_20150623/109/njp.32101077772927/152.png"; bbox 0 0 1989 3161; ppageno 0'>
   <div class='ocr_carea' id='block_1_1' title="bbox 136 224 185 257">
    <p class='ocr_par' dir='ltr' id='par_1_1' title="bbox 136 224 185 257">
     <span class='ocr_line' id='line_1_1' title="bbox 136 224 185 257; baseline 0.02 -1"><span class='ocrx_word' id='word_1_1' title='bbox 136 224 185 257; x_wconf 73' lang='grc'><strong>289</strong></span> 
     </span>
    </p>
   </div>
   <div class='ocr_carea' id='block_1_2' title="bbox 686 218 1242 255">
    <p class='ocr_par' dir='ltr' id='par_1_2' title="bbox 686 218 1242 255">
     <span class='ocr_line' id='line_1_2' title="bbox 686 218 1242 255; baseline -0.007 -1"><span class='ocrx_word' id='word_1_2' title='bbox 686 223 761 254; x_wconf 83' lang='lat' dir='ltr'><strong>LIB.</strong></span> <span class='ocrx_word' id='word_1_3' title='bbox 781 224 814 254; x_wconf 84' lang='lat' dir='ltr'><strong>V.</strong></span> <span class='ocrx_word' id='word_1_4' title='bbox 837 236 870 241; x_wconf 59' lang='grc' dir='ltr'>ν-</span> <span class='ocrx_word' id='word_1_5' title='bbox 887 218 1242 255; x_wconf 65' lang='lat' dir='ltr'><strong>BASILIUsiMACEDO.</strong></span> 
     </span>
    </p>
   </div>
   <div class='ocr_carea' id='block_1_3' title="bbox 1717 222 1773 255">
    <p class='ocr_par' dir='ltr' id='par_1_3' title="bbox 1717 222 1773 255">
     <span class='ocr_line' id='line_1_3' title="bbox 1717 222 1773 255; baseline 0.018 -1"><span class='ocrx_word' id='word_1_6' title='bbox 1717 222 1773 255; x_wconf 81' lang='lat'><strong>290</strong></span> 
     </span>
    </p>
   </div>
   <div class='ocr_carea' id='block_1_4' title="bbox 136 279 925 317">
    <p class='ocr_par' dir='ltr' id='par_1_4' title="bbox 136 280 923 317">
     <span class='ocr_line' id='line_1_4' title="bbox 136 280 923 317; baseline -0.001 -8"><span class='ocrx_word' id='word_1_7' title='bbox 136 281 292 317; x_wconf 77' lang='grc' dir='ltr'><strong>ταξιάρχαις</strong></span> <span class='ocrx_word' id='word_1_8' title='bbox 306 281 353 308; x_wconf 47' lang='lat' dir='ltr'><strong>xii.</strong></span> <span class='ocrx_word' id='word_1_9' title='bbox 371 281 548 316; x_wconf 73' lang='grc' dir='ltr'>λοχαγωγοϊς,</span> <span class='ocrx_word' id='word_1_10' title='bbox 565 281 619 308; x_wconf 81' lang='grc' dir='ltr'><strong>τῶν</strong></span> <span class='ocrx_word' id='word_1_11' title='bbox 633 281 684 317; x_wconf 73' lang='grc' dir='ltr'>μὲν</span> <span class='ocrx_word' id='word_1_12' title='bbox 702 281 750 308; x_wconf 76' lang='grc' dir='ltr'>τοῦ</span> <span class='ocrx_word' id='word_1_13' title='bbox 766 280 923 317; x_wconf 82' lang='grc' dir='ltr'>Χαρσιανοῦ</span> 
     </span>
    </p>
   </div>
   <div class='ocr_carea' id='block_1_5' title="bbox 977 279 1770 317">
    <p class='ocr_par' dir='ltr' id='par_1_5' title="bbox 977 279 1770 316">
     <span class='ocr_line' id='line_1_5' title="bbox 977 279 1770 316; baseline 0.004 -9"><span class='ocrx_word' id='word_1_14' title='bbox 977 288 1028 316; x_wconf 80' lang='lat' dir='ltr'><strong>gna</strong></span> <span class='ocrx_word' id='word_1_15' title='bbox 1045 280 1079 307; x_wconf 86' lang='lat' dir='ltr'><strong>de</strong></span> <span class='ocrx_word' id='word_1_16' title='bbox 1093 280 1203 308; x_wconf 88' lang='lat' dir='ltr'><strong>virtutis</strong></span> <span class='ocrx_word' id='word_1_17' title='bbox 1219 279 1378 314; x_wconf 67' lang='lat' dir='ltr'><strong>praestantia</strong></span> <span class='ocrx_word' id='word_1_18' title='bbox 1393 279 1498 307; x_wconf 91' lang='lat' dir='ltr'><strong>incidit.</strong></span> <span class='ocrx_word' id='word_1_19' title='bbox 1519 280 1600 316; x_wconf 77' lang='lat'><strong>273</strong></span> <span class='ocrx_word' id='word_1_20' title='bbox 1612 280 1770 310; x_wconf 80' lang='lat' dir='ltr'><strong>Cbarsiani-</strong></span> 
     </span>
    </p>
   </div>
   <div class='ocr_carea' id='block_1_6' title="bbox 136 328 924 364">
    <p class='ocr_par' dir='ltr' id='par_1_6' title="bbox 136 328 924 364">
     <span class='ocr_line' id='line_1_6' title="bbox 136 328 924 364; baseline -0.001 -8"><span class='ocrx_word' id='word_1_21' title='bbox 136 330 241 360; x_wconf 79' lang='grc' dir='ltr'><strong>ἑαυτοῖς</strong></span> <span class='ocrx_word' id='word_1_22' title='bbox 255 329 467 364; x_wconf 80' lang='grc' dir='ltr'>ἐπιγραφόντων</span> <span class='ocrx_word' id='word_1_23' title='bbox 489 329 521 355; x_wconf 80' lang='grc' dir='ltr'>τὸ</span> <span class='ocrx_word' id='word_1_24' title='bbox 537 328 682 363; x_wconf 79' lang='grc' dir='ltr'>πρεσϐεῖον</span> <span class='ocrx_word' id='word_1_25' title='bbox 695 329 747 363; x_wconf 84' lang='grc' dir='ltr'>τῆς</span> <span class='ocrx_word' id='word_1_26' title='bbox 760 329 820 356; x_wconf 87' lang='grc' dir='ltr'>κατ’</span> <span class='ocrx_word' id='word_1_27' title='bbox 839 328 924 364; x_wconf 85' lang='grc' dir='ltr'>ἀλκὴν</span> 
     </span>
    </p>
   </div>
   <div class='ocr_carea' id='block_1_7' title="bbox 135 374 925 411">
    <p class='ocr_par' dir='ltr' id='par_1_7' title="bbox 135 374 925 411">
     <span class='ocr_line' id='line_1_7' title="bbox 135 374 925 411; baseline -0.001 -9"><span class='ocrx_word' id='word_1_28' title='bbox 135 375 243 411; x_wconf 81' lang='grc' dir='ltr'><strong>ἀρετῆς,</strong></span> <span class='ocrx_word' id='word_1_29' title='bbox 256 375 374 410; x_wconf 72' lang='grc' dir='ltr'>ἔμπαλιν</span> <span class='ocrx_word' id='word_1_30' title='bbox 391 375 419 401; x_wconf 80' lang='grc' dir='ltr'>δὲ</span> <span class='ocrx_word' id='word_1_31' title='bbox 431 375 485 402; x_wconf 83' lang='grc' dir='ltr'><strong>τῶν</strong></span> <span class='ocrx_word' id='word_1_32' title='bbox 502 374 691 410; x_wconf 80' lang='grc' dir='ltr'>’Δρμενιακῶν</span> <span class='ocrx_word' id='word_1_33' title='bbox 705 374 742 410; x_wconf 76' lang='grc' dir='ltr'>μὴ</span> <span class='ocrx_word' id='word_1_34' title='bbox 754 374 925 410; x_wconf 84' lang='grc' dir='ltr'>μεθιεμένων</span> 
     </span>
    </p>
   </div>
   <div class='ocr_carea' id='block_1_8' title="bbox 134 420 926 456">
    <p class='ocr_par' dir='ltr' id='par_1_8' title="bbox 134 420 926 456">
     <span class='ocr_line' id='line_1_8' title="bbox 134 420 926 456; baseline -0.001 -9"><span class='ocrx_word' id='word_1_35' title='bbox 134 422 182 456; x_wconf 76' lang='grc' dir='ltr'>τῆς</span> <span class='ocrx_word' id='word_1_36' title='bbox 196 422 225 447; x_wconf 80' lang='grc' dir='ltr'>ὲν</span> <span class='ocrx_word' id='word_1_37' title='bbox 241 422 299 452; x_wconf 83' lang='grc' dir='ltr'>τοῖς</span> <span class='ocrx_word' id='word_1_38' title='bbox 317 421 445 456; x_wconf 80' lang='grc' dir='ltr'><strong>πολέμοις</strong></span> <span class='ocrx_word' id='word_1_39' title='bbox 465 420 577 456; x_wconf 80' lang='grc' dir='ltr'>ἀνδρίας</span> <span class='ocrx_word' id='word_1_40' title='bbox 593 421 624 447; x_wconf 85' lang='grc' dir='ltr'><strong>τδ</strong></span> <span class='ocrx_word' id='word_1_41' title='bbox 641 421 778 456; x_wconf 85' lang='grc' dir='ltr'><strong>πρωτεῖον</strong></span> <span class='ocrx_word' id='word_1_42' title='bbox 802 420 926 452; x_wconf 78' lang='grc' dir='ltr'><strong>ἐκείνους</strong></span> 
     </span>
    </p>
   </div>
   <div class='ocr_carea' id='block_1_9' title="bbox 135 465 926 501">
    <p class='ocr_par' dir='ltr' id='par_1_9' title="bbox 135 465 926 501">
     <span class='ocr_line' id='line_1_9' title="bbox 135 465 926 501; baseline 0 -9"><span class='ocrx_word' id='word_1_43' title='bbox 135 467 234 494; x_wconf 74' lang='grc' dir='ltr'>λαϐεῖν.</span> <span class='ocrx_word' id='word_1_44' title='bbox 254 467 301 499; x_wconf 82' lang='grc' dir='ltr'>Ὣς</span> <span class='ocrx_word' id='word_1_45' title='bbox 314 465 361 494; x_wconf 84' lang='grc' dir='ltr'>οὖν</span> <span class='ocrx_word' id='word_1_46' title='bbox 381 468 427 494; x_wconf 79' lang='grc' dir='ltr'><strong>ἐπὶ</strong></span> <span class='ocrx_word' id='word_1_47' title='bbox 442 467 524 494; x_wconf 80' lang='grc' dir='ltr'>πλέον</span> <span class='ocrx_word' id='word_1_48' title='bbox 535 467 569 493; x_wconf 82' lang='grc' dir='ltr'>τὰ</span> <span class='ocrx_word' id='word_1_49' title='bbox 584 466 635 501; x_wconf 84' lang='grc' dir='ltr'>τῆς</span> <span class='ocrx_word' id='word_1_50' title='bbox 648 465 817 501; x_wconf 81' lang='grc' dir='ltr'><strong>φιλονεικίας</strong></span> <span class='ocrx_word' id='word_1_51' title='bbox 834 466 926 498; x_wconf 72' lang='grc' dir='ltr'>αὐτοῖς</span> 
     </span>
    </p>
   </div>
   <div class='ocr_carea' id='block_1_10' title="bbox 135 512 926 549">
    <p class='ocr_par' dir='ltr' id='par_1_10' title="bbox 135 512 926 549">
     <span class='ocr_line' id='line_1_10' title="bbox 135 512 926 549; baseline -0.001 -10"><span class='ocrx_word' id='word_1_52' title='bbox 135 514 231 549; x_wconf 80' lang='grc' dir='ltr'>ὲχὼρει</span> <span class='ocrx_word' id='word_1_53' title='bbox 244 514 293 541; x_wconf 82' lang='grc' dir='ltr'>καὶ</span> <span class='ocrx_word' id='word_1_54' title='bbox 304 513 338 540; x_wconf 73' lang='grc' dir='ltr'><strong>τὰ</strong></span> <span class='ocrx_word' id='word_1_55' title='bbox 355 514 521 549; x_wconf 86' lang='grc' dir='ltr'>φρονήματα</span> <span class='ocrx_word' id='word_1_56' title='bbox 533 512 700 549; x_wconf 78' lang='grc' dir='ltr'>διηρέθιστο,</span> <span class='ocrx_word' id='word_1_57' title='bbox 716 512 846 548; x_wconf 75' lang='grc' dir='ltr'>λεχθῆναί</span> <span class='ocrx_word' id='word_1_58' title='bbox 858 520 926 546; x_wconf 74' lang='grc' dir='ltr'>φασι</span> 
     </span>
    </p>
   </div>
   <div class='ocr_carea' id='block_1_11' title="bbox 134 559 925 596">
    <p class='ocr_par' dir='ltr' id='par_1_11' title="bbox 134 559 925 596">
     <span class='ocr_line' id='line_1_11' title="bbox 134 559 925 596; baseline 0.001 -11"><span class='ocrx_word' id='word_1_59' title='bbox 134 560 207 595; x_wconf 75' lang='grc' dir='ltr'>παρὰ</span> <span class='ocrx_word' id='word_1_60' title='bbox 234 559 289 587; x_wconf 88' lang='grc' dir='ltr'><strong>τῶν</strong></span> <span class='ocrx_word' id='word_1_61' title='bbox 315 560 514 596; x_wconf 84' lang='grc' dir='ltr'><strong>πρωτευόντων</strong></span> <span class='ocrx_word' id='word_1_62' title='bbox 537 560 585 586; x_wconf 88' lang='grc' dir='ltr'><strong>τοῦ</strong></span> <span class='ocrx_word' id='word_1_63' title='bbox 614 559 669 586; x_wconf 82' lang='grc' dir='ltr'><strong>τῶν</strong></span> <span class='ocrx_word' id='word_1_64' title='bbox 691 560 713 576; x_wconf 79' lang='grc'><strong>⁸⁷</strong></span> <span class='ocrx_word' id='word_1_65' title='bbox 736 559 925 596; x_wconf 81' lang='grc' dir='ltr'><strong>Ἀρμενιακῶν</strong></span> 
     </span>
    </p>
   </div>
   <div class='ocr_carea' id='block_1_12' title="bbox 135 606 926 642">
    <p class='ocr_par' dir='ltr' id='par_1_12' title="bbox 135 606 926 642">
     <span class='ocr_line' id='line_1_12' title="bbox 135 606 926 642; baseline 0.001 -10"><span class='ocrx_word' id='word_1_66' title='bbox 135 606 317 642; x_wconf 68' lang='grc' dir='ltr'>συστήματος,</span> <span class='ocrx_word' id='word_1_67' title='bbox 330 606 369 638; x_wconf 81' lang='grc' dir='ltr'>ὡς</span> <span class='ocrx_word' id='word_1_68' title='bbox 384 607 453 634; x_wconf 81' lang='grc' dir='ltr'>ἰνα</span> <span class='ocrx_word' id='word_1_69' title='bbox 468 607 497 633; x_wconf 81' lang='grc' dir='ltr'><strong>τί</strong></span> <span class='ocrx_word' id='word_1_70' title='bbox 517 606 618 641; x_wconf 76' lang='grc' dir='ltr'>μάτην</span> <span class='ocrx_word' id='word_1_71' title='bbox 632 607 666 633; x_wconf 80' lang='grc' dir='ltr'><strong>ἐν</strong></span> <span class='ocrx_word' id='word_1_72' title='bbox 680 608 783 640; x_wconf 75' lang='grc' dir='ltr'>λόγοις</span> <span class='ocrx_word' id='word_1_73' title='bbox 802 606 926 634; x_wconf 77' lang='grc' dir='ltr'>ἕκαστοι</span> 
     </span>
    </p>
   </div>
   <div class='ocr_carea' id='block_1_13' title="bbox 132 651 926 687">
    <p class='ocr_par' dir='ltr' id='par_1_13' title="bbox 132 651 926 687">
     <span class='ocr_line' id='line_1_13' title="bbox 132 651 926 687; baseline -0.001 -9"><span class='ocrx_word' id='word_1_74' title='bbox 132 652 341 686; x_wconf 80' lang='grc' dir='ltr'>θρασυνόμεθα</span> <span class='ocrx_word' id='word_1_75' title='bbox 356 652 405 679; x_wconf 71' lang='grc' dir='ltr'><strong>καὶ</strong></span> <span class='ocrx_word' id='word_1_76' title='bbox 423 652 577 687; x_wconf 81' lang='grc' dir='ltr'>αὐχοῦμεν</span> <span class='ocrx_word' id='word_1_77' title='bbox 595 652 750 686; x_wconf 80' lang='grc' dir='ltr'><strong>διακενῆς,</strong></span> <span class='ocrx_word' id='word_1_78' title='bbox 770 652 842 684; x_wconf 75' lang='grc' dir='ltr'><strong>ἐξὸν</strong></span> <span class='ocrx_word' id='word_1_79' title='bbox 864 651 926 684; x_wconf 81' lang='grc' dir='ltr'>τοῖς</span> 
     </span>
    </p>
   </div>
   <div class='ocr_carea' id='block_1_14' title="bbox 133 695 925 732">
    <p class='ocr_par' dir='ltr' id='par_1_14' title="bbox 133 695 925 732">
     <span class='ocr_line' id='line_1_14' title="bbox 133 695 925 732; baseline 0.001 -10"><span class='ocrx_word' id='word_1_80' title='bbox 133 695 231 730; x_wconf 76' lang='grc' dir='ltr'>ἔργοις</span> <span class='ocrx_word' id='word_1_81' title='bbox 247 697 306 729; x_wconf 71' lang='grc' dir='ltr'><strong>τὴν</strong></span> <span class='ocrx_word' id='word_1_82' title='bbox 322 697 553 732; x_wconf 70' lang='grc' dir='ltr'>ἀμφισϐήτητον</span> <span class='ocrx_word' id='word_1_83' title='bbox 578 698 690 732; x_wconf 78' lang='grc' dir='ltr'>ἀρετὴν</span> <span class='ocrx_word' id='word_1_84' title='bbox 703 697 925 730; x_wconf 79' lang='grc' dir='ltr'>ἐπιδείξασθαι;</span> 
     </span>
    </p>
   </div>
   <div class='ocr_carea' id='block_1_15' title="bbox 133 742 926 779">
    <p class='ocr_par' dir='ltr' id='par_1_15' title="bbox 133 742 926 779">
     <span class='ocr_line' id='line_1_15' title="bbox 133 742 926 779; baseline 0.004 -11"><span class='ocrx_word' id='word_1_85' title='bbox 133 742 192 769; x_wconf 75' lang='grc' dir='ltr'><strong>τῶν</strong></span> <span class='ocrx_word' id='word_1_86' title='bbox 214 743 268 777; x_wconf 76' lang='grc' dir='ltr'>γὰρ</span> <span class='ocrx_word' id='word_1_87' title='bbox 284 744 438 778; x_wconf 75' lang='grc' dir='ltr'>πολεμίων</span> <span class='ocrx_word' id='word_1_88' title='bbox 456 745 493 771; x_wconf 75' lang='grc' dir='ltr'>οὐ</span> <span class='ocrx_word' id='word_1_89' title='bbox 506 745 629 779; x_wconf 81' lang='grc' dir='ltr'>μακρὰν</span> <span class='ocrx_word' id='word_1_90' title='bbox 654 745 848 779; x_wconf 81' lang='grc' dir='ltr'>ἀπεχόντων,</span> <span class='ocrx_word' id='word_1_91' title='bbox 876 744 926 776; x_wconf 70' lang='grc' dir='ltr'><strong>ἐξ·</strong></span> 
     </span>
    </p>
   </div>
   <div class='ocr_carea' id='block_1_16' title="bbox 134 789 925 826">
    <p class='ocr_par' dir='ltr' id='par_1_16' title="bbox 134 789 925 826">
     <span class='ocr_line' id='line_1_16' title="bbox 134 789 925 826; baseline 0.004 -11"><span class='ocrx_word' id='word_1_92' title='bbox 134 797 218 816; x_wconf 78' lang='grc' dir='ltr'>εστιν</span> <span class='ocrx_word' id='word_1_93' title='bbox 229 790 278 816; x_wconf 80' lang='grc' dir='ltr'><strong>ἐπὶ</strong></span> <span class='ocrx_word' id='word_1_94' title='bbox 293 789 354 817; x_wconf 80' lang='grc' dir='ltr'><strong>τῶν</strong></span> <span class='ocrx_word' id='word_1_95' title='bbox 363 790 458 826; x_wconf 64' lang='grc' dir='ltr'>ἔργων</span> <span class='ocrx_word' id='word_1_96' title='bbox 470 791 603 826; x_wconf 76' lang='grc' dir='ltr'>φανῆναι</span> <span class='ocrx_word' id='word_1_97' title='bbox 613 791 684 825; x_wconf 85' lang='grc' dir='ltr'>τοὺς</span> <span class='ocrx_word' id='word_1_98' title='bbox 694 790 826 825; x_wconf 78' lang='grc' dir='ltr'><strong>ἀριστεῖς</strong></span> <span class='ocrx_word' id='word_1_99' title='bbox 835 790 925 818; x_wconf 76' lang='grc' dir='ltr'><strong>καίέκ</strong></span> 
     </span>
    </p>
   </div>
   <div class='ocr_carea' id='block_1_17' title="bbox 134 835 922 873">
    <p class='ocr_par' dir='ltr' id='par_1_17' title="bbox 134 835 922 873">
     <span class='ocr_line' id='line_1_17' title="bbox 134 835 922 873; baseline 0.004 -11"><span class='ocrx_word' id='word_1_100' title='bbox 134 835 190 870; x_wconf 82' lang='grc' dir='ltr'>τῆς</span> <span class='ocrx_word' id='word_1_101' title='bbox 218 835 294 863; x_wconf 83' lang='grc' dir='ltr'>κατὰ</span> <span class='ocrx_word' id='word_1_102' title='bbox 318 836 403 872; x_wconf 79' lang='grc' dir='ltr'>χεῖρα</span> <span class='ocrx_word' id='word_1_103' title='bbox 429 838 643 872; x_wconf 72' lang='grc' dir='ltr'><strong>γενναιότητος</strong></span> <span class='ocrx_word' id='word_1_104' title='bbox 679 837 819 873; x_wconf 82' lang='grc' dir='ltr'><strong>κριθῆναι</strong></span> <span class='ocrx_word' id='word_1_105' title='bbox 850 838 922 872; x_wconf 83' lang='grc' dir='ltr'>τοὺς</span> 
     </span>
    </p>
   </div>
   <div class='ocr_carea' id='block_1_18' title="bbox 131 882 924 919">
    <p class='ocr_par' dir='ltr' id='par_1_18' title="bbox 131 882 924 919">
     <span class='ocr_line' id='line_1_18' title="bbox 131 882 924 919; baseline 0.004 -11"><span class='ocrx_word' id='word_1_106' title='bbox 131 882 347 917; x_wconf 74' lang='grc' dir='ltr'>ὑπερέχοντας.</span> <span class='ocrx_word' id='word_1_107' title='bbox 369 883 438 916; x_wconf 87' lang='grc' dir='ltr'><strong>Τοὺς</strong></span> <span class='ocrx_word' id='word_1_108' title='bbox 451 884 589 916; x_wconf 84' lang='grc' dir='ltr'>τοιούτους</span> <span class='ocrx_word' id='word_1_109' title='bbox 604 884 695 911; x_wconf 79' lang='grc' dir='ltr'>τοίνυν</span> <span class='ocrx_word' id='word_1_110' title='bbox 717 884 815 918; x_wconf 85' lang='grc' dir='ltr'>λόγους</span> <span class='ocrx_word' id='word_1_111' title='bbox 829 884 924 919; x_wconf 82' lang='grc' dir='ltr'>διακη-</span> 
     </span>
    </p>
   </div>
   <div class='ocr_carea' id='block_1_19' title="bbox 131 929 925 966">
    <p class='ocr_par' dir='ltr' id='par_1_19' title="bbox 131 929 925 966">
     <span class='ocr_line' id='line_1_19' title="bbox 131 929 925 966; baseline 0.003 -11"><span class='ocrx_word' id='word_1_112' title='bbox 131 929 225 961; x_wconf 77' lang='grc' dir='ltr'>κοότες</span> <span class='ocrx_word' id='word_1_113' title='bbox 239 930 264 956; x_wconf 86' lang='grc' dir='ltr'>οί</span> <span class='ocrx_word' id='word_1_114' title='bbox 288 931 448 966; x_wconf 75' lang='grc' dir='ltr'>στρατηγοὶ,</span> <span class='ocrx_word' id='word_1_115' title='bbox 474 931 522 958; x_wconf 77' lang='grc' dir='ltr'>κα).</span> <span class='ocrx_word' id='word_1_116' title='bbox 541 931 591 966; x_wconf 82' lang='grc' dir='ltr'><strong>τὴν</strong></span> <span class='ocrx_word' id='word_1_117' title='bbox 617 931 686 966; x_wconf 79' lang='grc' dir='ltr'>πρὸς</span> <span class='ocrx_word' id='word_1_118' title='bbox 702 931 814 965; x_wconf 75' lang='grc' dir='ltr'>ἀνδρίαν</span> <span class='ocrx_word' id='word_1_119' title='bbox 837 930 925 966; x_wconf 83' lang='grc' dir='ltr'>ὁρμὴν</span> 
     </span>
    </p>
   </div>
   <div class='ocr_carea' id='block_1_20' title="bbox 131 975 923 1013">
    <p class='ocr_par' dir='ltr' id='par_1_20' title="bbox 131 975 923 1013">
     <span class='ocr_line' id='line_1_20' title="bbox 131 975 923 1013; baseline 0.004 -12"><span class='ocrx_word' id='word_1_120' title='bbox 131 975 178 1001; x_wconf 76' lang='grc' dir='ltr'>καὶ</span> <span class='ocrx_word' id='word_1_121' title='bbox 198 975 356 1011; x_wconf 76' lang='grc' dir='ltr'>προθυμίαν</span> <span class='ocrx_word' id='word_1_122' title='bbox 378 977 600 1011; x_wconf 75' lang='grc' dir='ltr'><strong>κατανοήσαντες</strong></span> <span class='ocrx_word' id='word_1_123' title='bbox 621 976 664 1013; x_wconf 86' lang='grc' dir='ltr'><strong>[Ρ.</strong></span> <span class='ocrx_word' id='word_1_124' title='bbox 690 976 754 1013; x_wconf 76' lang='grc'><strong>170]</strong></span> <span class='ocrx_word' id='word_1_125' title='bbox 773 977 820 1004; x_wconf 87' lang='grc' dir='ltr'><strong>τοῦ</strong></span> <span class='ocrx_word' id='word_1_126' title='bbox 845 975 923 1010; x_wconf 76' lang='grc' dir='ltr'>λαοῦ,</span> 
     </span>
    </p>
   </div>
   <div class='ocr_carea' id='block_1_21' title="bbox 132 1021 926 1059">
    <p class='ocr_par' dir='ltr' id='par_1_21' title="bbox 132 1021 926 1059">
     <span class='ocr_line' id='line_1_21' title="bbox 132 1021 926 1059; baseline 0.005 -13"><span class='ocrx_word' id='word_1_127' title='bbox 132 1021 331 1056; x_wconf 78' lang='grc' dir='ltr'><strong>συννοήσαντες</strong></span> <span class='ocrx_word' id='word_1_128' title='bbox 343 1022 372 1048; x_wconf 83' lang='grc' dir='ltr'>δὲ</span> <span class='ocrx_word' id='word_1_129' title='bbox 385 1022 434 1048; x_wconf 78' lang='grc' dir='ltr'>καὶ</span> <span class='ocrx_word' id='word_1_130' title='bbox 448 1022 498 1057; x_wconf 88' lang='grc' dir='ltr'>τὴν</span> <span class='ocrx_word' id='word_1_131' title='bbox 510 1023 564 1049; x_wconf 81' lang='grc' dir='ltr'><strong>ἀπὸ</strong></span> <span class='ocrx_word' id='word_1_132' title='bbox 576 1022 624 1049; x_wconf 81' lang='grc' dir='ltr'>τοῦ</span> <span class='ocrx_word' id='word_1_133' title='bbox 638 1023 722 1050; x_wconf 86' lang='grc' dir='ltr'>τόπου</span> <span class='ocrx_word' id='word_1_134' title='bbox 737 1022 875 1059; x_wconf 84' lang='grc' dir='ltr'>βοήθειαν,</span> <span class='ocrx_word' id='word_1_135' title='bbox 886 1025 926 1051; x_wconf 82' lang='grc' dir='ltr'>ὅτι</span> 
     </span>
    </p>
   </div>
   <div class='ocr_carea' id='block_1_22' title="bbox 133 1067 922 1105">
    <p class='ocr_par' dir='ltr' id='par_1_22' title="bbox 133 1067 922 1105">
     <span class='ocr_line' id='line_1_22' title="bbox 133 1067 922 1105; baseline 0.004 -12"><span class='ocrx_word' id='word_1_136' title='bbox 133 1067 161 1100; x_wconf 77' lang='grc' dir='ltr'><strong>ἐξ</strong></span> <span class='ocrx_word' id='word_1_137' title='bbox 178 1067 345 1103; x_wconf 77' lang='grc' dir='ltr'>ὑπερδεξίων</span> <span class='ocrx_word' id='word_1_138' title='bbox 356 1070 414 1101; x_wconf 83' lang='grc' dir='ltr'>τοῖς</span> <span class='ocrx_word' id='word_1_139' title='bbox 429 1068 458 1096; x_wconf 77' lang='grc' dir='ltr'><strong>ἐν</strong></span> <span class='ocrx_word' id='word_1_140' title='bbox 474 1069 596 1104; x_wconf 77' lang='grc' dir='ltr'><strong>ἐπιπέδῳ</strong></span> <span class='ocrx_word' id='word_1_141' title='bbox 610 1069 841 1105; x_wconf 75' lang='grc' dir='ltr'>κατηυλισμένοις</span> <span class='ocrx_word' id='word_1_142' title='bbox 856 1070 922 1105; x_wconf 82' lang='grc' dir='ltr'>μέλ-</span> 
     </span>
    </p>
   </div>
   <div class='ocr_carea' id='block_1_23' title="bbox 132 1112 925 1151">
    <p class='ocr_par' dir='ltr' id='par_1_23' title="bbox 132 1112 925 1151">
     <span class='ocr_line' id='line_1_23' title="bbox 132 1112 925 1151; baseline 0.004 -12"><span class='ocrx_word' id='word_1_143' title='bbox 132 1112 223 1139; x_wconf 78' lang='grc' dir='ltr'>λουσιν</span> <span class='ocrx_word' id='word_1_144' title='bbox 239 1113 421 1146; x_wconf 77' lang='grc' dir='ltr'>ὲπιτίθεσθαι,</span> <span class='ocrx_word' id='word_1_145' title='bbox 436 1114 498 1149; x_wconf 81' lang='grc' dir='ltr'>διχῆ</span> <span class='ocrx_word' id='word_1_146' title='bbox 514 1113 650 1149; x_wconf 85' lang='grc' dir='ltr'>διαιροῦσι</span> <span class='ocrx_word' id='word_1_147' title='bbox 668 1115 719 1151; x_wconf 87' lang='grc' dir='ltr'>τὴν</span> <span class='ocrx_word' id='word_1_148' title='bbox 727 1115 858 1150; x_wconf 84' lang='grc' dir='ltr'>δύναμιν’</span> <span class='ocrx_word' id='word_1_149' title='bbox 877 1116 925 1143; x_wconf 79' lang='grc' dir='ltr'>καὶ</span> 
     </span>
    </p>
   </div>
   <div class='ocr_carea' id='block_1_24' title="bbox 133 1160 926 1197">
    <p class='ocr_par' dir='ltr' id='par_1_24' title="bbox 133 1160 926 1197">
     <span class='ocr_line' id='line_1_24' title="bbox 133 1160 926 1197; baseline 0.004 -11"><span class='ocrx_word' id='word_1_150' title='bbox 133 1160 161 1187; x_wconf 72' lang='grc' dir='ltr'><strong>τὺ</strong></span> <span class='ocrx_word' id='word_1_151' title='bbox 177 1160 228 1195; x_wconf 81' lang='grc' dir='ltr'><strong>μὲν</strong></span> <span class='ocrx_word' id='word_1_152' title='bbox 242 1160 372 1196; x_wconf 75' lang='grc' dir='ltr'><strong>ἔκκριτον</strong></span> <span class='ocrx_word' id='word_1_153' title='bbox 386 1161 472 1195; x_wconf 83' lang='grc' dir='ltr'>αὐτῆς</span> <span class='ocrx_word' id='word_1_154' title='bbox 492 1160 516 1177; x_wconf 80' lang='grc'><strong>⁸⁸</strong></span> <span class='ocrx_word' id='word_1_155' title='bbox 540 1161 621 1196; x_wconf 71' lang='grc' dir='ltr'>ἄχρις</span> <span class='ocrx_word' id='word_1_156' title='bbox 647 1161 731 1197; x_wconf 68' lang='grc' dir='ltr'>ἕκτης</span> <span class='ocrx_word' id='word_1_157' title='bbox 747 1161 926 1194; x_wconf 80' lang='grc' dir='ltr'>ὲκατοντάδος</span> 
     </span>
    </p>
   </div>
   <div class='ocr_carea' id='block_1_25' title="bbox 135 1203 925 1244">
    <p class='ocr_par' dir='ltr' id='par_1_25' title="bbox 135 1203 925 1244">
     <span class='ocr_line' id='line_1_25' title="bbox 135 1203 925 1244; baseline 0.004 -13"><span class='ocrx_word' id='word_1_158' title='bbox 135 1205 202 1240; x_wconf 74' lang='grc' dir='ltr'>μετὰ</span> <span class='ocrx_word' id='word_1_159' title='bbox 218 1203 274 1232; x_wconf 81' lang='grc' dir='ltr'>τῶν</span> <span class='ocrx_word' id='word_1_160' title='bbox 289 1214 321 1240; x_wconf 85' lang='grc' dir='ltr'><strong>γε</strong></span> <span class='ocrx_word' id='word_1_161' title='bbox 335 1205 391 1232; x_wconf 86' lang='grc' dir='ltr'><strong>τῶν</strong></span> <span class='ocrx_word' id='word_1_162' title='bbox 401 1206 424 1222; x_wconf 79' lang='grc'>⁸⁹</span> <span class='ocrx_word' id='word_1_163' title='bbox 440 1205 602 1241; x_wconf 82' lang='grc' dir='ltr'>στρατηγῶν</span> <span class='ocrx_word' id='word_1_164' title='bbox 614 1206 780 1241; x_wconf 76' lang='grc' dir='ltr'>προσϐαλεῐν</span> <span class='ocrx_word' id='word_1_165' title='bbox 792 1208 815 1224; x_wconf 85' lang='grc'>⁹⁰</span> <span class='ocrx_word' id='word_1_166' title='bbox 828 1208 925 1244; x_wconf 83' lang='grc' dir='ltr'><strong>ἐκρίθη</strong></span> 
     </span>
    </p>
   </div>
   <div class='ocr_carea' id='block_1_26' title="bbox 135 1251 926 1289">
    <p class='ocr_par' dir='ltr' id='par_1_26' title="bbox 135 1251 926 1289">
     <span class='ocr_line' id='line_1_26' title="bbox 135 1251 926 1289; baseline 0.004 -12"><span class='ocrx_word' id='word_1_167' title='bbox 135 1251 171 1285; x_wconf 83' lang='grc' dir='ltr'>τῷ</span> <span class='ocrx_word' id='word_1_168' title='bbox 186 1251 241 1277; x_wconf 86' lang='grc' dir='ltr'><strong>τῶν</strong></span> <span class='ocrx_word' id='word_1_169' title='bbox 266 1251 413 1287; x_wconf 79' lang='grc' dir='ltr'>βαρϐάρων</span> <span class='ocrx_word' id='word_1_170' title='bbox 431 1251 549 1287; x_wconf 81' lang='grc' dir='ltr'>στρατῷ,</span> <span class='ocrx_word' id='word_1_171' title='bbox 567 1252 598 1278; x_wconf 80' lang='grc' dir='ltr'>τδ</span> <span class='ocrx_word' id='word_1_172' title='bbox 615 1252 644 1279; x_wconf 84' lang='grc' dir='ltr'>δὲ</span> <span class='ocrx_word' id='word_1_173' title='bbox 661 1252 753 1280; x_wconf 77' lang='grc' dir='ltr'>λοιπὸν</span> <span class='ocrx_word' id='word_1_174' title='bbox 766 1253 818 1288; x_wconf 82' lang='grc' dir='ltr'><strong>τῆς</strong></span> <span class='ocrx_word' id='word_1_175' title='bbox 834 1254 926 1289; x_wconf 83' lang='grc' dir='ltr'>εὐαρι-</span> 
     </span>
    </p>
   </div>
   <div class='ocr_carea' id='block_1_27' title="bbox 134 1297 925 1335">
    <p class='ocr_par' dir='ltr' id='par_1_27' title="bbox 134 1297 925 1335">
     <span class='ocr_line' id='line_1_27' title="bbox 134 1297 925 1335; baseline 0.005 -12"><span class='ocrx_word' id='word_1_176' title='bbox 134 1297 238 1332; x_wconf 80' lang='grc' dir='ltr'>θμήτου</span> <span class='ocrx_word' id='word_1_177' title='bbox 257 1297 416 1333; x_wconf 83' lang='grc' dir='ltr'>Ῥωμαῖκῆς</span> <span class='ocrx_word' id='word_1_178' title='bbox 431 1299 562 1333; x_wconf 77' lang='grc' dir='ltr'>στρατιᾶς</span> <span class='ocrx_word' id='word_1_179' title='bbox 575 1299 605 1331; x_wconf 77' lang='grc' dir='ltr'>ἐς</span> <span class='ocrx_word' id='word_1_180' title='bbox 617 1298 729 1334; x_wconf 84' lang='grc' dir='ltr'><strong>δόκησιν</strong></span> <span class='ocrx_word' id='word_1_181' title='bbox 745 1299 865 1335; x_wconf 83' lang='grc' dir='ltr'>πλήθους</span> <span class='ocrx_word' id='word_1_182' title='bbox 876 1299 925 1327; x_wconf 82' lang='grc' dir='ltr'><strong>αὐ-</strong></span> 
     </span>
    </p>
   </div>
   <div class='ocr_carea' id='block_1_28' title="bbox 131 1342 925 1379">
    <p class='ocr_par' dir='ltr' id='par_1_28' title="bbox 131 1342 925 1379">
     <span class='ocr_line' id='line_1_28' title="bbox 131 1342 925 1379; baseline 0.003 -11"><span class='ocrx_word' id='word_1_183' title='bbox 131 1342 176 1369; x_wconf 81' lang='grc' dir='ltr'>τοῦ</span> <span class='ocrx_word' id='word_1_184' title='bbox 193 1351 246 1369; x_wconf 82' lang='grc' dir='ltr'><strong>που</strong></span> <span class='ocrx_word' id='word_1_185' title='bbox 261 1343 330 1378; x_wconf 73' lang='grc' dir='ltr'>πρὸς</span> <span class='ocrx_word' id='word_1_186' title='bbox 346 1343 381 1370; x_wconf 75' lang='grc' dir='ltr'><strong>τὰ</strong></span> <span class='ocrx_word' id='word_1_187' title='bbox 398 1344 524 1379; x_wconf 81' lang='grc' dir='ltr'>μετέωρα</span> <span class='ocrx_word' id='word_1_188' title='bbox 547 1344 779 1377; x_wconf 78' lang='grc' dir='ltr'><strong>συσκευάσαντες,</strong></span> <span class='ocrx_word' id='word_1_189' title='bbox 801 1345 849 1372; x_wconf 74' lang='grc' dir='ltr'>καὶ</span> <span class='ocrx_word' id='word_1_190' title='bbox 862 1345 925 1371; x_wconf 83' lang='grc' dir='ltr'>σύν-</span> 
     </span>
    </p>
   </div>
   <div class='ocr_carea' id='block_1_29' title="bbox 133 1387 926 1426">
    <p class='ocr_par' dir='ltr' id='par_1_29' title="bbox 133 1387 926 1426">
     <span class='ocr_line' id='line_1_29' title="bbox 133 1387 926 1426; baseline 0.005 -12"><span class='ocrx_word' id='word_1_191' title='bbox 133 1388 208 1424; x_wconf 77' lang='grc' dir='ltr'>θημα</span> <span class='ocrx_word' id='word_1_192' title='bbox 220 1389 313 1420; x_wconf 86' lang='grc' dir='ltr'>δόντες</span> <span class='ocrx_word' id='word_1_193' title='bbox 329 1390 437 1425; x_wconf 79' lang='grc' dir='ltr'>καιροῦ,</span> <span class='ocrx_word' id='word_1_194' title='bbox 454 1390 488 1416; x_wconf 79' lang='grc' dir='ltr'><strong>ἵν’</strong></span> <span class='ocrx_word' id='word_1_195' title='bbox 509 1391 573 1417; x_wconf 83' lang='grc' dir='ltr'>ὅταν</span> <span class='ocrx_word' id='word_1_196' title='bbox 585 1387 658 1417; x_wconf 77' lang='grc' dir='ltr'>οὗτοι</span> <span class='ocrx_word' id='word_1_197' title='bbox 670 1391 845 1426; x_wconf 79' lang='grc' dir='ltr'>προσϐάλωσι</span> <span class='ocrx_word' id='word_1_198' title='bbox 869 1393 926 1424; x_wconf 89' lang='grc' dir='ltr'>τοῖς</span> 
     </span>
    </p>
   </div>
   <div class='ocr_carea' id='block_1_30' title="bbox 133 1434 924 1472">
    <p class='ocr_par' dir='ltr' id='par_1_30' title="bbox 133 1434 924 1472">
     <span class='ocr_line' id='line_1_30' title="bbox 133 1434 924 1472; baseline 0.006 -12"><span class='ocrx_word' id='word_1_199' title='bbox 133 1434 252 1470; x_wconf 71' lang='grc' dir='ltr'>ἐχθροῖς,</span> <span class='ocrx_word' id='word_1_200' title='bbox 272 1436 395 1462; x_wconf 80' lang='grc' dir='ltr'>κακεῖνοι</span> <span class='ocrx_word' id='word_1_201' title='bbox 412 1436 461 1463; x_wconf 87' lang='grc' dir='ltr'>σὺν</span> <span class='ocrx_word' id='word_1_202' title='bbox 482 1435 634 1471; x_wconf 79' lang='grc' dir='ltr'>ἀλαλαγμῷ</span> <span class='ocrx_word' id='word_1_203' title='bbox 652 1437 773 1472; x_wconf 75' lang='grc' dir='ltr'>μεγίστῳ</span> <span class='ocrx_word' id='word_1_204' title='bbox 789 1437 836 1465; x_wconf 80' lang='grc' dir='ltr'>καὶ</span> <span class='ocrx_word' id='word_1_205' title='bbox 859 1438 924 1465; x_wconf 83' lang='grc' dir='ltr'>σάλ-</span> 
     </span>
    </p>
   </div>
   <div class='ocr_carea' id='block_1_31' title="bbox 133 1481 926 1520">
    <p class='ocr_par' dir='ltr' id='par_1_31' title="bbox 133 1481 926 1520">
     <span class='ocr_line' id='line_1_31' title="bbox 133 1481 926 1520; baseline 0.004 -13"><span class='ocrx_word' id='word_1_206' title='bbox 133 1481 220 1515; x_wconf 78' lang='grc' dir='ltr'>πιγξι,</span> <span class='ocrx_word' id='word_1_207' title='bbox 235 1481 462 1517; x_wconf 85' lang='grc' dir='ltr'>συνεπηχούντων</span> <span class='ocrx_word' id='word_1_208' title='bbox 477 1483 523 1509; x_wconf 73' lang='grc' dir='ltr'>καὶ</span> <span class='ocrx_word' id='word_1_209' title='bbox 539 1481 594 1509; x_wconf 82' lang='grc' dir='ltr'><strong>τῶν</strong></span> <span class='ocrx_word' id='word_1_210' title='bbox 610 1483 696 1518; x_wconf 87' lang='grc' dir='ltr'>ὀρέων</span> <span class='ocrx_word' id='word_1_211' title='bbox 707 1483 808 1514; x_wconf 83' lang='grc' dir='ltr'>αὐτῶν,</span> <span class='ocrx_word' id='word_1_212' title='bbox 823 1484 926 1520; x_wconf 82' lang='grc' dir='ltr'>ἐκπλη-</span> 
     </span>
    </p>
   </div>
   <div class='ocr_carea' id='block_1_32' title="bbox 132 1526 925 1564">
    <p class='ocr_par' dir='ltr' id='par_1_32' title="bbox 132 1526 925 1564">
     <span class='ocr_line' id='line_1_32' title="bbox 132 1526 925 1564; baseline 0.005 -11"><span class='ocrx_word' id='word_1_213' title='bbox 132 1528 230 1562; x_wconf 83' lang='grc' dir='ltr'>κτικὴν</span> <span class='ocrx_word' id='word_1_214' title='bbox 244 1526 309 1562; x_wconf 80' lang='grc' dir='ltr'>βοὴν</span> <span class='ocrx_word' id='word_1_215' title='bbox 326 1528 531 1564; x_wconf 74' lang='grc' dir='ltr'>ἁναρῤἠξωσιν,</span> <span class='ocrx_word' id='word_1_216' title='bbox 550 1529 628 1556; x_wconf 78' lang='grc' dir='ltr'>αὐτοὶ</span> <span class='ocrx_word' id='word_1_217' title='bbox 644 1529 695 1561; x_wconf 84' lang='grc' dir='ltr'><strong>τὰς</strong></span> <span class='ocrx_word' id='word_1_218' title='bbox 710 1530 865 1562; x_wconf 81' lang='grc' dir='ltr'>πανοπλίας</span> <span class='ocrx_word' id='word_1_219' title='bbox 881 1531 925 1557; x_wconf 74' lang='grc' dir='ltr'><strong>ὲν-</strong></span> 
     </span>
    </p>
   </div>
   <div class='ocr_carea' id='block_1_33' title="bbox 131 1573 925 1612">
    <p class='ocr_par' dir='ltr' id='par_1_33' title="bbox 131 1573 925 1612">
     <span class='ocr_line' id='line_1_33' title="bbox 131 1573 925 1612; baseline 0.006 -14"><span class='ocrx_word' id='word_1_220' title='bbox 131 1573 250 1606; x_wconf 76' lang='grc' dir='ltr'>δὺονται,</span> <span class='ocrx_word' id='word_1_221' title='bbox 267 1573 314 1599; x_wconf 78' lang='grc' dir='ltr'>καὶ</span> <span class='ocrx_word' id='word_1_222' title='bbox 335 1574 449 1608; x_wconf 81' lang='grc' dir='ltr'>ἀφανῶς</span> <span class='ocrx_word' id='word_1_223' title='bbox 471 1575 517 1602; x_wconf 83' lang='grc' dir='ltr'><strong>διὰ</strong></span> <span class='ocrx_word' id='word_1_224' title='bbox 544 1575 643 1607; x_wconf 79' lang='grc' dir='ltr'>νυκτὸς</span> <span class='ocrx_word' id='word_1_225' title='bbox 668 1577 701 1611; x_wconf 80' lang='grc' dir='ltr'>τῇ</span> <span class='ocrx_word' id='word_1_226' title='bbox 728 1577 925 1612; x_wconf 77' lang='grc' dir='ltr'>στρατοπεδείᾳ</span> 
     </span>
    </p>
   </div>
   <div class='ocr_carea' id='block_1_34' title="bbox 978 326 1769 362">
    <p class='ocr_par' dir='ltr' id='par_1_34' title="bbox 978 326 1769 362">
     <span class='ocr_line' id='line_1_34' title="bbox 978 326 1769 362; baseline 0.003 -8"><span class='ocrx_word' id='word_1_227' title='bbox 978 331 1012 354; x_wconf 72' lang='lat' dir='ltr'><strong>ts:</strong></span> <span class='ocrx_word' id='word_1_228' title='bbox 1039 327 1160 360; x_wconf 69' lang='lat' dir='ltr'><strong>virtutis,</strong></span> <span class='ocrx_word' id='word_1_229' title='bbox 1176 334 1238 361; x_wconf 75' lang='lat' dir='ltr'><strong>qua:</strong></span> <span class='ocrx_word' id='word_1_230' title='bbox 1253 327 1279 352; x_wconf 93' lang='lat' dir='ltr'><strong>in</strong></span> <span class='ocrx_word' id='word_1_231' title='bbox 1298 326 1468 362; x_wconf 64' lang='lat' dir='ltr'><strong>fortitudine;</strong></span> <span class='ocrx_word' id='word_1_232' title='bbox 1484 332 1537 360; x_wconf 87' lang='lat' dir='ltr'><strong>est,</strong></span> <span class='ocrx_word' id='word_1_233' title='bbox 1552 329 1700 362; x_wconf 77' lang='lat' dir='ltr'><strong>primatum</strong></span> <span class='ocrx_word' id='word_1_234' title='bbox 1714 329 1769 356; x_wconf 83' lang='lat' dir='ltr'><strong>sibi</strong></span> 
     </span>
    </p>
   </div>
   <div class='ocr_carea' id='block_1_35' title="bbox 977 372 1773 403">
    <p class='ocr_par' dir='ltr' id='par_1_35' title="bbox 977 372 1773 403">
     <span class='ocr_line' id='line_1_35' title="bbox 977 372 1773 403; baseline 0.005 -4"><span class='ocrx_word' id='word_1_235' title='bbox 977 372 1174 400; x_wconf 75' lang='lat' dir='ltr'><strong>vindicabant:</strong></span> <span class='ocrx_word' id='word_1_236' title='bbox 1191 376 1288 399; x_wconf 86' lang='lat' dir='ltr'><strong>contra</strong></span> <span class='ocrx_word' id='word_1_237' title='bbox 1304 373 1461 400; x_wconf 84' lang='lat' dir='ltr'><strong>Armeniaci</strong></span> <span class='ocrx_word' id='word_1_238' title='bbox 1476 372 1545 400; x_wconf 80' lang='lat' dir='ltr'><strong>nihil</strong></span> <span class='ocrx_word' id='word_1_239' title='bbox 1563 381 1592 402; x_wconf 88' lang='lat' dir='ltr'><strong>se</strong></span> <span class='ocrx_word' id='word_1_240' title='bbox 1611 374 1655 401; x_wconf 86' lang='lat' dir='ltr'><strong>illa</strong></span> <span class='ocrx_word' id='word_1_241' title='bbox 1673 375 1773 403; x_wconf 84' lang='lat' dir='ltr'><strong>virtute</strong></span> 
     </span>
    </p>
   </div>
   <div class='ocr_carea' id='block_1_36' title="bbox 979 417 1773 455">
    <p class='ocr_par' dir='ltr' id='par_1_36' title="bbox 979 417 1773 455">
     <span class='ocr_line' id='line_1_36' title="bbox 979 417 1773 455; baseline 0.005 -11"><span class='ocrx_word' id='word_1_242' title='bbox 979 417 1013 445; x_wconf 91' lang='lat' dir='ltr'><strong>iis</strong></span> <span class='ocrx_word' id='word_1_243' title='bbox 1032 418 1151 452; x_wconf 77' lang='lat' dir='ltr'><strong>impares</strong></span> <span class='ocrx_word' id='word_1_244' title='bbox 1166 418 1280 445; x_wconf 87' lang='lat' dir='ltr'><strong>omnino</strong></span> <span class='ocrx_word' id='word_1_245' title='bbox 1294 418 1501 446; x_wconf 86' lang='lat' dir='ltr'><strong>obnitebantur.</strong></span> <span class='ocrx_word' id='word_1_246' title='bbox 1518 419 1690 455; x_wconf 76' lang='lat' dir='ltr'><strong>Augescente</strong></span> <span class='ocrx_word' id='word_1_247' title='bbox 1723 422 1773 448; x_wconf 85' lang='lat' dir='ltr'><strong>ita-</strong></span> 
     </span>
    </p>
   </div>
   <div class='ocr_carea' id='block_1_37' title="bbox 978 461 1773 499">
    <p class='ocr_par' dir='ltr' id='par_1_37' title="bbox 978 461 1773 499">
     <span class='ocr_line' id='line_1_37' title="bbox 978 461 1773 499; baseline 0.008 -11"><span class='ocrx_word' id='word_1_248' title='bbox 978 469 1033 496; x_wconf 87' lang='lat' dir='ltr'><strong>que</strong></span> <span class='ocrx_word' id='word_1_249' title='bbox 1049 461 1119 493; x_wconf 82' lang='lat' dir='ltr'><strong>rixa,</strong></span> <span class='ocrx_word' id='word_1_250' title='bbox 1135 466 1161 489; x_wconf 90' lang='lat' dir='ltr'><strong>et</strong></span> <span class='ocrx_word' id='word_1_251' title='bbox 1175 469 1239 489; x_wconf 85' lang='lat' dir='ltr'><strong>cum</strong></span> <span class='ocrx_word' id='word_1_252' title='bbox 1263 463 1383 497; x_wconf 88' lang='lat' dir='ltr'><strong>partium</strong></span> <span class='ocrx_word' id='word_1_253' title='bbox 1407 463 1564 492; x_wconf 85' lang='lat' dir='ltr'><strong>irritaretur</strong></span> <span class='ocrx_word' id='word_1_254' title='bbox 1581 465 1720 499; x_wconf 89' lang='lat' dir='ltr'><strong>ferocitas,</strong></span> <span class='ocrx_word' id='word_1_255' title='bbox 1738 466 1773 494; x_wconf 85' lang='lat' dir='ltr'><strong>ab</strong></span> 
     </span>
    </p>
   </div>
   <div class='ocr_carea' id='block_1_38' title="bbox 977 509 1772 545">
    <p class='ocr_par' dir='ltr' id='par_1_38' title="bbox 977 509 1772 545">
     <span class='ocr_line' id='line_1_38' title="bbox 977 509 1772 545; baseline 0.006 -10"><span class='ocrx_word' id='word_1_256' title='bbox 977 509 1207 536; x_wconf 82' lang='lat' dir='ltr'><strong>Armeniacorum</strong></span> <span class='ocrx_word' id='word_1_257' title='bbox 1239 514 1328 537; x_wconf 75' lang='lat' dir='ltr'><strong>ctetus</strong></span> <span class='ocrx_word' id='word_1_258' title='bbox 1357 510 1525 545; x_wconf 89' lang='lat' dir='ltr'><strong>primoribus</strong></span> <span class='ocrx_word' id='word_1_259' title='bbox 1546 511 1573 538; x_wconf 93' lang='lat' dir='ltr'><strong>in</strong></span> <span class='ocrx_word' id='word_1_260' title='bbox 1600 512 1659 540; x_wconf 72' lang='lat' dir='ltr'><strong>lucc</strong></span> <span class='ocrx_word' id='word_1_261' title='bbox 1687 514 1772 541; x_wconf 87' lang='lat' dir='ltr'><strong>verba</strong></span> 
     </span>
    </p>
   </div>
   <div class='ocr_carea' id='block_1_39' title="bbox 978 555 1773 594">
    <p class='ocr_par' dir='ltr' id='par_1_39' title="bbox 978 555 1773 594">
     <span class='ocr_line' id='line_1_39' title="bbox 978 555 1773 594; baseline 0.005 -12"><span class='ocrx_word' id='word_1_262' title='bbox 978 561 1136 590; x_wconf 85' lang='lat' dir='ltr'><strong>peroratum</strong></span> <span class='ocrx_word' id='word_1_263' title='bbox 1155 555 1246 583; x_wconf 84' lang='lat' dir='ltr'><strong>ferunt</strong></span> <span class='ocrx_word' id='word_1_264' title='bbox 1267 564 1274 583; x_wconf 87' lang='lat'><strong>:</strong></span> <span class='ocrx_word' id='word_1_265' title='bbox 1288 555 1358 588; x_wconf 81' lang='lat' dir='ltr'><strong>Quid</strong></span> <span class='ocrx_word' id='word_1_266' title='bbox 1377 557 1479 591; x_wconf 79' lang='lat' dir='ltr'><strong>frustra</strong></span> <span class='ocrx_word' id='word_1_267' title='bbox 1496 557 1579 584; x_wconf 67' lang='lat' dir='ltr'><strong>verbis</strong></span> <span class='ocrx_word' id='word_1_268' title='bbox 1592 558 1691 593; x_wconf 80' lang='lat' dir='ltr'><strong>singuli</strong></span> <span class='ocrx_word' id='word_1_269' title='bbox 1706 559 1773 594; x_wconf 81' lang='lat' dir='ltr'><strong>fero-</strong></span> 
     </span>
    </p>
   </div>
   <div class='ocr_carea' id='block_1_40' title="bbox 976 601 1771 638">
    <p class='ocr_par' dir='ltr' id='par_1_40' title="bbox 976 601 1771 638">
     <span class='ocr_line' id='line_1_40' title="bbox 976 601 1771 638; baseline 0.006 -11"><span class='ocrx_word' id='word_1_270' title='bbox 976 601 1060 628; x_wconf 83' lang='lat' dir='ltr'><strong>cimus</strong></span> <span class='ocrx_word' id='word_1_271' title='bbox 1080 605 1158 636; x_wconf 81' lang='lat' dir='ltr'><strong>atque</strong></span> <span class='ocrx_word' id='word_1_272' title='bbox 1173 601 1323 636; x_wconf 78' lang='lat' dir='ltr'><strong>jactamm,</strong></span> <span class='ocrx_word' id='word_1_273' title='bbox 1339 610 1399 630; x_wconf 82' lang='lat' dir='ltr'><strong>cum</strong></span> <span class='ocrx_word' id='word_1_274' title='bbox 1422 604 1450 629; x_wconf 84' lang='lat' dir='ltr'><strong>in</strong></span> <span class='ocrx_word' id='word_1_275' title='bbox 1469 609 1593 638; x_wconf 81' lang='lat' dir='ltr'><strong>promptu</strong></span> <span class='ocrx_word' id='word_1_276' title='bbox 1608 605 1645 632; x_wconf 76' lang='lat' dir='ltr'><strong>sit</strong></span> <span class='ocrx_word' id='word_1_277' title='bbox 1666 605 1771 632; x_wconf 79' lang='lat' dir='ltr'><strong>virtutis</strong></span> 
     </span>
    </p>
   </div>
   <div class='ocr_carea' id='block_1_41' title="bbox 976 646 1771 682">
    <p class='ocr_par' dir='ltr' id='par_1_41' title="bbox 976 646 1771 682">
     <span class='ocr_line' id='line_1_41' title="bbox 976 646 1771 682; baseline 0.008 -11"><span class='ocrx_word' id='word_1_278' title='bbox 976 646 1107 680; x_wconf 76' lang='lat' dir='ltr'><strong>specimen</strong></span> <span class='ocrx_word' id='word_1_279' title='bbox 1122 648 1198 679; x_wconf 82' lang='lat' dir='ltr'><strong>dare,</strong></span> <span class='ocrx_word' id='word_1_280' title='bbox 1210 655 1262 681; x_wconf 87' lang='lat' dir='ltr'><strong>qua</strong></span> <span class='ocrx_word' id='word_1_281' title='bbox 1274 646 1306 674; x_wconf 84' lang='lat' dir='ltr'><strong>de</strong></span> <span class='ocrx_word' id='word_1_282' title='bbox 1318 647 1479 682; x_wconf 79' lang='lat' dir='ltr'><strong>ambigimus</strong></span> <span class='ocrx_word' id='word_1_283' title='bbox 1490 649 1504 674; x_wconf 84' lang='lat'><strong><em>?</em></strong></span> <span class='ocrx_word' id='word_1_284' title='bbox 1517 657 1575 675; x_wconf 80' lang='lat' dir='ltr'><strong>cum</strong></span> <span class='ocrx_word' id='word_1_285' title='bbox 1591 650 1661 676; x_wconf 85' lang='lat' dir='ltr'><strong>enim</strong></span> <span class='ocrx_word' id='word_1_286' title='bbox 1681 650 1771 677; x_wconf 74' lang='lat' dir='ltr'><strong>hostes</strong></span> 
     </span>
    </p>
   </div>
   <div class='ocr_carea' id='block_1_42' title="bbox 975 692 1772 731">
    <p class='ocr_par' dir='ltr' id='par_1_42' title="bbox 975 692 1772 731">
     <span class='ocr_line' id='line_1_42' title="bbox 975 692 1772 731; baseline 0.008 -12"><span class='ocrx_word' id='word_1_287' title='bbox 975 692 1048 720; x_wconf 76' lang='lat' dir='ltr'><strong>haud</strong></span> <span class='ocrx_word' id='word_1_288' title='bbox 1064 694 1139 729; x_wconf 88' lang='lat' dir='ltr'><strong>longe</strong></span> <span class='ocrx_word' id='word_1_289' title='bbox 1153 694 1252 726; x_wconf 79' lang='lat' dir='ltr'><strong>absint,</strong></span> <span class='ocrx_word' id='word_1_290' title='bbox 1267 700 1377 729; x_wconf 77' lang='lat' dir='ltr'><strong>possunt</strong></span> <span class='ocrx_word' id='word_1_291' title='bbox 1393 696 1438 730; x_wconf 86' lang='lat' dir='ltr'><strong>qui</strong></span> <span class='ocrx_word' id='word_1_292' title='bbox 1454 697 1506 723; x_wconf 83' lang='lat' dir='ltr'><strong>viri</strong></span> <span class='ocrx_word' id='word_1_293' title='bbox 1522 702 1678 731; x_wconf 70' lang='lat' dir='ltr'><strong>prwslunles</strong></span> <span class='ocrx_word' id='word_1_294' title='bbox 1699 699 1772 726; x_wconf 75' lang='lat' dir='ltr'><strong>exsi-</strong></span> 
     </span>
    </p>
   </div>
   <div class='ocr_carea' id='block_1_43' title="bbox 977 736 1771 780">
    <p class='ocr_par' dir='ltr' id='par_1_43' title="bbox 977 736 1771 780">
     <span class='ocr_line' id='line_1_43' title="bbox 977 736 1771 780; baseline 0.009 -15"><span class='ocrx_word' id='word_1_295' title='bbox 977 744 1060 771; x_wconf 68' lang='lat' dir='ltr'><strong>stunt,</strong></span> <span class='ocrx_word' id='word_1_296' title='bbox 1072 740 1238 775; x_wconf 76' lang='lat' dir='ltr'><strong>facinoribus</strong></span> <span class='ocrx_word' id='word_1_297' title='bbox 1254 741 1332 769; x_wconf 76' lang='lat' dir='ltr'><strong>editis</strong></span> <span class='ocrx_word' id='word_1_298' title='bbox 1345 736 1528 776; x_wconf 68' lang='lat' dir='ltr'><strong>inclarescere,</strong></span> <span class='ocrx_word' id='word_1_299' title='bbox 1542 753 1572 770; x_wconf 84' lang='lat' dir='ltr'><strong>ac</strong></span> <span class='ocrx_word' id='word_1_300' title='bbox 1587 745 1633 775; x_wconf 84' lang='lat' dir='ltr'><strong>qui</strong></span> <span class='ocrx_word' id='word_1_301' title='bbox 1649 745 1713 780; x_wconf 85' lang='lat' dir='ltr'><strong>forti</strong></span> <span class='ocrx_word' id='word_1_302' title='bbox 1726 754 1771 772; x_wconf 87' lang='lat' dir='ltr'><strong>ro-</strong></span> 
     </span>
    </p>
   </div>
   <div class='ocr_carea' id='block_1_44' title="bbox 977 785 1772 827">
    <p class='ocr_par' dir='ltr' id='par_1_44' title="bbox 977 785 1772 827">
     <span class='ocr_line' id='line_1_44' title="bbox 977 785 1772 827; baseline 0.008 -15"><span class='ocrx_word' id='word_1_303' title='bbox 977 785 1039 812; x_wconf 81' lang='lat' dir='ltr'><strong>bore</strong></span> <span class='ocrx_word' id='word_1_304' title='bbox 1051 786 1196 820; x_wconf 59' lang='lat' dir='ltr'><strong>pra&#39;cellat,</strong></span> <span class='ocrx_word' id='word_1_305' title='bbox 1221 787 1325 821; x_wconf 83' lang='lat' dir='ltr'><strong>judicio</strong></span> <span class='ocrx_word' id='word_1_306' title='bbox 1356 789 1457 823; x_wconf 81' lang='lat' dir='ltr'><strong>primas</strong></span> <span class='ocrx_word' id='word_1_307' title='bbox 1479 790 1606 817; x_wconf 85' lang='lat' dir='ltr'><strong>obtinere.</strong></span> <span class='ocrx_word' id='word_1_308' title='bbox 1633 790 1680 817; x_wconf 88' lang='lat' dir='ltr'><strong>llis</strong></span> <span class='ocrx_word' id='word_1_309' title='bbox 1706 798 1772 827; x_wconf 75' lang='lat' dir='ltr'><strong>ergo</strong></span> 
     </span>
    </p>
   </div>
   <div class='ocr_carea' id='block_1_45' title="bbox 976 832 1772 872">
    <p class='ocr_par' dir='ltr' id='par_1_45' title="bbox 976 832 1772 872">
     <span class='ocr_line' id='line_1_45' title="bbox 976 832 1772 872; baseline 0.008 -13"><span class='ocrx_word' id='word_1_310' title='bbox 976 832 1105 860; x_wconf 84' lang='lat' dir='ltr'><strong>ductores</strong></span> <span class='ocrx_word' id='word_1_311' title='bbox 1131 834 1307 861; x_wconf 86' lang='lat' dir='ltr'><strong>sermonibus</strong></span> <span class='ocrx_word' id='word_1_312' title='bbox 1328 835 1441 868; x_wconf 84' lang='lat' dir='ltr'><strong>auditis,</strong></span> <span class='ocrx_word' id='word_1_313' title='bbox 1469 836 1641 872; x_wconf 84' lang='lat' dir='ltr'><strong>militumque</strong></span> <span class='ocrx_word' id='word_1_314' title='bbox 1660 837 1693 864; x_wconf 85' lang='lat' dir='ltr'><strong>ad</strong></span> <span class='ocrx_word' id='word_1_315' title='bbox 1721 837 1772 864; x_wconf 87' lang='lat' dir='ltr'><strong>im-</strong></span> 
     </span>
    </p>
   </div>
   <div class='ocr_carea' id='block_1_46' title="bbox 976 879 1771 917">
    <p class='ocr_par' dir='ltr' id='par_1_46' title="bbox 976 879 1771 917">
     <span class='ocr_line' id='line_1_46' title="bbox 976 879 1771 917; baseline 0.008 -12"><span class='ocrx_word' id='word_1_316' title='bbox 976 879 1148 914; x_wconf 81' lang='lat' dir='ltr'><strong>pressionem</strong></span> <span class='ocrx_word' id='word_1_317' title='bbox 1167 879 1320 907; x_wconf 81' lang='lat' dir='ltr'><strong>faciendam</strong></span> <span class='ocrx_word' id='word_1_318' title='bbox 1341 880 1438 908; x_wconf 86' lang='lat' dir='ltr'><strong>fortem</strong></span> <span class='ocrx_word' id='word_1_319' title='bbox 1465 882 1587 909; x_wconf 90' lang='lat' dir='ltr'><strong>animum</strong></span> <span class='ocrx_word' id='word_1_320' title='bbox 1606 888 1689 917; x_wconf 86' lang='lat' dir='ltr'><strong>atque</strong></span> <span class='ocrx_word' id='word_1_321' title='bbox 1712 884 1771 911; x_wconf 86' lang='lat' dir='ltr'><strong>ala-</strong></span> 
     </span>
    </p>
   </div>
   <div class='ocr_carea' id='block_1_47' title="bbox 978 926 1771 964">
    <p class='ocr_par' dir='ltr' id='par_1_47' title="bbox 978 926 1771 964">
     <span class='ocr_line' id='line_1_47' title="bbox 978 926 1771 964; baseline 0.006 -13"><span class='ocrx_word' id='word_1_322' title='bbox 978 933 1052 952; x_wconf 90' lang='lat' dir='ltr'><strong>crem</strong></span> <span class='ocrx_word' id='word_1_323' title='bbox 1081 926 1301 959; x_wconf 84' lang='lat' dir='ltr'><strong>considerantes,</strong></span> <span class='ocrx_word' id='word_1_324' title='bbox 1322 935 1429 954; x_wconf 88' lang='lat' dir='ltr'><strong>necnon</strong></span> <span class='ocrx_word' id='word_1_325' title='bbox 1452 929 1539 962; x_wconf 87' lang='lat' dir='ltr'><strong>ipsius</strong></span> <span class='ocrx_word' id='word_1_326' title='bbox 1572 929 1624 956; x_wconf 90' lang='lat' dir='ltr'><strong>loci</strong></span> <span class='ocrx_word' id='word_1_327' title='bbox 1639 935 1771 964; x_wconf 88' lang='lat' dir='ltr'><strong>opportu-</strong></span> 
     </span>
    </p>
   </div>
   <div class='ocr_carea' id='block_1_48' title="bbox 978 972 1769 1003">
    <p class='ocr_par' dir='ltr' id='par_1_48' title="bbox 978 972 1769 1003">
     <span class='ocr_line' id='line_1_48' title="bbox 978 972 1769 1003; baseline 0.006 -5"><span class='ocrx_word' id='word_1_328' title='bbox 978 972 1091 999; x_wconf 85' lang='lat' dir='ltr'><strong>nitatem</strong></span> <span class='ocrx_word' id='word_1_329' title='bbox 1121 972 1193 999; x_wconf 86' lang='lat' dir='ltr'><strong>haud</strong></span> <span class='ocrx_word' id='word_1_330' title='bbox 1210 972 1268 1000; x_wconf 86' lang='lat' dir='ltr'><strong>leve</strong></span> <span class='ocrx_word' id='word_1_331' title='bbox 1299 973 1351 1001; x_wconf 88' lang='lat' dir='ltr'><strong>sibi</strong></span> <span class='ocrx_word' id='word_1_332' title='bbox 1369 974 1402 1001; x_wconf 84' lang='lat' dir='ltr'><strong>ad</strong></span> <span class='ocrx_word' id='word_1_333' title='bbox 1427 974 1570 1001; x_wconf 81' lang='lat' dir='ltr'><strong>victoriam</strong></span> <span class='ocrx_word' id='word_1_334' title='bbox 1600 981 1769 1003; x_wconf 86' lang='lat' dir='ltr'><strong>momentum</strong></span> 
     </span>
    </p>
   </div>
   <div class='ocr_carea' id='block_1_49' title="bbox 977 1017 1769 1055">
    <p class='ocr_par' dir='ltr' id='par_1_49' title="bbox 977 1017 1769 1055">
     <span class='ocr_line' id='line_1_49' title="bbox 977 1017 1769 1055; baseline 0.005 -10"><span class='ocrx_word' id='word_1_335' title='bbox 977 1017 1074 1045; x_wconf 69' lang='lat' dir='ltr'><strong>afferre</strong></span> <span class='ocrx_word' id='word_1_336' title='bbox 1088 1019 1250 1052; x_wconf 85' lang='lat' dir='ltr'><strong>sentientes,</strong></span> <span class='ocrx_word' id='word_1_337' title='bbox 1268 1023 1341 1053; x_wconf 80' lang='lat' dir='ltr'><strong>qvod</strong></span> <span class='ocrx_word' id='word_1_338' title='bbox 1356 1028 1371 1047; x_wconf 89' lang='lat' dir='ltr'><strong>c</strong></span> <span class='ocrx_word' id='word_1_339' title='bbox 1388 1020 1499 1048; x_wconf 84' lang='lat' dir='ltr'><strong>sublimi</strong></span> <span class='ocrx_word' id='word_1_340' title='bbox 1514 1020 1576 1048; x_wconf 92' lang='lat' dir='ltr'><strong>loco</strong></span> <span class='ocrx_word' id='word_1_341' title='bbox 1593 1021 1723 1055; x_wconf 90' lang='lat' dir='ltr'><strong>impetum</strong></span> <span class='ocrx_word' id='word_1_342' title='bbox 1742 1022 1769 1049; x_wconf 90' lang='lat' dir='ltr'><strong>in</strong></span> 
     </span>
    </p>
   </div>
   <div class='ocr_carea' id='block_1_50' title="bbox 976 1065 1768 1102">
    <p class='ocr_par' dir='ltr' id='par_1_50' title="bbox 976 1065 1768 1102">
     <span class='ocr_line' id='line_1_50' title="bbox 976 1065 1768 1102; baseline 0.004 -10"><span class='ocrx_word' id='word_1_343' title='bbox 976 1065 1070 1093; x_wconf 87' lang='lat' dir='ltr'><strong>hostes</strong></span> <span class='ocrx_word' id='word_1_344' title='bbox 1082 1070 1162 1092; x_wconf 89' lang='lat' dir='ltr'><strong>erant</strong></span> <span class='ocrx_word' id='word_1_345' title='bbox 1177 1065 1287 1099; x_wconf 86' lang='lat' dir='ltr'><strong>facturi,</strong></span> <span class='ocrx_word' id='word_1_346' title='bbox 1309 1067 1355 1102; x_wconf 92' lang='lat' dir='ltr'><strong>qui</strong></span> <span class='ocrx_word' id='word_1_347' title='bbox 1378 1068 1404 1094; x_wconf 89' lang='lat' dir='ltr'><strong>iu</strong></span> <span class='ocrx_word' id='word_1_348' title='bbox 1423 1068 1493 1094; x_wconf 82' lang='lat' dir='ltr'><strong>valle</strong></span> <span class='ocrx_word' id='word_1_349' title='bbox 1510 1071 1601 1095; x_wconf 85' lang='lat' dir='ltr'><strong>castra</strong></span> <span class='ocrx_word' id='word_1_350' title='bbox 1620 1068 1768 1101; x_wconf 90' lang='lat' dir='ltr'><strong>habebant,</strong></span> 
     </span>
    </p>
   </div>
   <div class='ocr_carea' id='block_1_51' title="bbox 976 1111 1769 1147">
    <p class='ocr_par' dir='ltr' id='par_1_51' title="bbox 976 1111 1769 1147">
     <span class='ocr_line' id='line_1_51' title="bbox 976 1111 1769 1147; baseline 0.005 -9"><span class='ocrx_word' id='word_1_351' title='bbox 976 1111 1046 1139; x_wconf 89' lang='lat' dir='ltr'><strong>duas</strong></span> <span class='ocrx_word' id='word_1_352' title='bbox 1057 1111 1085 1139; x_wconf 92' lang='lat' dir='ltr'><strong>in</strong></span> <span class='ocrx_word' id='word_1_353' title='bbox 1101 1116 1193 1147; x_wconf 86' lang='lat' dir='ltr'><strong>partes</strong></span> <span class='ocrx_word' id='word_1_354' title='bbox 1208 1113 1302 1147; x_wconf 90' lang='lat' dir='ltr'><strong>copias</strong></span> <span class='ocrx_word' id='word_1_355' title='bbox 1316 1113 1450 1140; x_wconf 79' lang='lat' dir='ltr'><strong>dividunt.</strong></span> <span class='ocrx_word' id='word_1_356' title='bbox 1466 1113 1642 1141; x_wconf 90' lang='lat' dir='ltr'><strong>Selectiorem</strong></span> <span class='ocrx_word' id='word_1_357' title='bbox 1657 1122 1769 1142; x_wconf 80' lang='lat' dir='ltr'><strong>manum</strong></span> 
     </span>
    </p>
   </div>
   <div class='ocr_carea' id='block_1_52' title="bbox 977 1157 1770 1194">
    <p class='ocr_par' dir='ltr' id='par_1_52' title="bbox 977 1157 1770 1194">
     <span class='ocr_line' id='line_1_52' title="bbox 977 1157 1770 1194; baseline 0.004 -9"><span class='ocrx_word' id='word_1_358' title='bbox 977 1157 1009 1185; x_wconf 86' lang='lat' dir='ltr'><strong>ad</strong></span> <span class='ocrx_word' id='word_1_359' title='bbox 1022 1162 1166 1186; x_wconf 80' lang='lat' dir='ltr'><strong>sexcentos</strong></span> <span class='ocrx_word' id='word_1_360' title='bbox 1177 1166 1239 1186; x_wconf 91' lang='lat' dir='ltr'><strong>cum</strong></span> <span class='ocrx_word' id='word_1_361' title='bbox 1252 1159 1318 1194; x_wconf 85' lang='lat' dir='ltr'><strong>ipsis</strong></span> <span class='ocrx_word' id='word_1_362' title='bbox 1332 1159 1494 1187; x_wconf 83' lang='lat' dir='ltr'><strong>ductoribus</strong></span> <span class='ocrx_word' id='word_1_363' title='bbox 1506 1161 1531 1187; x_wconf 89' lang='lat' dir='ltr'><strong>in</strong></span> <span class='ocrx_word' id='word_1_364' title='bbox 1547 1161 1652 1188; x_wconf 84' lang='lat' dir='ltr'><strong>hostem</strong></span> <span class='ocrx_word' id='word_1_365' title='bbox 1665 1161 1770 1188; x_wconf 90' lang='lat' dir='ltr'><strong>irrucre</strong></span> 
     </span>
    </p>
   </div>
   <div class='ocr_carea' id='block_1_53' title="bbox 975 1204 1770 1239">
    <p class='ocr_par' dir='ltr' id='par_1_53' title="bbox 975 1204 1770 1239">
     <span class='ocr_line' id='line_1_53' title="bbox 975 1204 1770 1239; baseline 0.005 -9"><span class='ocrx_word' id='word_1_366' title='bbox 975 1204 1148 1231; x_wconf 86' lang='lat' dir='ltr'><strong>decernunt:</strong></span> <span class='ocrx_word' id='word_1_367' title='bbox 1164 1204 1264 1239; x_wconf 88' lang='lat' dir='ltr'><strong>reliqui</strong></span> <span class='ocrx_word' id='word_1_368' title='bbox 1285 1212 1401 1233; x_wconf 89' lang='lat' dir='ltr'><strong>numero</strong></span> <span class='ocrx_word' id='word_1_369' title='bbox 1424 1213 1478 1233; x_wconf 85' lang='lat' dir='ltr'><strong>non</strong></span> <span class='ocrx_word' id='word_1_370' title='bbox 1497 1206 1576 1234; x_wconf 89' lang='lat' dir='ltr'><strong>multi</strong></span> <span class='ocrx_word' id='word_1_371' title='bbox 1602 1207 1629 1234; x_wconf 91' lang='lat' dir='ltr'><strong>in</strong></span> <span class='ocrx_word' id='word_1_372' title='bbox 1658 1207 1770 1234; x_wconf 86' lang='lat' dir='ltr'><strong>sublimi</strong></span> 
     </span>
    </p>
   </div>
   <div class='ocr_carea' id='block_1_54' title="bbox 975 1249 1769 1287">
    <p class='ocr_par' dir='ltr' id='par_1_54' title="bbox 975 1249 1769 1287">
     <span class='ocr_line' id='line_1_54' title="bbox 975 1249 1769 1287; baseline 0.005 -11"><span class='ocrx_word' id='word_1_373' title='bbox 975 1254 1090 1283; x_wconf 85' lang='lat' dir='ltr'><strong>starent,</strong></span> <span class='ocrx_word' id='word_1_374' title='bbox 1102 1249 1234 1278; x_wconf 80' lang='lat' dir='ltr'><strong>confertae</strong></span> <span class='ocrx_word' id='word_1_375' title='bbox 1248 1251 1432 1279; x_wconf 88' lang='lat' dir='ltr'><strong>multitudinis</strong></span> <span class='ocrx_word' id='word_1_376' title='bbox 1449 1253 1567 1286; x_wconf 89' lang='lat' dir='ltr'><strong>speciem</strong></span> <span class='ocrx_word' id='word_1_377' title='bbox 1584 1252 1769 1287; x_wconf 66' lang='lat' dir='ltr'><strong>praeferentes,</strong></span> 
     </span>
    </p>
   </div>
   <div class='ocr_carea' id='block_1_55' title="bbox 975 1295 1771 1331">
    <p class='ocr_par' dir='ltr' id='par_1_55' title="bbox 975 1295 1771 1331">
     <span class='ocr_line' id='line_1_55' title="bbox 975 1295 1771 1331; baseline 0.005 -9"><span class='ocrx_word' id='word_1_378' title='bbox 975 1295 1038 1323; x_wconf 87' lang='lat' dir='ltr'><strong>data</strong></span> <span class='ocrx_word' id='word_1_379' title='bbox 1053 1296 1185 1331; x_wconf 90' lang='lat' dir='ltr'><strong>temporis</strong></span> <span class='ocrx_word' id='word_1_380' title='bbox 1199 1301 1315 1330; x_wconf 88' lang='lat' dir='ltr'><strong>tessera,</strong></span> <span class='ocrx_word' id='word_1_381' title='bbox 1334 1302 1364 1324; x_wconf 94' lang='lat' dir='ltr'><strong>ut</strong></span> <span class='ocrx_word' id='word_1_382' title='bbox 1389 1305 1451 1325; x_wconf 92' lang='lat' dir='ltr'><strong>cum</strong></span> <span class='ocrx_word' id='word_1_383' title='bbox 1480 1298 1518 1324; x_wconf 87' lang='lat' dir='ltr'><strong>illi</strong></span> <span class='ocrx_word' id='word_1_384' title='bbox 1544 1298 1650 1326; x_wconf 85' lang='lat' dir='ltr'><strong>hostem</strong></span> <span class='ocrx_word' id='word_1_385' title='bbox 1681 1299 1771 1326; x_wconf 81' lang='lat' dir='ltr'><strong>adori-</strong></span> 
     </span>
    </p>
   </div>
   <div class='ocr_carea' id='block_1_56' title="bbox 975 1342 1770 1378">
    <p class='ocr_par' dir='ltr' id='par_1_56' title="bbox 975 1342 1770 1378">
     <span class='ocr_line' id='line_1_56' title="bbox 975 1342 1770 1378; baseline 0.004 -9"><span class='ocrx_word' id='word_1_386' title='bbox 975 1347 1081 1375; x_wconf 87' lang='lat' dir='ltr'><strong>rentur,</strong></span> <span class='ocrx_word' id='word_1_387' title='bbox 1097 1342 1173 1370; x_wconf 90' lang='lat' dir='ltr'><strong>illico</strong></span> <span class='ocrx_word' id='word_1_388' title='bbox 1189 1343 1217 1370; x_wconf 90' lang='lat' dir='ltr'><strong>hi</strong></span> <span class='ocrx_word' id='word_1_389' title='bbox 1232 1343 1353 1370; x_wconf 82' lang='lat' dir='ltr'><strong>maximo</strong></span> <span class='ocrx_word' id='word_1_390' title='bbox 1369 1351 1431 1371; x_wconf 91' lang='lat' dir='ltr'><strong>cum</strong></span> <span class='ocrx_word' id='word_1_391' title='bbox 1455 1344 1553 1378; x_wconf 87' lang='lat' dir='ltr'><strong>plausu</strong></span> <span class='ocrx_word' id='word_1_392' title='bbox 1581 1350 1608 1371; x_wconf 90' lang='lat' dir='ltr'><strong>et</strong></span> <span class='ocrx_word' id='word_1_393' title='bbox 1634 1345 1707 1372; x_wconf 90' lang='lat' dir='ltr'><strong>tubis</strong></span> <span class='ocrx_word' id='word_1_394' title='bbox 1724 1353 1770 1373; x_wconf 86' lang='lat' dir='ltr'><strong>ca-</strong></span> 
     </span>
    </p>
   </div>
   <div class='ocr_carea' id='block_1_57' title="bbox 976 1388 1770 1425">
    <p class='ocr_par' dir='ltr' id='par_1_57' title="bbox 976 1388 1770 1425">
     <span class='ocr_line' id='line_1_57' title="bbox 976 1388 1770 1425; baseline 0.004 -10"><span class='ocrx_word' id='word_1_395' title='bbox 976 1388 1103 1416; x_wconf 86' lang='lat' dir='ltr'><strong>nentibus</strong></span> <span class='ocrx_word' id='word_1_396' title='bbox 1120 1389 1270 1416; x_wconf 88' lang='lat' dir='ltr'><strong>terribilem</strong></span> <span class='ocrx_word' id='word_1_397' title='bbox 1287 1390 1406 1425; x_wconf 81' lang='lat' dir='ltr'><strong>rugitum</strong></span> <span class='ocrx_word' id='word_1_398' title='bbox 1434 1397 1486 1417; x_wconf 86' lang='lat' dir='ltr'><strong>una</strong></span> <span class='ocrx_word' id='word_1_399' title='bbox 1505 1398 1618 1425; x_wconf 88' lang='lat' dir='ltr'><strong>quoque</strong></span> <span class='ocrx_word' id='word_1_400' title='bbox 1651 1391 1770 1418; x_wconf 80' lang='lat' dir='ltr'><strong>reboan-</strong></span> 
     </span>
    </p>
   </div>
   <div class='ocr_carea' id='block_1_58' title="bbox 977 1437 1770 1471">
    <p class='ocr_par' dir='ltr' id='par_1_58' title="bbox 977 1437 1770 1471">
     <span class='ocr_line' id='line_1_58' title="bbox 977 1437 1770 1471; baseline 0.003 -8"><span class='ocrx_word' id='word_1_401' title='bbox 977 1437 1050 1464; x_wconf 86' lang='lat' dir='ltr'><strong>tibus</strong></span> <span class='ocrx_word' id='word_1_402' title='bbox 1078 1437 1221 1464; x_wconf 88' lang='lat' dir='ltr'><strong>montibus</strong></span> <span class='ocrx_word' id='word_1_403' title='bbox 1253 1437 1376 1464; x_wconf 87' lang='lat' dir='ltr'><strong>ederent.</strong></span> <span class='ocrx_word' id='word_1_404' title='bbox 1406 1437 1452 1464; x_wconf 88' lang='lat' dir='ltr'><strong>Sic</strong></span> <span class='ocrx_word' id='word_1_405' title='bbox 1481 1445 1558 1464; x_wconf 86' lang='lat' dir='ltr'><strong>arma</strong></span> <span class='ocrx_word' id='word_1_406' title='bbox 1584 1438 1711 1471; x_wconf 88' lang='lat' dir='ltr'><strong>induunt,</strong></span> <span class='ocrx_word' id='word_1_407' title='bbox 1738 1446 1770 1465; x_wconf 87' lang='lat' dir='ltr'><strong>ac</strong></span> 
     </span>
    </p>
   </div>
   <div class='ocr_carea' id='block_1_59' title="bbox 976 1482 1771 1519">
    <p class='ocr_par' dir='ltr' id='par_1_59' title="bbox 976 1482 1771 1519">
     <span class='ocr_line' id='line_1_59' title="bbox 976 1482 1771 1519; baseline 0.003 -10"><span class='ocrx_word' id='word_1_408' title='bbox 976 1482 1083 1509; x_wconf 88' lang='lat' dir='ltr'><strong>occulte</strong></span> <span class='ocrx_word' id='word_1_409' title='bbox 1095 1489 1143 1516; x_wconf 88' lang='lat' dir='ltr'><strong>per</strong></span> <span class='ocrx_word' id='word_1_410' title='bbox 1156 1488 1263 1510; x_wconf 85' lang='lat' dir='ltr'><strong>noctem</strong></span> <span class='ocrx_word' id='word_1_411' title='bbox 1279 1483 1312 1510; x_wconf 87' lang='lat' dir='ltr'><strong>ad</strong></span> <span class='ocrx_word' id='word_1_412' title='bbox 1336 1483 1457 1510; x_wconf 87' lang='lat' dir='ltr'><strong>hostium</strong></span> <span class='ocrx_word' id='word_1_413' title='bbox 1476 1483 1559 1519; x_wconf 70' lang='grc'>274</span> <span class='ocrx_word' id='word_1_414' title='bbox 1573 1489 1662 1511; x_wconf 88' lang='lat' dir='ltr'><strong>castra</strong></span> <span class='ocrx_word' id='word_1_415' title='bbox 1691 1492 1771 1511; x_wconf 88' lang='lat' dir='ltr'><strong>acce-</strong></span> 
     </span>
    </p>
   </div>
   <div class='ocr_carea' id='block_1_60' title="bbox 976 1528 1772 1561">
    <p class='ocr_par' dir='ltr' id='par_1_60' title="bbox 976 1528 1772 1561">
     <span class='ocr_line' id='line_1_60' title="bbox 976 1528 1772 1561; baseline 0.001 -5"><span class='ocrx_word' id='word_1_416' title='bbox 976 1529 1053 1556; x_wconf 86' lang='lat' dir='ltr'><strong>dunt.</strong></span> <span class='ocrx_word' id='word_1_417' title='bbox 1089 1528 1203 1556; x_wconf 92' lang='lat' dir='ltr'><strong>Summo</strong></span> <span class='ocrx_word' id='word_1_418' title='bbox 1230 1534 1321 1556; x_wconf 87' lang='lat' dir='ltr'><strong>autem</strong></span> <span class='ocrx_word' id='word_1_419' title='bbox 1359 1536 1457 1561; x_wconf 79' lang='lat' dir='ltr'><strong>mane,</strong></span> <span class='ocrx_word' id='word_1_420' title='bbox 1484 1536 1547 1557; x_wconf 84' lang='lat' dir='ltr'><strong>cum</strong></span> <span class='ocrx_word' id='word_1_421' title='bbox 1582 1530 1697 1557; x_wconf 77' lang='lat' dir='ltr'><strong>necdum</strong></span> <span class='ocrx_word' id='word_1_422' title='bbox 1729 1530 1772 1557; x_wconf 86' lang='lat' dir='ltr'><strong>sol</strong></span> 
     </span>
    </p>
   </div>
   <div class='ocr_carea' id='block_1_61' title="bbox 976 1575 1772 1611">
    <p class='ocr_par' dir='ltr' id='par_1_61' title="bbox 976 1575 1772 1611">
     <span class='ocr_line' id='line_1_61' title="bbox 976 1575 1772 1611; baseline 0.003 -10"><span class='ocrx_word' id='word_1_423' title='bbox 976 1582 1093 1602; x_wconf 85' lang='lat' dir='ltr'><strong>emenso</strong></span> <span class='ocrx_word' id='word_1_424' title='bbox 1110 1576 1219 1610; x_wconf 85' lang='lat' dir='ltr'><strong>penitus</strong></span> <span class='ocrx_word' id='word_1_425' title='bbox 1235 1575 1360 1611; x_wconf 87' lang='lat' dir='ltr'><strong>subjecto</strong></span> <span class='ocrx_word' id='word_1_426' title='bbox 1384 1576 1464 1603; x_wconf 87' lang='lat' dir='ltr'><strong>nobis</strong></span> <span class='ocrx_word' id='word_1_427' title='bbox 1480 1576 1673 1611; x_wconf 72' lang='lat' dir='ltr'><strong>hemisphau‘io</strong></span> <span class='ocrx_word' id='word_1_428' title='bbox 1686 1584 1772 1603; x_wconf 82' lang='lat' dir='ltr'><strong>emer-</strong></span> 
     </span>
    </p>
   </div>
   <div class='ocr_carea' id='block_1_62' title="bbox 131 1618 925 1669">
    <p class='ocr_par' dir='ltr' id='par_1_62' title="bbox 131 1618 925 1657">
     <span class='ocr_line' id='line_1_62' title="bbox 131 1618 925 1657; baseline 0.008 -13"><span class='ocrx_word' id='word_1_429' title='bbox 131 1618 186 1644; x_wconf 84' lang='grc' dir='ltr'>τῶν</span> <span class='ocrx_word' id='word_1_430' title='bbox 214 1618 359 1654; x_wconf 82' lang='grc' dir='ltr'>δυσμενῶν</span> <span class='ocrx_word' id='word_1_431' title='bbox 374 1619 564 1655; x_wconf 74' lang='grc' dir='ltr'>πλησιάζωσι.</span> <span class='ocrx_word' id='word_1_432' title='bbox 588 1621 647 1656; x_wconf 74' lang='grc' dir='ltr'><strong>Πρὸ</strong></span> <span class='ocrx_word' id='word_1_433' title='bbox 662 1622 713 1657; x_wconf 88' lang='grc' dir='ltr'>τῆς</span> <span class='ocrx_word' id='word_1_434' title='bbox 737 1622 775 1648; x_wconf 76' lang='grc' dir='ltr'>ἕω</span> <span class='ocrx_word' id='word_1_435' title='bbox 791 1622 829 1655; x_wconf 88' lang='grc' dir='ltr'><strong>δὲ,</strong></span> <span class='ocrx_word' id='word_1_436' title='bbox 849 1622 925 1650; x_wconf 75' lang='grc' dir='ltr'>οὔπω</span> 
     </span>
    </p>
   </div>
   <div class='ocr_carea' id='block_1_63' title="bbox 977 1618 1771 1669">
    <p class='ocr_par' dir='ltr' id='par_1_63' title="bbox 979 1620 1771 1656">
     <span class='ocr_line' id='line_1_63' title="bbox 979 1620 1771 1656; baseline -0.003 -8"><span class='ocrx_word' id='word_1_437' title='bbox 979 1621 1070 1653; x_wconf 83' lang='lat' dir='ltr'><strong>sisset,</strong></span> <span class='ocrx_word' id='word_1_438' title='bbox 1088 1628 1186 1656; x_wconf 83' lang='lat' dir='ltr'><strong>magna</strong></span> <span class='ocrx_word' id='word_1_439' title='bbox 1201 1627 1268 1647; x_wconf 85' lang='lat' dir='ltr'><strong>voce</strong></span> <span class='ocrx_word' id='word_1_440' title='bbox 1292 1628 1387 1656; x_wconf 57' lang='lat' dir='ltr'><strong>paeana</strong></span> <span class='ocrx_word' id='word_1_441' title='bbox 1401 1625 1553 1653; x_wconf 83' lang='lat' dir='ltr'><strong>cantantes,</strong></span> <span class='ocrx_word' id='word_1_442' title='bbox 1572 1627 1598 1648; x_wconf 91' lang='lat' dir='ltr'><strong>et</strong></span> <span class='ocrx_word' id='word_1_443' title='bbox 1622 1620 1687 1648; x_wconf 80' lang='lat' dir='ltr'><strong>Vicit</strong></span> <span class='ocrx_word' id='word_1_444' title='bbox 1706 1628 1771 1647; x_wconf 70' lang='lat' dir='ltr'><strong>crux</strong></span> 
     </span>
    </p>
   </div>
   <div class='ocr_carea' id='block_1_64' title="bbox 130 1664 926 1704">
    <p class='ocr_par' dir='ltr' id='par_1_64' title="bbox 130 1664 926 1704">
     <span class='ocr_line' id='line_1_64' title="bbox 130 1664 926 1704; baseline 0.008 -14"><span class='ocrx_word' id='word_1_445' title='bbox 130 1664 178 1691; x_wconf 81' lang='grc' dir='ltr'><strong>τοῦ</strong></span> <span class='ocrx_word' id='word_1_446' title='bbox 193 1664 271 1700; x_wconf 79' lang='grc' dir='ltr'>ἡλίου</span> <span class='ocrx_word' id='word_1_447' title='bbox 285 1665 316 1692; x_wconf 86' lang='grc' dir='ltr'><strong>τὺ</strong></span> <span class='ocrx_word' id='word_1_448' title='bbox 327 1665 379 1692; x_wconf 77' lang='grc' dir='ltr'><strong>ὑπὸ</strong></span> <span class='ocrx_word' id='word_1_449' title='bbox 402 1666 454 1702; x_wconf 82' lang='grc' dir='ltr'>γῆν</span> <span class='ocrx_word' id='word_1_450' title='bbox 478 1667 592 1699; x_wconf 85' lang='grc' dir='ltr'>τελείως</span> <span class='ocrx_word' id='word_1_451' title='bbox 617 1667 842 1703; x_wconf 73' lang='grc' dir='ltr'>παραλλάξαντος</span> <span class='ocrx_word' id='word_1_452' title='bbox 859 1669 926 1704; x_wconf 77' lang='grc' dir='ltr'>ἡμι-</span> 
     </span>
    </p>
   </div>
   <div class='ocr_carea' id='block_1_65' title="bbox 132 1711 926 1748">
    <p class='ocr_par' dir='ltr' id='par_1_65' title="bbox 132 1711 926 1748">
     <span class='ocr_line' id='line_1_65' title="bbox 132 1711 926 1748; baseline 0.006 -11"><span class='ocrx_word' id='word_1_453' title='bbox 132 1712 271 1747; x_wconf 62' lang='grc' dir='ltr'>οραίριον,</span> <span class='ocrx_word' id='word_1_454' title='bbox 287 1711 335 1747; x_wconf 87' lang='grc' dir='ltr'><strong>βοῇ</strong></span> <span class='ocrx_word' id='word_1_455' title='bbox 350 1712 467 1748; x_wconf 80' lang='grc' dir='ltr'>στιϐαρᾷ</span> <span class='ocrx_word' id='word_1_456' title='bbox 478 1713 672 1746; x_wconf 82' lang='grc' dir='ltr'>παιανίσαντες</span> <span class='ocrx_word' id='word_1_457' title='bbox 682 1714 731 1740; x_wconf 70' lang='grc' dir='ltr'><strong>καὶ</strong></span> <span class='ocrx_word' id='word_1_458' title='bbox 739 1714 770 1740; x_wconf 84' lang='grc' dir='ltr'><strong>τὺ</strong></span> <span class='ocrx_word' id='word_1_459' title='bbox 781 1714 814 1747; x_wconf 83' lang='lat'><strong>&quot;,</strong></span> <span class='ocrx_word' id='word_1_460' title='bbox 829 1716 926 1742; x_wconf 84' lang='grc' dir='ltr'>Σταυ-</span> 
     </span>
    </p>
   </div>
   <div class='ocr_carea' id='block_1_66' title="bbox 129 1758 925 1797">
    <p class='ocr_par' dir='ltr' id='par_1_66' title="bbox 129 1758 925 1797">
     <span class='ocr_line' id='line_1_66' title="bbox 129 1758 925 1797; baseline 0.005 -13"><span class='ocrx_word' id='word_1_461' title='bbox 129 1759 183 1792; x_wconf 84' lang='grc' dir='ltr'>ρὸς</span> <span class='ocrx_word' id='word_1_462' title='bbox 191 1758 347 1792; x_wconf 78' lang='grc' dir='ltr'>νενίκηκε,</span> <span class='ocrx_word' id='word_1_463' title='bbox 356 1758 562 1794; x_wconf 79' lang='grc' dir='ltr'>συμϐοήσαντες</span> <span class='ocrx_word' id='word_1_464' title='bbox 570 1759 736 1787; x_wconf 77' lang='grc' dir='ltr'>ἐπιτίθενται</span> <span class='ocrx_word' id='word_1_465' title='bbox 743 1761 800 1792; x_wconf 86' lang='grc' dir='ltr'>τοῖς</span> <span class='ocrx_word' id='word_1_466' title='bbox 808 1760 925 1797; x_wconf 75' lang='grc' dir='ltr'>ἐχθροῖς.</span> 
     </span>
    </p>
   </div>
   <div class='ocr_carea' id='block_1_67' title="bbox 133 1804 926 1842">
    <p class='ocr_par' dir='ltr' id='par_1_67' title="bbox 133 1804 926 1842">
     <span class='ocr_line' id='line_1_67' title="bbox 133 1804 926 1842; baseline 0.004 -11"><span class='ocrx_word' id='word_1_467' title='bbox 133 1804 416 1837; x_wconf 79' lang='grc' dir='ltr'>συνεπαλαλαξάντων</span> <span class='ocrx_word' id='word_1_468' title='bbox 433 1805 489 1832; x_wconf 80' lang='grc' dir='ltr'><strong>ἀπὸ</strong></span> <span class='ocrx_word' id='word_1_469' title='bbox 507 1805 555 1832; x_wconf 86' lang='grc' dir='ltr'><strong>τοῦ</strong></span> <span class='ocrx_word' id='word_1_470' title='bbox 577 1805 659 1842; x_wconf 74' lang='grc' dir='ltr'>ὅρους</span> <span class='ocrx_word' id='word_1_471' title='bbox 677 1807 724 1833; x_wconf 83' lang='grc' dir='ltr'>καὶ</span> <span class='ocrx_word' id='word_1_472' title='bbox 740 1806 795 1834; x_wconf 89' lang='grc' dir='ltr'><strong>τῶν</strong></span> <span class='ocrx_word' id='word_1_473' title='bbox 813 1807 926 1835; x_wconf 85' lang='grc' dir='ltr'>λοιπῶν.</span> 
     </span>
    </p>
   </div>
   <div class='ocr_carea' id='block_1_68' title="bbox 133 1847 926 1888">
    <p class='ocr_par' dir='ltr' id='par_1_68' title="bbox 133 1847 926 1888">
     <span class='ocr_line' id='line_1_68' title="bbox 133 1847 926 1888; baseline 0.001 -11"><span class='ocrx_word' id='word_1_474' title='bbox 133 1849 222 1882; x_wconf 80' lang='grc' dir='ltr'>Εὐθὺς</span> <span class='ocrx_word' id='word_1_475' title='bbox 234 1847 283 1877; x_wconf 80' lang='grc' dir='ltr'>οὖν</span> <span class='ocrx_word' id='word_1_476' title='bbox 293 1850 332 1886; x_wconf 84' lang='grc' dir='ltr'>τῷ</span> <span class='ocrx_word' id='word_1_477' title='bbox 345 1850 501 1886; x_wconf 79' lang='grc' dir='ltr'>ἀνελπίστῳ</span> <span class='ocrx_word' id='word_1_478' title='bbox 510 1851 733 1885; x_wconf 67' lang='grc' dir='ltr'>καταπλαγέντες</span> <span class='ocrx_word' id='word_1_479' title='bbox 746 1852 770 1878; x_wconf 78' lang='lat' dir='ltr'><strong>ot</strong></span> <span class='ocrx_word' id='word_1_480' title='bbox 781 1850 926 1888; x_wconf 87' lang='grc' dir='ltr'>βάρϐαροι,</span> 
     </span>
    </p>
   </div>
   <div class='ocr_carea' id='block_1_69' title="bbox 133 1896 927 1933">
    <p class='ocr_par' dir='ltr' id='par_1_69' title="bbox 133 1896 927 1933">
     <span class='ocr_line' id='line_1_69' title="bbox 133 1896 927 1933; baseline 0.004 -11"><span class='ocrx_word' id='word_1_481' title='bbox 133 1897 180 1922; x_wconf 79' lang='grc' dir='ltr'>καὶ</span> <span class='ocrx_word' id='word_1_482' title='bbox 192 1896 264 1931; x_wconf 83' lang='grc' dir='ltr'>μήτε</span> <span class='ocrx_word' id='word_1_483' title='bbox 280 1896 412 1932; x_wconf 85' lang='grc' dir='ltr'>συστῆναι</span> <span class='ocrx_word' id='word_1_484' title='bbox 430 1897 498 1932; x_wconf 81' lang='grc' dir='ltr'>μήτε</span> <span class='ocrx_word' id='word_1_485' title='bbox 521 1897 552 1923; x_wconf 83' lang='grc' dir='ltr'>τὸ</span> <span class='ocrx_word' id='word_1_486' title='bbox 568 1897 645 1924; x_wconf 76' lang='grc' dir='ltr'>ἐπιὸν</span> <span class='ocrx_word' id='word_1_487' title='bbox 661 1897 764 1933; x_wconf 81' lang='grc' dir='ltr'>πλῆθος</span> <span class='ocrx_word' id='word_1_488' title='bbox 790 1898 853 1925; x_wconf 85' lang='grc' dir='ltr'>ὅσον</span> <span class='ocrx_word' id='word_1_489' title='bbox 869 1898 927 1933; x_wconf 78' lang='grc' dir='ltr'>ἐστὶ</span> 
     </span>
    </p>
   </div>
   <div class='ocr_carea' id='block_1_70' title="bbox 132 1931 926 1980">
    <p class='ocr_par' dir='ltr' id='par_1_70' title="bbox 132 1931 926 1980">
     <span class='ocr_line' id='line_1_70' title="bbox 132 1931 926 1980; baseline 0.003 -12"><span class='ocrx_word' id='word_1_490' title='bbox 132 1941 261 1974; x_wconf 76' lang='grc' dir='ltr'>λαϐόντες</span> <span class='ocrx_word' id='word_1_491' title='bbox 287 1931 383 1977; x_wconf 57' lang='grc' dir='ltr'>καιρόν</span> <span class='ocrx_word' id='word_1_492' title='bbox 412 1931 543 1977; x_wconf 80' lang='grc' dir='ltr'>κατιδεῖν,</span> <span class='ocrx_word' id='word_1_493' title='bbox 572 1943 636 1978; x_wconf 84' lang='grc' dir='ltr'>μήτ’</span> <span class='ocrx_word' id='word_1_494' title='bbox 656 1931 721 1970; x_wconf 73' lang='grc' dir='ltr'>ἄλλο</span> <span class='ocrx_word' id='word_1_495' title='bbox 736 1952 761 1970; x_wconf 81' lang='grc' dir='ltr'><strong>τι</strong></span> <span class='ocrx_word' id='word_1_496' title='bbox 791 1931 926 1980; x_wconf 66' lang='grc' dir='ltr'>σωτήριον</span> 
     </span>
    </p>
   </div>
   <div class='ocr_carea' id='block_1_71' title="bbox 133 1988 925 2026">
    <p class='ocr_par' dir='ltr' id='par_1_71' title="bbox 133 1988 925 2026">
     <span class='ocr_line' id='line_1_71' title="bbox 133 1988 925 2026; baseline 0.004 -12"><span class='ocrx_word' id='word_1_497' title='bbox 133 1988 240 2020; x_wconf 74' lang='grc' dir='ltr'>ἑαυτοῖς</span> <span class='ocrx_word' id='word_1_498' title='bbox 251 1989 286 2015; x_wconf 80' lang='grc' dir='ltr'>ὲκ</span> <span class='ocrx_word' id='word_1_499' title='bbox 298 1988 345 2015; x_wconf 81' lang='grc' dir='ltr'><strong>τοῦ</strong></span> <span class='ocrx_word' id='word_1_500' title='bbox 357 1990 530 2025; x_wconf 82' lang='grc' dir='ltr'>παραχρῆμα</span> <span class='ocrx_word' id='word_1_501' title='bbox 546 1989 708 2025; x_wconf 75' lang='grc' dir='ltr'>ἰσχύσαντες</span> <span class='ocrx_word' id='word_1_502' title='bbox 725 1990 853 2023; x_wconf 82' lang='grc' dir='ltr'>συνιδεῖν,</span> <span class='ocrx_word' id='word_1_503' title='bbox 871 1990 925 2026; x_wconf 86' lang='grc' dir='ltr'><strong>ὥρ-</strong></span> 
     </span>
    </p>
   </div>
   <div class='ocr_carea' id='block_1_72' title="bbox 134 2034 926 2071">
    <p class='ocr_par' dir='ltr' id='par_1_72' title="bbox 134 2034 926 2071">
     <span class='ocr_line' id='line_1_72' title="bbox 134 2034 926 2071; baseline 0.004 -11"><span class='ocrx_word' id='word_1_504' title='bbox 134 2041 223 2068; x_wconf 79' lang='grc' dir='ltr'>μησαν</span> <span class='ocrx_word' id='word_1_505' title='bbox 239 2034 308 2069; x_wconf 80' lang='grc' dir='ltr'>πρὸς</span> <span class='ocrx_word' id='word_1_506' title='bbox 324 2035 424 2069; x_wconf 80' lang='grc' dir='ltr'>φυγὴν,</span> <span class='ocrx_word' id='word_1_507' title='bbox 446 2035 496 2070; x_wconf 86' lang='grc' dir='ltr'>τῆς</span> <span class='ocrx_word' id='word_1_508' title='bbox 515 2035 563 2062; x_wconf 81' lang='grc' dir='ltr'>τοῦ</span> <span class='ocrx_word' id='word_1_509' title='bbox 579 2035 713 2071; x_wconf 80' lang='grc' dir='ltr'>βασιλέως</span> <span class='ocrx_word' id='word_1_510' title='bbox 727 2035 840 2068; x_wconf 86' lang='grc' dir='ltr'>τούτους</span> <span class='ocrx_word' id='word_1_511' title='bbox 856 2037 926 2063; x_wconf 80' lang='grc' dir='ltr'>πάν-</span> 
     </span>
    </p>
   </div>
   <div class='ocr_carea' id='block_1_73' title="bbox 131 2079 926 2116">
    <p class='ocr_par' dir='ltr' id='par_1_73' title="bbox 131 2079 926 2116">
     <span class='ocr_line' id='line_1_73' title="bbox 131 2079 926 2116; baseline 0.004 -11"><span class='ocrx_word' id='word_1_512' title='bbox 131 2087 186 2111; x_wconf 81' lang='grc' dir='ltr'><strong>τως</strong></span> <span class='ocrx_word' id='word_1_513' title='bbox 198 2079 329 2114; x_wconf 81' lang='grc' dir='ltr'>ὲπιμόνου</span> <span class='ocrx_word' id='word_1_514' title='bbox 345 2080 562 2116; x_wconf 73' lang='grc' dir='ltr'>ὲκδειματούσης</span> <span class='ocrx_word' id='word_1_515' title='bbox 577 2081 660 2116; x_wconf 75' lang='grc' dir='ltr'>εὐχῆς</span> <span class='ocrx_word' id='word_1_516' title='bbox 684 2081 731 2108; x_wconf 80' lang='grc' dir='ltr'>καὶ</span> <span class='ocrx_word' id='word_1_517' title='bbox 746 2081 926 2109; x_wconf 82' lang='grc' dir='ltr'>συνελαυνού-</span> 
     </span>
    </p>
   </div>
   <div class='ocr_carea' id='block_1_74' title="bbox 133 2127 926 2163">
    <p class='ocr_par' dir='ltr' id='par_1_74' title="bbox 133 2127 926 2163">
     <span class='ocr_line' id='line_1_74' title="bbox 133 2127 926 2163; baseline 0.004 -11"><span class='ocrx_word' id='word_1_518' title='bbox 133 2133 183 2161; x_wconf 81' lang='grc' dir='ltr'><strong>σης</strong></span> <span class='ocrx_word' id='word_1_519' title='bbox 210 2127 280 2162; x_wconf 83' lang='grc' dir='ltr'>πρὸς</span> <span class='ocrx_word' id='word_1_520' title='bbox 310 2127 432 2162; x_wconf 65' lang='grc' dir='ltr'>ὄλεθρον.</span> <span class='ocrx_word' id='word_1_521' title='bbox 451 2127 512 2154; x_wconf 83' lang='grc' dir='ltr'><strong>Τῶν</strong></span> <span class='ocrx_word' id='word_1_522' title='bbox 537 2127 584 2155; x_wconf 79' lang='grc' dir='ltr'><strong>οὖν</strong></span> <span class='ocrx_word' id='word_1_523' title='bbox 607 2127 761 2155; x_wconf 78' lang='grc' dir='ltr'>διωκόντων</span> <span class='ocrx_word' id='word_1_524' title='bbox 781 2128 926 2163; x_wconf 82' lang='grc' dir='ltr'>Ῥωμαίων</span> 
     </span>
    </p>
   </div>
   <div class='ocr_carea' id='block_1_75' title="bbox 134 2173 926 2210">
    <p class='ocr_par' dir='ltr' id='par_1_75' title="bbox 134 2173 926 2210">
     <span class='ocr_line' id='line_1_75' title="bbox 134 2173 926 2210; baseline 0.003 -11"><span class='ocrx_word' id='word_1_525' title='bbox 134 2174 182 2199; x_wconf 72' lang='grc' dir='ltr'>καὶ</span> <span class='ocrx_word' id='word_1_526' title='bbox 193 2173 258 2205; x_wconf 85' lang='grc' dir='ltr'>τοὺς</span> <span class='ocrx_word' id='word_1_527' title='bbox 276 2173 314 2209; x_wconf 80' lang='grc' dir='ltr'>μὴ</span> <span class='ocrx_word' id='word_1_528' title='bbox 325 2173 454 2206; x_wconf 83' lang='grc' dir='ltr'>συνόντας</span> <span class='ocrx_word' id='word_1_529' title='bbox 468 2174 588 2210; x_wconf 83' lang='grc' dir='ltr'>συνεχῶς</span> <span class='ocrx_word' id='word_1_530' title='bbox 601 2174 797 2208; x_wconf 71' lang='grc' dir='ltr'>ἐπιϐοωμένων</span> <span class='ocrx_word' id='word_1_531' title='bbox 825 2183 926 2210; x_wconf 85' lang='grc' dir='ltr'>στρατ-</span> 
     </span>
    </p>
   </div>
   <div class='ocr_carea' id='block_1_76' title="bbox 132 2219 927 2256">
    <p class='ocr_par' dir='ltr' id='par_1_76' title="bbox 132 2219 927 2256">
     <span class='ocr_line' id='line_1_76' title="bbox 132 2219 927 2256; baseline 0.003 -11"><span class='ocrx_word' id='word_1_532' title='bbox 132 2219 216 2252; x_wconf 81' lang='grc' dir='ltr'>ηγοὺς</span> <span class='ocrx_word' id='word_1_533' title='bbox 229 2219 321 2246; x_wconf 79' lang='grc' dir='ltr'>καὶτὰ</span> <span class='ocrx_word' id='word_1_534' title='bbox 333 2219 462 2255; x_wconf 78' lang='grc' dir='ltr'>τάγματα</span> <span class='ocrx_word' id='word_1_535' title='bbox 473 2221 576 2247; x_wconf 75' lang='grc' dir='ltr'>καὶτὸν</span> <span class='ocrx_word' id='word_1_536' title='bbox 584 2221 639 2247; x_wconf 85' lang='grc' dir='ltr'><strong>τῶν</strong></span> <span class='ocrx_word' id='word_1_537' title='bbox 649 2221 753 2256; x_wconf 81' lang='grc' dir='ltr'>σχολῶν</span> <span class='ocrx_word' id='word_1_538' title='bbox 767 2220 875 2256; x_wconf 83' lang='grc' dir='ltr'>ἀφηγού</span> <span class='ocrx_word' id='word_1_539' title='bbox 879 2230 927 2256; x_wconf 82' lang='grc' dir='ltr'>με-</span> 
     </span>
    </p>
   </div>
   <div class='ocr_carea' id='block_1_77' title="bbox 133 2265 927 2302">
    <p class='ocr_par' dir='ltr' id='par_1_77' title="bbox 133 2265 927 2302">
     <span class='ocr_line' id='line_1_77' title="bbox 133 2265 927 2302; baseline 0.005 -11"><span class='ocrx_word' id='word_1_540' title='bbox 133 2273 188 2297; x_wconf 82' lang='grc' dir='ltr'>νον,</span> <span class='ocrx_word' id='word_1_541' title='bbox 206 2265 335 2302; x_wconf 80' lang='grc' dir='ltr'>καθάπερ</span> <span class='ocrx_word' id='word_1_542' title='bbox 347 2267 440 2299; x_wconf 80' lang='grc' dir='ltr'>αὐτοῖς</span> <span class='ocrx_word' id='word_1_543' title='bbox 451 2267 626 2300; x_wconf 81' lang='grc' dir='ltr'>συντέτακτο,</span> <span class='ocrx_word' id='word_1_544' title='bbox 640 2268 688 2294; x_wconf 75' lang='grc' dir='ltr'>καὶ</span> <span class='ocrx_word' id='word_1_545' title='bbox 705 2268 760 2295; x_wconf 85' lang='grc' dir='ltr'><strong>τῶν</strong></span> <span class='ocrx_word' id='word_1_546' title='bbox 771 2267 927 2302; x_wconf 84' lang='grc' dir='ltr'>φευγόντων</span> 
     </span>
    </p>
   </div>
   <div class='ocr_carea' id='block_1_78' title="bbox 978 1666 1772 1702">
    <p class='ocr_par' dir='ltr' id='par_1_78' title="bbox 978 1666 1772 1702">
     <span class='ocr_line' id='line_1_78' title="bbox 978 1666 1772 1702; baseline -0.001 -8"><span class='ocrx_word' id='word_1_547' title='bbox 978 1667 1193 1700; x_wconf 80' lang='lat' dir='ltr'><strong>conclamantes,</strong></span> <span class='ocrx_word' id='word_1_548' title='bbox 1208 1667 1406 1702; x_wconf 76' lang='lat' dir='ltr'><strong>aggrediuntur</strong></span> <span class='ocrx_word' id='word_1_549' title='bbox 1422 1666 1542 1700; x_wconf 87' lang='lat' dir='ltr'><strong>hostem,</strong></span> <span class='ocrx_word' id='word_1_550' title='bbox 1559 1666 1642 1694; x_wconf 88' lang='lat' dir='ltr'><strong>simul</strong></span> <span class='ocrx_word' id='word_1_551' title='bbox 1658 1666 1772 1702; x_wconf 86' lang='lat' dir='ltr'><strong>reliquis</strong></span> 
     </span>
    </p>
   </div>
   <div class='ocr_carea' id='block_1_79' title="bbox 976 1707 1770 1740">
    <p class='ocr_par' dir='ltr' id='par_1_79' title="bbox 976 1707 1770 1740">
     <span class='ocr_line' id='line_1_79' title="bbox 976 1707 1770 1740; baseline 0 0"><span class='ocrx_word' id='word_1_552' title='bbox 976 1712 1011 1740; x_wconf 91' lang='lat' dir='ltr'><strong>de</strong></span> <span class='ocrx_word' id='word_1_553' title='bbox 1026 1717 1120 1740; x_wconf 91' lang='lat' dir='ltr'><strong>monte</strong></span> <span class='ocrx_word' id='word_1_554' title='bbox 1133 1707 1279 1740; x_wconf 86' lang='lat' dir='ltr'><strong>militarem</strong></span> <span class='ocrx_word' id='word_1_555' title='bbox 1293 1713 1540 1740; x_wconf 86' lang='lat' dir='ltr'><strong>conclamationem</strong></span> <span class='ocrx_word' id='word_1_556' title='bbox 1557 1713 1714 1740; x_wconf 82' lang='lat' dir='ltr'><strong>edentibus.</strong></span> <span class='ocrx_word' id='word_1_557' title='bbox 1736 1714 1770 1740; x_wconf 83' lang='lat' dir='ltr'><strong>At</strong></span> 
     </span>
    </p>
   </div>
   <div class='ocr_carea' id='block_1_80' title="bbox 977 1760 1772 1795">
    <p class='ocr_par' dir='ltr' id='par_1_80' title="bbox 977 1760 1772 1795">
     <span class='ocr_line' id='line_1_80' title="bbox 977 1760 1772 1795; baseline 0 -8"><span class='ocrx_word' id='word_1_558' title='bbox 977 1760 1088 1788; x_wconf 84' lang='lat' dir='ltr'><strong>barbari</strong></span> <span class='ocrx_word' id='word_1_559' title='bbox 1103 1760 1195 1788; x_wconf 87' lang='lat' dir='ltr'><strong>subito</strong></span> <span class='ocrx_word' id='word_1_560' title='bbox 1211 1768 1241 1787; x_wconf 84' lang='lat' dir='ltr'><strong>re</strong></span> <span class='ocrx_word' id='word_1_561' title='bbox 1261 1760 1399 1795; x_wconf 85' lang='lat' dir='ltr'><strong>insperata</strong></span> <span class='ocrx_word' id='word_1_562' title='bbox 1417 1760 1569 1795; x_wconf 85' lang='lat' dir='ltr'><strong>perterriti,</strong></span> <span class='ocrx_word' id='word_1_563' title='bbox 1587 1768 1676 1795; x_wconf 89' lang='lat' dir='ltr'><strong>neque</strong></span> <span class='ocrx_word' id='word_1_564' title='bbox 1700 1760 1772 1788; x_wconf 84' lang='lat' dir='ltr'><strong>inter</strong></span> 
     </span>
    </p>
   </div>
   <div class='ocr_carea' id='block_1_81' title="bbox 978 1806 1771 1842">
    <p class='ocr_par' dir='ltr' id='par_1_81' title="bbox 978 1806 1771 1842">
     <span class='ocr_line' id='line_1_81' title="bbox 978 1806 1771 1842; baseline -0.003 -8"><span class='ocrx_word' id='word_1_565' title='bbox 978 1814 1009 1834; x_wconf 88' lang='lat' dir='ltr'><strong>se</strong></span> <span class='ocrx_word' id='word_1_566' title='bbox 1038 1806 1113 1834; x_wconf 90' lang='lat' dir='ltr'><strong>coire</strong></span> <span class='ocrx_word' id='word_1_567' title='bbox 1134 1815 1184 1834; x_wconf 90' lang='lat' dir='ltr'><strong>nec</strong></span> <span class='ocrx_word' id='word_1_568' title='bbox 1214 1806 1433 1842; x_wconf 78' lang='lat' dir='ltr'><strong>contemplanda:</strong></span> <span class='ocrx_word' id='word_1_569' title='bbox 1457 1806 1622 1834; x_wconf 87' lang='lat' dir='ltr'><strong>irruentium</strong></span> <span class='ocrx_word' id='word_1_570' title='bbox 1650 1807 1771 1834; x_wconf 81' lang='lat' dir='ltr'><strong>hostium</strong></span> 
     </span>
    </p>
   </div>
   <div class='ocr_carea' id='block_1_82' title="bbox 977 1851 1772 1887">
    <p class='ocr_par' dir='ltr' id='par_1_82' title="bbox 977 1851 1772 1887">
     <span class='ocr_line' id='line_1_82' title="bbox 977 1851 1772 1887; baseline -0.001 -8"><span class='ocrx_word' id='word_1_571' title='bbox 977 1851 1162 1880; x_wconf 86' lang='lat' dir='ltr'><strong>multitudinis</strong></span> <span class='ocrx_word' id='word_1_572' title='bbox 1179 1857 1287 1887; x_wconf 86' lang='lat' dir='ltr'><strong>tempus</strong></span> <span class='ocrx_word' id='word_1_573' title='bbox 1313 1852 1424 1884; x_wconf 81' lang='lat' dir='ltr'><strong>habere,</strong></span> <span class='ocrx_word' id='word_1_574' title='bbox 1446 1859 1535 1887; x_wconf 91' lang='lat' dir='ltr'><strong>neque</strong></span> <span class='ocrx_word' id='word_1_575' title='bbox 1552 1852 1666 1879; x_wconf 90' lang='lat' dir='ltr'><strong>omnino</strong></span> <span class='ocrx_word' id='word_1_576' title='bbox 1693 1852 1772 1886; x_wconf 85' lang='lat' dir='ltr'><strong>quid-</strong></span> 
     </span>
    </p>
   </div>
   <div class='ocr_carea' id='block_1_83' title="bbox 977 1898 1770 1933">
    <p class='ocr_par' dir='ltr' id='par_1_83' title="bbox 977 1898 1770 1933">
     <span class='ocr_line' id='line_1_83' title="bbox 977 1898 1770 1933; baseline 0 -8"><span class='ocrx_word' id='word_1_577' title='bbox 977 1906 1061 1933; x_wconf 84' lang='lat' dir='ltr'><strong>quam</strong></span> <span class='ocrx_word' id='word_1_578' title='bbox 1079 1899 1200 1926; x_wconf 88' lang='lat' dir='ltr'><strong>salutare</strong></span> <span class='ocrx_word' id='word_1_579' title='bbox 1221 1899 1368 1926; x_wconf 84' lang='lat' dir='ltr'><strong>consulere</strong></span> <span class='ocrx_word' id='word_1_580' title='bbox 1394 1906 1486 1933; x_wconf 86' lang='lat' dir='ltr'><strong>posse.</strong></span> <span class='ocrx_word' id='word_1_581' title='bbox 1501 1898 1548 1926; x_wconf 88' lang='lat' dir='ltr'><strong>sed</strong></span> <span class='ocrx_word' id='word_1_582' title='bbox 1565 1898 1634 1933; x_wconf 60' lang='lat' dir='ltr'><strong>fugae</strong></span> <span class='ocrx_word' id='word_1_583' title='bbox 1648 1906 1677 1926; x_wconf 90' lang='lat' dir='ltr'><strong>se</strong></span> <span class='ocrx_word' id='word_1_584' title='bbox 1692 1899 1770 1931; x_wconf 85' lang='lat' dir='ltr'><strong>dare,</strong></span> 
     </span>
    </p>
   </div>
   <div class='ocr_carea' id='block_1_84' title="bbox 977 1943 1772 1979">
    <p class='ocr_par' dir='ltr' id='par_1_84' title="bbox 977 1943 1772 1979">
     <span class='ocr_line' id='line_1_84' title="bbox 977 1943 1772 1979; baseline -0.001 -8"><span class='ocrx_word' id='word_1_585' title='bbox 977 1944 1154 1979; x_wconf 84' lang='lat' dir='ltr'><strong>imperatoris</strong></span> <span class='ocrx_word' id='word_1_586' title='bbox 1172 1951 1287 1978; x_wconf 90' lang='lat' dir='ltr'><strong>prorsus</strong></span> <span class='ocrx_word' id='word_1_587' title='bbox 1302 1943 1415 1971; x_wconf 82' lang='lat' dir='ltr'><strong>assidua</strong></span> <span class='ocrx_word' id='word_1_588' title='bbox 1442 1944 1476 1970; x_wconf 87' lang='lat' dir='ltr'><strong>ad</strong></span> <span class='ocrx_word' id='word_1_589' title='bbox 1500 1943 1585 1971; x_wconf 88' lang='lat' dir='ltr'><strong>Deum</strong></span> <span class='ocrx_word' id='word_1_590' title='bbox 1613 1945 1772 1978; x_wconf 81' lang='lat' dir='ltr'><strong>precatione</strong></span> 
     </span>
    </p>
   </div>
   <div class='ocr_carea' id='block_1_85' title="bbox 977 1989 1771 2026">
    <p class='ocr_par' dir='ltr' id='par_1_85' title="bbox 977 1989 1771 2026">
     <span class='ocr_line' id='line_1_85' title="bbox 977 1989 1771 2026; baseline -0.004 -8"><span class='ocrx_word' id='word_1_591' title='bbox 977 1998 1026 2018; x_wconf 86' lang='lat' dir='ltr'><strong>eos</strong></span> <span class='ocrx_word' id='word_1_592' title='bbox 1041 1994 1211 2026; x_wconf 89' lang='lat' dir='ltr'><strong>perterrente</strong></span> <span class='ocrx_word' id='word_1_593' title='bbox 1226 1996 1307 2024; x_wconf 84' lang='lat' dir='ltr'><strong>atque</strong></span> <span class='ocrx_word' id='word_1_594' title='bbox 1322 1990 1349 2016; x_wconf 95' lang='lat' dir='ltr'><strong>in</strong></span> <span class='ocrx_word' id='word_1_595' title='bbox 1364 1989 1505 2017; x_wconf 86' lang='lat' dir='ltr'><strong>interitum</strong></span> <span class='ocrx_word' id='word_1_596' title='bbox 1520 1989 1698 2024; x_wconf 84' lang='lat' dir='ltr'><strong>propellente.</strong></span> <span class='ocrx_word' id='word_1_597' title='bbox 1717 1989 1771 2015; x_wconf 82' lang='lat' dir='ltr'><strong>Ro-</strong></span> 
     </span>
    </p>
   </div>
   <div class='ocr_carea' id='block_1_86' title="bbox 977 2033 1771 2072">
    <p class='ocr_par' dir='ltr' id='par_1_86' title="bbox 977 2033 1771 2072">
     <span class='ocr_line' id='line_1_86' title="bbox 977 2033 1771 2072; baseline -0.003 -10"><span class='ocrx_word' id='word_1_598' title='bbox 977 2036 1066 2062; x_wconf 88' lang='lat' dir='ltr'><strong>manis</strong></span> <span class='ocrx_word' id='word_1_599' title='bbox 1096 2036 1188 2069; x_wconf 86' lang='lat' dir='ltr'><strong>itaque</strong></span> <span class='ocrx_word' id='word_1_600' title='bbox 1216 2033 1436 2072; x_wconf 75' lang='lat' dir='ltr'><strong>insequentibus,</strong></span> <span class='ocrx_word' id='word_1_601' title='bbox 1465 2033 1650 2068; x_wconf 85' lang='lat' dir='ltr'><strong>absentesque</strong></span> <span class='ocrx_word' id='word_1_602' title='bbox 1685 2034 1771 2061; x_wconf 86' lang='lat' dir='ltr'><strong>duces</strong></span> 
     </span>
    </p>
   </div>
   <div class='ocr_carea' id='block_1_87' title="bbox 975 2079 1771 2116">
    <p class='ocr_par' dir='ltr' id='par_1_87' title="bbox 975 2079 1771 2116">
     <span class='ocr_line' id='line_1_87' title="bbox 975 2079 1771 2116; baseline -0.005 -7"><span class='ocrx_word' id='word_1_603' title='bbox 975 2088 1059 2116; x_wconf 87' lang='lat' dir='ltr'><strong>atque</strong></span> <span class='ocrx_word' id='word_1_604' title='bbox 1075 2081 1187 2108; x_wconf 85' lang='lat' dir='ltr'><strong>ordines</strong></span> <span class='ocrx_word' id='word_1_605' title='bbox 1199 2080 1358 2115; x_wconf 83' lang='lat' dir='ltr'><strong>scholisque</strong></span> <span class='ocrx_word' id='word_1_606' title='bbox 1372 2079 1532 2115; x_wconf 61' lang='lat' dir='ltr'><strong>praefectum</strong></span> <span class='ocrx_word' id='word_1_607' title='bbox 1548 2079 1678 2107; x_wconf 84' lang='lat' dir='ltr'><strong>continue</strong></span> <span class='ocrx_word' id='word_1_608' title='bbox 1693 2087 1771 2106; x_wconf 72' lang='lat' dir='ltr'><strong>com-</strong></span> 
     </span>
    </p>
   </div>
   <div class='ocr_carea' id='block_1_88' title="bbox 977 2126 1771 2165">
    <p class='ocr_par' dir='ltr' id='par_1_88' title="bbox 977 2126 1771 2165">
     <span class='ocr_line' id='line_1_88' title="bbox 977 2126 1771 2165; baseline -0.004 -9"><span class='ocrx_word' id='word_1_609' title='bbox 977 2129 1152 2165; x_wconf 80' lang='lat' dir='ltr'><strong>pellantibus,</strong></span> <span class='ocrx_word' id='word_1_610' title='bbox 1168 2128 1241 2156; x_wconf 88' lang='lat' dir='ltr'><strong>sicut</strong></span> <span class='ocrx_word' id='word_1_611' title='bbox 1257 2127 1346 2155; x_wconf 88' lang='lat' dir='ltr'><strong>fuerat</strong></span> <span class='ocrx_word' id='word_1_612' title='bbox 1367 2132 1546 2162; x_wconf 64' lang='lat' dir='ltr'><strong>praereptum,</strong></span> <span class='ocrx_word' id='word_1_613' title='bbox 1563 2130 1644 2154; x_wconf 87' lang='lat' dir='ltr'><strong>aucto</strong></span> <span class='ocrx_word' id='word_1_614' title='bbox 1664 2126 1771 2160; x_wconf 67' lang='lat' dir='ltr'><strong>fugien—</strong></span> 
     </span>
    </p>
   </div>
   <div class='ocr_carea' id='block_1_89' title="bbox 978 2173 1772 2210">
    <p class='ocr_par' dir='ltr' id='par_1_89' title="bbox 978 2173 1772 2210">
     <span class='ocr_line' id='line_1_89' title="bbox 978 2173 1772 2210; baseline -0.003 -7"><span class='ocrx_word' id='word_1_615' title='bbox 978 2176 1045 2203; x_wconf 89' lang='lat' dir='ltr'><strong>tium</strong></span> <span class='ocrx_word' id='word_1_616' title='bbox 1072 2181 1174 2210; x_wconf 84' lang='lat' dir='ltr'><strong>pavore</strong></span> <span class='ocrx_word' id='word_1_617' title='bbox 1203 2181 1237 2201; x_wconf 87' lang='lat' dir='ltr'><strong>ac</strong></span> <span class='ocrx_word' id='word_1_618' title='bbox 1256 2173 1374 2200; x_wconf 90' lang='lat' dir='ltr'><strong>tumultu</strong></span> <span class='ocrx_word' id='word_1_619' title='bbox 1404 2174 1437 2200; x_wconf 85' lang='lat' dir='ltr'><strong>ad</strong></span> <span class='ocrx_word' id='word_1_620' title='bbox 1466 2173 1636 2208; x_wconf 78' lang='lat' dir='ltr'><strong>trigesimum</strong></span> <span class='ocrx_word' id='word_1_621' title='bbox 1655 2173 1772 2201; x_wconf 86' lang='lat' dir='ltr'><strong>milliare</strong></span> 
     </span>
    </p>
   </div>
   <div class='ocr_carea' id='block_1_90' title="bbox 977 2219 1773 2256">
    <p class='ocr_par' dir='ltr' id='par_1_90' title="bbox 977 2219 1773 2256">
     <span class='ocr_line' id='line_1_90' title="bbox 977 2219 1773 2256; baseline -0.003 -8"><span class='ocrx_word' id='word_1_622' title='bbox 977 2224 1195 2256; x_wconf 88' lang='lat' dir='ltr'><strong>persequuntur,</strong></span> <span class='ocrx_word' id='word_1_623' title='bbox 1208 2219 1441 2255; x_wconf 84' lang='lat' dir='ltr'><strong>interjectumque</strong></span> <span class='ocrx_word' id='word_1_624' title='bbox 1453 2220 1574 2255; x_wconf 87' lang='lat' dir='ltr'><strong>spatium</strong></span> <span class='ocrx_word' id='word_1_625' title='bbox 1589 2219 1773 2247; x_wconf 79' lang='lat' dir='ltr'><strong>cadaveribus</strong></span> 
     </span>
    </p>
   </div>
   <div class='ocr_carea' id='block_1_91' title="bbox 978 2271 1172 2296">
    <p class='ocr_par' dir='ltr' id='par_1_91' title="bbox 978 2271 1172 2296">
     <span class='ocr_line' id='line_1_91' title="bbox 978 2271 1172 2296; baseline -0.005 0"><span class='ocrx_word' id='word_1_626' title='bbox 978 2271 1172 2296; x_wconf 85' lang='lat' dir='ltr'><strong>consternunt.</strong></span> 
     </span>
    </p>
   </div>
   <div class='ocr_carea' id='block_1_92' title="bbox 133 2308 1772 2351">
    <p class='ocr_par' dir='ltr' id='par_1_92' title="bbox 133 2308 1772 2351">
     <span class='ocr_line' id='line_1_92' title="bbox 133 2308 1772 2351; baseline 0.001 -13"><span class='ocrx_word' id='word_1_627' title='bbox 133 2313 173 2343; x_wconf 88' lang='grc' dir='ltr'><strong>είς</strong></span> <span class='ocrx_word' id='word_1_628' title='bbox 188 2312 300 2339; x_wconf 80' lang='grc' dir='ltr'>πλείονα</span> <span class='ocrx_word' id='word_1_629' title='bbox 313 2313 396 2348; x_wconf 72' lang='grc' dir='ltr'>φόϐον</span> <span class='ocrx_word' id='word_1_630' title='bbox 412 2314 648 2350; x_wconf 83' lang='grc' dir='ltr'>συνελαυνομένων</span> <span class='ocrx_word' id='word_1_631' title='bbox 661 2315 709 2342; x_wconf 78' lang='grc' dir='ltr'>καὶ</span> <span class='ocrx_word' id='word_1_632' title='bbox 724 2315 857 2351; x_wconf 81' lang='grc' dir='ltr'>ταραχὴν,</span> <span class='ocrx_word' id='word_1_633' title='bbox 874 2315 974 2351; x_wconf 72' lang='grc' dir='ltr'>συνέϐη</span> <span class='ocrx_word' id='word_1_634' title='bbox 991 2315 1074 2351; x_wconf 80' lang='grc' dir='ltr'>μέχρι</span> <span class='ocrx_word' id='word_1_635' title='bbox 1088 2314 1186 2350; x_wconf 84' lang='grc' dir='ltr'>μιλίων</span> <span class='ocrx_word' id='word_1_636' title='bbox 1205 2314 1359 2349; x_wconf 86' lang='grc' dir='ltr'>τριάκοντα</span> <span class='ocrx_word' id='word_1_637' title='bbox 1385 2308 1513 2346; x_wconf 73' lang='grc' dir='ltr'>γενέσθαι</span> <span class='ocrx_word' id='word_1_638' title='bbox 1536 2313 1587 2348; x_wconf 84' lang='grc' dir='ltr'>τὴν</span> <span class='ocrx_word' id='word_1_639' title='bbox 1609 2313 1700 2346; x_wconf 79' lang='grc' dir='ltr'>δίωξιν</span> <span class='ocrx_word' id='word_1_640' title='bbox 1726 2309 1772 2340; x_wconf 58' lang='grc' dir='ltr'>καὶ</span> 
     </span>
    </p>
   </div>
   <div class='ocr_carea' id='block_1_93' title="bbox 133 2358 992 2397">
    <p class='ocr_par' dir='ltr' id='par_1_93' title="bbox 133 2358 992 2397">
     <span class='ocr_line' id='line_1_93' title="bbox 133 2358 992 2397; baseline 0.006 -13"><span class='ocrx_word' id='word_1_641' title='bbox 133 2358 178 2384; x_wconf 70' lang='grc' dir='ltr'>τὸν</span> <span class='ocrx_word' id='word_1_642' title='bbox 211 2359 315 2393; x_wconf 73' lang='grc' dir='ltr'>μεταξὺ</span> <span class='ocrx_word' id='word_1_643' title='bbox 346 2361 435 2396; x_wconf 82' lang='grc' dir='ltr'>χῶρον</span> <span class='ocrx_word' id='word_1_644' title='bbox 460 2360 585 2396; x_wconf 79' lang='grc' dir='ltr'>ἀπείροις</span> <span class='ocrx_word' id='word_1_645' title='bbox 614 2361 842 2397; x_wconf 76' lang='grc' dir='ltr'>καταστρωθῆναι</span> <span class='ocrx_word' id='word_1_646' title='bbox 874 2363 992 2397; x_wconf 85' lang='grc' dir='ltr'>νεκροῖς.</span> 
     </span>
    </p>
   </div>
   <div class='ocr_carea' id='block_1_94' title="bbox 169 2404 963 2444">
    <p class='ocr_par' dir='ltr' id='par_1_94' title="bbox 169 2404 963 2444">
     <span class='ocr_line' id='line_1_94' title="bbox 169 2404 963 2444; baseline 0.005 -13"><span class='ocrx_word' id='word_1_647' title='bbox 169 2404 226 2440; x_wconf 88' lang='grc' dir='ltr'>μγ’.</span> <span class='ocrx_word' id='word_1_648' title='bbox 239 2406 304 2432; x_wconf 88' lang='grc' dir='ltr'><strong>Ὅτε</strong></span> <span class='ocrx_word' id='word_1_649' title='bbox 317 2406 365 2432; x_wconf 77' lang='grc' dir='ltr'>καὶ</span> <span class='ocrx_word' id='word_1_650' title='bbox 380 2407 426 2434; x_wconf 82' lang='grc' dir='ltr'><strong>τὸν</strong></span> <span class='ocrx_word' id='word_1_651' title='bbox 438 2407 534 2442; x_wconf 81' lang='grc' dir='ltr'>ἀναιδῆ</span> <span class='ocrx_word' id='word_1_652' title='bbox 549 2408 596 2435; x_wconf 76' lang='grc' dir='ltr'>καὶ</span> <span class='ocrx_word' id='word_1_653' title='bbox 610 2408 713 2443; x_wconf 77' lang='grc' dir='ltr'>θρασὺν</span> <span class='ocrx_word' id='word_1_654' title='bbox 728 2409 833 2435; x_wconf 80' lang='grc' dir='ltr'>ἐκεῖνον</span> <span class='ocrx_word' id='word_1_655' title='bbox 848 2409 922 2444; x_wconf 80' lang='grc' dir='ltr'>Χρυ-</span> <span class='ocrx_word' id='word_1_656' title='bbox 935 2410 963 2440; x_wconf 85' lang='grc' dir='ltr'><strong>Ι)</strong></span> 
     </span>
    </p>
   </div>
   <div class='ocr_carea' id='block_1_95' title="bbox 134 2452 924 2491">
    <p class='ocr_par' dir='ltr' id='par_1_95' title="bbox 134 2452 924 2491">
     <span class='ocr_line' id='line_1_95' title="bbox 134 2452 924 2491; baseline 0.005 -13"><span class='ocrx_word' id='word_1_657' title='bbox 134 2453 246 2488; x_wconf 74' lang='grc' dir='ltr'>σόχειρι</span> <span class='ocrx_word' id='word_1_658' title='bbox 256 2452 375 2487; x_wconf 81' lang='grc' dir='ltr'>λέγεται,</span> <span class='ocrx_word' id='word_1_659' title='bbox 400 2454 450 2480; x_wconf 74' lang='grc' dir='ltr'>σὺν</span> <span class='ocrx_word' id='word_1_660' title='bbox 460 2454 562 2488; x_wconf 74' lang='grc' dir='ltr'>ὀλίγοις</span> <span class='ocrx_word' id='word_1_661' title='bbox 575 2455 710 2488; x_wconf 84' lang='grc' dir='ltr'>φεύγοντα</span> <span class='ocrx_word' id='word_1_662' title='bbox 729 2455 783 2482; x_wconf 79' lang='grc' dir='ltr'><strong>τῶν</strong></span> <span class='ocrx_word' id='word_1_663' title='bbox 798 2456 864 2491; x_wconf 75' lang='grc' dir='ltr'>περὶ</span> <span class='ocrx_word' id='word_1_664' title='bbox 874 2456 924 2482; x_wconf 82' lang='grc' dir='ltr'><strong>αὺ-</strong></span> 
     </span>
    </p>
   </div>
   <div class='ocr_carea' id='block_1_96' title="bbox 133 2498 924 2537">
    <p class='ocr_par' dir='ltr' id='par_1_96' title="bbox 133 2498 924 2537">
     <span class='ocr_line' id='line_1_96' title="bbox 133 2498 924 2537; baseline 0.004 -12"><span class='ocrx_word' id='word_1_665' title='bbox 133 2498 188 2530; x_wconf 74' lang='grc' dir='ltr'>τὸν,</span> <span class='ocrx_word' id='word_1_666' title='bbox 202 2499 431 2527; x_wconf 77' lang='grc' dir='ltr'>ἐπικαταδιὼκειν</span> <span class='ocrx_word' id='word_1_667' title='bbox 450 2499 593 2535; x_wconf 82' lang='grc' dir='ltr'>Ῥωμαίων</span> <span class='ocrx_word' id='word_1_668' title='bbox 605 2501 630 2517; x_wconf 80' lang='grc'><strong>⁹¹</strong></span> <span class='ocrx_word' id='word_1_669' title='bbox 645 2501 717 2534; x_wconf 78' lang='grc' dir='ltr'>τινὰ,</span> <span class='ocrx_word' id='word_1_670' title='bbox 736 2501 768 2528; x_wconf 78' lang='grc' dir='ltr'><strong>τὺ</strong></span> <span class='ocrx_word' id='word_1_671' title='bbox 784 2501 924 2537; x_wconf 83' lang='grc' dir='ltr'>Πουλάδην</span> 
     </span>
    </p>
   </div>
   <div class='ocr_carea' id='block_1_97' title="bbox 134 2544 924 2583">
    <p class='ocr_par' dir='ltr' id='par_1_97' title="bbox 134 2544 924 2583">
     <span class='ocr_line' id='line_1_97' title="bbox 134 2544 924 2583; baseline 0.004 -12"><span class='ocrx_word' id='word_1_672' title='bbox 134 2544 311 2581; x_wconf 78' lang='grc' dir='ltr'>παρωνύμιον</span> <span class='ocrx_word' id='word_1_673' title='bbox 323 2545 451 2581; x_wconf 84' lang='grc' dir='ltr'>φέροντα,</span> <span class='ocrx_word' id='word_1_674' title='bbox 470 2546 499 2572; x_wconf 85' lang='grc' dir='ltr'><strong>ὃν</strong></span> <span class='ocrx_word' id='word_1_675' title='bbox 509 2546 610 2581; x_wconf 87' lang='grc' dir='ltr'>συνέϐη</span> <span class='ocrx_word' id='word_1_676' title='bbox 625 2546 691 2573; x_wconf 86' lang='grc' dir='ltr'>ποτὲ</span> <span class='ocrx_word' id='word_1_677' title='bbox 703 2547 775 2574; x_wconf 84' lang='grc' dir='ltr'>κατὰ</span> <span class='ocrx_word' id='word_1_678' title='bbox 785 2547 924 2583; x_wconf 82' lang='grc' dir='ltr'>Τεφρικὴν</span> 
     </span>
    </p>
   </div>
   <div class='ocr_carea' id='block_1_98' title="bbox 134 2592 926 2628">
    <p class='ocr_par' dir='ltr' id='par_1_98' title="bbox 134 2592 926 2628">
     <span class='ocr_line' id='line_1_98' title="bbox 134 2592 926 2628; baseline 0.004 -11"><span class='ocrx_word' id='word_1_679' title='bbox 134 2592 265 2625; x_wconf 76' lang='grc' dir='ltr'>γεγονότα</span> <span class='ocrx_word' id='word_1_680' title='bbox 279 2592 452 2626; x_wconf 73' lang='grc' dir='ltr'>αἰχμάλωτον</span> <span class='ocrx_word' id='word_1_681' title='bbox 466 2592 510 2620; x_wconf 86' lang='grc' dir='ltr'>διὰ</span> <span class='ocrx_word' id='word_1_682' title='bbox 523 2593 555 2619; x_wconf 85' lang='grc' dir='ltr'>τὸ</span> <span class='ocrx_word' id='word_1_683' title='bbox 568 2593 716 2628; x_wconf 81' lang='grc' dir='ltr'>ἀστεϊσμοῦ</span> <span class='ocrx_word' id='word_1_684' title='bbox 731 2592 854 2628; x_wconf 79' lang='grc' dir='ltr'>μετέχειν</span> <span class='ocrx_word' id='word_1_685' title='bbox 877 2593 926 2620; x_wconf 75' lang='grc' dir='ltr'>καὶ</span> 
     </span>
    </p>
   </div>
   <div class='ocr_carea' id='block_1_99' title="bbox 133 2638 923 2675">
    <p class='ocr_par' dir='ltr' id='par_1_99' title="bbox 133 2638 923 2675">
     <span class='ocr_line' id='line_1_99' title="bbox 133 2638 923 2675; baseline 0.003 -11"><span class='ocrx_word' id='word_1_686' title='bbox 133 2639 243 2673; x_wconf 77' lang='grc' dir='ltr'>χάριτος</span> <span class='ocrx_word' id='word_1_687' title='bbox 257 2639 359 2674; x_wconf 76' lang='grc' dir='ltr'>συνήθη</span> <span class='ocrx_word' id='word_1_688' title='bbox 368 2639 415 2666; x_wconf 73' lang='grc' dir='ltr'>καὶ</span> <span class='ocrx_word' id='word_1_689' title='bbox 424 2638 563 2675; x_wconf 80' lang='grc' dir='ltr'>γνώριμον</span> <span class='ocrx_word' id='word_1_690' title='bbox 570 2639 740 2674; x_wconf 73' lang='grc' dir='ltr'>χρηματίσαι</span> <span class='ocrx_word' id='word_1_691' title='bbox 749 2639 923 2674; x_wconf 86' lang='grc' dir='ltr'>Χρυσόχειρι.</span> 
     </span>
    </p>
   </div>
   <div class='ocr_carea' id='block_1_100' title="bbox 137 2679 925 2722">
    <p class='ocr_par' dir='ltr' id='par_1_100' title="bbox 137 2679 925 2722">
     <span class='ocr_line' id='line_1_100' title="bbox 137 2679 925 2722; baseline 0 -10"><span class='ocrx_word' id='word_1_692' title='bbox 137 2686 184 2712; x_wconf 80' lang='grc' dir='ltr'>Ὃν</span> <span class='ocrx_word' id='word_1_693' title='bbox 198 2685 261 2712; x_wconf 84' lang='grc' dir='ltr'>ίδὼν</span> <span class='ocrx_word' id='word_1_694' title='bbox 291 2687 305 2713; x_wconf 87' lang='grc' dir='ltr'><strong>ό</strong></span> <span class='ocrx_word' id='word_1_695' title='bbox 322 2686 460 2722; x_wconf 80' lang='grc' dir='ltr'>βάρϐαρος</span> <span class='ocrx_word' id='word_1_696' title='bbox 481 2687 542 2713; x_wconf 83' lang='grc' dir='ltr'>τότε</span> <span class='ocrx_word' id='word_1_697' title='bbox 566 2686 624 2722; x_wconf 82' lang='grc' dir='ltr'>μετ’</span> <span class='ocrx_word' id='word_1_698' title='bbox 652 2679 857 2721; x_wconf 65' lang='grc' dir='ltr'>ἐνθουσιασμοῦ</span> <span class='ocrx_word' id='word_1_699' title='bbox 878 2686 925 2713; x_wconf 78' lang='grc' dir='ltr'>καὶ</span> 
     </span>
    </p>
   </div>
   <div class='ocr_carea' id='block_1_101' title="bbox 135 2732 922 2768">
    <p class='ocr_par' dir='ltr' id='par_1_101' title="bbox 135 2732 922 2768">
     <span class='ocr_line' id='line_1_101' title="bbox 135 2732 922 2768; baseline 0 -10"><span class='ocrx_word' id='word_1_700' title='bbox 135 2732 289 2767; x_wconf 76' lang='grc' dir='ltr'>προθυμίας</span> <span class='ocrx_word' id='word_1_701' title='bbox 315 2732 459 2765; x_wconf 79' lang='grc' dir='ltr'>διώκοντα,</span> <span class='ocrx_word' id='word_1_702' title='bbox 489 2733 680 2768; x_wconf 70' lang='grc' dir='ltr'>ἐπιστραφεὶς,</span> <span class='ocrx_word' id='word_1_703' title='bbox 710 2733 741 2759; x_wconf 83' lang='grc' dir='ltr'>Τί</span> <span class='ocrx_word' id='word_1_704' title='bbox 757 2739 818 2764; x_wconf 86' lang='grc' dir='ltr'>σοι,</span> <span class='ocrx_word' id='word_1_705' title='bbox 845 2732 922 2768; x_wconf 78' lang='grc' dir='ltr'>φησὶ,</span> 
     </span>
    </p>
   </div>
   <div class='ocr_carea' id='block_1_102' title="bbox 135 2777 924 2814">
    <p class='ocr_par' dir='ltr' id='par_1_102' title="bbox 135 2777 924 2814">
     <span class='ocr_line' id='line_1_102' title="bbox 135 2777 924 2814; baseline 0.001 -10"><span class='ocrx_word' id='word_1_706' title='bbox 135 2779 238 2811; x_wconf 62' lang='grc' dir='ltr'><strong>καλὸν,</strong></span> <span class='ocrx_word' id='word_1_707' title='bbox 251 2777 276 2806; x_wconf 84' lang='grc' dir='ltr'>ὦ</span> <span class='ocrx_word' id='word_1_708' title='bbox 289 2779 385 2813; x_wconf 68' lang='grc' dir='ltr'>ἄθλιε,</span> <span class='ocrx_word' id='word_1_709' title='bbox 414 2779 632 2814; x_wconf 76' lang='grc' dir='ltr'>διεπραξάμην.</span> <span class='ocrx_word' id='word_1_710' title='bbox 657 2779 810 2813; x_wconf 76' lang='grc' dir='ltr'>Πουλάὸη,</span> <span class='ocrx_word' id='word_1_711' title='bbox 826 2778 871 2805; x_wconf 83' lang='grc' dir='ltr'>ὅτι</span> <span class='ocrx_word' id='word_1_712' title='bbox 886 2787 924 2813; x_wconf 81' lang='grc' dir='ltr'><strong>με</strong></span> 
     </span>
    </p>
   </div>
   <div class='ocr_carea' id='block_1_103' title="bbox 136 2824 923 2861">
    <p class='ocr_par' dir='ltr' id='par_1_103' title="bbox 136 2824 923 2861">
     <span class='ocr_line' id='line_1_103' title="bbox 136 2824 923 2861; baseline 0.001 -10"><span class='ocrx_word' id='word_1_713' title='bbox 136 2825 211 2852; x_wconf 78' lang='grc' dir='ltr'>οὕτω</span> <span class='ocrx_word' id='word_1_714' title='bbox 225 2825 419 2859; x_wconf 73' lang='grc' dir='ltr'>καταδιώκεις</span> <span class='ocrx_word' id='word_1_715' title='bbox 445 2825 600 2861; x_wconf 84' lang='grc' dir='ltr'>μανιωδῶς</span> <span class='ocrx_word' id='word_1_716' title='bbox 627 2825 778 2860; x_wconf 78' lang='grc' dir='ltr'>ἐπιθυμῶν</span> <span class='ocrx_word' id='word_1_717' title='bbox 800 2824 923 2852; x_wconf 77' lang='grc' dir='ltr'><strong>ἀνελεῖν</strong></span> 
     </span>
    </p>
   </div>
   <div class='ocr_carea' id='block_1_104' title="bbox 1010 2405 1771 2440">
    <p class='ocr_par' dir='ltr' id='par_1_104' title="bbox 1010 2405 1771 2440">
     <span class='ocr_line' id='line_1_104' title="bbox 1010 2405 1771 2440; baseline -0.004 -4"><span class='ocrx_word' id='word_1_718' title='bbox 1010 2409 1056 2436; x_wconf 75' lang='grc'><strong>43.</strong></span> <span class='ocrx_word' id='word_1_719' title='bbox 1075 2407 1149 2434; x_wconf 84' lang='lat' dir='ltr'><strong>Inter</strong></span> <span class='ocrx_word' id='word_1_720' title='bbox 1162 2407 1220 2434; x_wconf 65' lang='lat' dir='ltr'><strong>haec</strong></span> <span class='ocrx_word' id='word_1_721' title='bbox 1236 2407 1325 2434; x_wconf 81' lang='lat' dir='ltr'><strong>etiam</strong></span> <span class='ocrx_word' id='word_1_722' title='bbox 1339 2405 1524 2440; x_wconf 83' lang='lat' dir='ltr'><strong>impudentem</strong></span> <span class='ocrx_word' id='word_1_723' title='bbox 1540 2405 1729 2440; x_wconf 83' lang='lat' dir='ltr'><strong>audacemque</strong></span> <span class='ocrx_word' id='word_1_724' title='bbox 1741 2407 1771 2433; x_wconf 92' lang='lat' dir='ltr'><strong>il-</strong></span> 
     </span>
    </p>
   </div>
   <div class='ocr_carea' id='block_1_105' title="bbox 975 2452 1771 2490">
    <p class='ocr_par' dir='ltr' id='par_1_105' title="bbox 975 2452 1771 2490">
     <span class='ocr_line' id='line_1_105' title="bbox 975 2452 1771 2490; baseline -0.004 -8"><span class='ocrx_word' id='word_1_725' title='bbox 975 2456 1032 2482; x_wconf 91' lang='lat' dir='ltr'><strong>lum</strong></span> <span class='ocrx_word' id='word_1_726' title='bbox 1048 2454 1272 2490; x_wconf 86' lang='lat' dir='ltr'><strong>Chrysochirem,</strong></span> <span class='ocrx_word' id='word_1_727' title='bbox 1286 2461 1349 2480; x_wconf 88' lang='lat' dir='ltr'><strong>cum</strong></span> <span class='ocrx_word' id='word_1_728' title='bbox 1368 2453 1465 2488; x_wconf 81' lang='lat' dir='ltr'><strong>paucis</strong></span> <span class='ocrx_word' id='word_1_729' title='bbox 1478 2460 1593 2480; x_wconf 89' lang='lat' dir='ltr'><strong>suorum</strong></span> <span class='ocrx_word' id='word_1_730' title='bbox 1610 2452 1771 2487; x_wconf 80' lang='lat' dir='ltr'><strong>fugientem,</strong></span> 
     </span>
    </p>
   </div>
   <div class='ocr_carea' id='block_1_106' title="bbox 977 2498 1771 2535">
    <p class='ocr_par' dir='ltr' id='par_1_106' title="bbox 977 2498 1771 2535">
     <span class='ocr_line' id='line_1_106' title="bbox 977 2498 1771 2535; baseline -0.004 -7"><span class='ocrx_word' id='word_1_731' title='bbox 977 2501 1166 2528; x_wconf 76' lang='lat' dir='ltr'><strong>Romanorum</strong></span> <span class='ocrx_word' id='word_1_732' title='bbox 1182 2500 1340 2535; x_wconf 82' lang='lat' dir='ltr'><strong>quemdam,</strong></span> <span class='ocrx_word' id='word_1_733' title='bbox 1356 2503 1538 2534; x_wconf 69' lang='lat' dir='ltr'><strong>cognomento</strong></span> <span class='ocrx_word' id='word_1_734' title='bbox 1551 2498 1692 2529; x_wconf 83' lang='lat' dir='ltr'><strong>Puladem.</strong></span> <span class='ocrx_word' id='word_1_735' title='bbox 1709 2505 1771 2533; x_wconf 74' lang='lat' dir='ltr'><strong>per&quot;-</strong></span> 
     </span>
    </p>
   </div>
   <div class='ocr_carea' id='block_1_107' title="bbox 976 2545 1772 2582">
    <p class='ocr_par' dir='ltr' id='par_1_107' title="bbox 976 2545 1772 2582">
     <span class='ocr_line' id='line_1_107' title="bbox 976 2545 1772 2582; baseline -0.005 -7"><span class='ocrx_word' id='word_1_736' title='bbox 976 2553 1102 2576; x_wconf 87' lang='lat' dir='ltr'><strong>secutum</strong></span> <span class='ocrx_word' id='word_1_737' title='bbox 1119 2547 1220 2580; x_wconf 89' lang='lat' dir='ltr'><strong>ferunt,</strong></span> <span class='ocrx_word' id='word_1_738' title='bbox 1236 2547 1283 2582; x_wconf 86' lang='lat' dir='ltr'><strong>qui</strong></span> <span class='ocrx_word' id='word_1_739' title='bbox 1299 2546 1444 2581; x_wconf 70' lang='lat' dir='ltr'><strong>Tephrica:</strong></span> <span class='ocrx_word' id='word_1_740' title='bbox 1468 2545 1606 2580; x_wconf 86' lang='lat' dir='ltr'><strong>quondam</strong></span> <span class='ocrx_word' id='word_1_741' title='bbox 1635 2546 1772 2580; x_wconf 86' lang='lat' dir='ltr'><strong>captivus,</strong></span> 
     </span>
    </p>
   </div>
   <div class='ocr_carea' id='block_1_108' title="bbox 978 2591 1771 2629">
    <p class='ocr_par' dir='ltr' id='par_1_108' title="bbox 978 2591 1771 2629">
     <span class='ocr_line' id='line_1_108' title="bbox 978 2591 1771 2629; baseline -0.004 -8"><span class='ocrx_word' id='word_1_742' title='bbox 978 2594 1051 2629; x_wconf 88' lang='lat' dir='ltr'><strong>quod</strong></span> <span class='ocrx_word' id='word_1_743' title='bbox 1066 2593 1180 2621; x_wconf 87' lang='lat' dir='ltr'><strong>festivus</strong></span> <span class='ocrx_word' id='word_1_744' title='bbox 1198 2597 1271 2621; x_wconf 82' lang='lat' dir='ltr'><strong>esset</strong></span> <span class='ocrx_word' id='word_1_745' title='bbox 1285 2601 1318 2620; x_wconf 88' lang='lat' dir='ltr'><strong>ac</strong></span> <span class='ocrx_word' id='word_1_746' title='bbox 1333 2592 1451 2627; x_wconf 83' lang='lat' dir='ltr'><strong>lepidus,</strong></span> <span class='ocrx_word' id='word_1_747' title='bbox 1479 2591 1658 2626; x_wconf 86' lang='lat' dir='ltr'><strong>Chrysocbiri</strong></span> <span class='ocrx_word' id='word_1_748' title='bbox 1693 2591 1771 2618; x_wconf 85' lang='lat' dir='ltr'><strong>inno-</strong></span> 
     </span>
    </p>
   </div>
   <div class='ocr_carea' id='block_1_109' title="bbox 977 2638 1772 2668">
    <p class='ocr_par' dir='ltr' id='par_1_109' title="bbox 977 2638 1772 2668">
     <span class='ocr_line' id='line_1_109' title="bbox 977 2638 1772 2668; baseline -0.005 0"><span class='ocrx_word' id='word_1_749' title='bbox 977 2645 1069 2668; x_wconf 88' lang='lat' dir='ltr'><strong>tuerat</strong></span> <span class='ocrx_word' id='word_1_750' title='bbox 1083 2645 1110 2668; x_wconf 86' lang='lat' dir='ltr'><strong>et</strong></span> <span class='ocrx_word' id='word_1_751' title='bbox 1125 2641 1159 2668; x_wconf 89' lang='lat' dir='ltr'><strong>ab</strong></span> <span class='ocrx_word' id='word_1_752' title='bbox 1172 2648 1205 2668; x_wconf 91' lang='lat' dir='ltr'><strong>eo</strong></span> <span class='ocrx_word' id='word_1_753' title='bbox 1226 2640 1252 2667; x_wconf 92' lang='lat' dir='ltr'><strong>in</strong></span> <span class='ocrx_word' id='word_1_754' title='bbox 1270 2639 1487 2667; x_wconf 86' lang='lat' dir='ltr'><strong>familiaritatem</strong></span> <span class='ocrx_word' id='word_1_755' title='bbox 1516 2638 1606 2668; x_wconf 77' lang='lat' dir='ltr'><strong>fuerat</strong></span> <span class='ocrx_word' id='word_1_756' title='bbox 1623 2638 1772 2666; x_wconf 80' lang='lat' dir='ltr'><strong>admissus.</strong></span> 
     </span>
    </p>
   </div>
   <div class='ocr_carea' id='block_1_110' title="bbox 978 2685 1772 2719">
    <p class='ocr_par' dir='ltr' id='par_1_110' title="bbox 978 2685 1772 2719">
     <span class='ocr_line' id='line_1_110' title="bbox 978 2685 1772 2719; baseline -0.004 -5"><span class='ocrx_word' id='word_1_757' title='bbox 978 2687 1059 2715; x_wconf 83' lang='lat' dir='ltr'><strong>Hunc</strong></span> <span class='ocrx_word' id='word_1_758' title='bbox 1074 2692 1104 2714; x_wconf 87' lang='lat' dir='ltr'><strong>ut</strong></span> <span class='ocrx_word' id='word_1_759' title='bbox 1128 2687 1196 2714; x_wconf 86' lang='lat' dir='ltr'><strong>vidit</strong></span> <span class='ocrx_word' id='word_1_760' title='bbox 1210 2687 1346 2715; x_wconf 79' lang='lat' dir='ltr'><strong>barbarus</strong></span> <span class='ocrx_word' id='word_1_761' title='bbox 1378 2685 1482 2713; x_wconf 87' lang='lat' dir='ltr'><strong>furiose</strong></span> <span class='ocrx_word' id='word_1_762' title='bbox 1512 2685 1654 2719; x_wconf 84' lang='lat' dir='ltr'><strong>alaerique</strong></span> <span class='ocrx_word' id='word_1_763' title='bbox 1678 2685 1772 2712; x_wconf 86' lang='lat' dir='ltr'><strong>animo</strong></span> 
     </span>
    </p>
   </div>
   <div class='ocr_carea' id='block_1_111' title="bbox 977 2731 1787 2769">
    <p class='ocr_par' dir='ltr' id='par_1_111' title="bbox 977 2731 1787 2769">
     <span class='ocr_line' id='line_1_111' title="bbox 977 2731 1787 2769; baseline -0.005 -8"><span class='ocrx_word' id='word_1_764' title='bbox 977 2733 1179 2769; x_wconf 85' lang='lat' dir='ltr'><strong>insequentem,</strong></span> <span class='ocrx_word' id='word_1_765' title='bbox 1203 2740 1354 2761; x_wconf 81' lang='lat' dir='ltr'><strong>conversus</strong></span> <span class='ocrx_word' id='word_1_766' title='bbox 1382 2732 1416 2759; x_wconf 86' lang='lat' dir='ltr'><strong>ad</strong></span> <span class='ocrx_word' id='word_1_767' title='bbox 1442 2739 1528 2759; x_wconf 82' lang='lat' dir='ltr'><strong>eum:</strong></span> <span class='ocrx_word' id='word_1_768' title='bbox 1551 2731 1622 2764; x_wconf 80' lang='lat' dir='ltr'><strong>Quid</strong></span> <span class='ocrx_word' id='word_1_769' title='bbox 1647 2731 1705 2762; x_wconf 73' lang='lat' dir='ltr'><strong>tibi.</strong></span> <span class='ocrx_word' id='word_1_770' title='bbox 1732 2731 1787 2768; x_wconf 55' lang='grc' dir='ltr'>ιιι-ἥ</span> 
     </span>
    </p>
   </div>
   <div class='ocr_carea' id='block_1_112' title="bbox 977 2777 1773 2815">
    <p class='ocr_par' dir='ltr' id='par_1_112' title="bbox 977 2777 1773 2815">
     <span class='ocr_line' id='line_1_112' title="bbox 977 2777 1773 2815; baseline -0.006 -7"><span class='ocrx_word' id='word_1_771' title='bbox 977 2780 1046 2815; x_wconf 88' lang='lat' dir='ltr'><strong>quit,</strong></span> <span class='ocrx_word' id='word_1_772' title='bbox 1058 2779 1130 2807; x_wconf 80' lang='lat' dir='ltr'><strong>‘mali</strong></span> <span class='ocrx_word' id='word_1_773' title='bbox 1147 2779 1206 2815; x_wconf 81' lang='lat' dir='ltr'><strong>feci,</strong></span> <span class='ocrx_word' id='word_1_774' title='bbox 1219 2779 1308 2806; x_wconf 57' lang='lat' dir='ltr'><strong>&#39;miser</strong></span> <span class='ocrx_word' id='word_1_775' title='bbox 1330 2778 1445 2810; x_wconf 79' lang='lat' dir='ltr'><strong>Pulade,</strong></span> <span class='ocrx_word' id='word_1_776' title='bbox 1467 2777 1536 2813; x_wconf 81' lang='lat' dir='ltr'><strong>quod</strong></span> <span class='ocrx_word' id='word_1_777' title='bbox 1563 2777 1601 2804; x_wconf 81' lang='lat' dir='ltr'><strong>sic</strong></span> <span class='ocrx_word' id='word_1_778' title='bbox 1619 2777 1713 2803; x_wconf 71' lang='lat' dir='ltr'><strong>insane</strong></span> <span class='ocrx_word' id='word_1_779' title='bbox 1729 2785 1773 2811; x_wconf 74' lang='lat' dir='ltr'><strong>pe—</strong></span> 
     </span>
    </p>
   </div>
   <div class='ocr_carea' id='block_1_113' title="bbox 977 2822 1774 2861">
    <p class='ocr_par' dir='ltr' id='par_1_113' title="bbox 977 2822 1774 2861">
     <span class='ocr_line' id='line_1_113' title="bbox 977 2822 1774 2861; baseline -0.005 -8"><span class='ocrx_word' id='word_1_780' title='bbox 977 2831 1128 2860; x_wconf 68' lang='lat' dir='ltr'><strong>rempturus</strong></span> <span class='ocrx_word' id='word_1_781' title='bbox 1144 2835 1186 2854; x_wconf 84' lang='lat' dir='ltr'><strong>me</strong></span> <span class='ocrx_word' id='word_1_782' title='bbox 1202 2826 1364 2861; x_wconf 70' lang='lat' dir='ltr'><strong>persequeris</strong></span> <span class='ocrx_word' id='word_1_783' title='bbox 1378 2827 1391 2854; x_wconf 78' lang='lat'><strong><em>?</em></strong></span> <span class='ocrx_word' id='word_1_784' title='bbox 1407 2825 1452 2853; x_wconf 88' lang='lat' dir='ltr'><strong>cui</strong></span> <span class='ocrx_word' id='word_1_785' title='bbox 1470 2824 1515 2852; x_wconf 88' lang='lat' dir='ltr'><strong>ille</strong></span> <span class='ocrx_word' id='word_1_786' title='bbox 1529 2822 1676 2851; x_wconf 77' lang='lat' dir='ltr'><strong>brevibus:</strong></span> <span class='ocrx_word' id='word_1_787' title='bbox 1697 2822 1774 2855; x_wconf 81' lang='lat' dir='ltr'><strong>Quod</strong></span> 
     </span>
    </p>
   </div>
   <div class='ocr_carea' id='block_1_114' title="bbox 765 2882 1101 2912">
    <p class='ocr_par' dir='ltr' id='par_1_114' title="bbox 765 2882 1101 2912">
     <span class='ocr_line' id='line_1_114' title="bbox 765 2882 1101 2912; baseline 0.006 -3"><span class='ocrx_word' id='word_1_788' title='bbox 765 2882 810 2909; x_wconf 81' lang='lat' dir='ltr'><strong>VA</strong></span> <span class='ocrx_word' id='word_1_789' title='bbox 816 2882 884 2910; x_wconf 61' lang='grc' dir='ltr'><strong>[ΗΖΕ</strong></span> <span class='ocrx_word' id='word_1_790' title='bbox 897 2882 1101 2912; x_wconf 84' lang='lat' dir='ltr'><strong>LECTIONES.</strong></span> 
     </span>
    </p>
   </div>
   <div class='ocr_carea' id='block_1_115' title="bbox 173 2928 1773 2968">
    <p class='ocr_par' dir='ltr' id='par_1_115' title="bbox 173 2928 1773 2968">
     <span class='ocr_line' id='line_1_115' title="bbox 173 2928 1773 2968; baseline 0 -9"><span class='ocrx_word' id='word_1_791' title='bbox 173 2932 196 2948; x_wconf 88' lang='lat'><strong>&quot;</strong></span> <span class='ocrx_word' id='word_1_792' title='bbox 214 2932 268 2960; x_wconf 83' lang='grc' dir='ltr'><strong>τῶν</strong></span> <span class='ocrx_word' id='word_1_793' title='bbox 280 2941 335 2960; x_wconf 89' lang='lat' dir='ltr'><strong>om.</strong></span> <span class='ocrx_word' id='word_1_794' title='bbox 354 2933 384 2959; x_wconf 72' lang='lat' dir='ltr'><strong>l’.</strong></span> <span class='ocrx_word' id='word_1_795' title='bbox 422 2932 446 2948; x_wconf 79' lang='lat'><strong>&quot;</strong></span> <span class='ocrx_word' id='word_1_796' title='bbox 463 2932 564 2967; x_wconf 80' lang='grc' dir='ltr'>ταύτης</span> <span class='ocrx_word' id='word_1_797' title='bbox 581 2933 613 2958; x_wconf 78' lang='grc' dir='ltr'><strong>Α.</strong></span> <span class='ocrx_word' id='word_1_798' title='bbox 643 2932 674 2968; x_wconf 21' lang='grc' dir='ltr'><strong>ν⁸⁹</strong></span> <span class='ocrx_word' id='word_1_799' title='bbox 694 2931 809 2960; x_wconf 84' lang='lat' dir='ltr'><strong>Allatius</strong></span> <span class='ocrx_word' id='word_1_800' title='bbox 824 2932 924 2965; x_wconf 82' lang='grc' dir='ltr'><strong>Γετῶν,</strong></span> <span class='ocrx_word' id='word_1_801' title='bbox 937 2933 1187 2962; x_wconf 84' lang='lat' dir='ltr'><strong>manuducenlibus</strong></span> <span class='ocrx_word' id='word_1_802' title='bbox 1204 2933 1290 2962; x_wconf 86' lang='lat' dir='ltr'><strong>Getis.</strong></span> <span class='ocrx_word' id='word_1_803' title='bbox 1329 2932 1352 2948; x_wconf 80' lang='lat'>“</span> <span class='ocrx_word' id='word_1_804' title='bbox 1365 2929 1529 2968; x_wconf 82' lang='grc' dir='ltr'>προσϐαλεῖν</span> <span class='ocrx_word' id='word_1_805' title='bbox 1545 2937 1600 2958; x_wconf 91' lang='lat' dir='ltr'><strong>om.</strong></span> <span class='ocrx_word' id='word_1_806' title='bbox 1617 2930 1651 2958; x_wconf 83' lang='lat' dir='ltr'><strong>A.</strong></span> <span class='ocrx_word' id='word_1_807' title='bbox 1689 2929 1711 2946; x_wconf 81' lang='lat'><strong>&quot;</strong></span> <span class='ocrx_word' id='word_1_808' title='bbox 1727 2928 1773 2954; x_wconf 71' lang='grc' dir='ltr'>καὶ</span> 
     </span>
    </p>
   </div>
   <div class='ocr_carea' id='block_1_116' title="bbox 139 2967 824 3004">
    <p class='ocr_par' dir='ltr' id='par_1_116' title="bbox 139 2967 824 3004">
     <span class='ocr_line' id='line_1_116' title="bbox 139 2967 824 3004; baseline 0.001 -10"><span class='ocrx_word' id='word_1_809' title='bbox 139 2967 169 2994; x_wconf 82' lang='grc' dir='ltr'><strong>τὺ</strong></span> <span class='ocrx_word' id='word_1_810' title='bbox 185 2983 219 2989; x_wconf 91' lang='lat'><strong>--</strong></span> <span class='ocrx_word' id='word_1_811' title='bbox 231 2968 436 3004; x_wconf 76' lang='grc' dir='ltr'>συμϐοήσαντες</span> <span class='ocrx_word' id='word_1_812' title='bbox 452 2976 506 2996; x_wconf 89' lang='lat' dir='ltr'><strong>om.</strong></span> <span class='ocrx_word' id='word_1_813' title='bbox 525 2970 557 2995; x_wconf 83' lang='grc' dir='ltr'><strong>Α.</strong></span> <span class='ocrx_word' id='word_1_814' title='bbox 597 2968 619 2983; x_wconf 79' lang='grc'><strong>⁹²</strong></span> <span class='ocrx_word' id='word_1_815' title='bbox 641 2967 775 3002; x_wconf 81' lang='grc' dir='ltr'>Ῥωμαῖον</span> <span class='ocrx_word' id='word_1_816' title='bbox 792 2969 824 2995; x_wconf 81' lang='grc' dir='ltr'><strong>Α.</strong></span> 
     </span>
    </p>
   </div>
  </div>
