1989 3161
210 201 259 234 2’31

767 199 1024 231 THEOPHANES
1037 200 1317 231 CONTINUATUS.

1802 198 1855 231 292

211 256 336 284 nimirum
345 264 479 284 munerant
490 256 517 283 in
528 257 730 283 ntrcollatorunt
742 257 820 284 ricctn
832 265 870 284 me
881 258 927 284 tibi
939 257 1014 285 hodie

1068 266 1121 290 (te;
1144 257 1171 283 '0
1187 257 1212 283 δὲ
1226 257 1366 292 συντόμως
1387 255 1538 290 ἀντέφησεν
1556 255 1588 287 ³³,
1605 255 1645 281 ὅτι
1665 254 1724 281 Τῶν
1739 255 1856 289 εὐεργε-

211 303 379 329 redditurum
394 302 445 328 1)σο
458 301 519 328 bene
529 302 775 337 propitiogonﬁdo,
786 307 912 336 patrone;
923 301 1004 337 275

212 351 320 385 ideoque
333 355 402 376 retro
418 354 440 376 te
465 351 598 383 insequor.
614 349 732 376 Prieibat
759 349 850 384 itaque
865 350 910 377 ille
924 350 1004 385 quasi

212 401 304 424 meme
318 401 415 432 captus
433 404 464 423 ac
478 396 622 429 attonitus.
639 397 782 431 desperata
797 397 898 428 salute,
916 405 947 423 ac
962 397 1004 423 ni-

212 444 299 470 mium
314 443 447 478 pavidus:
464 442 581 470 Pulades
597 442 732 478 intrepide
745 443 899 478 audacique
913 443 1006 470 animo

213 489 421 524 insequebatur,
444 489 533 516 donec
553 489 586 516 ad
613 489 695 516 altam
721 488 828 516 feveam
860 490 1005 516 deventum

213 540 265 562 est.
280 535 408 562 Substitit.
424 543 523 569 equus,
539 543 596 570 prae
615 535 745 570 voragine
769 536 907 563 transilire
920 536 1006 571 trepi-

213 580 282 607 dans
297 580 486 614 titubansque.
510 579 638 615 Dumque
652 580 725 608 circa
750 587 811 607 eam
838 580 1007 615 Chrysocbir

212 626 342 653 animum
356 626 485 658 intendit,
502 626 567 653 huic
582 626 702 654 Pulades
714 631 797 654 conto
813 627 899 654 latera
918 631 1007 654 trans-

214 672 270 708 ﬁgit
283 681 289 705 ;
304 673 453 707 statimque
468 673 574 700 doloris
588 673 614 700 vi
638 673 825 701 circumactus
849 681 920 708 equo
935 672 1008 700 deci-

213 718 264 745 dit.
279 716 347 744 Tum
364 725 379 745 c
398 718 529 745 comitatu
548 726 630 751 unus,
651 719 695 746 cui
711 718 878 746 Diaconitzze
896 726 1006 751 nomen,

213 771 243 792 se
256 771 327 798 equo
344 764 498 799 proripiens
510 764 652 792 dominum
665 765 815 800 collapsum
831 765 1007 800 procurabat,

213 810 331 845 ejusque
345 810 436 845 capite
452 811 569 845 genibus
585 811 644 839 suis
660 812 792 846 apposito
805 818 899 838 casum
916 810 1010 845 deplo—

214 856 304 883 iahat.
328 856 438 883 lnterim
461 857 506 884 alii
537 857 646 885 Pulada:
660 863 853 891 suecrescunt,
877 857 1011 892 equisque

213 903 371 931 exsilientes
399 902 591 939 Chrysocbiris
617 903 675 932 fere
705 904 854 932 exanimati
885 908 968 939 caput
994 911 1009 930 a

214 950 321 977 cervice
336 950 483 977 revellunt.
500 950 686 977 Diaconittem
703 958 769 978 vero
787 951 876 985 ipsum
893 956 1006 984 quoque
1026 938 1046 965 Β

215 996 315 1023 vinctis
329 997 392 1023 aliis
407 996 571 1031 adjungunt.
591 996 635 1023 Sic
664 1004 731 1031 pene
758 996 879 1023 inaudito
911 1000 1010 1023 eventu

215 1047 370 1078 prmterque
401 1051 478 1078 spetn
507 1050 618 1069 omnem
652 1043 796 1070 debellatis
822 1042 950 1070 hostibus
980 1050 1012 1070 ac

215 1088 438 1116 Christianorum
470 1089 588 1115 exaltata
621 1088 719 1123 gloria,
740 1089 795 1115 cito
822 1096 886 1115 cum
920 1089 1012 1123 gaudii

217 1134 320 1161 nuntiis
341 1133 534 1168 Chrysocbiris
552 1142 662 1168 quoque
676 1138 758 1168 caput
773 1134 932 1168 imperatori
949 1134 1013 1162 mit-

217 1180 294 1207 tilur.
310 1179 478 1207 Versabatur
494 1180 539 1206 ille
554 1188 601 1215 per
618 1180 642 1207 id
659 1184 768 1214 tempus
791 1181 863 1214 apud
882 1180 1012 1213 Pctrium,

218 1226 265 1254 ubi
282 1227 480 1254 monasterium
495 1231 565 1260 erat,
580 1227 606 1253 iu
625 1235 680 1262 quo
693 1228 754 1261 ejus
770 1227 832 1254 lilia.-
845 1227 953 1261 pictatis
967 1235 1015 1262 pa-

218 1272 309 1300 la‘stra
325 1273 536 1300 exercebantur.
552 1273 641 1300 Allato
657 1273 747 1307 capite
759 1277 884 1299 votorum
899 1280 1013 1300 suorum

219 1325 387 1353 precumque
406 1326 522 1351 memor,
536 1318 699 1353 intentoque
720 1319 746 1345 in
761 1326 823 1345 eum
840 1326 903 1345 cum
924 1319 1015 1354 lacry-

219 1365 271 1391 mis
286 1366 386 1392 mentis
402 1365 482 1392 oculo
498 1367 546 1400 qui
569 1364 634 1392 facit
650 1365 733 1400 276
749 1365 918 1392 voluntatem
938 1365 1016 1392 invo-

219 1412 342 1439 cantium
359 1420 436 1444 eum,
457 1411 547 1439 all‘erri
566 1413 598 1438 ad
619 1419 648 1439 se
662 1419 755 1438 arcum
774 1419 805 1438 ac
819 1411 935 1446 sagittas
950 1419 1017 1446 prat-

219 1458 303 1492 cepit,
329 1458 463 1492 ociusque
491 1465 604 1485 nervum
637 1459 750 1484 tendens
769 1462 824 1484 tres
848 1465 863 1484 a
884 1462 961 1492 tergo
987 1458 1014 1484 in

221 1503 384 1530 sceleratum
404 1507 486 1537 caput
502 1504 616 1538 sagittas
634 1504 719 1533 llllsll.
737 1511 769 1529 ac
786 1511 819 1530 ne
837 1503 863 1530 in
885 1511 938 1530 una
957 1503 1019 1538 qui-

219 1548 281 1576 dem
298 1549 410 1579 erravit.
421 1549 491 1575 hanc
503 1549 649 1583 quamdam
667 1550 814 1583 impietatis
829 1550 1019 1584 scelerumque

221 1594 330 1630 dignam
357 1594 541 1630 expiationem
570 1602 601 1622 se
634 1595 672 1622 illi
704 1595 835 1623 adbibere
860 1599 937 1623 ratus
968 1603 1053 1643 proC

221 1641 306 1668 tantis
335 1641 479 1668 hominum
509 1641 646 1674 millibus,
662 1648 732 1676 quos
761 1649 810 1677 per
844 1642 946 1669 multos
975 1643 1017 1670 sui

221 1687 392 1723 principatus
410 1695 506 1716 annos
532 1687 700 1722 perdiderat.
715 1687 804 1722 Atque
834 1687 908 1715 hunc
936 1689 1018 1714 linem

221 1734 378 1762 habuerunt
392 1742 437 1762 res
452 1733 658 1769 Chrysocbiris,
673 1734 768 1769 sicque
782 1734 895 1761 evanuit
918 1733 1018 1761 ﬂoren-

222 1781 259 1809 tis
279 1785 345 1808 tunc
375 1780 518 1816 Tephricaa
546 1780 684 1814 potentia,
711 1779 865 1815 opitulante
900 1779 1019 1807 Numine

223 1829 306 1864 inque
323 1836 379 1854 rem
399 1828 442 1863 pie
460 1827 621 1862 imperantis
634 1826 729 1854 Basilii
753 1825 873 1854 assiduis
887 1826 1017 1861 precibus

223 1875 296 1902 facto
314 1875 444 1910 propitio.
804 1875 806 1877 ’

1056 300 1132 328 σιῶν
1142 309 1210 334 σου,
1235 301 1364 335 πάτρων,
1394 300 1594 335 τὴνάμοιεῗὴν
1615 299 1783 326 ἀποδοῦναί
1806 308 1856 327 σοι

1057 348 1133 376 κατὰ
1146 348 1203 382 τὴν
1215 349 1376 382 παροῦσαν
1385 347 1501 382 ἡμέραν
1509 347 1657 380 πεποιθώς
1669 348 1727 381 ειμι
1739 347 1775 374 ὲν
1782 347 1854 380 Θεῷ.

1057 395 1106 422 καὶ
1121 395 1170 421 διὰ
1195 395 1282 422 τοῦτο
1310 393 1481 421 καταδιώκω
1508 394 1605 420 ὀπίσω
1629 401 1697 421 σου.
1721 393 1764 425 Ὠς
1781 391 1857 420 οὗνό

1059 441 1109 476 μὲν
1125 440 1223 476 προῄει
1238 437 1282 466 οἷα
1298 439 1490 475 βεϐλαμμένος
1510 439 1559 471 τὰς
1586 439 1689 474 φρένας
1705 440 1758 465 ὑπὸ
1777 439 1857 472 Θεοῦ,

1058 486 1271 522 ἀπεγνωσμένος
1288 495 1318 512 τε
1336 487 1382 513 καὶ
1397 486 1494 517 δειλὸς,
1511 486 1524 511 ὁ
1540 485 1567 512 δὲ
1584 486 1713 520 ἐφείπετο
1730 486 1790 520 μετ’
1808 487 1858 512 εὑ-

1057 533 1171 568 τολμίας
1189 533 1236 560 καὶ
1267 533 1387 567 θάρσους
1411 531 1556 565 νεανικοῦ,
1575 532 1735 567 ἐντυγχάνει
1758 532 1858 568 τάφρῳ

1060 579 1155 614 βαθείᾳ
1170 579 1184 605 ό
1206 578 1381 614 διωκόμενος,
1395 578 1429 613 ἦν
1471 577 1662 613 ὑπερπηδῆσαι
1677 579 1690 604 ὀ
1706 578 1788 610 ἵππος
1811 579 1862 605 ἑπ-

1061 625 1164 651 εδειλία
1179 625 1201 640 “
1225 633 1255 651 τε
1270 625 1317 651 καὶ
1338 624 1498 657 διώκλαζεν.
1516 624 1557 660 μδ.
1568 623 1630 659 171]
1646 624 1700 650 Καὶ
1724 624 1777 656 ἕως
1793 625 1862 660 περὶ

1059 671 1163 706 ταύτην
1175 673 1190 698 ὁ
1205 672 1361 708 Χρυσόχειρ
1377 669 1434 706 εἶχε
1458 671 1503 698 τὸν
1527 671 1601 705 νοῦν,
1619 671 1711 706 βάλλει
1727 671 1826 698 τοῦτον
1847 673 1861 699 ό

1060 718 1199 752 Πουλάδης
1227 718 1316 753 κοντῷ
1344 718 1414 745 κατὰ
1444 719 1496 752 τῆς
1521 717 1658 753 πλευρᾶς,
1687 718 1734 745 καὶ
1756 718 1862 750 εὐθέως

1061 763 1249 800 περιδινηθεὶς
1264 764 1303 799 τῷ
1318 764 1458 799 ἀλγήματι
1474 764 1615 800 κατερρύη
1630 763 1676 790 τοῦ
1694 764 1791 791 ἵππου.
1805 765 1863 792 Καὶ

1060 809 1114 836 τῶν
1132 811 1180 836 σὺν
1193 809 1267 844 αὺτῷ
1284 818 1337 841 τις,
1359 807 1381 844 ᾧ
1397 810 1576 845 Διακονίτζης
1598 807 1632 845 ἧν
1652 809 1683 836 τὸ
1700 809 1862 845 ἐπώνυμον,

1062 857 1115 883 ἀπὸ
1129 856 1175 884 τοῦ
1186 857 1287 883 οἰκείου
1303 857 1386 882 ἵππου
1402 856 1483 892 ῥίψας
1497 856 1593 883 ἑαυτὸν
1607 855 1769 891 ἐπιμελείας
1781 855 1863 891 ἠξίου

1062 904 1107 930 τὸν
1120 903 1239 930 πεσόντα
1250 903 1395 939 δεσπότην,
1409 903 1457 930 καὶ
1481 903 1539 934 τοῖς
1562 902 1673 934 οίκείοις
1689 903 1783 937 γόνασι
1813 903 1865 938 τὴν

1064 950 1168 977 ἐκείνου
1185 950 1306 985 κεφαλὴν
1319 949 1424 981 ἐπιθεὶς
1436 949 1466 976 τὸ
1490 948 1598 986 συμβὰν
1621 949 1793 984 ἀπωδύρετο.
1819 949 1865 977 Ἐν

1063 995 1184 1031 τοσούτῳ
1205 996 1234 1022 δὲ
1259 996 1455 1032 προσγίνονται
1482 996 1520 1031 τῷ
1548 996 1673 1033 Πουλάδῃ
1695 997 1741 1023 καὶ
1758 996 1865 1032 ἕτεροι,

1064 1043 1112 1069 κα)⁸
1130 1041 1326 1077 καθαλλόμενοι
1341 1041 1395 1068 τῶν
1419 1042 1511 1068 ἳππων
1541 1041 1590 1077 τὴν
1605 1042 1629 1058 ⁸⁸
1645 1042 1692 1068 τοῦ
1708 1042 1866 1077 Χρυσάχει-

1065 1097 1111 1125 ρος
1124 1089 1309 1124 ἀποτέμνουσι
1332 1088 1455 1123 κεφαλὴν
1470 1088 1701 1124 λειποψυχοῦντος
1715 1089 1767 1124 ἤδη
1781 1088 1807 1104 ³⁸
1817 1089 1867 1115 καὶ

1064 1134 1292 1170 ὲκλιμπάνοντος,
1319 1134 1556 1169 συγκαταλέγουσι
1564 1135 1593 1161 δὲ
1613 1134 1719 1162 καὶτὸν
1734 1134 1866 1161 Διακονί-

1065 1181 1131 1216 τζην
1147 1182 1251 1207 ἐκεῖνον
1267 1180 1306 1215 τῷ
1324 1180 1378 1207 τῶν
1391 1179 1493 1206 λοιπῶν
1504 1180 1625 1215 δεσμίων
1639 1180 1763 1215 ἀριθμῷ.
1780 1179 1866 1206 Οὕτω

1065 1228 1093 1254 δὲ
1107 1227 1266 1262 παραδόξως
1282 1227 1566 1262 καταπολεμηθέντων
1581 1226 1636 1252 τῶν
1657 1226 1802 1261 δυσμενῶν
1819 1227 1868 1253 καὶ

1065 1273 1113 1300 τοῦ
1133 1273 1328 1308 Χριστιανικοῦ
1345 1273 1500 1308 ὑψωθέντος
1515 1274 1707 1308 καυχήματος,
1720 1273 1869 1308 συντόμως

1068 1320 1138 1355 μετὰ
1151 1320 1205 1347 τῶν
1216 1320 1266 1355 τῆς
1278 1321 1366 1356 χαρᾶς
1377 1319 1501 1354 ἀγγέλων
1516 1319 1789 1354 προσαποστέλλεται
1817 1319 1868 1354 βα-

1069 1365 1138 1392 σιλεί
1152 1366 1168 1400 ή
1185 1364 1233 1395 τοῦ
1250 1366 1434 1401 Χρυσόχειρος
1450 1365 1567 1401 κεφαλή,
1589 1365 1738 1400 Ἑτύγχανε
1763 1365 1793 1391 δὲ
1821 1373 1871 1400 τη-

1068 1412 1184 1438 νικαῦτα
1197 1413 1298 1447 διάγων
1312 1411 1383 1439 κατὰ
1397 1412 1428 1438 τὸ
1449 1413 1564 1448 Πετρίον
1579 1413 1737 1448 λεγόμενον,
1752 1413 1825 1440 ἔνθα
1840 1412 1871 1438 τὸ

1071 1459 1194 1493 σεμνεῖον
1228 1459 1278 1494 τῆς
1305 1459 1359 1485 τῶν
1389 1459 1498 1485 οἰκείων
1533 1459 1691 1494 θυγατέρων
1721 1458 1872 1494 διατριδῆς

1071 1503 1269 1539 ἐχρημάτιζεν,
1296 1504 1352 1531 Καὶ
1374 1505 1423 1539 τῆς
1450 1505 1573 1539 κεφαλῆς
1595 1504 1834 1540 προσενεχθείσης
1850 1505 1872 1520 ³⁷

1070 1550 1125 1577 τῶν
1140 1550 1248 1576 οἰκείων
1263 1550 1449 1586 ἀναμνησθεὶς
1467 1551 1639 1586 προσευχῶν,
1663 1551 1711 1577 καὶ
1735 1551 1808 1586 πρὸς
1825 1552 1874 1578 τὸν

1073 1596 1204 1623 ποιοῦντα
1215 1597 1245 1624 τὸ
1261 1597 1368 1633 θέλημα
1392 1598 1445 1624 τῶν
1461 1598 1684 1633 ἐπικαλουμένων
1698 1598 1781 1625 αὑτὸν
1800 1598 1875 1632 μετὰ

1068 1643 1195 1680 δακρύων
1211 1645 1257 1670 τὸν
1270 1644 1319 1680 τῆς
1332 1644 1451 1677 διανοίας
1475 1645 1600 1677 ἐκτείνας
1621 1645 1773 1680 ὀφθαλμὸν,
1788 1645 1874 1679 τόξον

1068 1690 1210 1724 ἐνεχθῆναι
1221 1690 1268 1716 καὶ
1283 1690 1347 1726 βέλη
1362 1690 1524 1726 προσέταξε,
1537 1692 1585 1718 καὶ
1596 1691 1691 1718 θᾶττον
1706 1691 1756 1727 τὴν
1767 1692 1875 1727 νευρὰν

1069 1737 1190 1768 ἐντείνας
1210 1736 1232 1752 ⁸⁸
1246 1737 1310 1772 τρία
1325 1738 1396 1764 κατὰ
1411 1739 1461 1773 τῆς
1477 1738 1650 1773 παλαμναίας
1666 1738 1792 1772 κεφαλῆς
1812 1739 1878 1765 ὀπι-

1070 1782 1211 1818 σθοφανῶς
1224 1783 1314 1819 ἀφῆκε
1333 1783 1410 1820 βέλη,
1421 1784 1469 1810 καὶ
1486 1785 1526 1816 εἰς
1542 1784 1602 1812 οὐδὲ
1618 1784 1647 1811 ἓν
1663 1784 1731 1816 ὅλως
1747 1785 1877 1820 διήμαρ-

1069 1838 1126 1863 τεν,
1155 1830 1321 1866 ὲναγιασμόν
1349 1839 1410 1857 τινα
1437 1830 1531 1858 τοῦτον
1556 1830 1703 1863 ἄξιον¹τοῦ
1719 1830 1878 1862 δυσσεϐοῦς

1071 1875 1257 1910 προσαγαγεῖν
1270 1875 1345 1910 αὐτῷ
1354 1874 1456 1910 οἰηθεὶς
1465 1875 1526 1902 ἀντὶ
1535 1874 1589 1902 τῶν
1600 1875 1707 1902 πολλῶν
1718 1875 1878 1910 μυριάδων,

222 1922 255 1954 ἃς
267 1922 295 1948 ὲν
311 1914 417 1953 πολλοῖς
442 1923 492 1956 τῆς
516 1921 696 1956 ἐπικρατείας
717 1920 801 1948 αὑτοῦ
817 1919 1010 1956 κατηνάλωσεν
1032 1918 1116 1948 ἔτεσι.
1134 1921 1189 1948 Καὶ
1200 1921 1234 1948 τὰ
1249 1921 1300 1957 μὲν
1319 1921 1391 1948 κατὰ
1406 1922 1452 1949 τὸν
1468 1921 1641 1957 Χρυσόχειρα
1673 1922 1720 1948 καὶ
1753 1922 1808 1957 τὴν
1830 1923 1880 1948 ἁνο

223 1969 323 1996 θοῦσαν
334 1969 396 1996 τότε
413 1968 529 2002 δύναμιν
541 1968 590 2003 τῆς
602 1968 744 2003 Τεφρικῆς
766 1967 893 1995 κτοιοῦτον
921 1967 952 1993 τὸ
976 1966 1053 1999 τέλος

222 2018 335 2053 φθέντος
350 2016 492 2043 Βασιλείου
503 2015 550 2042 τοῦ
567 2014 689 2046 εὐσεϐῶς
705 2013 908 2050 βασιλεύοντος.

258 2065 305 2092 At.
332 2064 392 2092 Jam
420 2071 485 2092 vero
508 2065 568 2090 viro
598 2063 699 2098 inclyta
731 2063 888 2097 patriarcha
919 2061 1024 2096 lgnatio

224 2116 320 2140 sancte
347 2111 457 2146 Deoque
487 2109 596 2144 placitis
618 2108 743 2135 moribus
769 2108 824 2135 vita
855 2107 1021 2142 perfuncto,

225 2157 408 2192 opulentaque
427 2154 527 2182 canitie
543 2161 573 2181 ac
592 2153 726 2180 virtutum
750 2153 908 2180 obvallante
931 2153 1020 2180 choro

227 2204 389 2239 cunctisque
425 2202 602 2230 laudantibus
633 2201 779 2235 virumque
807 2201 1022 2235 praedicantibus

227 2254 297 2280 vivis
309 2256 437 2286 exempto
452 2255 480 2278 et
502 2250 536 2277 ad
562 2249 704 2277 meliorem
724 2249 809 2275 vitam
827 2248 974 2281 translato,
997 2249 1022 2276 ei

227 2306 326 2327 rursus
351 2297 504 2325 Ecclesiam
523 2297 575 2324 rite
592 2295 722 2328 reddidit,
747 2295 793 2330 qui
811 2302 865 2322 non
896 2295 946 2321 rite
971 2295 1024 2322 sibi

229 2350 292 2373 ante
304 2352 365 2372 eam
381 2343 524 2371 vindicare
539 2343 616 2370 visus
629 2346 705 2375 erat;
731 2342 908 2377 legitimeque
932 2349 964 2368 ac
979 2349 1024 2368 ca-

229 2393 329 2422 nonice
342 2391 579 2427 sapientissimum
594 2389 724 2418 Photium
737 2389 765 2416 in
778 2389 861 2424 regiae
883 2388 961 2416 urbis
976 2396 1024 2414 va-

229 2444 309 2467 cante
324 2437 388 2466 sede
403 2437 556 2469 constituit,
579 2443 739 2471 quanquam
763 2442 797 2462 ne
823 2435 900 2470 prius
914 2433 1024 2468 quidem

231 2486 305 2514 omni
318 2493 379 2512 eum
396 2484 568 2512 humanitate
578 2483 704 2517 accipere
719 2482 910 2515 honoremque
924 2479 1025 2508 habere

231 2531 368 2564 cessabat,
382 2539 435 2566 qua
463 2531 510 2558 ille
534 2530 624 2557 Omnis
642 2529 753 2564 generis
777 2528 913 2562 sapientia
942 2531 1024 2562 atque

231 2579 332 2605 virtute
350 2577 480 2611 praeditus
496 2581 567 2604 erat.
592 2574 694 2602 Verum
711 2582 869 2608 quanquam
897 2573 962 2601 sede
979 2573 1026 2600 de-

233 2623 372 2655 turbarat,
386 2623 459 2657 quod
478 2630 545 2650 sane
559 2622 627 2649 nihil
642 2621 693 2648 sibi
705 2620 821 2655 iustitia"
836 2620 913 2647 cultu
934 2619 1025 2654 potius

232 2677 294 2697 esse
305 2669 423 2701 volebat,
435 2669 503 2695 nihil
520 2674 609 2695 tamen
625 2667 698 2702 quod
708 2667 829 2694 solandus
842 2666 892 2693 viri
911 2666 1027 2693 fortuna:

233 2720 307 2745 esset
321 2715 478 2743 omittebat.
496 2713 574 2744 Unde
599 2714 680 2749 277
694 2714 774 2741 etiam
795 2712 936 2747 assignato
957 2712 981 2738 ei
999 2712 1026 2738 in

234 2763 310 2798 regia
325 2762 484 2791 habitacula
499 2761 649 2789 liberorum
665 2767 778 2788 suorum
794 2758 980 2786 institutorem
996 2765 1027 2784 ac

1076 1967 1185 2000 ἐδέξατο
1199 1967 1345 2004 συνεργείᾳ
1357 1968 1437 2001 Θεοῦ,
1454 1969 1514 2000 ταῖς
1531 1968 1643 2000 πολλαῖς
1658 1968 1776 2000 ἱκεσίαις
1799 1975 1881 2004 ιαμ·

1111 2061 1163 2096 μδ’.
1181 2061 1260 2096 ’Δρτι
1273 2061 1302 2088 δὲ
1328 2061 1375 2088 τοῦ
1391 2062 1515 2097 ἀοιδίμου
1542 2061 1714 2096 πατριάρχου
1735 2061 1880 2095 Ίγνατίου

1074 2107 1156 2137 ὁσίως
1174 2107 1220 2133 καὶ
1236 2106 1391 2141 θεαρέστως
1407 2106 1452 2133 τὸν
1476 2107 1534 2141 βίον
1555 2106 1714 2138 ἀνύσαντος,
1746 2107 1797 2133 καὶ
1824 2107 1881 2133 ὑπὸ

1074 2152 1191 2188 πλουσία
1217 2155 1251 2188 τῇ
1282 2153 1394 2190 πολιᾷ.Μ
1409 2153 1456 2180 καὶ
1482 2154 1514 2188 τῇ
1538 2153 1630 2187 κύκλῳ
1644 2152 1799 2188 δορυφορίᾳ
1822 2153 1882 2180 τῶν

1072 2200 1179 2235 ἀρετῶν
1199 2200 1246 2226 καὶ
1263 2200 1300 2234 τῷ
1321 2200 1398 2235 παρὰ
1422 2199 1532 2227 πάντων
1548 2199 1717 2234 μακαρισμῷ
1729 2199 1778 2235 τὴν
1799 2208 1882 2236 παρ-

1039 2265 1061 2294 D
1074 2246 1157 2272 οὖσαν
1175 2246 1380 2280 Ιἀλλαεαμένου
1409 2246 1482 2281 ζωὴν
1504 2247 1550 2273 καὶ
1574 2246 1715 2278 διαϐάντος
1735 2246 1810 2282 πρὸς
1829 2248 1884 2282 τὴν

1075 2291 1217 2327 ἀμείνονα,
1241 2292 1384 2319 ἀπέδωκεν
1395 2292 1472 2324 αὖθις
1487 2292 1537 2328 τὴν
1554 2292 1717 2327 Ἐκκλησίαν
1727 2292 1826 2324 καλῶς
1842 2292 1884 2326 τῷ

1076 2338 1114 2373 μὴ
1140 2337 1230 2369 καλῶς
1253 2338 1452 2365 ἀντιποιεῖσθαι
1473 2339 1506 2364 τὸ
1530 2338 1664 2373 πρότερον
1686 2337 1810 2370 δόξαντι,
1832 2339 1885 2365 καὶ

1075 2383 1243 2419 κατέστησεν
1256 2383 1376 2418 ἐννόμως
1391 2383 1453 2410 τότε
1465 2383 1514 2410 καὶ
1528 2382 1679 2414 κανονικῶς
1691 2382 1737 2409 τὸν
1747 2382 1884 2417 σοφώτα-

1075 2439 1119 2456 τον
1134 2430 1237 2456 Φώτιον
1252 2430 1298 2456 ἐπὶ
1313 2430 1362 2464 τὴν
1375 2429 1558 2465 σχολάζουσαν
1575 2429 1712 2464 καθέδραν
1732 2429 1782 2464 τῆς
1797 2429 1885 2463 βασι-

1075 2477 1146 2509 λίδος
1159 2477 1212 2504 τῶν
1230 2477 1346 2504 πόλεων.
1366 2477 1403 2504 Οὐ
1420 2477 1473 2512 μὴν
1488 2476 1549 2503 οὐδὲ
1560 2477 1614 2512 πρὸ
1629 2476 1726 2502 τούτου
1751 2476 1885 2502 διέλειπε

1075 2524 1321 2560 φιλοφρονούμενος
1346 2523 1429 2551 αὐτὸν
1443 2524 1490 2550 καὶ
1505 2523 1594 2558 τιμῶν
1616 2522 1663 2549 διὰ
1686 2523 1737 2557 τὴν
1751 2524 1780 2549 ὲν
1797 2523 1888 2557 αὐτῷ

1075 2569 1234 2602 παντοδατιῆ
1250 2569 1346 2604 σοφίαν
1361 2577 1391 2596 τε
1403 2569 1450 2595 καὶ
1466 2569 1578 2604 ἀρετὴν,
1594 2568 1663 2595 ἀλλὰ
1686 2568 1740 2594 κᾶν
1755 2569 1765 2583 ¹
1779 2568 1807 2594 εἰ
1828 2568 1888 2602 τῆς

1075 2615 1210 2650 καθέδρας
1227 2616 1405 2651 μετέστησεν,
1421 2615 1498 2641 οὐδὲν
1510 2614 1556 2641 τοῦ
1567 2613 1673 2641 δικαίου
1693 2613 1779 2640 θέλων
1795 2614 1889 2647 ἄγειν

1075 2662 1253 2698 ἐπίπροσθεν,
1264 2661 1338 2697 ὅμως
1350 2660 1404 2687 τῶν
1418 2661 1457 2692 εἰς
1467 2659 1645 2697 παραμυθίαν
1660 2659 1739 2686 οὐδὲν
1750 2659 1889 2686 ἐνέλειπε

1077 2709 1274 2744 παρεχόμενος.
1294 2707 1377 2734 ’Ὅθεν
1392 2707 1444 2734 κάν
1472 2707 1527 2738 τοῖς
1554 2705 1704 2741 βασιλείοις
1731 2705 1890 2740 διατριϐὴν

1081 2755 1155 2791 αὐτῷ
1167 2755 1230 2786 δοὺς
1244 2754 1298 2781 τῶν
1323 2754 1433 2781 οἰκείων
1450 2753 1555 2780 παίδων
1573 2752 1702 2785 ἀπέδειξε
1726 2751 1892 2787 παιδευτὴν

879 2848 995 2876 VARle
1013 2846 1221 2876 LECTIONES.

272 2914 295 2929 ”
305 2913 445 2948 ἀπέφησεν
455 2911 484 2939 Ρ.

238 2949 261 2966 τ’
274 2943 442 2985 πολιᾷῖᾱκιᾷ
453 2950 485 2974 Α.
527 2948 535 2963 ι
550 2947 704 2974 ποοσοῦσαν
721 2947 751 2974 Α.
791 2946 800 2961 ¹
818 2943 882 2979 κᾶν]
900 2943 952 2978 μὴν
967 2943 998 2969 Α.

533 2913 554 2928 ’⁸
567 2911 724 2939 ὑπεδειλίαῗ
763 2911 786 2926 ³³
800 2909 849 2943 τὴν
866 2915 920 2935 om.
938 2907 967 2933 P.
1006 2906 1029 2921 9‘
1047 2906 1095 2942 ἤδη
1109 2913 1164 2933 om.
1182 2904 1214 2932 P.
1253 2905 1274 2921 ³⁷
1290 2903 1518 2940 προσενεχθείσης
1528 2909 1583 2930 οιιι.
1595 2899 1628 2929 Α.
1667 2900 1690 2917 ⁸⁸
1704 2898 1837 2930 ἐκτείνας
1858 2899 1893 2926 P.
