1989 3161
123 218 172 248 993

673 216 748 246 LIB.
771 216 804 246 ι’.
819 228 852 234 -
875 216 1052 246 BASILIUS
1072 218 1235 248 MACEDO.

1705 221 1758 253 £91

123 276 165 303 καὶ
178 274 348 304 διδάσκαλον.
371 275 467 308 Οὕτως
495 274 600 306 οὐδένα,
627 273 689 300 καθ’
707 273 749 308 [Ρ.
767 271 830 308 17⁸2]
850 273 910 300 ὅσον

965 272 1119 308 disciplinis
1138 275 1306 309 praefecerat.
1322 274 1358 302 lta
1375 275 1629 311 ncminem,‘quoad
1647 277 1757 306 licebat.

121 319 172 353 οἷός
184 330 214 348 τε
226 319 271 358 ἦν,
291 322 430 358 περιεώρα
448 321 631 356 λυπούμενον,
647 319 715 346 ἀλλὰ
732 320 816 346 πᾶσιν
829 319 912 354 εὐμε-

122 368 170 400 νῶς
182 377 212 395 τε
234 369 282 395 καὶ
300 368 446 405 προσηνῶς
463 368 649 404 προσεφέρετο
672 366 720 394 καὶ
739 366 785 393 τὸν
799 367 911 393 δυνατὸν

120 414 217 450 τρόπον
233 415 283 440 οὐκ
296 414 393 449 ἡμέλει
411 414 672 449 παραμυθούμενος.

155 459 206 494 με’.
221 460 303 488 Ἀλλὰ
317 460 418 495 καίπερ
431 460 503 487 οὕτω
514 459 656 495 πατρικῶς
667 468 697 486 τε
708 460 756 486 καὶ
767 460 829 494 κηδε
835 468 910 494 μονι-

121 505 174 536 κῶς
189 506 258 541 πρὸς
278 507 340 538 τοὺς
366 507 419 533 ὑπὸ
438 508 516 542 χεῖρα
535 506 731 541 διατιθέμενος,
751 504 822 541 εἶχεν
837 506 911 541 ὅμως

121 551 180 579 τοὺς
202 551 363 586 μισοῦντας.
381 552 482 586 μᾶλλον
506 552 534 578 δὲ
552 551 715 586 φθονοῦντας
733 552 779 578 καὶ
799 551 910 577 ἐπιδου-

120 596 247 628 λεύοντας
258 597 340 624 αὑτοῦ
352 598 384 633 τῇ
400 597 466 632 ζωῇ.
478 598 507 624 '0
519 597 573 633 γὰρ
581 597 652 624 οὕτω
665 597 810 632 λεγόμενος
823 597 912 631 Κουρ-

120 642 202 674 κούας
217 643 271 670 ὑπὸ
285 643 401 670 πλούτου
418 644 465 671 καὶ
479 645 585 680 τρυφῆς
601 643 758 679 ἐξυϐρίσας,
775 643 812 675 ὡς
826 643 909 675 ἔοικε,

119 689 277 724 τυραννίδος
297 690 358 726 ἐρᾷ,
380 690 428 717 καὶ
450 691 609 726 όμοφρόνων
627 690 732 726 πληθὺν
752 689 909 725 συνωμότας

121 735 212 763 λαϐὼν
227 737 323 772 καιρὸν
338 736 428 772 ἐζήτει
441 737 488 772 τῆς
503 737 662 769 ἐπιθέσεως.
687 737 731 768 Ὠς
743 736 770 764 δὲ
782 736 835 772 πρὸ
849 736 911 763 τού-

120 789 167 808 του
187 782 222 808 τὸ.
230 782 281 816 τῆς
294 783 430 818 συσκευῆς
441 783 470 816 ἐξ
479 783 539 816 ἑνὸς
548 783 602 810 τῶν
613 783 776 819 συνωμοτῶν
789 782 911 818 ἐμηνύθη

120 829 159 864 τῷ
187 829 302 864 βασιλεῖ,
328 830 519 864 παραδίδονται
547 832 604 862 τοῖς
627 831 719 866 νόμοις
739 831 765 856 οἱ
785 829 909 865 πονηροί.

125 874 207 901 ama
222 875 304 902 πάλιν
320 876 337 910 ἡ
359 876 407 902 τοῦ
426 877 550 910 γενναίου
575 876 708 912 βασιλέως
721 875 912 911 φιλανθρωπία

119 919 169 955 τὴν
187 921 241 947 τῶν
258 920 348 955 νόμων
361 921 513 957 αὐστηρίαν
530 922 703 957 παρέθραυεν
723 921 771 948 καὶ
785 921 834 953 τὰς
850 930 912 948 ποι-

120 965 168 997 νὰς
185 966 334 1001 ἐμετρίαζε
346 973 353 980 ·
377 967 418 993 διὸ
432 966 480 993 τοῦ
504 967 721 1002 προεξάρχοντος
744 967 912 999 ὲκκοπέντος

119 1011 182 1043 τοὺς
199 1011 367 1047 ὀφθαλμοὺς,
394 1013 418 1039 oi
433 1013 523 1040 λοιποὶ
547 1013 592 1039 διὰ
620 1013 675 1040 τῶν
697 1013 737 1044 είς
757 1013 789 1039 τὸ
802 1013 816 1035 -³
833 1013 912 1048 σῶμα

119 1057 233 1093 πληγῶν
245 1058 293 1085 καὶ
315 1059 364 1094 τῆς
380 1059 555 1094 ἀφαιρέσεως
568 1059 623 1086 τῶν
636 1060 739 1095 τριχῶν
755 1056 912 1095 φιλανθρώ-

120 1111 179 1133 πως
196 1103 421 1138 ὶσωφρονίζοντο.
444 1101 500 1131 Καὶ
518 1101 592 1131 οὗτοι
609 1104 658 1140 μὲν
673 1103 759 1136 οὕτως
770 1107 912 1141 πατρικῶς

120 1148 222 1182 μᾶλλον
245 1148 446 1184 ἢόεσποτικῶς
471 1151 541 1186 πρὸς
571 1151 604 1178 τὸ
632 1151 802 1186 καθεστηκὸς
826 1153 911 1179 ἐπαν-

120 1193 232 1229 ήγοντο.

157 1293 218 1324 μς¹.
234 1290 319 1318 Δύτδν
337 1291 364 1318 δὲ
376 1291 426 1318 οὐκ
443 1291 488 1318 εἶα
501 1291 646 1318 καθεύδειν
661 1292 678 1327 ἡ
690 1291 760 1328 ὑπὲρ
773 1292 828 1319 τῶν
843 1292 911 1320 ὅλων

114 1332 230 1372 ’φροντὶς
255 1337 305 1364 καὶ
327 1337 362 1364 τὰ
384 1337 424 1364 ἔτι
438 1337 569 1373 περιλιπῆ
581 1338 711 1373 τρόπαια.
735 1338 825 1372 una:
837 1339 912 1374 πρῶ-

119 1390 164 1409 τον
179 1383 231 1418 μὲν
243 1383 275 1410 τὸ
286 1384 398 1411 πλεῖστα
413 1386 462 1419 τὴν
479 1384 636 1419 Ῥωμαϊκὴν
649 1385 825 1420 ἐπικράτειαν
840 1386 912 1420 ὠφε-

119 1428 180 1456 λοῦν
195 1429 370 1465 ὀχυρώτατον
385 1430 514 1466 κάστρον,
531 1431 561 1456 τὸ
579 1430 680 1458 Λοῦλον
701 1430 859 1466 λεγόμενον,
877 1433 910 1468 τῇ

120 1476 249 1512 φθασάσῃ
276 1478 389 1512 περιττῇ
421 1476 543 1513 ῥᾳθυμίᾳ
569 1477 617 1504 καὶ
633 1478 667 1512 τῇ
694 1477 749 1504 τῶν
765 1478 911 1505 λυσιτελῶν

119 1520 253 1556 ὀλιγωρίᾳ.
269 1520 418 1556 αὔτανδρον
430 1521 440 1536 ⁸
460 1522 536 1557 παρὰ
553 1522 608 1548 τῶν
627 1522 786 1558 ’Λγαρηνῶν
808 1523 910 1558 ληφθὲν

119 1566 167 1593 καὶ
175 1567 220 1593 διὰ
233 1566 283 1602 τὴν
298 1566 352 1594 ἀπὸ
367 1567 414 1593 τοῦ
431 1567 526 1605 τόποψ
536 1567 687 1602 ἀσφάλειαν
709 1568 847 1604 ὀχυρωθὲν
863 1570 911 1596 καὶ

112 1606 319 1648 κρατούμενον,
332 1614 365 1649 τῇ
381 1614 468 1649 οἰκείᾳ
483 1614 591 1641 συνέσει
611 1615 658 1641 καὶ
671 1615 817 1651 ἐπιμελείᾳ
831 1617 845 1642 ὁ
862 1615 910 1651 βα-
925 1628 947 1658 c

120 1658 211 1691 σιλεὺς
223 1659 270 1685 καὶ
289 1659 329 1694 τῷ
344 1659 452 1694 ἀφθόνῳ
466 1659 521 1686 τῶν
542 1660 662 1695 δωρεῶν,
680 1660 766 1688 πειθὼ
783 1662 830 1689 καὶ
848 1661 910 1697 βίαν

112 1704 304 1740 προσαγαγὼν
321 1707 342 1738 ',
366 1707 415 1741 τῆς
431 1705 605 1741 βαρϐαρικῆς
628 1707 805 1741 ἐπικρατείας
845 1717 909 1742 μετ-

120 1750 219 1786 έστησε
235 1751 363 1787 καὶπρὸς
389 1752 439 1788 τὴν
463 1752 601 1788 προτέραν
626 1753 749 1786 ἐξουσίαν
769 1754 824 1781 τῶν
842 1754 909 1782 Ῥω-

122 1796 209 1831 μαίων
229 1798 385 1832 μετήγαγεν
398 1798 425 1831 °;-
444 1798 492 1832 ἀφ’
509 1795 540 1825 οὗ
555 1798 603 1825 καὶ
615 1799 645 1825 τὸ
660 1799 780 1831 Μελοῦος
793 1801 910 1836 κάστρον

114 1842 187 1883 πρὸς
201 1843 285 1870 αὑτὸν
304 1843 436 1876 ἑκουσίως
450 1843 580 1879 μετέθετο
596 1846 643 1872 καὶ
662 1845 796 1881 δεσπότην
813 1847 908 1874 ἑαυτοῦ
928 1876 930 1881 τ

119 1888 164 1916 τὸν
187 1890 379 1925 αὐτοκράτορα
405 1891 599 1926 ἀνηγόρευσεν.
624 1891 680 1927 Τὴν
695 1892 722 1918 δὲ
745 1892 799 1918 τῶν
820 1893 908 1920 Μανι-

114 1935 203 1970 ’χιίων
232 1936 309 1963 πόλιν
334 1937 406 1972 τὴνν
432 1937 617 1964 Καταϐἀταλα
638 1938 810 1973 καλουμένην
838 1939 910 1966 κατὰ

121 1981 165 2007 τὸν
179 1982 277 2017 καιρὸν
299 1983 404 2010 ἑκεῖνον
421 1983 464 2010 διὰ
477 1983 532 2009 τῶν
547 1983 656 2010 οἰκείων
677 1985 838 2020 στρατηγῶν
867 1985 909 2018 ἐξ.

121 2028 283 2063 επόρθησεν.
310 2028 380 2055 Ἀλλ’
392 2029 421 2055 οὐ
449 2029 576 2067 τοσοῆτον
601 2030 683 2056 αὑτὸν
709 2031 726 2066 ή
753 2026 788 2057 δι’
807 2031 908 2066 ἑτέρων

121 2073 247 2108 πρόθεσις
260 2074 270 2089 ⁸
285 2073 442 2110 εὔφραινεν,
463 2075 527 2102 ὅσον
543 2077 553 2092 ⁹
567 2076 632 2110 ἡνία
651 2076 682 2102 τὸ
694 2077 715 2092 ¹⁰
737 2076 774 2113 μὴ
789 2078 846 2109 τοῖς
861 2078 908 2104 αὒ-

119 2120 165 2146 τ.ῦ
179 2120 273 2152 πόνοις
301 2122 347 2147 καὶ
362 2121 495 2153 κινδύνοις
515 2121 550 2149 τὰ
567 2123 685 2157 τρόπαια
707 2123 842 2150 ἵστασθαι.
859 2125 908 2151 Διὰ

121 2166 198 2194 τοῦτο
221 2165 301 2199 αὖθις
324 2169 371 2194 καὶ
387 2169 407 2184 ¹¹
428 2169 632 2196 Κωνσταντῖνον
657 2170 702 2196 τὸν
729 2171 837 2206 πρῶτον
855 2172 909 2198 τῶν

123 2213 185 2240 υἱῶν
202 2213 434 2249 προσλαϐόμενος,
450 2215 486 2246 ὡς
504 2215 537 2242 ἂν
551 2216 632 2242 αὑτὸν
648 2214 693 2242 οἷα
704 2217 825 2250 γενναῖον
842 2217 908 2244 σκύ-

121 2258 188 2285 λακα
201 2258 340 2294 πολεμίων
365 2259 451 2296 γεύσῃ
468 2260 548 2294 φόνου
566 2261 612 2287 καὶ
638 2261 719 2294 αὐτὸς
740 2262 815 2297 αὐτῷ
837 2263 910 2290 διδά-

964 319 1071 347 ιπωςιὶε
1084 321 1157 348 illius
1176 322 1258 348 rebus
1274 322 1437 357 ncgligcltat,
1454 322 1500 349 sed
1514 323 1621 350 cunctis
1641 323 1758 360 benigne

963 365 1122 400 placideque
1153 366 1298 399 utebatur;
1329 375 1361 394 ac
1391 368 1491 402 quibus
1518 368 1607 395 modis
1637 373 1755 403 potera',

963 411 1039 438 omni
1054 412 1145 439 studio
1158 412 1280 440 levamen
1296 414 1452 442 adhibebat.

999 456 1045 483 45.
1063 457 1226 492 Quanquam
1243 466 1308 485 vero
1331 459 1370 486 sic
1387 461 1473 494 patris
1495 460 1668 487 humanitate
1693 468 1752 495 erga

964 502 1090 530 subditos
1103 502 1271 531 afﬁciebatur
1290 511 1442 539 eorumque
1455 506 1552 533 sedulo
1567 513 1662 533 curam
1676 514 1755 541 gere-

963 548 1020 580 bat,
1038 556 1092 576 non
1111 549 1258 577 defuerunt
1275 555 1363 578 tamen
1379 552 1424 586 qui
1443 559 1505 578 eum
1528 551 1592 579 odio
1608 552 1754 585 haberent,

964 601 1012 621 seu
1045 595 1137 629 potius
1154 595 1200 630 qui
1233 596 1386 624 inviderent
1406 605 1438 624 ac
1457 598 1519 625 vita).
1547 598 1754 627 insidiarentur.

963 639 1032 667 Nam
1042 641 1177 673 Curcuas,
1190 649 1272 677 quem
1288 648 1397 677 vocant,
1413 644 1511 678 opibus
1526 644 1688 680 deliciisque
1700 645 1755 673 las-

964 685 1069 714 civiens
1095 688 1280 722 tyrannidem,
1300 694 1328 715 ut
1346 697 1394 724 par
1419 694 1469 722 est,
1485 689 1638 722 allectabat,
1658 691 1755 726 adjun-

963 739 1063 766 cxaque
1091 733 1299 768 conjuratorum
1333 735 1391 770 pari
1429 737 1585 764 animorum
1616 744 1755 765 consensu

965 779 1044 806 tttrba
1062 779 1253 814 aggredienda:
1275 781 1312 808 rei
1329 783 1505 809 commodum
1534 787 1642 818 tempus
1656 791 1754 818 exspe-

964 825 1066 852 ctabat.
1082 825 1142 852 Uno
1156 829 1247 853 tamen
1262 834 1295 854 ex
1311 827 1463 860 coniuratis
1475 833 1537 856 ante
1549 830 1754 865 aggressionem

966 871 1117 899 instructas
1135 872 1173 899 illi
1191 874 1332 908 detegeute
1347 874 1472 907 insidias,
1490 876 1634 903 traduntur
1646 876 1753 912 legibus

966 917 1100 945 scelerati.
1125 918 1226 946 lterum
1245 924 1335 947 tamen
1364 923 1488 956 generosi
1506 924 1679 958 imperatoris
1698 924 1754 952 ele-

964 963 1067 991 mentia
1097 964 1185 999 legum
1213 965 1386 993 scveritatem
1403 968 1539 1002 tantisper
1565 969 1700 1004 mitigavit
1721 978 1754 997 ac

963 1017 1060 1045 poenas
1078 1010 1220 1038 moderata
1238 1016 1290 1039 est.
1307 1011 1440 1040 Excussis
1458 1014 1549 1048 itaque
1564 1016 1652 1042 oculis
1667 1016 1689 1042 ei
1705 1016 1752 1050 qui

963 1059 1060 1083 auctor
1082 1056 1281 1092 conjurationis
1295 1059 1446 1091 exstiterat,
1461 1059 1560 1094 reliqui
1574 1060 1684 1088 inﬂictis
1697 1069 1754 1088 ver-

963 1101 1074 1129 beribus
1101 1102 1291 1138 ademptisque
1316 1104 1422 1138 capillis
1448 1105 1595 1134 humanius
1626 1107 1752 1140 castigati

963 1151 1038 1175 sunt.
1054 1147 1092 1175 Ac
1106 1148 1143 1175 illi
1160 1148 1269 1183 quidem
1286 1150 1311 1176 in
1325 1157 1387 1177 eum
1407 1151 1516 1178 modum
1536 1156 1648 1186 paterna
1666 1153 1752 1187 magis

963 1193 1132 1229 indulgentia
1147 1203 1228 1229 quam
1251 1196 1328 1222 herili
1347 1197 1492 1224 severitate
1516 1197 1549 1225 ad
1572 1197 1691 1225 omciutn
1707 1206 1753 1226 sa-

963 1241 1122 1275 niorentque
1139 1245 1256 1268 mentem
1271 1247 1335 1269 sunt
1353 1243 1468 1270 reducti.

997 1287 1042 1315 46.
1061 1288 1206 1315 Enimvero
1224 1297 1385 1316 communes
1414 1290 1453 1316 rei
1484 1291 1600 1324 publica:
1620 1298 1704 1323 curae,
1725 1295 1754 1319 et

962 1342 1023 1369 quae
1050 1335 1238 1368 superioribus
1273 1340 1372 1369 tropum
1403 1336 1544 1363 restabant
1579 1337 1751 1371 adjicienda,

963 1388 1075 1408 somnos
1107 1381 1130 1407 ei
1157 1381 1330 1408 divellebant.
1350 1381 1449 1408 Verum
1479 1383 1597 1417 primutn
1630 1388 1751 1410 castrum

963 1426 1061 1454 Lulum
1082 1426 1212 1454 Romanae
1225 1428 1262 1454 rei
1279 1428 1468 1460 utilissimum,
1492 1429 1580 1464 ipsum
1602 1430 1753 1457 munitissi-

963 1481 1050 1505 mum,
1080 1473 1253 1508 superiorum
1290 1479 1444 1508 temporum
1473 1476 1595 1510 projecta
1625 1477 1752 1504 vecordia
1795 1475 1802 1480 ”

962 1527 1113 1554 eorumque
1127 1519 1250 1554 neglectu
1265 1527 1325 1554 qua:
1337 1528 1351 1547 e
1363 1527 1392 1547 re
1408 1521 1547 1547 communi
1563 1521 1646 1556 278
1662 1521 1753 1549 forent

962 1573 1024 1592 cum
1039 1565 1113 1592 omni
1128 1565 1326 1600 oppidanorum
1343 1566 1421 1593 turba
1435 1566 1468 1593 ab
1481 1566 1612 1601 Agat-etiis
1630 1574 1751 1602 captum,

964 1612 1053 1646 obque
1083 1611 1135 1638 loci
1163 1612 1338 1639 securitatem
1355 1612 1388 1639 iis
1407 1612 1542 1638 ntunitntu
1560 1621 1592 1639 ac
1624 1614 1752 1648 prtesidio

964 1662 1115 1690 servatum,
1133 1657 1277 1692 prudentia
1290 1665 1338 1685 sua
1355 1665 1387 1684 ac
1401 1665 1465 1684 cura
1479 1658 1638 1693 imperator,
1654 1667 1752 1688 mune-

964 1710 1080 1738 rumque
1098 1703 1187 1737 copia,
1213 1711 1266 1737 qua
1293 1703 1317 1729 vi
1343 1711 1397 1738 qua
1415 1704 1551 1736 suasione,
1569 1705 1751 1734 Barbarorum

964 1749 1061 1776 (litioni
1081 1749 1205 1776 excussit
1221 1749 1398 1784 Ilomanoque
1415 1749 1531 1784 imperio
1546 1750 1646 1778 iterum
1659 1752 1751 1786 subje-

963 1795 1010 1822 cit.
1027 1794 1065 1821 Ex
1081 1802 1135 1829 quo
1151 1799 1177 1821 ct
1188 1800 1309 1822 castrum
1326 1794 1432 1823 Meluus
1447 1803 1476 1822 se
1497 1796 1533 1822 illi
1559 1802 1655 1831 sponte
1677 1798 1752 1825 dedi-

962 1841 1012 1873 dit,
1028 1840 1225 1876 dominumque
1243 1840 1433 1876 imperatorem
1451 1843 1570 1877 agnovit.
1585 1842 1752 1872 Manichzco-

964 1895 1022 1914 rum
1050 1887 1146 1915 urbem
1165 1887 1351 1915 Catabatalam
1375 1888 1488 1921 dictam,
1505 1897 1545 1916 .eo
1562 1894 1683 1925 tempore
1703 1899 1752 1926 per

963 1934 1047 1962 duces
1062 1941 1128 1962 suos
1141 1934 1253 1961 excidit.
1272 1933 1329 1961 Non
1344 1934 1383 1961 sic
1399 1939 1490 1962 tamen
1509 1936 1661 1964 delectabat
1677 1938 1751 1972 quod

964 1987 1012 2015 per
1037 1979 1107 2007 alios
1123 1980 1212 2006 excisa
1232 1983 1307 2006 esset
1337 1984 1419 2014 atque
1444 1980 1561 2016 direpta,
1577 1989 1608 2009 ac
1637 1983 1752 2010 moleste

963 2025 1082 2054 habebat
1097 2025 1169 2059 quod
1187 2032 1241 2052 non
1265 2025 1324 2052 suis
1339 2026 1396 2060 ipse
1422 2026 1563 2054 laboribus
1577 2032 1677 2062 tropaea
1695 2030 1750 2055 eri-

963 2072 1052 2108 gebat.
1062 2071 1167 2098 Rursus
1179 2071 1429 2107 itaque,assumpto
1440 2072 1620 2100 Constantino
1633 2074 1750 2102 liliorum

963 2122 1027 2146 natu
1041 2117 1170 2149 maximo,
1185 2121 1214 2143 ut
1227 2121 1356 2152 tanquam
1379 2125 1512 2153 generoso
1527 2119 1618 2146 catulo
1633 2120 1750 2148 hostium

962 2165 987 2192 ei
1005 2164 1087 2192 cmdis
1103 2168 1212 2199 gustum
1226 2163 1329 2191 faceret
1341 2184 1348 2196 ,
1364 2164 1486 2199 artisque
1501 2166 1625 2194 militaris
1645 2175 1750 2195 necnon

963 2210 1042 2238 fortis
1053 2210 1220 2244 audacisque
1232 2210 1316 2237 animi
1333 2211 1403 2238 inter
1418 2212 1540 2246 pericula
1556 2213 1613 2248 ipse
1629 2214 1665 2240 illi
1682 2222 1751 2249 przr~

963 2262 1057 2293 ceptor
1070 2257 1152 2288 foret,
1167 2257 1213 2284 illo
1226 2257 1327 2285 comite
1343 2258 1477 2286 adversus
1492 2258 1598 2295 Syriam
1612 2261 1750 2295 profectus

123 2305 219 2336 σκαλος
239 2306 294 2332 τῶν
315 2306 454 2333 τακτικῶν
473 2307 519 2333 καὶ
532 2307 579 2334 τοῦ
594 2307 663 2342 πρὸς
682 2307 746 2339 τοὺς
767 2308 908 2341 κινδύνους

964 2309 1003 2332 est
1017 2312 1024 2337 ;
1043 2304 1211 2337 veniensque
1222 2302 1387 2336 Caesaream,
1406 2311 1468 2338 qua:
1483 2304 1515 2330 ad
1531 2305 1649 2339 Argeum
1670 2314 1749 2332 mon-

122 2351 269 2386 eWapach
291 2352 507 2387 παραστήματος
527 2353 652 2387 γένηται,
673 2354 721 2380 σὺν
741 2354 816 2389 αὑτῷ
838 2356 909 2382 κατὰ

122 2395 218 2430 Συρίας
247 2396 391 2432 ἐξώρμησε
410 2397 442 2429 ¹¹,
466 2398 513 2423 καὶ
538 2397 587 2432 τὴν
611 2399 679 2434 πρὸς
700 2398 739 2433 τῷ
771 2399 871 2434 Ἀργέᾳ
889 2401 910 2417 ’³

123 2443 291 2478 Καισάρειαν
307 2443 355 2477 τὴν
366 2443 479 2478 πρώτην
492 2443 547 2470 τῶν
559 2444 752 2471 Καππαδόκων
766 2445 845 2472 πόλιν
860 2455 909 2472 κα-

123 2489 256 2521 ταλαῆὼν,
277 2489 319 2525 [P.
338 2490 400 2524 i751
415 2490 463 2516 καὶ
479 2491 615 2522 τακτικῶς
630 2491 675 2517 τὸν
693 2491 738 2518 ὑπ’
757 2492 838 2519 αὑτὸν
866 2493 910 2525 ἐξ·

123 2537 231 2568 οπλίσας
257 2537 320 2563 λαὸν
334 2536 465 2570 λογάδων,
477 2537 509 2563 ὲκ
537 2537 640 2563 τούτων
667 2539 764 2573 μοῖραν
787 2539 908 2574 ἀπέτεμε

123 2584 166 2608 καὶ
181 2583 220 2614 ὡς
246 2582 476 2617 προδιερευνητὰς
500 2582 547 2609 καὶ
565 2582 730 2618 προδιόπτας
754 2583 908 2618 ἔμπροσθεν

123 2628 305 2660 ἐξαπέστειλε,
322 2628 370 2655 καὶ
398 2628 512 2655 κατόπιν
535 2628 616 2660 αὐτὸς
639 2629 707 2663 μετά
728 2629 778 2663 τῆς
797 2630 910 2664 βαρείας

123 2673 262 2710 δυνάμεως
286 2676 389 2707 εἵπετο,
404 2675 447 2703 ἴνα
469 2675 582 2711 ἐνεργοῦ
604 2676 741 2711 μαχαίρας
766 2676 865 2710 ἡγῆται
881 2677 910 2704 τὸ

124 2719 318 2755 ἁκμαιόμιατον,
335 2721 366 2746 τὸ
388 2720 416 2746 δὲ
431 2719 472 2746 ἔτι
486 2720 686 2755 στιῦαρὼτερον
710 2721 910 2756 ἀπελαύνηται.

125 2766 154 2792 02
165 2767 214 2798 τὰς
233 2767 355 2802 ἐρήμους
371 2767 455 2800 ὀξέως
475 2766 670 2802 διαδραμόντες
686 2766 719 2793 τὰ
734 2767 862 2802 φρούρια,
877 2767 908 2794 τό

962 2349 1016 2376 tem
1033 2353 1085 2380 est,
1107 2347 1225 2383 primam
1237 2347 1430 2382 Cappadocum
1456 2349 1562 2382 urbem,
1578 2357 1666 2385 exque
1680 2351 1750 2378 mili-

960 2396 1013 2423 tari
1030 2395 1137 2422 ratione
1151 2401 1217 2422 suos
1231 2401 1374 2426 exercens,
1389 2395 1514 2423 avulsam
1533 2403 1564 2423 ex
1580 2396 1619 2424 eis
1634 2397 1750 2425 selecto-

959 2449 1020 2469 rum
1054 2445 1157 2476 partem
1182 2440 1257 2468 velut
1270 2441 1397 2467 rimatum
1426 2449 1458 2468 ac
1473 2442 1642 2475 speculatum
1660 2443 1750 2478 regio-

959 2496 1020 2516 nem
1037 2487 1190 2522 praemisit:
1205 2487 1264 2522 ipse
1283 2494 1345 2514 cum
1362 2487 1438 2521 gravi
1465 2487 1559 2515 tnilitia
1588 2495 1659 2523 pone
1683 2489 1749 2523 ibat,

961 2540 992 2561 ut
1013 2533 1145 2569 pugnacis
1159 2533 1235 2561 ensis
1252 2533 1342 2561 vivida
1363 2534 1450 2567 magis
1465 2534 1553 2561 virtus
1570 2534 1688 2568 prmiret,
1707 2542 1752 2563 so-

960 2581 1042 2608 lidior
1055 2584 1225 2615 sequeretur.
1237 2579 1357 2607 Desertis
1370 2579 1409 2606 illi
1423 2580 1498 2607 brevi
1513 2581 1659 2615 superatis,
1674 2589 1751 2609 arces

961 2626 1179 2655 Psilocastellttm
1206 2631 1233 2653 et
1266 2625 1529 2654 Paramocastellum
1564 2627 1749 2662 diripuerunt,

961 2673 1045 2708 inque
1072 2672 1126 2700 illis
1149 2671 1232 2707 279
1246 2676 1369 2706 repertos
1385 2673 1510 2708 captivos
1528 2673 1677 2702 duxerunt.
1697 2675 1751 2702 Ad-

961 2718 1130 2746 ventautium
1146 2719 1287 2752 copiarum
1306 2723 1380 2746 metu
1406 2720 1529 2747 exterriti
1557 2719 1683 2748 Phalacri
1706 2730 1752 2748 ca-

963 2766 1013 2793 stri
1029 2765 1124 2793 incola:
1139 2770 1237 2799 sponte
1257 2765 1414 2800 imperatori
1430 2766 1594 2793 deditionem
1617 2766 1751 2797 fecerunt,

754 2855 871 2883 VARIIE
897 2855 1101 2883 LECTIONES.

160 2916 209 2942 ³τδ
222 2923 278 2952 om.
295 2915 326 2943 P.
364 2915 375 2931 ‘
401 2915 547 2952 ἄντανδρον
558 2915 602 2952 VA.
645 2915 657 2952 ξ
677 2915 823 2952 προσάγων
861 2913 892 2952 ΡΑ.

126 2949 247 2979 Combel‘.
285 2951 296 2967 ’
315 2952 378 2978 ὅσον
398 2958 453 2979 om.
473 2949 506 2979 AL
556 2951 578 2966 "
594 2949 689 2984 ἠνιᾶτο
711 2949 748 2985 μὴ
759 2949 812 2976 ΔΡ.

953 2914 962 2929 ⁸
978 2915 1136 2948 κατήγαγεν
1152 2913 1182 2940 Ρ.

867 2950 886 2966 ¹¹
906 2949 963 2984 καὶ]
977 2950 1020 2977 τὸν
1036 2949 1066 2978 Ρ.
1107 2951 1127 2965 ¹’
1143 2950 1257 2984 ὥρμησε
1273 2948 1304 2976 Ρ.

1233 2913 1305 2950 “sitv
1323 2913 1426 2950 om.rP.
1458 2949 1461 2950 ν
1482 2914 1493 2930 ⁸
1506 2913 1640 2950 πόρθησις
1659 2922 1752 2949 marg»

1344 2948 1365 2964 "
1383 2949 1500 2985 ’Λργέτᾳ
1514 2950 1546 2976 Λ.
