1989 3161
218 197 272 229 295

768 192 1027 225 THEOPHANES
1039 194 1320 226 CONTINUATUS.

1802 189 1854 221 296

222 253 316 281 Ambri
344 252 416 280 ﬁlius
434 252 586 288 Apabdcles
602 252 738 280 Anazarbi
763 260 891 288 ameras,
915 254 1012 289 procul

1072 263 1094 281 τε
1109 254 1326 281 Ψιλοκάστελλον
1342 253 1389 280 καὶ
1404 253 1435 279 τὸ
1453 249 1716 288 Παραμοκάστελλον
1739 249 1840 285 ἐξεπόρ

220 305 317 335 agente
331 300 498 335 imperatore
511 300 656 328 barbarico
680 308 756 331 more
774 300 924 334 ferociens,
947 306 1013 328 tunc

221 347 337 382 ejusque
365 346 513 382 praesentia
539 345 756 373 Meliteueusium
774 354 804 374 se
822 351 919 374 turmae
937 353 1014 373 com—

223 392 345 419 miscens
362 391 425 427 fuga
442 392 559 419 salutem
577 391 727 427 expedivit,
746 400 831 419 unum
845 393 897 419 hoc
911 391 963 419 sibi
980 391 1013 418 ad

222 438 399 466 securitatem
424 438 553 465 idoneum
568 442 657 472 ratus,
678 438 711 467 si.
724 439 830 471 lateret,
849 445 1015 473 quocunque

223 482 331 509 tandem
359 487 438 509 terrae
464 482 526 510 sinu
555 487 638 518 atque
657 483 760 511 latebra
794 491 824 511 se
852 484 1012 511 abdidisset.

224 528 311 563 llnjus
326 529 488 564 irruptionis
504 529 581 557 clade
597 534 624 557 ct
638 529 733 558 Caisus
751 531 808 558 sive
818 530 977 564 Catasama,
988 535 1015 559 et

226 573 337 600 llobana
366 573 423 601 sive
451 573 646 602 Endelecbone
670 575 865 610 diripiuntur:
893 576 1015 611 itemque

224 618 324 646 Ardala
348 624 376 647 et
390 628 472 655 quam
493 625 594 648 vocant
614 620 814 657 Eremosyctea.
833 622 910 650 Tunc
925 626 953 650 et
970 622 1015 650 Se-

225 672 285 692 mas
299 665 344 692 ille
354 666 443 693 Taelis
458 665 542 698 ﬁlius,
555 666 599 701 qui
615 666 698 694 Tauri
713 668 815 695 montis
829 668 963 703 angustiis
977 668 1015 696 in-

224 710 317 738 sidens
333 712 484 745 grassando
497 710 685 740 Romanorum
702 713 768 741 lines
785 714 1012 749 depopulabatur,

222 757 255 783 ad
271 757 464 792 imperatorem
481 758 616 793 confugit.

1063 301 1160 336 θησαν,
1175 301 1223 328 καὶ
1240 300 1304 332 τοὺς
1320 301 1350 327 ἐν
1365 300 1458 332 αὐτοῖς
1480 298 1705 333 καταληφθέντας
1719 297 1856 332 ἠνδραπο-

1060 349 1179 376 δίσαντο.
1207 347 1440 381 Καταπλαγέντες
1468 346 1497 373 δὲ
1524 345 1631 381 τῷδέει
1653 344 1703 378 τῆς
1726 343 1856 379 ἐπιούσης

1063 395 1208 430 δυνάμεως
1223 395 1248 421 οι
1274 393 1304 420 τὸ
1329 394 1377 420 τοῦ
1400 392 1544 428 Φαλακροῦ
1566 391 1714 426 λεγόμενον
1738 391 1857 426 κάστρον

1065 441 1205 472 οἰκοῦντες
1218 440 1350 472 ἑκουσίως
1366 440 1405 475 τῷ
1418 440 1523 474 βασιλεί
1535 437 1763 475 προσεχώρησαν.
1787 437 1816 463 'O
1828 437 1856 463 δὲ

1063 488 1110 515 τοῦ
1127 488 1251 523 ’Δμσρου
1268 488 1324 519 υίὸς
1345 487 1494 514 ’Λπάδδελε
1515 485 1685 521 Ἀναζάρόης
1700 485 1807 520 ἁμέρας
1824 484 1855 514 “,

1061 533 1116 564 ἕως
1131 534 1180 568 μὲν
1208 532 1318 568 μακρὰν
1334 533 1447 567 ἀπεῖχεν
1474 533 1488 558 ὸ
1517 532 1653 567 βασιλεὺς,
1680 529 1856 566 βαρὸαρικῶς

1063 577 1240 614 ἐθρασύνετο,
1253 578 1313 604 τότε
1326 577 1354 605 δὲ
1372 577 1442 612 μετὰ
1453 577 1500 605 τοῦ
1517 576 1571 603 τῶν
1585 575 1746 611 Μελιτηνῶν
1765 575 1786 591 ¹⁸
1800 575 1857 602 στί-

1065 633 1131 658 φους
1147 626 1222 660 φυγῇ
1243 624 1293 660 τὴν
1306 625 1443 660 σωτηρίαν
1461 623 1614 659 ἐπορίζετο,
1631 623 1716 658 μόνην
1729 622 1752 638 ¹⁶
1766 622 1856 656 ἀσφά-

1065 671 1142 698 λειαν
1156 671 1308 706 ἡγούμενος
1331 671 1427 707 ἱκανὴν
1444 671 1475 698 τὸ
1489 670 1583 697 λαθεῖν
1601 670 1664 696 ὅποι
1679 669 1731 703 γῆς
1742 667 1856 695 καταδέ-

1064 716 1157 744 δυκεν.
1174 717 1213 753 Τῇ
1237 717 1265 744 δὲ
1289 717 1340 752 τῆς
1357 717 1484 752 τοιαύτης
1512 716 1608 750 ἐφόδου
1630 715 1718 750 φθορᾷ
1738 714 1786 742 καὶ
1810 713 1857 747 τῆς

1066 763 1173 791 Καῖσοῦ
1190 764 1250 799 ἢτοι
1272 763 1321 799 τῆς
1347 764 1519 798 Κατασάμας
1535 763 1583 790 καὶ
1607 762 1656 797 τῆς
1677 760 1780 795 Ῥοϐὰμ
1799 759 1857 795 ἦτοι

222 806 273 841 τῆς
298 806 513 842 Ἐνδελεχόνηςὴ
533 807 665 842 πόρθησις
684 807 806 842 γέγονεν,
825 808 883 844 ἅμα
896 810 924 836 δὲ
941 811 1016 846 καὶὴ
1035 811 1085 846 τῆς
1103 812 1230 840 Ἀνδάλον
1250 812 1271 829 ¹⁷
1285 812 1334 838 καὶ
1346 813 1364 847 ή
1385 812 1434 846 τῆς
1463 810 1536 838 οὕτω
1556 809 1706 844 λεγομένης
1741 809 1859 843 Ἑρημο⁴

224 853 342 883 συκαίας
358 853 390 885 ¹⁸,
406 853 449 879 ὅτε
464 853 511 879 καὶ
526 853 620 888 Σήμας
630 854 734 885 ἐκεῖνος
747 855 760 880 ὁ
777 854 823 881 τοῦ
837 856 912 891 Ταὴλ
927 857 957 889 ³³,
969 856 1019 888 τὰς
1043 858 1197 894 δυσχωρίας
1221 859 1346 893 κατέχων
1370 857 1417 884 τοῦ
1433 857 1540 894 Ταύρου
1565 857 1614 884 καὶ
1639 856 1668 890 ἐξ
1687 856 1783 890 ἐφόδου
1811 855 1861 888 τὰς

222 898 276 924 τῶν
297 898 443 933 Ῥωμαίων
455 898 654 933 λυμαινόμενος
674 900 813 935 ἐσχατιὰς,
827 902 894 936 πρὸς
910 902 955 928 τὸν
968 902 1080 937 βασιλέα
1094 904 1261 939 κατέφυγεν.

260 945 304 972 Π.
325 944 401 978 Quod
416 945 438 972 si
451 945 562 972 brevius
577 946 785 982 simpliciusque
805 955 837 974 ac
849 949 928 982 quasi
948 956 1012 977 cur-

1103 950 1157 986 μζ’.
1174 952 1206 978 Εί
1230 952 1258 978 δὲ
1279 952 1420 987 συντόμως
1445 950 1494 977 καὶ
1507 949 1594 985 ψιλῶς
1611 949 1646 977 τὰ
1665 948 1738 976 οὕτω
1754 948 1863 985 μεγάλα

196 996 198 999 ‘
224 991 276 1018 sim
297 998 395 1025 magna
423 996 597 1024 annotamus,
625 1000 706 1020 nemo
722 994 838 1020 miretur
855 1002 906 1022 nec
919 1002 953 1022 eo
970 1003 1018 1023 no-

226 1037 299 1064 mine
312 1037 496 1065 criminetur:
523 1038 606 1065 simul
622 1038 695 1066 euim
719 1039 876 1067 istiusmodi
903 1048 1017 1075 operum

225 1082 438 1117 facinorumquc
448 1083 613 1111 celeritatem
623 1084 747 1112 aemulari
760 1085 882 1113 narratio
891 1087 1017 1121 videtur;

226 1135 280 1162 qua
289 1129 329 1155 sic
337 1129 433 1155 leviter
444 1129 653 1164 simpliciusque
664 1132 837 1159 transcurrit.
848 1131 935 1160 Citius
944 1133 1019 1161 enim

226 1178 293 1201 tunc
321 1173 367 1200 illa
396 1179 477 1209 capta
506 1175 635 1210 praesidia
663 1177 860 1213 designataque
891 1178 1019 1207 facinora

227 1227 311 1254 quam
330 1228 404 1247 nunc
423 1228 438 1247 a
451 1228 495 1248 me
510 1227 619 1249 narrata
631 1228 705 1249 sunt.
723 1222 857 1252 Praeterea
869 1232 931 1252 cum
947 1225 1019 1261 longi

223 1266 281 1300 jam
304 1267 438 1301 temporis
453 1275 530 1294 mora
556 1275 601 1296 res
617 1269 740 1304 singulas
756 1275 886 1305 gestaque
896 1270 1020 1299 lacinora

227 1313 337 1340 silentio
361 1314 436 1341 velut
453 1315 618 1348 obscurarit,
638 1323 671 1343 ac
688 1324 738 1344 nec
752 1325 906 1353 pugnarum
923 1319 1020 1347 modos

227 1367 277 1387 nec
289 1367 322 1387 ex
339 1360 439 1395 impetu
454 1361 647 1396 aggressiones
661 1371 750 1398 neque
766 1369 943 1400 exporrectas
953 1373 1021 1392 con-

228 1409 387 1440 tractasque
411 1406 561 1443 phalanges
576 1415 627 1436 nec
644 1413 869 1444 stratagematum
883 1418 933 1446 pro
951 1417 1021 1439 tem-

227 1460 292 1488 pore
308 1461 375 1481 usus
393 1454 434 1480 vel
449 1454 522 1481 scire
547 1455 687 1490 possimus
702 1456 786 1491 280
805 1458 846 1486 vel
862 1459 1018 1491 enuntiare,

229 1506 284 1526 non
305 1504 348 1527 est
362 1507 412 1527 cur
423 1500 497 1528 circa
515 1501 621 1536 singula
636 1507 743 1537 tempus
756 1507 875 1532 teramus
885 1505 1018 1532 libenter-

228 1545 326 1580 querin
352 1546 406 1573 illis
432 1546 625 1578 immorentur,
648 1548 720 1575 unde
737 1550 862 1577 narratio
877 1550 1020 1578 dilatatur.

228 1591 293 1625 Quae
310 1598 400 1619 autem
418 1593 493 1620 nullo
506 1598 581 1621 certo
597 1598 666 1622 teste
684 1595 784 1623 tradita
803 1600 878 1629 sunt,
898 1598 951 1625 etsi
967 1605 1022 1625 cre-

1069 997 1152 1025 οίονεὶ
1165 998 1227 1025 κατ’
1243 998 1395 1033 ἐπιδρομὴν
1407 997 1627 1032 ἀπαγγέλλομεν,
1645 997 1740 1033 μηδεὶς
1755 996 1863 1032 θαυμα-

1069 1044 1150 1078 ζέτω,
1166 1045 1235 1072 ἀλλὰ
1249 1045 1316 1081 μηδᾶ
1332 1045 1493 1080 ἐγκαλείτω.
1507 1045 1584 1080 ’Λμα
1597 1045 1651 1079 γὰρ
1662 1043 1712 1080 τὴν
1723 1044 1862 1079 ταχύτητα

1068 1091 1125 1119 τῶν
1142 1092 1268 1128 πράξεων
1285 1092 1398 1119 ἐκείνων
1418 1091 1561 1126 μιμεῖσθαι
1581 1092 1597 1126 ἡ
1618 1090 1743 1126 διήγησις
1762 1090 1863 1120 ιοικσν,

1070 1138 1119 1165 καὶ
1132 1139 1177 1165 διὰ
1187 1138 1266 1165 τοῦτο
1276 1138 1364 1170 οὕτως
1379 1138 1453 1165 ἐστὶν
1470 1137 1543 1173 ἁπλῆ
1555 1146 1585 1164 τε
1599 1137 1646 1164 καὶ
1660 1136 1862 1171 ἐπιτρέχουσα·

1071 1185 1169 1212 θᾶττον
1195 1185 1249 1221 γὰρ
1275 1185 1361 1221 ᾑρέθη
1388 1185 1450 1212 τότε
1474 1186 1567 1211 ἐκεῖνα
1589 1185 1636 1211 καὶ
1663 1183 1717 1210 τῶν
1736 1183 1865 1219 πράξεων

1071 1231 1150 1258 ελαῦε
1166 1231 1217 1267 τὴν
1237 1231 1403 1264 συντέλειαν,
1417 1231 1433 1266 ἦ
1451 1231 1498 1258 νῦν
1512 1230 1694 1266 ἀπήγγελται.
1712 1230 1817 1261 Ἄλλως
1834 1238 1866 1256 τε

1071 1279 1120 1305 καὶ
1137 1278 1199 1305 ἐπεὶ
1223 1279 1237 1305 ὁ
1249 1279 1344 1314 χρόνος
1360 1279 1410 1313 ἤδη
1433 1277 1536 1313 ῥεύσας
1555 1277 1599 1304 διὰ
1617 1277 1701 1312 μέσου
1726 1276 1812 1308 πολὺς
1830 1276 1868 1302 τά

1071 1324 1133 1351 καθ’
1148 1325 1252 1351 ἕκαστα
1278 1324 1333 1350 τῶν
1348 1324 1436 1360 ἔργων
1457 1324 1502 1351 διὰ
1522 1323 1572 1358 τῆς
1596 1323 1698 1358 μεταξὺ
1715 1322 1795 1357 σιγῆς
1807 1320 1867 1349 οἷον

1070 1371 1233 1406 ἠμαύρωσε,
1249 1373 1297 1398 καὶ
1308 1370 1370 1397 οὒτε
1385 1370 1565 1406 παρατάξεων
1577 1369 1696 1404 τρόπους
1706 1368 1769 1395 οὔτε
1781 1376 1867 1404 προσ-

1072 1418 1158 1447 δοὶῶν
1175 1418 1286 1453 ἐφόδους
1311 1417 1372 1444 οὔτε
1387 1417 1537 1452 φαλάγγων
1561 1417 1688 1448 ἐκτάσεις
1703 1416 1751 1443 καὶ
1766 1424 1867 1442 συστο-

1071 1464 1119 1496 λὰς
1139 1464 1201 1491 οῡτε
1214 1464 1453 1499 στρατηγημάτων
1467 1462 1629 1498 ἐπικαίρους
1640 1463 1752 1498 χρήσεις
1764 1462 1870 1490 ειδέναι

1072 1510 1121 1537 καὶ
1137 1509 1322 1544 ἀπαγγέλλειν
1339 1510 1362 1525 ’θ
1376 1509 1486 1544 ἔχομεν,
1502 1510 1553 1536 οὐκ
1578 1508 1636 1535 ἐστι
1654 1509 1719 1545 περὶ
1742 1508 1778 1535 τὰ
1793 1509 1870 1535 κατὰ

1075 1556 1158 1591 μέρος
1171 1554 1340 1590 ἐγχρονίζειν
1352 1554 1400 1581 καὶ
1412 1551 1468 1581 οἷον
1483 1554 1692 1590 ἑμφιλοχωρεῖν,
1707 1554 1736 1587 ἐξ
1747 1551 1784 1581 ὧν
1796 1553 1870 1581 πλα-

1073 1601 1185 1628 τύνεται
1209 1601 1239 1627 τὸ
1258 1601 1391 1636 διήγημα.
1412 1600 1454 1627 Τὰ
1466 1600 1496 1627 δέ
1517 1600 1677 1636 ἀμάρτυρον
1700 1600 1796 1636 ἔχοντα
1817 1600 1871 1635 τὴν

229 1639 278 1666 bro
303 1645 415 1666 rumore
434 1639 558 1667 ferantur
578 1645 662 1675 atque
679 1641 708 1668 in
732 1649 781 1669 ore
803 1643 876 1678 vulgi
896 1644 1019 1678 volitent,

1076 1646 1179 1679 πίστιν,
1197 1647 1222 1673 εί
1241 1647 1288 1673 καὶ
1296 1631 1408 1681 λέγεται
1430 1631 1646 1679 πολλάκις,-ὰλλ“
1660 1631 1743 1682 ἡμεῖς
1759 1631 1871 1673 ἁὸασαο

228 1692 281 1712 nos
310 1688 401 1712 tamen
423 1690 452 1712 ut
469 1686 528 1714 sine
550 1687 678 1715 examine
701 1689 900 1724 amplectamur
928 1691 1020 1719 induci

1075 1694 1174 1725 νίστως
1199 1693 1398 1730 προσδέχεσθαι
1412 1694 1442 1720 οὺ
1462 1693 1614 1734 βουλόμεθα
1634 1693 1679 1721 διὰ
1692 1694 1723 1721 τὸ
1737 1693 1776 1728 μὴ
1789 1693 1872 1726 δόξαι

229 1739 284 1758 non
300 1732 432 1766 patimur,
462 1740 495 1759 ne
523 1734 670 1762 coulictam
692 1743 788 1764 eorum
806 1745 868 1772 quae
893 1745 928 1766 ne
944 1743 1019 1774 gesta

1074 1739 1272 1775 πεπλασμένην
1299 1739 1336 1774 μὴ
1367 1740 1518 1774 γεγονότων
1541 1739 1713 1775 πραγμάτων
1737 1738 1873 1773 διήγησιν

228 1777 340 1812 quidem
364 1781 429 1805 sunt
464 1779 651 1808 narrationem
688 1781 846 1817 imperatori
872 1784 1019 1819 appingere

1073 1783 1229 1810 ἀνατιθέναι
1244 1783 1283 1819 τῷ
1299 1783 1415 1819 βασιλεῖ,
1432 1784 1549 1818 μάλιστα
1573 1784 1615 1810 ὅτι
1625 1783 1687 1810 οὐδὲ
1702 1784 1810 1814 ἐκεῖνος
1828 1784 1873 1810 ἔτι

229 1822 384 1851 videamur.
412 1824 452 1851 Ac
479 1825 522 1851 vel
547 1826 676 1860 maxime,
695 1829 767 1862 quod
782 1836 832 1856 nec
845 1829 896 1862 illi,
911 1837 973 1858 cum
991 1831 1017 1858 in

1073 1829 1129 1862 ζῶν
1144 1831 1178 1856 τὰ
1188 1830 1256 1866 πρὸς
1267 1830 1346 1866 χάριν
1357 1830 1534 1862 θωπευτικῶς
1554 1830 1737 1865 ὑποτρέχοντα
1754 1831 1875 1865 ῥήματα

230 1869 359 1896 humanis
383 1869 474 1905 adhuc
488 1876 603 1906 ageret,
629 1880 690 1908 qua:
709 1872 755 1901 alii
770 1875 844 1903 velut
859 1877 1017 1905 assentandi

229 1915 316 1950 gratia
334 1916 417 1944 verba
434 1916 613 1950 insinuarent,
631 1919 729 1948 lubens
745 1921 889 1949 videbatur
919 1923 1018 1951 admit-

230 1966 298 1989 tere.
325 1961 381 1990 Nos
401 1971 478 1995 vero.
502 1964 549 1999 qui
575 1973 609 1992 ne
629 1973 661 1993 ea
679 1966 790 2001 quidem
815 1975 876 2002 qua;
893 1969 1016 1996 omnium

229 2016 278 2035 ore
300 2013 399 2037 testata
425 2015 490 2038 sunt
518 2011 684 2046 scriptorum
717 2015 903 2043 monumentis
927 2016 1018 2043 cousi-

229 2061 314 2087 gnare
329 2054 461 2088 valemus,
474 2060 521 2083 aut
532 2063 580 2090 per
598 2057 684 2084 otium
704 2065 863 2092 possumus,
879 2059 923 2087 vix
942 2066 1017 2088 certe

1070 1878 1197 1913 ἐφαίνετο
1213 1879 1404 1914 προσιέμενος.
1421 1880 1452 1906 Οἱ
1465 1879 1494 1906 δὲ
1518 1879 1586 1914 μηδὲ
1606 1879 1641 1906 τὰ
1660 1879 1737 1914 παρὰ
1751 1879 1873 1905 πάντων

1070 1925 1274 1961 ὁμολογούμενα
1285 1926 1430 1961 δυνάμενοι
1447 1924 1489 1962 [Ρ.
1507 1925 1568 1961 176]
1585 1925 1600 1960 ἢ
1618 1923 1795 1960 σχολάζοντες
1810 1934 1873 1952 πα-

1073 1972 1200 2007 ραδοῦναι
1218 1975 1310 2008 γραφῇ
1328 1973 1411 2008 σχολῇ
1427 1981 1460 2006 γε
1480 1971 1514 1999 ἂν
1529 1972 1594 2006 περὶ
1607 1971 1644 1998 τὰ
1660 1971 1806 2006 ἀμφίϐολα
1826 1971 1879 1997 τὸν

1072 2016 1150 2051 λόγον
1160 2018 1398 2053 ἀπομηκύνοιμεν.
1423 2017 1493 2043 Ἀλλ’
1513 2016 1717 2052 ἀνακρουέσθω,
1737 2016 1787 2042 καὶ
1804 2016 1876 2043 καθ’

1071 2063 1130 2090 ὁδὸν
1143 2066 1193 2100 τῆς
1208 2064 1238 2097 ἐξ
1263 2065 1351 2100 ἀρχῆς
1367 2064 1520 2100 διηγήσεως
1540 2065 1555 2090 ὁ
1576 2063 1655 2098 λόγος
1677 2063 1877 2098 ἀνατρεχὲτω.

230 2099 257 2126 in
278 2101 312 2127 iis
339 2109 400 2136 quae
425 2102 509 2130 dubia
533 2108 598 2132 sunt
615 2111 771 2132 sermonem
791 2107 1021 2140 protraxerimus.
1039 2108 1140 2138 Verum
1171 2099 1348 2147 retroagatur
1373 2099 1473 2145 oratio,
1498 2114 1526 2138 et
1569 2110 1598 2137 in
1625 2110 1698 2137 viam
1736 2112 1881 2136 recurrat

229 2154 312 2181 quam
334 2147 385 2174 sibi
398 2148 433 2175 ab
453 2149 567 2176 exordio
579 2150 747 2178 narrationis
760 2152 912 2185 proposuit.

266 2192 313 2220 ιε.
331 2193 489 2222 Secundum
515 2195 573 2222 haec
600 2195 750 2230 imperator
766 2198 944 2232 Ouopnictem
969 2199 1022 2228 llu-

230 2239 305 2266 vium
335 2244 362 2267 et
380 2240 478 2266 Sarum
508 2248 572 2268 cum
601 2242 724 2270 exercitu
749 2243 867 2278 trajecit,
893 2245 1023 2280 venitque

230 2284 390 2319 Cucosum;
423 2286 515 2322 ibique
537 2289 680 2317 succensis
712 2289 783 2318 lucis
819 2296 846 2318 et
876 2292 1022 2320 arboribus

231 2332 334 2359 excisis
357 2331 417 2359 loca
438 2333 583 2362 itineribus
600 2335 673 2362 invia
692 2336 718 2363 in
741 2337 886 2364 commoda
905 2338 1021 2374 redegit,

232 2381 315 2411 atque
331 2376 358 2404 in
373 2378 414 2406 eis
427 2379 550 2413 palantes
563 2381 692 2409 cohortes
706 2382 860 2418 dissipavit.
872 2383 937 2412 lndc
946 2385 1025 2413 Calli-

232 2423 316 2457 polim
338 2428 366 2452 et
392 2424 537 2453 Padasiam
563 2434 626 2454 cum
641 2428 773 2461 venisset,
787 2430 910 2465 locisque
922 2432 1027 2466 asperis

232 2477 265 2498 ac
276 2471 451 2507 confragosis
466 2471 518 2500 iter
533 2472 657 2507 haberet,
669 2482 742 2510 equo
756 2475 927 2505 descendens
942 2478 1027 2513 pedes

233 2517 290 2553 ipse
312 2518 362 2545 vite
376 2523 492 2554 angusta
519 2520 714 2554 emetiebatur,
731 2521 823 2550 labore
837 2531 887 2551 suo
904 2524 1028 2553 subdito-

233 2571 294 2591 rum
317 2564 441 2593 intlrmas
467 2566 542 2594 vires
563 2574 703 2596 recreans.
733 2567 802 2596 Tum
826 2569 1027 2598 Germaniciam

232 2615 340 2646 petens,
362 2618 424 2638 cum
447 2612 598 2640 adversarii
616 2621 713 2642 omnes
738 2623 754 2642 e
768 2616 885 2651 vestigio
897 2617 1028 2645 cederent

234 2655 361 2690 intraque
381 2658 484 2684 mantia
498 2665 558 2687 sese
575 2661 764 2694 continerent,
783 2669 834 2690 nec
848 2662 896 2698 qui
916 2670 1027 2690 manum

233 2709 381 2731 conserere
403 2703 518 2732 auderet
547 2705 618 2734 ullus
647 2712 731 2740 esset,
758 2708 866 2735 cunctis
883 2709 954 2736 circa
968 2716 1027 2736 eam

233 2747 289 2782 igni
306 2749 460 2785 absumptis
487 2758 519 2779 ac
538 2752 705 2781 suburbanis
720 2754 821 2782 misere
836 2755 970 2783 desolatis
984 2760 1028 2783 at-

1114 2202 1169 2238 μη’.
1185 2203 1263 2229 Μετὰ
1276 2201 1365 2229 ταῦτα
1384 2202 1473 2228 τοίνυν
1485 2188 1535 2228 ’τὸν
1558 2200 1736 2235 Ὀνοπνίκτην
1750 2200 1881 2236 λεγόμε-

1076 2259 1121 2277 νον
1134 2249 1256 2283 ποταμὸν
1276 2249 1324 2275 καὶ
1340 2248 1387 2275 τὸν
1411 2248 1499 2283 Σαρὸν
1519 2247 1687 2282 διαπεράσας
1709 2248 1724 2273 ὸ
1739 2246 1883 2281 βασιλεὺς

1078 2295 1148 2332 μετὰ
1167 2295 1214 2322 τοῦ
1232 2294 1437 2330 στρατεύματος
1452 2291 1519 2328 ἦλθε
1535 2292 1604 2329 πρὸς
1631 2293 1799 2324 Κουκουσὸν.
1828 2293 1884 2321 καὶ

1075 2342 1124 2374 τὰς
1137 2343 1227 2369 ἐκεῖσε
1251 2341 1354 2377 λόχμας
1372 2341 1520 2376 ἐμπρήσας
1537 2340 1586 2367 καλ
1605 2339 1656 2374 τὴν
1679 2339 1783 2366 ἄϐατον
1798 2341 1840 2376 τῇ
1860 2342 1884 2356 ﬂ

1076 2387 1129 2414 τῶν
1146 2387 1262 2422 δένδρων
1287 2387 1390 2422 ἐκτομῇ
1410 2386 1495 2422 βατὴν
1510 2385 1671 2420 πεποιηκὼς
1683 2385 1738 2412 τῶν
1759 2387 1790 2412 ἐν
1807 2387 1885 2413 ταὺ-

1076 2442 1136 2464 ταις
1151 2433 1238 2468 λόχων
1260 2433 1406 2468 ἐκράτησε.
1431 2432 1504 2468 Πρὸς
1522 2432 1615 2467 δὲτὴν
1638 2432 1815 2460 Καλλίπολιν
1835 2435 1886 2460 καὶ

1077 2479 1216 2506 Παδασίαν
1235 2479 1352 2514 φθάσας,
1371 2477 1432 2506 εῐτα
1451 2479 1494 2505 διὰ
1509 2478 1650 2505 δυσὸἀτων
1675 2477 1779 2504 ὁδεύων
1794 2479 1887 2511 ὁδῶν,

1077 2527 1125 2553 τοῦ
1139 2527 1224 2553 ἵππου
1239 2526 1346 2557 ἀποϐὰς
1357 2526 1439 2557 πεζὸς
1450 2526 1473 2541 ¹¹
1486 2525 1587 2561 διεξῄει
1599 2525 1634 2551 τὰ
1643 2524 1724 2551 στενὰ
1732 2526 1786 2560 τῆς
1805 2525 1890 2556 ὁδοῦ.

1078 2572 1122 2599 διὰ.
1135 2572 1182 2599 τοῦ
1197 2572 1298 2599 οἰκείου
1312 2572 1398 2598 κόπου
1413 2571 1443 2598 τὸ
1459 2571 1572 2604 ἀσθενὲς
1587 2571 1640 2598 τῶν
1658 2571 1712 2598 ὑπὸ
1726 2572 1817 2606 χεῖρα
1831 2580 1891 2598 πα-

1081 2618 1299 2654 ραμυθούμενος.
1315 2617 1472 2654 Τηνικαῦτα
1485 2618 1514 2644 δὲ
1532 2619 1565 2653 τῇ
1582 2617 1771 2653 Γερμανικείᾳ
1790 2626 1891 2651 προσ.

1080 2664 1181 2698 ϐαλὼν,
1196 2665 1259 2692 ἐπεὶ
1270 2665 1300 2692 τὸ
1314 2665 1513 2699 ἀνθιστάμενον
1528 2664 1602 2691 ἅπαν
1624 2666 1657 2690 ὲκ
1678 2663 1759 2695 ποδὸς
1774 2663 1895 2698 ἐχώρει

1081 2712 1128 2739 καὶ
1141 2713 1196 2744 τοῖς
1208 2711 1310 2747 τείχεσι
1324 2711 1494 2738 συνεκλείετο
1509 2711 1555 2738 καὶ
1565 2710 1651 2742 οὐδεὶς
1665 2709 1720 2736 τῶν
1736 2708 1898 2744 πολεμίων

1083 2757 1186 2793 ἐτόλμα
1202 2758 1241 2789 εἰς
1256 2758 1350 2792 χεῖρας
1360 2756 1458 2789 ἐλθεῖν,
1475 2756 1509 2783 τὰ
1524 2756 1590 2790 περὶ
1601 2755 1688 2790 αὐτὴν
1702 2754 1800 2782 πάντα.
1816 2754 1897 2790 πυρὶ

886 2823 1006 2851 VARUS
1023 2823 1226 2853 LECTIONES.

270 2864 292 2880 ¹⁵
316 2864 487 2900 Ἀναξάρόης
501 2867 517 2893 ἀ

234 2902 313 2932 καίας
325 2902 356 2927 Δ.

232 2944 288 2962 om.
303 2935 332 2962 l’.
397 2938 418 2953 ²¹
437 2937 519 2970 πεζὸς
530 2935 585 2965 οιιί.
603 2937 632 2965 Ρ.

521 2868 607 2903 μέρας
621 2876 678 2895 om.
697 2869 728 2895 Δ.
767 2868 787 2885 ¹¹
805 2869 874 2902 μετὰ
899 2868 1055 2896 Μελετινῶν
1067 2871 1098 2896 Α.

409 2901 429 2940 ξ’
445 2902 460 2927 ό
474 2901 597 2940 fro-mm
605 2905 642 2940 Α,
662 2904 772 2932 omissis
790 2901 839 2935 τὰς
861 2901 1250 2940 δυσχωρίας-λυμαινόμενος
1288 2903 1428 2939 ἐσχατιάς.

1165 2869 1186 2887 ¹⁶
1202 2870 1281 2904 μόνον
1296 2869 1327 2894 Δ.
1386 2868 1407 2904 ’7⁷
1431 2867 1559 2904 Ἀρδάλου
1576 2867 1609 2894 Α.

1634 2875 1638 2880 ί
1660 2866 1682 2882 ¹⁸
1695 2865 1813 2901 ἐρήμου
1836 2867 1899 2894 Συ-

1482 2903 1504 2919 ¹⁶
1521 2901 1700 2937 ἐπαγγέλλειν
1718 2902 1752 2928 Δ.

1817 2903 1846 2919 II
1861 2905 1900 2939 τῇ
