1989 3161
165 212 216 245 28!

720 223 793 255 LIB.
815 225 848 256 V.
870 238 904 243 --
923 225 1100 258 BASILIUS
1114 228 1278 260 MACEDO.

1740 238 1794 269 252

164 271 257 323 ορίους
271 267 428 308 στρατείας,
446 276 484 308 ὡς
507 278 541 305 ἂν
560 280 617 312 τοῖς
628 281 742 314 οἰκείοις
756 282 850 315 πόνοις
868 285 914 310 καὶ
927 287 947 310 τὲ

1012 285 1109 319 pienda
1126 286 1289 322 impelleret,
1299 295 1353 324 quo
1363 289 1493 318 nimirum
1512 291 1571 320 suis
1586 292 1643 328 ipse
1655 293 1797 323 laboribus

163 316 249 365 διὶτοῦ
264 318 362 355 ἀνδρίᾳ
383 321 429 348 καὶ
445 324 616 360 γενναιότητι
639 327 762 364 πλατύνῃ
782 329 832 363 μὲν
846 330 881 356 τὰ
898 316 959 365 ὅρια

230 363 330 412 ἀρχῆς,
361 367 530 404 πορρωτέρω
544 370 573 397 δέ
589 372 698 410 συνώσῃ
773 362 836 412 1765]
851 377 897 403 καὶ
906 362 958 404 ἀπε

163 409 249 445 ιλάσῃ
260 410 292 437 τὸ
302 411 508 447 δυσμενὲς,οὺδέ
517 416 621 444 τούτων
627 409 774 456 ἠμέλησεν,
786 409 853 448 ἀλλά
862 423 959 459 πρῶτα

165 455 216 490 μὲν
231 457 296 487 τοὺς
318 462 533 494 στρατιωτικοὺς
556 465 727 500 καταλόγους
755 467 958 502 ἐλαττωθέντας

163 505 197 531 ἐκ
211 505 258 532 τοῦ
274 508 458 543 περικοπῆναι
470 509 520 542 τὰς
533 510 672 547 διδομένας
681 514 786 548 τούτοις
800 517 957 552 φιλοτιμίας

162 549 212 576 καὶ
226 551 310 585 ρόγας
332 552 379 579 καὶ
394 553 428 580 τὰ
445 555 574 589 βασιλικὰ
596 560 740 594 σιτηρέσια
750 561 794 588 διὰ
806 549 876 590 νέων
892 549 956 590 ἐτυλέ

161 594 246 630 λογῆς
257 604 286 622 τε
301 597 346 624 καὶ
364 598 481 635 ἐκλογῆς
498 601 692 636 ἀνεπλήρωσεν
715 605 764 631 καὶ
778 605 822 633 διὰ
837 606 888 642 τῆς
900 608 956 635 τῶν

160 642 289 670 δεόντων
298 646 422 680 παροχῆς
437 655 467 673 τε
480 647 527 674 καὶ
537 649 686 682 ἐπιδόσεως
702 650 823 687 sepem
834 661 840 668 '
858 653 955 681 ἔπειτα

161 687 306 721 γυμνάσας
321 689 435 723 τούτους
449 693 509 724 ταῖς
523 696 668 727 τακτικαῖς
681 696 817 731 μελέταις,
836 698 884 725 καὶ
898 701 954 732 τοῖς

160 734 312 770 ἐνδελεχέσι
324 736 417 769 πόνοις
428 738 578 775 ἐμπείρους
593 741 643 776 τῆς
658 742 809 777 πολεμικῆς
834 745 955 779 ἀγωνίας

161 781 334 817 πεποιηκὼς,
359 784 407 810 καὶ
426 785 554 818 εὐταξίας
582 787 625 813 ὄτι
645 788 762 822 μάλιστα
786 790 866 825 λόγον
881 791 954 827 ἔχειν

158 827 255 860 ἐθίσας
269 830 317 856 καὶ
333 832 546 866 πεφροντικέναι
564 833 612 860 τοῦ
626 835 782 868 εὐπειθοῦς,
804 838 876 866 οὕτω
892 841 952 872 μετ’

159 874 254 901 αὐτῶν
262 875 334 911 ὑπὲρ
347 877 401 903 τῶν
413 877 535 912 φυλετῶν
546 880 592 907 καὶ
609 882 749 916 συγγενῶν
763 883 809 910 καὶ
824 885 953 920 ὑπηκόων

158 919 234 947 κατὰ
246 920 392 958 βαρϐάρων
406 924 598 959 ἐστράτευσεν.
615 928 692 962 ᾝδει
708 929 763 965 γὰρ
777 930 815 962 ὡς
827 919 888 965 οξθέ
898 932 952 958 τῶν

159 965 305 1000 βαναύσων
316 968 364 995 καὶ
379 970 498 1004 χυδαίων
508 971 612 999 τούτων
623 975 727 1008 τεχνῶν
737 976 865 1011 οὐδεμίαν
876 977 950 1005 ἔστιν

156 1011 259 1039 εἰδέναι
274 1013 328 1048 πρὸ
345 1014 393 1040 τοῦ
409 1015 518 1050 μαθεῖν,
545 1017 600 1044 οὐδ’
612 1018 687 1046 ἐστιν
701 1020 776 1052 ὅστις
789 1022 949 1051 διδασκάλου

155 1059 243 1094 χωρὶς
254 1058 315 1086 οὔτε
333 1060 592 1098 ὑποδηματοράιρος,
609 1065 675 1100 μήτι
692 1074 723 1100 γε
741 1068 796 1094 τῶν
806 1070 951 1096 σπουδαιο-

154 1104 246 1138 τέρων
275 1106 336 1134 τινὰ
352 1108 455 1142 τεχνῶν
488 1110 680 1146 κατωρθωκὼς
697 1113 832 1147 φαίνεται.
850 1115 908 1151 Τὴν
921 1116 950 1143 δὲ

155 1150 312 1186 πολεμικὴν
336 1154 492 1189 ἐπιστήμην
521 1155 537 1190 ἢ
565 1156 663 1192 τέχνην
683 1160 707 1185 εἰ
723 1158 784 1195 δίχα
803 1150 949 1197 μαθήσεως

154 1198 205 1224 καὶ
221 1198 317 1233 ίκανῆς
339 1199 488 1236 ἐμπειρίας
513 1202 576 1237 ἐξῆν
597 1203 696 1231 εἰδέναι
711 1205 750 1241 τῷ
780 1206 947 1244 βουλομένῳ,

153 1243 207 1270 οὐκ
218 1242 291 1279 εἶχον
317 1247 372 1281 ἄρα
395 1246 469 1280 νοῦν,
483 1247 541 1274 ἀλλ’
557 1249 674 1285 ἐλήρουν
689 1252 713 1278 oi
729 1251 815 1280 πολλὰ
830 1255 894 1290 περὶ
917 1242 949 1282 τδ

155 1291 240 1325 μέρος
255 1291 336 1319 τοῦτο
351 1294 519 1329 πονήσαντες
539 1296 569 1323 ἐν
583 1298 640 1328 τοῖς
654 1301 793 1331 τακτικοῖς
805 1301 948 1337 συγγράμι

154 1345 224 1370 μασι
242 1337 288 1364 καὶ
311 1338 336 1365 οἱ
350 1339 473 1373 μέγιστοι
489 1341 544 1368 τῶν
560 1343 772 1380 αὐτοκρατόρων
786 1347 834 1373 καὶ
848 1356 947 1382 στρατ-

152 1383 242 1428 ήγῶν.
269 1385 294 1410 oi
316 1385 403 1412 πολλὰ
416 1386 471 1413 ἀπὸ
487 1387 594 1415 πολλῶν
606 1391 725 1425 τρόπαια
751 1392 946 1428 συστήσαντες,

150 1425 190 1456 ὧν
207 1429 296 1462 οὐδεὶς
307 1430 446 1467 ἐθάρῤησς
466 1433 579 1461 πώποτε
605 1437 666 1471 μετ’
682 1436 806 1471 ἀμαθοῦς
821 1425 867 1465 καὶ
878 1440 946 1474 ἀγυ-

152 1476 274 1511 μνάστου
303 1479 367 1506 λαοῦ
393 1481 433 1512 εἰς
452 1481 594 1517 πολεμίων
621 1485 776 1518 παράταξιν
804 1487 944 1522 ἐμὸαλεϊν.

155 1521 231 1550 Ἀλλ’
258 1523 310 1550 οὐκ
323 1525 398 1552 ἐστιν
414 1525 477 1553 οὔτε
492 1527 538 1554 τὸν
556 1528 593 1564 μή
612 1530 735 1564 μαθόντα
751 1521 862 1566 είδέναι,
883 1532 945 1563 οὔτε

149 1569 198 1596 τὴν
212 1569 250 1605 μὴ
264 1571 426 1607 ἀσκήσαντα
453 1573 502 1600 καὶ
516 1576 728 1611 γυμνασάμενον
751 1578 944 1612 ἀγωνίζεσθαι.

147 1615 202 1642 Διὰ
218 1616 300 1644 τοῦτο
313 1619 362 1645 καὶ
380 1618 403 1635 ⁸³
415 1620 429 1646 ό
444 1622 568 1654 γενναῖος
594 1619 673 1655 οὗτος
692 1624 825 1659 πρότερον
839 1627 946 1662 γυμνά-
961 1636 986 1668 c

147 1670 201 1694 σας
216 1664 264 1690 καὶ
292 1667 462 1700 καταρτίσας
486 1667 521 1695 τὰ
544 1668 674 1704 τάγματα
693 1670 728 1697 τὰ
751 1674 947 1708 στρατιωτικὰ,

147 1710 198 1735 καὶ
211 1709 234 1726 “
247 1711 299 1746 τὴν
314 1712 507 1740 νεοσύλλεκτον
526 1716 657 1751 στρατιὰν
686 1717 822 1754 ἀναμίξας
847 1721 878 1755 τῇ
896 1730 948 1748 πα-

116 1794 121 1795 7
146 1757 225 1792 λαιᾷ,
241 1759 291 1785 καὶ
306 1761 369 1792 ταῖς
396 1760 583 1796 ἁρμοζούσαις
605 1765 750 1800 χορηγίαις
769 1769 816 1794 καὶ
832 1768 948 1804 δωρεαῖς

147 1803 266 1834 λιπάνας
286 1805 378 1833 αὐτῶν
401 1807 435 1834 τὰ
450 1808 534 1844 νεῦρα
561 1809 610 1836 καὶ
629 1810 752 1843 τονώσας
780 1813 830 1845 τὰς
845 1814 945 1848 δεξιὰς,

145 1849 221 1877 οὓτω
234 1851 294 1886 μετ’
305 1852 399 1879 αὐτῶν
425 1854 580 1889 προσέϐαλε
595 1855 618 1872 ⁶⁸
630 1858 687 1888 τοῖς
712 1858 819 1894 ἐχθροῖς
840 1861 887 1887 καὶ
905 1861 940 1888 τὰ

146 1894 235 1921 πολλὰ
254 1897 376 1931 τρόπαια
391 1898 505 1934 ἔστησεν
520 1899 568 1926 καὶ
590 1900 641 1932 τὰς
656 1902 756 1936 μυρίας
777 1903 854 1935 νίκας
867 1905 942 1931 ἀνεί-

146 1940 219 1968 λετο.
235 1942 284 1968 Διά
298 1942 423 1977 βραχέων
430 1943 460 1970 δὲ
477 1944 645 1980 διηγήσομαι
660 1946 693 1974 ⁸⁸.

1010 335 1037 358 et
1054 331 1214 360 fortitudine
1228 334 1368 370 animique
1392 337 1580 371 magnitudine
1605 339 1711 374 imperii
1731 340 1799 370 ﬁnes

1009 377 1144 413 proferret
1159 379 1322 415 longiusque
1332 381 1437 409 hostem
1450 384 1612 418 propelleret
1626 393 1658 413 ac
1670 386 1801 422 abigeret,

1010 432 1059 452 nec
1071 425 1142 452 hanc
1159 426 1212 454 sibi
1226 432 1331 462 partem
1348 429 1536 464 negligentiam
1554 432 1668 465 putavit.
1679 432 1799 459 Priimnn

1010 477 1101 499 tamen
1123 472 1257 501 militares
1290 474 1419 502 cohortes
1446 476 1508 504 inde
1536 477 1696 507 imminutas
1724 480 1798 514 quod

1009 523 1146 546 consuetae
1167 518 1325 555 largitiones
1339 525 1365 548 et
1379 522 1514 556 stipendia
1534 523 1670 559 regiaeque
1682 532 1800 553 annona:

1007 563 1062 592 illis
1079 565 1228 593 subtracta:
1243 573 1345 598 essent,
1367 575 1438 595 novo
1453 568 1560 602 delectu
1584 571 1798 607 conscriptaque

1008 610 1034 637 in
1050 618 1109 638 eam
1123 619 1180 639 rem
1198 613 1283 640 milite
1296 614 1421 648 replevit,
1444 617 1650 651 necessariique
1662 625 1798 646 commea-

1006 660 1050 684 tus
1075 657 1331 687 subministratione
1345 668 1378 688 ac
1394 661 1556 697 elargitione
1578 663 1729 691 roboravit.
1741 663 1796 691 Ex-

1005 703 1068 730 inde
1082 704 1249 733 militaribus
1261 707 1391 740 operibus
1409 715 1456 735 cos
1470 716 1612 741 exercens,
1623 710 1797 747 assiduisque

1005 747 1147 776 laboribus
1172 749 1325 784 disciplinae
1340 755 1494 779 castrorum
1524 751 1653 788 eipertos
1680 761 1712 782 ac
1740 762 1797 789 pra:

1005 794 1133 822 omnibus
1149 797 1274 823 servandi
1294 797 1399 824 ordinis
1413 798 1546 826 sollicitos
1562 799 1692 834 reddens,
1710 801 1797 828 tribu-

1004 841 1101 875 nisque
1126 842 1185 869 suis
1199 845 1281 877 atque
1302 843 1418 871 ducibus
1442 845 1612 881 obsequendi
1636 847 1691 874 ritu
1715 848 1796 876 iusti-

1005 891 1096 919 tuens,
1116 895 1168 914 una
1186 895 1249 915 cum
1264 888 1319 916 illis
1343 897 1392 924 pro
1405 891 1553 920 tribulibus
1575 899 1601 920 et
1616 893 1743 921 amnibus
1757 899 1796 922 at-

1004 941 1058 968 que
1075 934 1193 961 subditis
1209 935 1342 962 adversus
1366 936 1500 965 barbaros
1513 939 1715 973 expeditionem
1731 948 1794 967 sua-

1005 979 1088 1014 cepit.
1103 979 1220 1007 Noverat
1237 981 1309 1007 enim
1329 982 1430 1009 nullam
1448 988 1545 1015 artem,
1557 991 1589 1011 ne
1606 985 1793 1013 mechanicam

1004 1025 1117 1060 quidem
1134 1033 1166 1053 ac
1179 1027 1272 1059 vilem,
1285 1027 1349 1055 sciri
1362 1035 1444 1062 posse
1457 1033 1604 1064 antequam
1617 1031 1793 1065 addiscatur;

1004 1077 1054 1096 nec
1071 1077 1236 1104 quemquam
1265 1078 1326 1098 esse
1346 1073 1392 1106 qui
1418 1073 1479 1100 sine
1501 1074 1633 1109 magistro
1647 1076 1688 1103 vel
1704 1076 1791 1109 ipsam

1004 1116 1138 1142 sutoriam
1156 1116 1268 1150 (nedum
1293 1118 1414 1152 aliquam
1435 1119 1604 1148 nobiliarum
1622 1122 1733 1155 artium,
1760 1131 1792 1150 ac

1002 1170 1064 1197 quae
1079 1163 1186 1198 magnis
1201 1163 1350 1191 sudoribus
1365 1167 1573 1202 comparantur)
1590 1168 1705 1203 adeptus
1722 1170 1792 1198 satis

1002 1207 1139 1235 videatur.
1154 1209 1304 1236 Scientiam
1328 1218 1393 1237 vero
1407 1218 1456 1239 seu
1478 1217 1563 1240 artem
1581 1214 1740 1247 militarem,
1767 1217 1791 1243 si.

1002 1255 1108 1290 absque
1126 1255 1271 1290 disciplina
1296 1256 1499 1292 sui'ﬁeientique
1514 1267 1546 1286 ex
1573 1261 1609 1287 rei
1629 1269 1677 1288 usu
1693 1262 1790 1295 peritia

1002 1301 1090 1328 cuivis
1103 1301 1205 1328 volenti
1221 1309 1318 1336 parare
1339 1302 1443 1334 liceret,
1459 1304 1530 1331 haud
1547 1312 1613 1332 sane
1627 1307 1727 1334 mentis
1750 1307 1789 1333 in-

1002 1350 1085 1381 εδει-ω
1102 1346 1228 1380 fuissent,
1247 1349 1293 1375 sed
1310 1349 1486 1382 delirasseut,
1497 1349 1544 1384 qui
1559 1351 1637 1384 plura
1653 1351 1724 1378 circa
1739 1352 1791 1379 hoc

1001 1393 1029 1420 in
1043 1393 1248 1421 commentariis
1274 1394 1307 1421 de
1326 1394 1408 1422 rebus
1433 1395 1539 1423 bellicis
1556 1396 1680 1432 diligenti
1707 1405 1790 1432 opera

1001 1439 1186 1473 tradiderunt,
1201 1440 1283 1475 266
1308 1441 1476 1476 maximique
1492 1442 1673 1476 imperatores
1690 1451 1721 1471 ac
1737 1443 1788 1478 du-

1000 1493 1048 1513 ces
1063 1485 1211 1519 exercitus,
1238 1487 1285 1521 qui
1311 1488 1396 1514 multa
1413 1486 1447 1515 de
1464 1488 1558 1522 multis
1579 1493 1679 1524 tropaea
1694 1497 1790 1517 erexe-

999 1536 1081 1565 runt;
1096 1540 1214 1567 quorum
1231 1541 1313 1560 nemo
1329 1541 1449 1568 unquam
1475 1542 1538 1561 eum
1557 1534 1618 1561 rudi
1638 1535 1724 1563 milite
1740 1544 1791 1563 nee

1000 1578 1104 1606 bellicis
1131 1579 1273 1607 laboribus
1288 1580 1403 1608 subacto
1428 1582 1556 1608 adversas
1572 1581 1644 1609 acies
1661 1582 1787 1609 tentavit.

1000 1624 1082 1660 Atqui
1098 1625 1157 1652 lteri
1173 1632 1227 1652 non
1250 1630 1340 1660 potest
1355 1630 1386 1653 ut
1404 1626 1428 1654 is
1450 1626 1547 1654 doctus
1560 1627 1595 1654 sit
1609 1628 1656 1662 qui
1676 1635 1729 1655 non
1746 1628 1790 1655 di-

999 1672 1108 1705 dicerit,
1124 1673 1165 1700 vel
1179 1676 1209 1699 ut
1227 1673 1379 1700 certamine
1395 1671 1503 1700 fortiter
1518 1673 1685 1709 deftmgatur
1695 1675 1741 1709 qui
1760 1682 1790 1702 se

996 1718 1113 1746 minime
1131 1719 1288 1746 exercuerit
1305 1726 1338 1746 ac
1352 1719 1531 1755 gymnastica:
1547 1727 1658 1755 operam
1670 1720 1788 1749 dederit.

996 1764 1103 1792 idcirco
1117 1765 1160 1792 vir
1174 1765 1220 1792 ille
1236 1772 1386 1800 generosus
1407 1766 1566 1793 exercitatis
1589 1766 1666 1800 prius
1682 1766 1788 1793 instau-

996 1811 1120 1846 ratisquo
1133 1811 1301 1839 militaribus
1312 1812 1467 1844 ordinibus,
1482 1812 1665 1846 adinistiSque
1683 1813 1788 1847 tyroni-

995 1857 1047 1886 bus
1064 1862 1258 1884 veteranorum
1276 1856 1410 1889 numeris,
1435 1864 1468 1884 ac
1490 1857 1718 1885 convenientibus
1736 1858 1788 1884 lar-

997 1904 1149 1938 gitionibus
1161 1904 1381 1938 muneribusque
1395 1911 1492 1930 eorum
1509 1904 1687 1939 impinguatis
1697 1903 1789 1930 nervis

994 1952 1156 1985 dextrisqtte
1171 1951 1320 1983 roboratis,
1334 1951 1374 1977 sic
1393 1957 1455 1977 cum
1473 1950 1527 1977 illis
1544 1950 1677 1977 adversus
1696 1951 1789 1977 hostes

145 1996 314 2025 congressus
339 1992 423 2019 multa
438 1997 540 2028 tropaea
569 1994 658 2022 erexit
676 2000 703 2023 et
720 1995 881 2027 innumeras
895 2001 1026 2030 victorias
1039 1999 1201 2035 reportavit.
1231 1998 1295 2026 llaec
1321 2005 1387 2026 vero
1418 2000 1554 2026 enarrabo
1587 2005 1668 2032 quam
1694 1998 1788 2033 paucis

147 2039 253 2066 licebit.

183 2100 235 2132 λζ’.
257 2101 314 2127 Καὶ
345 2101 512 2130 κατάστασιν
543 2103 648 2135 πόλεως
675 2105 874 2143 ἐνευκαιρήσας
899 2110 946 2136 καὶ

146 2147 284 2182 σχολάσας
305 2147 449 2182 πράξεσιν,
463 2147 543 2184 ἔαρος
559 2149 768 2186 ὑπολάμποντος
790 2154 811 2168 ⁸⁷
829 2155 863 2181 τα
875 2155 945 2182 ὅπλα

145 2193 269 2220 ἀνείλετο
278 2194 308 2209 ⁸⁷·
318 2194 364 2220 καὶ
375 2194 444 2228 μετὰ
452 2195 506 2222 τῶν
513 2198 716 2230 στρατιωτικῶν
723 2198 881 2233 καταλόγων
889 2201 945 2233 ἔξυν⁸

145 2239 261 2272 εξητάζε
267 2248 306 2270 το,
334 2240 488 2276 ἡγούμενος
497 2243 596 2277 χρῆναι
609 2243 654 2270 τὸν
665 2244 702 2275 ὡς
711 2244 818 2279 ἀληθῶς
825 2247 941 2282 ἄρχοντα

145 2286 192 2312 τοῦ
220 2287 323 2313 οἰκείου
347 2288 569 2322 προκινδυνεύειν
586 2289 652 2316 λαοῦ
670 2291 717 2317 καὶ
741 2292 811 2327 ὑπὲρ
826 2292 872 2318 τοῦ
889 2294 943 2321 πᾶν

146 2330 232 2362 ἀδεῶς
250 2331 354 2365 διάγειν
371 2332 400 2358 τὺ
413 2333 569 2368 ὑποχείριον
584 2334 681 2367 πόνους
693 2336 739 2362 καὶ
755 2337 943 2374 ταλαιπωρίας

145 2377 279 2410 ἑκουσίως
306 2379 388 2406 αὐτὸν
413 2380 603 2416 ἀναδέχεσθαι.
628 2382 683 2409 Καὶ
703 2384 767 2409 ἐπεὶ
784 2384 855 2410 κατὰ
879 2385 942 2418 τοὺς

145 2425 259 2460 καιροὺς
269 2425 391 2458 ἐκείνους
398 2427 412 2452 ό
419 2427 467 2461 τῆς
474 2427 614 2462 Τεφρικῆς
623 2426 664 2464 [Ρ.
674 2427 735 2465 166]
749 2429 941 2465 ἐξηγούμενος,

145 2471 174 2497 ὃν
186 2471 364 2507 Χρυσόχειρα
378 2473 583 2508 κατωνόμαζον,
600 2475 644 2501 ἐπ’
656 2475 754 2510 ἀνδρίᾳ
766 2472 813 2502 καὶ
833 2478 941 2503 συνέσει

144 2516 284 2552 διαφέρειν
296 2518 384 2545 δοκῶν
398 2519 501 2554 σφόδρα
516 2520 670 2556 παρελύπει
690 2521 740 2557 τὴν
759 2521 904 2557 Ῥωμαίων
918 2522 940 2538 ⁸⁸

145 2565 239 2599 χώραν
258 2565 305 2591 καὶ
323 2566 389 2597 τοὺς
411 2565 504 2599 λαοὺς,
517 2567 565 2593 καὶ
589 2567 704 2599 πολλοὺς
722 2567 777 2594 τῶν
804 2568 942 2604 ἀγροίκων

145 2610 204 2635 καθ’
221 2610 344 2645 ἑκάστην
360 2611 551 2646 σίχμαλὼτους
574 2612 737 2648 ποιούμενος
762 2614 870 2649 ἐφρόνει
895 2623 944 2641 σοι

146 2657 216 2690 ὂιρᾶι
232 2657 282 2683 καὶ
296 2657 449 2693 ὑπέρογκα,
467 2659 527 2685 κατ’
547 2658 630 2686 αὑτοῦ
660 2659 707 2685 καὶ
723 2659 772 2695 τῆς
799 2659 846 2687 ὑπ’
860 2660 941 2687 αὐτὸν

148 2703 250 2735 πόλεως
265 2704 445 2739 ἐκπρατεύει
456 2705 470 2731 ό
490 2705 627 2740 βασιλεύς.
648 2706 701 2732 Τοῦ
717 2705 744 2733 δὲ
758 2706 875 2743 σοϐαροῦ
894 2708 941 2734 καὶ

147 2747 261 2782 θρασέος
281 2750 388 2777 ἐκείνου
403 2751 470 2787 πρὸς
485 2753 534 2788 τὴν
557 2753 736 2788 γενναιότητα
752 2753 800 2779 τοῦ
815 2753 940 2785 ἐπιόντος

150 2795 354 2829 στρατεύματος
371 2798 418 2824 καὶ
434 2798 485 2832 τὴν
497 2797 605 2826 σύνεσιν
618 2799 663 2826 καὶ
675 2799 786 2834 ἀνδρίαν
797 2799 844 2826 τοῦ
857 2799 938 2826 αὐτο-

1035 2108 1080 2136 37.
1100 2106 1261 2141 Tranquillo
1283 2105 1367 2140 igitur
1394 2104 1471 2132 urbis
1499 2108 1589 2136 statu,
1611 2112 1643 2131 ac
1664 2111 1712 2138 per
1730 2103 1789 2139 ejus

998 2157 1232 2193 opportunitatem
1258 2160 1357 2182 navata
1381 2153 1463 2181 rebus
1490 2153 1614 2187 diligenti
1640 2160 1723 2188 opera
1749 2153 1789 2179 in-

997 2208 1157 2237 Structoque
1188 2201 1323 2240 exercitu,
1349 2207 1413 2227 vere
1437 2199 1701 2234 armacapessivit,
1719 2199 1789 2226 inter

997 2248 1132 2274 militares
1150 2246 1207 2282 ipse
1225 2245 1339 2274 ordines
1367 2252 1452 2279 agens
1479 2252 1511 2272 ac
1537 2250 1626 2272 castra
1652 2250 1788 2280 sequens;

997 2302 1096 2329 nempe
1111 2293 1165 2321 hoc
1182 2294 1344 2325 arbitratus,
1354 2293 1414 2320 viro
1428 2292 1545 2327 principi
1563 2300 1611 2327 pro
1628 2292 1727 2326 populo
1738 2300 1789 2319 suo

996 2341 1120 2369 adeunda
1144 2340 1277 2375 pericula,
1301 2344 1329 2367 et
1356 2343 1385 2366 ut
1412 2339 1515 2367 subditi
1531 2347 1629 2367 omnes
1641 2347 1737 2366 secure
1757 2347 1788 2366 ar:

995 2387 1088 2422 quiete
1097 2390 1189 2422 agant,
1200 2390 1297 2421 sponte
1312 2385 1503 2419 suscipiendos
1513 2385 1622 2413 labores
1637 2393 1668 2413 ac
1685 2393 1786 2412 terum-

996 2441 1055 2460 nas.
1080 2432 1204 2466 Cumque
1237 2439 1267 2458 ea
1294 2436 1373 2459 aetate
1397 2430 1541 2466 Tephrieae
1575 2431 1716 2466 princeps,
1743 2431 1786 2457 eui

994 2477 1174 2513 Chrysocbiri
1193 2484 1292 2504 nomen
1315 2481 1385 2510 erat,
1411 2477 1525 2510 reliquis
1538 2477 1639 2504 virtute
1658 2481 1788 2511 pr:estare

995 2525 1072 2552 visus
1094 2532 1126 2551 ac
1142 2523 1299 2558 prudentia,
1316 2523 1469 2550 Romanam
1486 2523 1617 2550 ditionem
1634 2530 1666 2550 ac
1677 2527 1784 2557 gentem

992 2570 1052 2598 dire
1073 2573 1206 2602 vastaret,
1233 2568 1412 2603 quotidieque
1428 2569 1530 2596 multos
1550 2568 1719 2596 rusticorum
1745 2576 1787 2594 ca-

991 2617 1081 2650 ptivos
1099 2623 1194 2650 agens,
1226 2615 1343 2650 superbe
1363 2615 1506 2649 altumque
1527 2619 1638 2650 saperet
1650 2622 1683 2642 ac
1703 2621 1732 2642 se
1751 2623 1787 2640 re

991 2662 1074 2696 liquis
1105 2661 1259 2696 prmlerret,
1285 2661 1420 2688 adversus
1445 2661 1521 2688 illum
1547 2661 1663 2696 ejusque
1690 2660 1785 2687 urbem

991 2707 1072 2743 267
1090 2706 1239 2741 imperator
1255 2706 1410 2733 exercitum
1430 2706 1515 2734 ducit.
1528 2706 1566 2734 Eo
1585 2711 1687 2739 autem,
1699 2714 1787 2741 quan-

994 2754 1065 2781 tavis
1089 2752 1217 2789 superbia
1240 2760 1272 2780 ac
1290 2753 1406 2781 audacia
1421 2753 1508 2781 fretus
1531 2756 1587 2780 erat
1603 2772 1612 2786 ,
1633 2760 1688 2779 non
1717 2759 1789 2778 auso

993 2800 1082 2834 palam
1103 2799 1255 2826 adorientis
1271 2799 1411 2826 exercitus
1430 2806 1579 2833 generosos
1605 2801 1721 2824 conatus
1736 2804 1784 2823 cx-

782 2868 900 2896 VAKIIE
920 2867 1127 2896 LECTIONES.

188 2922 209 2939 ⁸³
223 2924 268 2951 καὶ
283 2933 339 2954 om.
357 2925 388 2953 P.

444 2926 467 2942 "‘
484 2928 530 2954 καὶ
547 2932 609 2955 ante
624 2929 674 2963 τὴν
691 2937 744 2955 (lltl.
767 2929 796 2954 1‘.

157 2956 287 2988 videntur.
328 2961 350 2978 ⁸⁷
363 2961 516 2997 λάμποντος
541 2993 545 2997 ,

562 2963 598 2980 ⁵⁷⁵
608 2963 638 2991 Ρ,
657 2963 743 2990 εἶ’)ετο
760 2963 779 2987 i‘

856 2930 877 2945 ⁵⁵
891 2929 1060 2962 προσέϐαλλε
1074 2929 1105 2956 Α.

844 2965 866 2980 ⁶³
884 2965 1029 3000 Ῥωμαίοις
1038 2965 1070 2993 Α.
1088 2972 1121 2992 an
1136 2965 1187 2990 ὐπδ
1207 2964 1378 2995 Ἰνωιιαίοιςί)

1163 2930 1185 2943 δί’
1207 2934 1266 2963 post
1285 2929 1453 2963 διηγήσομαι
1469 2927 1550 2956 verba
1568 2928 1671 2963 aliquot
1688 2928 1785 2956 deesse
