1989 3161
222 209 276 240 283

224 269 307 305 periri
330 273 377 296 aut
400 268 575 303 prudentiam
591 268 731 303 roburque
755 268 932 303 imperatoris
953 273 1012 295 tcn-
1025 265 1050 295 Δ

225 322 294 348 tare,
320 315 367 343 sed
389 315 533 344 secedente
559 322 701 350 unumque
724 315 777 343 hoc
798 319 951 351 satagente,
983 320 1014 344 ut

226 361 374 389 suamsrbi
399 367 522 389 servaret
549 361 644 388 urbem
673 365 756 395 atque
781 366 928 394 assereret,
959 362 1016 389 ibat

226 408 378 442 imperator
393 407 502 434 nemine
519 407 692 442 prohibente,
703 407 836 442 diripiens
849 414 1015 442 vastatisque

226 459 254 481 et
270 454 433 481 exscindens
445 454 651 489 ineendensque
665 462 750 490 pagos
760 461 856 482 omnes
864 460 892 482 et
904 455 1014 489 oppida,

227 509 287 536 qua!
301 500 492 536 Chrysocbiris
505 500 618 528 ditionis
640 505 730 534 erant,
747 500 883 528 immensa
899 506 1016 528 onustus

227 547 318 581 praella
364 546 559 581 ingentemque
599 546 770 580 captivorum
811 547 1016 575 multitudinem

230 593 351 620 trahens.
371 591 423 620 Sed
448 597 475 620 et
499 592 585 627 ipsam
601 593 713 620 adortus
731 593 826 620 urbem
840 593 1014 628 Tephricam,

228 646 345 673 eamque
372 639 554 666 tumultuaria
583 639 663 674 quasi
692 646 794 674 pugna,
824 647 879 668 non
908 641 1015 668 diutina

227 685 371 713 obsidione
395 690 513 713 conatus
543 694 661 721 capere.
688 686 784 714 videns
816 691 843 714 et
873 695 1015 715 murorum

229 732 359 760 firmitate
386 737 413 760 et
428 733 609 760 barbarorum
628 732 804 760 tnnltitudine
828 740 1016 761 annonarum-

230 785 283 812 que
295 778 373 813 copia
384 778 493 806 abunde
506 779 650 810 munitam,
663 786 695 806 ac
706 786 766 813 quae
781 787 851 813 aegre
865 780 1017 814 expugnari

230 828 334 858 posset,
353 824 426 858 quod
453 824 605 859 praesertim
635 825 728 852 omnis
754 825 856 852 circum
873 833 938 860 ager
957 826 1017 854 bre-

229 869 344 897 vissimo
370 874 492 905 tempore
505 870 647 905 copiarum
664 871 863 899 numerositate
876 871 1016 899 desolatus

230 920 299 947 erat,
325 923 359 943 ac
379 923 448 951 pene
465 917 617 944 exercitum
646 918 819 944 necessarius
844 922 1016 946 commeatus

230 962 377 996 defecerat,
404 972 419 990 a
449 963 557 991 diutina
579 963 724 991 obsidione
747 963 1017 996 alisceSsit;circu1n

231 1016 296 1037 vero
310 1009 409 1044 positis
424 1010 577 1045 praesidiis,
596 1010 685 1037 Abara
716 1015 743 1037 et
772 1009 875 1045 Spatlia
902 1012 1019 1047 aliisque

230 1055 396 1090 quibusdam
423 1056 562 1090 expilatis,
587 1056 672 1084 illatso
699 1056 762 1084 inde
784 1063 884 1084 cuncto
910 1058 1019 1086 sublato

231 1101 365 1133 exercitu,
391 1109 453 1129 cum
478 1102 582 1134 multis,
611 1106 642 1129 ut
667 1102 771 1130 dictum
798 1107 858 1136 est,
876 1103 972 1138 spoliis
988 1112 1021 1132 ac

231 1147 347 1181 captivis
361 1155 487 1176 reversus
497 1152 550 1175 est.

267 1193 313 1220 58.
332 1192 457 1228 Ingentes
480 1193 622 1228 Tcpltrica:
636 1194 720 1223 factas
746 1196 833 1224 caedes
844 1197 897 1225 alia
914 1198 1020 1226 lsmae-

232 1238 341 1266 litarum
357 1240 423 1267 urbs
436 1248 499 1267 cum
514 1241 628 1267 vidisset
648 1241 797 1274 (Taracem
815 1244 936 1280 vocant).
954 1246 1022 1273 mis—

231 1282 272 1312 sis
288 1284 385 1319 legatis
397 1292 492 1319 pacem
510 1285 703 1320 expostulatet
716 1286 742 1313 in
757 1287 895 1316 sociarum
911 1290 1020 1317 urbium

231 1329 294 1356 albo
308 1329 409 1357 ascribi
423 1329 546 1365 rogatJn
562 1331 604 1358 his
620 1332 741 1366 optimus
757 1332 916 1367 imperator,
932 1343 1022 1370 quatt-

231 1380 288 1403 tum
317 1376 400 1411 268
427 1383 491 1411 erga
520 1376 695 1407 adversarios
723 1378 895 1409 fortitudinis
926 1382 1021 1415 robur,

232 1426 418 1458 tantamerga
430 1423 570 1458 subjectos
585 1432 745 1460 moremque
767 1432 893 1462 gerentes
910 1429 1023 1463 aequita-

232 1473 285 1494 tem
303 1474 336 1494 ac
353 1467 526 1495 clementiam
553 1469 712 1501 ostendens,
726 1471 799 1498 vinci
822 1479 852 1500 se
868 1480 967 1507 passus
979 1478 1024 1502 est

232 1513 268 1540 ab
284 1514 451 1547 oratoribus,
467 1523 616 1550 pacemque
633 1518 792 1551 rogantibus
804 1519 928 1546 tribuens
944 1520 1023 1547 exin-

232 1559 266 1586 de
280 1566 331 1595 pro
341 1559 466 1588 hostibus
484 1561 544 1589 illos
571 1562 662 1590 socios
677 1568 774 1591 nactus
797 1568 848 1592 est.
866 1564 936 1592 llinc
960 1573 1022 1593 cum

232 1603 280 1632 alii
297 1612 351 1632 non
363 1605 455 1640 pauci,
474 1611 531 1634 tum
555 1607 695 1636 Curticius
711 1609 857 1643 Armenus,
881 1610 1019 1640 Locanam
1034 1609 1056 1641 C

232 1655 300 1678 tunc
330 1651 458 1686 praesidio
489 1658 585 1682 tenens
606 1653 793 1690 Romanaeque
816 1657 932 1686 ditionis
954 1659 1023 1687 ﬁnes

233 1697 345 1726 assidue
374 1698 536 1733 molestans,
553 1701 588 1728 ad
614 1709 677 1728 eum
703 1702 844 1737 confugit,
874 1705 1024 1739 urbemque

233 1749 313 1770 suam
337 1747 365 1770 et
387 1751 463 1772 arma
490 1748 518 1772 et
550 1747 681 1781 populum
708 1747 868 1783 imperatori
895 1750 1022 1785 subjecit,

234 1787 310 1816 illius
331 1789 489 1824 aequitatem
504 1799 537 1818 ac
568 1792 743 1821 clementiam
757 1802 820 1822 cum
842 1795 901 1830 pari
915 1795 1025 1824 fortitu-

233 1833 298 1863 dine
309 1842 342 1863 ac
353 1835 489 1871 justitiam
503 1845 566 1866 cum
580 1839 681 1867 virtute
695 1839 846 1870 admirans.

1033 938 1055 966 Β

269 1926 317 1957 39.
335 1926 446 1956 Interim
464 1936 530 1957 vero
540 1929 655 1959 intentis
675 1931 702 1958 in
715 1924 914 1960 euiiiliostium
927 1922 1025 1963 ali-imis

235 1972 363 2008 serieque
380 1974 592 2002 observantibus
604 1984 688 2011 quam
702 1977 728 2004 in
746 1982 851 2013 partem
874 1979 919 2007 ille
938 1979 1026 2015 impe-

235 2023 292 2045 tum
311 2023 438 2052 verteret,
452 2024 483 2047 ut
507 2020 643 2049 laboranti
660 2030 740 2057 opem
771 2024 821 2058 ipsi
853 2024 967 2059 ferrent,
987 2027 1026 2053 le-

234 2066 306 2090 ctam
325 2064 489 2093 bellatorum
519 2075 631 2095 manum
657 2068 787 2097 adversus
798 2069 941 2104 Zapetram
960 2071 968 2107 (
986 2072 1026 2099 sic

234 2109 336 2138 dictam
367 2112 485 2149 urbem)
500 2114 576 2141 misit
593 2123 599 2148 ;
618 2116 811 2150 superatisque
831 2117 962 2145 velociter
976 2118 1026 2146 via:

235 2158 370 2192 angustiis
380 2159 468 2194 ipsam
485 2161 580 2188 urbem
591 2162 755 2189 adoriuntur
766 2163 910 2198 primoque
922 2164 1025 2199 impetu

235 2203 360 2239 capiunt,
386 2212 419 2232 ac
437 2205 467 2233 in
495 2213 527 2234 ea
548 2207 652 2235 multos
685 2208 834 2242 trucidant,
869 2210 1027 2245 ingentique

235 2249 327 2283 prada
360 2257 392 2278 ac
418 2251 513 2286 spoliis
530 2253 622 2287 potiti,
644 2253 692 2288 qui
716 2254 821 2288 pridem
855 2255 928 2283 inea
943 2257 1024 2284 \‘incti

235 2296 570 2329 tenebantur,excarcere
598 2299 723 2326 iiberant.
739 2300 807 2327 Tum
823 2301 927 2329 vicinas
940 2307 1026 2330 terras

235 2342 398 2376 incendunt,
414 2342 588 2372 Samosatum
601 2346 746 2381 diripiunt,
760 2347 911 2382 eodemque
924 2348 1025 2384 impetu

235 2391 365 2421 superato
391 2387 543 2423 Euphrate,
558 2398 620 2417 cum
637 2392 728 2419 nullus
747 2399 863 2427 usquam
882 2394 1027 2422 obsisteret

208 2458 210 2460 ,
233 2431 329 2469 (quod
359 2433 490 2461 nimirum
512 2435 586 2463 haud
613 2437 708 2470 procul
728 2437 762 2464 ab
787 2438 953 2473 imperatore
983 2440 1029 2467 lto-

234 2479 320 2507 Itium
346 2484 435 2508 castra
458 2481 545 2509 locata
570 2484 697 2519 essent),
716 2484 810 2511 multis
837 2485 953 2520 captivis
994 2494 1027 2513 ac

237 2525 340 2560 ingenti
368 2527 457 2561 praeda
490 2528 569 2555 ditati
603 2529 636 2556 ad
678 2530 871 2565 imperatorem
922 2532 1026 2558 reversi

237 2575 310 2602 sunt,
328 2572 418 2599 adhuc
433 2580 519 2608 prope
532 2573 708 2601 Zarnuclium
724 2574 850 2609 ﬂuvium,
870 2577 915 2604 ubi
941 2576 1026 2604 Cara-

237 2618 346 2645 misium
363 2623 415 2650 est,
446 2626 610 2652 morantem,
638 2621 741 2649 desidis
759 2623 869 2658 quidem
895 2624 1024 2655 similem,

237 2662 286 2690 sed
301 2664 346 2698 qui
360 2664 466 2691 summa
480 2666 616 2694 industria
626 2675 658 2695 ac
670 2668 779 2696 solertia
793 2677 840 2704 per
853 2670 976 2698 Subditos
989 2674 1028 2697 ta-

237 2709 272 2736 lia
289 2709 457 2745 designaret.

272 2757 355 2793 269
373 2759 417 2787 40.
442 2759 511 2788 Hinc
525 2761 668 2789 discedens
702 2771 764 2791 cum
797 2764 925 2791 universo
946 2772 1023 2791 cxcr-

752 208 1007 240 THEOPHANES
1026 206 1303 237 CONTJNUATUS.

1802 204 1854 237 28!

1064 266 1197 301 κράτορος
1208 265 1337 300 ἐμφανῶς
1356 265 1392 301 μὴ
1407 264 1593 300 τολμήσαντος
1605 263 1776 298 ἀντιστῆναι,
1795 264 1853 290 ἀλλ’

1067 313 1273 348 ὑποχωροῦντος
1288 313 1335 339 καὶ
1356 311 1440 347 μόνην
1455 311 1505 347 τὴν
1519 311 1623 338 οἰκείαν
1645 310 1722 337 πόλιν
1737 310 1854 344 φυλάξαι

1066 360 1113 386 καὶ
1137 358 1319 393 κρατύνεσθαι
1345 357 1538 391 διεγνωκότος,
1566 356 1646 392 ἐπῄει
1669 356 1742 383 κατὰ
1755 356 1856 391 πολλὴν

1065 406 1113 432 τοῦ
1128 406 1295 436 κωλύσοντος
1313 404 1431 440 ἐρημίαν
1455 403 1614 439 ληϊζόμενος
1628 402 1675 429 καὶ
1688 402 1798 438 πορθῶν
1808 403 1857 429 καὶ

1067 450 1245 486 κατατέμνων
1267 449 1314 476 καὶ
1329 448 1474 484 πυρπολῶν
1489 449 1577 479 πάσας
1590 447 1639 478 τὰς
1653 447 1705 474 ὑπὸ
1723 447 1768 473 τὸν
1781 447 1858 481 Χρυ-

1068 496 1179 531 σόχειρα
1205 495 1298 531 χώρας
1323 495 1371 521 καὶ
1397 494 1568 530 κωμοπόλεις
1594 494 1608 519 ὁ
1632 493 1758 528 βασιλεὺς
1783 493 1859 519 λείαν

1067 543 1181 578 ἄπειρον
1199 543 1247 569 καὶ
1261 543 1282 558 ⁸³
1300 541 1491 576 αἰχμαλωσίαν
1508 540 1752 576 περιϐαλλόμενος.
1771 540 1860 574 Προσ-

1068 589 1157 616 6αλὼν
1190 589 1218 615 δὲ
1244 589 1292 615 καὶ
1310 588 1385 623 αὑτῷ
1411 587 1450 621 τῷ
1472 589 1549 615 ἄστει
1580 587 1732 622 Τεφρικῆς,
1760 587 1807 612 καὶ
1827 585 1861 612 δι’

1067 635 1276 670 ἀκροϐολισμῶν
1301 635 1348 661 καὶ
1366 633 1546 669 προσεδρείας
1564 633 1625 668 οὐχ).
1651 633 1761 668 μακρᾶς
1790 631 1863 658 ἑλεῖν

1068 680 1220 715 πειραθεὶς,
1231 680 1267 712 ὡς
1282 679 1356 715 ἑώρα
1369 679 1417 706 καὶ
1430 679 1529 714 τειχῶν
1541 679 1720 714 καρτερότητι
1729 678 1777 704 καὶ
1792 677 1864 711 πλή-

1068 727 1110 754 θει
1122 726 1281 763 βαρϐαρικῷ
1296 727 1344 753 καὶ
1355 726 1472 761 ἀφθονίᾳ
1486 726 1585 761 χρειῶν
1595 724 1864 760 κατωχυρωμένοντθ

1068 774 1134 801 αὐτο
1150 774 1196 800 καὶ
1214 773 1380 805 δυσάλωτον,
1408 773 1470 799 ἐπεὶ
1488 772 1536 798 καὶ
1556 771 1591 798 τὰ
1604 771 1683 802 ἐκτὸς
1704 771 1814 799 ἅπαντα
1828 770 1856 797 δι

1067 821 1210 856 ἐλαχίστου
1226 821 1322 856 χρόνου
1338 819 1377 855 τῷ
1392 819 1492 854 πλήθει
1511 819 1562 853 τῆς
1584 819 1715 854 στρατιᾶς
1729 817 1863 853 κατηρεί-

1069 867 1172 894 meo"
1188 866 1280 894 καὶτὰ
1294 867 1431 900 ἀναγκαῖα
1447 865 1539 900 σχεδὸν
1552 865 1738 900 κατηνάλωτο,
1753 864 1864 897 ἀπέστη

1064 914 1117 948 «τῆς
1131 912 1199 948 πρὸς
1219 912 1269 947 τὴν
1285 911 1445 947 πολιορκίαν
1471 911 1580 946 χρονίου
1605 910 1753 945 ἐπιμονῆς·
1781 908 1817 936 τὰ
1836 909 1867 935 δὲ

1071 959 1135 995 περὶ
1148 959 1234 995 αὐτὴν
1248 959 1271 975 ’³
1287 958 1405 994 φρούρια
1416 958 1466 992 τὴν
1482 957 1607 992 Ἀϐαραν
1621 956 1670 983 καὶ
1688 957 1740 991 τὴν
1755 957 1870 992 Σπάθην

1069 1005 1118 1032 καὶ
1133 1005 1216 1040 ἕτερά
1230 1013 1292 1031 τινα
1303 1003 1489 1039 ἐκπορθήσας,
1501 1003 1548 1029 καὶ
1563 1002 1632 1038 ἄρας
1645 1001 1770 1029 ἐντεῦθεν
1783 1002 1868 1034 ἀσινῆ

1069 1052 1116 1079 τὸν
1145 1051 1209 1086 περὶ
1225 1050 1307 1077 αὑτὸν
1323 1050 1412 1077 πάντα
1436 1049 1564 1085 στρατὸν,
1596 1049 1667 1084 μετὰ
1692 1048 1810 1084 συχνῶν,
1829 1048 1869 1079 ὡς

1071 1098 1198 1135 εἴρηται,
1231 1097 1362 1132 λαφύρων
1397 1097 1444 1124 καὶ
1477 1096 1654 1131 ἀνδραπόδων
1687 1094 1869 1131 ἑπανεχώρη-

1072 1154 1118 1172 σεν
1136 1145 1168 1172 ⁷³.

1072 1198 1075 1202 ·
1106 1191 1157 1226 λη’.
1176 1191 1236 1218 Τῶν
1249 1192 1277 1218 ἐν
1289 1192 1323 1227 τῇ
1340 1191 1463 1226 Τεφρικῇ
1478 1191 1568 1217 τοίνυν
1585 1190 1631 1218 τδν
1645 1190 1729 1217 πολὺν
1748 1189 1831 1224 φόνον
1852 1190 1870 1225 ἡ

1071 1238 1154 1274 ἑτέρα
1165 1238 1220 1266 τῶν
1235 1237 1415 1273 Ἰσμαηλιτῶν
1426 1237 1504 1269 πόλις
1515 1237 1683 1273 θεασαμένη,
1695 1237 1728 1273 ἢν
1739 1237 1872 1272 Τάραντα

1072 1284 1195 1318 λέγουσι,
1208 1283 1338 1318 πρέσϐεις
1352 1283 1488 1318 πέμψασα
1502 1284 1615 1319 είρήνης
1629 1283 1706 1318 ἠξίου
1720 1284 1813 1318 τυχεῖν
1822 1283 1872 1309 καὶ

1072 1332 1132 1361 ταῖς
1159 1329 1330 1365 συμμαχίσιν
1345 1329 1544 1364 ἐγγράφεσθαι.
1572 1329 1600 1355 '0
1614 1329 1642 1355 δὲ
1659 1330 1805 1364 κράτιστος
1819 1329 1872 1363 βα-

1074 1376 1175 1408 σιλεὺς,
1196 1376 1263 1411 ὅσην
1279 1375 1348 1410 πρὸς
1361 1375 1426 1407 τοὺς
1442 1375 1686 1413 ἀντιταττομένους
1707 1374 1819 1410 ἀνδρίαν
1835 1375 1871 1408 ⁷⁵,

1074 1422 1211 1458 τοσαύτην
1227 1421 1295 1456 πρὸς
1309 1422 1373 1454 τοὺς
1391 1422 1628 1457 ὑποταττομένους
1657 1421 1809 1448 ἐπιείκειαν
1825 1423 1873 1448 ὲν-

1074 1469 1259 1504 δεικνύμενος,
1275 1467 1381 1504 ἡττήθη
1397 1477 1426 1494 τε
1436 1468 1486 1503 τῆς
1502 1467 1649 1503 πρεσϐείας
1665 1468 1713 1494 καὶ
1729 1467 1781 1502 τῆς
1792 1468 1872 1503 εἰρή-

1075 1523 1124 1549 νης
1137 1515 1192 1546 τοῖς
1207 1513 1313 1541 αἰτοῦσι
1330 1513 1480 1549 μετέδωκε,
1504 1514 1551 1540 καὶ
1580 1513 1743 1548 συμμάχους
1769 1514 1833 1541 ἀντὶ
1850 1515 1874 1530 ’⁸

1077 1560 1215 1596 πολεμίων
1239 1560 1270 1587 τὸ
1282 1560 1335 1587 ἀπὸ
1349 1560 1426 1586 τοῦδε
1442 1559 1586 1594 ἐκέκτητο.
1609 1560 1657 1587 Ἐκ
1673 1559 1769 1586 τούτου
1794 1559 1875 1587 ἄλλοι

1072 1615 1102 1634 τε
1117 1607 1168 1634 οὐκ
1177 1607 1262 1641 ὀλίγοι
1286 1607 1333 1633 καὶ
1346 1605 1510 1641 Κουρτίκιός
1524 1613 1566 1636 τις
1595 1604 1747 1640 Ἀρμένιος,
1771 1604 1801 1636 ὃς
1814 1603 1875 1640 εἶχε

1075 1653 1137 1680 τότε
1160 1652 1210 1688 τὴν
1237 1652 1361 1679 Λὸκαναν
1377 1652 1424 1678 καὶ
1448 1651 1567 1686 συνεχῶς
1593 1651 1642 1682 τὰς
1671 1651 1802 1686 ἐσχατιὰς
1821 1651 1875 1685 τῆς

1082 1697 1241 1733 Ῥωμαῖκῆς
1255 1697 1344 1733 ἀρχῆς
1363 1697 1537 1732 ἐλυμαίνετο,
1562 1697 1719 1731 προσέφυγε
1740 1696 1809 1732 πρὸς
1824 1696 1877 1723 αὐ-

1075 1744 1121 1771 τδν
1131 1765 1138 1777 ,
1152 1744 1200 1771 καὶ
1214 1744 1264 1779 τὴν
1289 1743 1366 1770 πόλιν
1382 1743 1464 1769 αὑτοῦ
1482 1743 1529 1770 καὶ
1544 1742 1578 1770 τὰ
1591 1743 1661 1769 ὅπλα
1677 1742 1724 1769 καὶ
1741 1742 1787 1768 τὸν
1807 1742 1877 1769 λαὸν

1075 1790 1115 1826 τῷ
1144 1790 1326 1826 αὐτοκράτορι
1353 1788 1545 1822 καθυπέταξε,
1571 1787 1714 1823 θαυμάσας
1735 1787 1819 1814 αὑτοῦ
1846 1787 1878 1814 τὸ

1078 1837 1147 1872 μετὰ
1160 1836 1208 1863 τοῦ
1224 1836 1346 1872 ἀνδρείου
1371 1835 1493 1866 ἐπιεικὲς
1508 1834 1556 1862 καὶ
1576 1833 1646 1870 μετὰ
1660 1834 1710 1868 τῆς
1726 1833 1878 1869 δυνάμεως

1076 1881 1192 1909 δίκαιον.

1100 1927 1161 1963 ιλοκ
1179 1928 1252 1960 Ἕως
1262 1928 1285 1943 ⁷⁵
1299 1927 1328 1954 δὲ
1338 1926 1407 1962 πρὸς
1420 1926 1501 1953 αὐτὸν
1518 1925 1590 1961 εἶχον
1608 1926 1656 1953 τὸν
1673 1924 1733 1952 νοῦν
1748 1927 1773 1952 οἱ
1791 1926 1879 1953 πολέα

1079 1983 1145 2010 μιοι,
1158 1975 1204 2002 καὶ
1219 1973 1417 2009 περιεσκόπουν
1435 1973 1503 2008 πρὸς
1517 1973 1531 1999 ὃ
1545 1972 1627 2008 μέρος
1647 1972 1735 2008 ῥέψει,
1745 1971 1789 1999 ἵνα
1805 1972 1880 2008 πρὸς

1075 2020 1107 2047 τὸ
1121 2021 1219 2046 πονοῦν
1246 2020 1294 2046 καὶ
1308 2021 1385 2046 αὐτοὶ
1400 2019 1600 2051 συνασπίσωσι,
1616 2018 1658 2054 [Ρ.
1672 2017 1735 2054 167]
1753 2017 1878 2054 κοῦρσον

1078 2067 1149 2093 κατὰ
1162 2067 1210 2101 τῆς
1225 2066 1375 2101 λεγομένης
1391 2066 1534 2100 Ζαπέτρας
1549 2064 1711 2092 ἀπέστειλεν
1721 2063 1881 2090 ἐπιλέκτων

1078 2111 1260 2147 πολεμιστῶν,
1272 2112 1296 2138 οἳ
1311 2111 1412 2147 σπουδῇ
1431 2111 1465 2138 τὰ
1483 2111 1565 2138 στενὰ
1584 2111 1635 2145 τῆς
1647 2110 1707 2136 ὀδοῦ
1719 2110 1881 2141 διελθόντες

1078 2158 1147 2193 αὐτῇ
1162 2161 1195 2195 τῇ
1207 2158 1283 2186 πόλει
1300 2157 1513 2193 προσπίπτουσι,
1538 2157 1586 2184 καὶ
1611 2157 1714 2192 ταύτην
1728 2156 1759 2190 ἐξ
1775 2157 1880 2191 seriam

1078 2207 1258 2242 λαμϐάνουσι,
1287 2205 1335 2231 καὶ
1350 2204 1464 2236 πολλοὺς
1483 2206 1512 2230 ὲν
1525 2204 1594 2239 αὐτῇ
1623 2204 1880 2238 κατασφάττωσιν,

1079 2253 1266 2289 αἰχμαλωσίαν
1280 2261 1310 2278 τε
1326 2251 1426 2286 πολλὴν
1450 2250 1499 2277 καὶ
1522 2250 1598 2277 λείαν
1615 2249 1799 2285 λαμϐάνουσι,
1827 2251 1883 2276 καὶ

1077 2301 1205 2335 δεσμίους
1225 2299 1348 2336 χρονίους
1364 2297 1491 2332 ἐξάγουσι
1513 2298 1564 2331 τῆς
1582 2297 1715 2333 φρουρᾶς.
1737 2295 1807 2323 Εἶτα
1826 2297 1882 2328 τὰς

1079 2347 1179 2383 ἐφεξῆς
1208 2346 1435 2382 πυρπολήσαντες
1461 2345 1554 2381 χώρας
1581 2344 1629 2371 καὶ
1656 2344 1688 2370 τὸ
1711 2344 1884 2378 Σαμόσατον

1078 2394 1308 2430 ὲκπορθήσαντες,
1319 2394 1364 2419 καὶ
1377 2394 1409 2428 τῇ
1423 2393 1491 2426 αὑτῇ
1505 2392 1580 2427 ῥύμῃ
1604 2391 1649 2417 τὺν
1661 2390 1808 2426 Εὐφράτην
1828 2399 1884 2417 πε-

1080 2441 1209 2476 ράσαντες
1228 2440 1299 2466 κατὰ
1313 2438 1413 2473 πολλὴν
1431 2438 1550 2473 ἐρημίαν
1565 2437 1619 2463 τῶν
1634 2437 1814 2464 κωλυσόντων
1833 2436 1886 2463 διὰ

1078 2488 1109 2514 τὸ
1123 2484 1425 2522 παραστρατοπεδεύειν
1448 2485 1511 2516 τοὺς
1527 2483 1675 2518 πολεμίους
1689 2483 1729 2518 τῷ
1755 2483 1883 2518 βασιλεῖ,

1080 2533 1127 2560 κα)⁵
1143 2532 1244 2566 πολλὴν
1255 2531 1384 2562 λαϐόντες
1397 2529 1591 2566 αἰχμαλωσίαν
1606 2529 1654 2555 καὶ
1670 2529 1792 2563 λάφυρα,
1821 2529 1885 2554 ὑπ-

1079 2577 1215 2613 έστρεψαν
1228 2577 1296 2612 πρὸς
1318 2577 1364 2603 τὸν
1393 2576 1584 2610 αὐτοκράτορα
1598 2575 1637 2601 ἑτι
1654 2574 1722 2609 πρὸς
1744 2573 1782 2608 τῷ
1799 2574 1883 2609 Ζαρ-

1081 2625 1146 2660 νοὺχ
1170 2623 1295 2659 ποταμῷ,
1323 2623 1388 2650 ἔνθα
1409 2622 1439 2648 τὸ
1456 2622 1628 2657 Κεραμίσιόν
1642 2622 1664 2637 ⁷⁷
1677 2623 1747 2653 ἐστι,
1767 2621 1887 2656 διατρί-

1082 2672 1163 2698 ϐοντα
1181 2671 1228 2697 καὶ
1240 2670 1337 2705 ἀργεῖν
1352 2670 1402 2706 μὲν
1412 2669 1554 2701 δοκοῦντα,
1574 2669 1608 2695 τὰ
1621 2668 1650 2695 δὲ
1665 2668 1780 2695 τοιαῦτα
1806 2677 1888 2695 παν-

1082 2720 1170 2754 σόςρως
1181 2718 1226 2745 διὰ
1239 2717 1294 2744 τῶν
1309 2717 1361 2742 ὑπὸ
1376 2717 1454 2752 χεῖρα
1467 2715 1739 2751 καταπραττόμενον.

1114 2769 1151 2802 μ’.
1177 2763 1316 2792 Ἐντεῦθεν
1329 2763 1399 2799 ἄρας
1421 2764 1435 2790 ὁ
1450 2762 1576 2793 ϐασιλεὺς
1592 2763 1661 2796 μετὰ
1679 2761 1780 2792 παντὸς
1797 2769 1890 2796 στρα-

889 2854 933 2882 VA
939 2855 1006 2883 lli/li
1030 2854 1224 2883 LECTIONES

237 2944 297 2972 beri
318 2953 350 2974 us

320 2909 378 2946 καὶ]
397 2911 431 2948 6:;
443 2911 531 2948 καὶγΡ,
571 2913 593 2927 ⁷⁸
607 2913 792 2948 κατοχυρούμ.
808 2913 986 2941 Barbcrinus.
1026 2914 1046 2928 ⁷¹
1064 2913 1249 2947 κατηρείπατο
1263 2913 1292 2938 Ρ.
1331 2912 1448 2948 "aerii;
1465 2911 1498 2939 A.
1534 2911 1557 2927 ⁷³
1578 2909 1791 2948 ὑπανεχώρησεν
1806 2907 1890 2938 Βᾶτε

412 2946 436 2986 ⁷ξ
452 2947 564 2983 ἀνδρίαν
575 2945 844 2984 σ-ὑποταττομένους
860 2957 914 2977 οιιι.
931 2950 963 2976 Α.
1003 2949 1025 2966 ⁷⁸
1047 2945 1163 2984 ἀντὶ]’ἐκ
1177 2949 1206 2976 Ρ.
1246 2948 1268 2964 τε
1284 2947 1349 2981 ἕως]
1363 2948 1399 2979 ὡς
1416 2947 1446 2975 Ρ.
1485 2948 1507 2964 ⁷⁷
1522 2945 1682 2982 Καραμίσιν
1696 2945 1729 2973 Ρ.
