1989 3161
158 221 214 253 285

160 281 209 308 τοῦ
219 281 268 316 τὴν
286 281 326 313 ὡς
340 281 387 308 hri.
405 281 558 318 Μελιτηνὴν
574 283 596 300 "
613 284 774 318 ἁπάγουσαν
789 283 858 320 διῄει
882 284 952 311 ὀδόν.

161 327 234 363 Πρὸς
249 327 279 354 δὶ
305 329 365 359 ταῖς
380 328 473 364 δχθαις
498 330 544 356 τοῦ
570 330 714 365 Εὐφράτου
736 331 893 365 γενόμενος,
917 330 956 362 ὡς

161 371 233 401 εἶδεν
249 374 332 401 αὐτὸν
352 374 412 410 ὥρᾳ
425 375 521 410 θέρους
538 376 758 412 πλημμυροῦντα
781 378 827 404 καὶ
843 377 956 411 πελαγί-

162 420 255 452 ζοντα.
275 421 306 447 τὺ
317 420 346 447 δὲ
357 421 565 458 προσκαθῆσθαι
579 424 612 458 τῇ
630 423 753 450 διαϐάσει
764 423 812 450 καὶ
828 423 956 451 ταπεινὸν

161 467 328 502 προσμένειν
354 468 481 502 γενέσθαι
498 469 545 496 τὸν
571 470 695 505 ποταμὸν
709 470 822 504 ἀγεννὲς
844 471 955 506 ἐνόμισε

162 514 210 540 καὶ
223 514 335 547 ἀνάξιον
349 516 399 550 τῆς
417 515 483 550 περὶ
499 515 581 542 αὐτὸν
595 516 745 551 δυνάμεως,
772 517 880 553 γεφύρᾳ
895 517 957 544 τοῦ-

160 568 206 587 τον
216 560 289 594 ἔγνω
302 561 450 594 διαλαϐεῖν,
467 563 515 589 καὶ
528 563 618 590 πάντα
632 563 701 598 πρὸς
712 563 742 590 τὸ
755 563 835 598 ἔργον
851 563 954 599 σπουδῇ

160 607 354 642 ηὐτρεπίζετο.
381 608 473 635 Θέλων
496 609 524 636 δὲ
543 601 589 635 τὸν
617 610 702 637 κόπον
731 609 955 645 παραμυθεῖσθαι

159 654 214 681 τῶν
235 655 346 682 οίκείων
371 656 547 691 στρατιωτῶν
570 657 618 684 καὶ
642 657 706 688 τοὺς
731 657 831 688 πόνους
856 656 955 692 ῥᾳδίως

160 699 308 734 ὑποφέρειν
321 701 491 736 πεῖσαι,ἆμα
501 701 531 728 δὲ
545 701 593 728 καὶ
603 701 700 728 ἑαυτὸν
711 702 740 728 ἐν
750 703 808 734 τοῖς
821 702 955 733 ἑκουσίοις

159 746 327 781 ἀποτρύχειν
344 747 444 779 πόνοις,
474 748 517 775 ῖνα
538 748 563 774 ει
593 747 640 774 καὶ
668 747 796 779 ἀκούσιος
822 747 954 778 πολλάκις

160 792 263 827 συμϐῇ,
296 792 334 828 μὴ
351 792 487 829 ξενοπαθῇ
517 794 585 829 μηδὲ
603 794 693 828 ἀήθης
710 793 875 828 εὑρίσκοιτο,
892 801 954 820 συν-

158 840 298 875 εφήπτετο
311 839 359 866 τοῦ
375 839 456 875 ἔργου
471 841 528 872 τοῖς
539 841 722 875 στρατιώταις
733 841 780 867 καὶ
798 840 871 875 μάλα
887 849 954 875 προ-

157 886 265 920 θύμως,
292 887 340 914 καὶ
363 887 398 914 τὰ
421 887 532 922 μείζονα
556 887 626 924 βάρη
644 889 700 919 τοῖς
727 888 841 920 οἰκείοις
867 889 953 924 αἴρων

156 931 244 967 ὤμοις
259 933 328 968 πρὸς
356 934 405 968 τὴν
426 933 551 969 γέφυραν
575 933 742 969 διεκόμιζεν.
763 932 840 961 Εἷδεν
861 935 894 962 ἄν
909 943 952 966 τις

156 977 219 1004 τότε
234 978 393 1013 ἰσομέγεθες
409 978 491 1014 βάρος
507 975 594 1015 οὗπερ
609 979 764 1018 atrumst);
777 979 875 1015 ῥᾳδίως
892 979 953 1006 ἐϐά-

158 1024 251 1057 σταζε,
269 1026 345 1061 τρεῖς
358 1025 413 1052 τῶν
429 1025 608 1061 στρατιωτῶν
632 1025 702 1060 ὁμοῦ
730 1026 808 1060 μόλις
824 1026 952 1061 διακομί-

157 1070 266 1103 ζοντας.
280 1069 361 1098 Οὕτω
374 1071 403 1097 δὲ
417 1071 463 1098 τδν
479 1071 629 1107 Εὐφράτην
647 1071 812 1106 περαιωθεὶς
823 1071 853 1098 τὸ
868 1071 953 1106 φρούι

160 1124 218 1151 ριον
233 1116 314 1149 εὐθὺς
336 1117 351 1144 δ
371 1117 519 1152 Ῥαψάκιον
533 1117 642 1152 λέγεται
671 1116 865 1153 ἐξεπόρθησεν.
889 1118 953 1155 ἰδίᾳ

157 1163 186 1190 δὲ
197 1163 262 1194 τοὺς
275 1163 396 1195 Χάλδους
412 1164 461 1190 καὶ
479 1164 654 1195 Κολωνιάτας
674 1164 725 1200 τὴν
740 1164 842 1199 μεταξὺ
861 1164 953 1200 χώραν

158 1209 303 1244 Εὐφράτου
321 1209 368 1236 καὶ
388 1209 512 1243 Ἀραίνου
527 1209 660 1241 κελεύσας
672 1209 869 1245 καταδραμεῖν,
879 1210 954 1242 λείας

158 1254 261 1290 πολλῆς
275 1255 323 1282 καὶ
335 1255 509 1290 ἀνδραπόδων
526 1255 560 1281 δι’
574 1255 665 1282 αὐτῶν
681 1255 843 1291 ἐκυρίευσεν
857 1255 904 1282 καὶ
918 1255 953 1282 τὰ

158 1302 276 1336 φρούρια
286 1301 317 1327 τό
327 1308 358 1328 τε
370 1301 535 1336 Κουρτικίου
553 1301 600 1328 καὶ
612 1301 642 1327 τδ
655 1301 746 1336 Χαχδν
763 1302 811 1328 καὶ
824 1301 855 1328 τὸ
863 1302 953 1337 Ἀμερ

157 1347 205 1374 καὶ
221 1347 253 1374 τὺ
263 1347 397 1383 Μονρινὶξ
410 1347 580 1382 καλούμενον
595 1347 643 1374 καὶ
667 1347 697 1374 τὸ
715 1347 833 1374 ’Δϐδελα
848 1347 871 1363 ⁷⁸
909 1348 954 1380 ἐξ·

157 1394 323 1430 επόρδησεν.
339 1395 427 1426 Αὐτὸς
439 1394 468 1421 δὲ
486 1396 518 1430 τῇ
530 1395 668 1430 Μελιτηνῇ
686 1394 863 1430 προσϐαλὼν,
873 1394 953 1421 εὐαν-

156 1439 260 1476 δρούσῃ
276 1441 337 1467 τότε
365 1439 414 1467 καὶ
431 1440 534 1475 πλῆθος
561 1440 662 1476 ἐχούσῃ
681 1441 828 1476 βαρϐάρων
844 1441 952 1476 συχνὸν,

156 1486 181 1513 οῖ
198 1486 254 1522 πρὸ
270 1486 320 1522 τῆς
342 1487 447 1518 πόλεως
468 1487 536 1522 μετά
557 1486 733 1523 βαρϐαρικῶν
749 1487 915 1522 ἀλαλαγμῶν
930 1487 953 1504 ⁸⁸

157 1533 206 1560 καὶ
223 1533 412 1568 φρυαγμάτων
429 1534 559 1569 ἀπήντων
571 1533 656 1569 αὐτῷ,
669 1534 719 1569 τὴν
735 1534 839 1561 οἰκείαν
853 1534 954 1569 ἀρετὴν

156 1579 329 1611 ἐπεδείξατο,
347 1579 385 1611 ὡς
417 1579 455 1615 μὴ
471 1580 551 1614 μόνον
572 1581 636 1612 τοὺς
651 1581 698 1606 ὑπ’
712 1579 805 1613 αὑτὸν,
823 1579 891 1606 ἀλλὰ
906 1579 954 1607 καὶ

154 1625 220 1657 τοὺς
238 1625 387 1661 πολεμίους
396 1626 553 1662 περιφανῶς
561 1627 734 1661 ικπλαγῆναι
745 1627 789 1664 [Ρ.
798 1627 861 1662 168]
872 1627 922 1663 τὴν
930 1627 952 1642 ⁸⁸

154 1670 270 1706 ἀνδρίαν
285 1671 368 1698 αὐτοῦ
384 1672 432 1699 καὶ
451 1672 604 1708 εὐχέρειαν.
631 1672 792 1708 Ἐμφρόνως
817 1673 873 1708 γὰρ
894 1673 953 1708 ἅμα

156 1718 205 1745 καὶ
227 1718 361 1751 νεανικῶς
382 1718 538 1754 προσμίξας
555 1719 613 1751 τοῖς
639 1719 791 1754 πολεμίοις,
808 1719 856 1746 καὶ
882 1720 953 1747 κατὰ

156 1765 236 1800 χεῖρα
264 1766 387 1799 γενναῖος
421 1764 517 1799 φανεὶς
536 1764 583 1791 καὶ
605 1765 692 1800 τόλμῃ
715 1765 871 1801 διαφέρων,
906 1765 953 1793 καὶ

155 1811 232 1846 παρὰ
242 1811 266 1827 ⁵¹
280 1810 356 1837 δεινὰ
370 1810 509 1846 ὁρώμενος
525 1811 665 1846 εὐθαρσὴς
684 1819 714 1837 τε
729 1811 777 1837 καὶ
788 1811 951 1846 ἀκατάπλη-

156 1863 232 1886 κτος,
247 1855 358 1890 πρῶτος
372 1856 436 1886 τοὺς
461 1856 708 1892 ἀντιτεταγμένους
732 1856 866 1892 ἐτρέψατο
879 1857 953 1892 φόνῳ

156 1902 248 1938 πολλῷ
259 1909 269 1918 ⁹
301 1900 351 1929 εἴθ’
366 1901 454 1934 οὕτως
479 1903 504 1929 οἱ
533 1903 581 1930 σὺν
597 1903 672 1937 αὐτῷ
689 1903 752 1934 τοὺς
777 1903 839 1930 κατ’
855 1903 953 1935 αὐτοὺς

156 1948 270 1975 ἑκαστοι
284 1949 332 1976 καὶ
359 1949 440 1984 μέχρι
453 1949 502 1976 τοῦ
525 1948 624 1980 ἄστεος
638 1946 815 1983 ἀναιροῦντες
828 1948 950 1982 ἐδίωκον,
970 1958 981 1968 ι

155 1995 194 2027 ὡς
212 1995 322 2027 πολλοῖς
339 1996 447 2030 νεκροῖς
467 1995 498 2021 τὸ
514 1995 568 2030 πρὸ
581 1995 630 2030 τῆς
645 1995 750 2026 πόλεως
763 1994 855 2022 πεδίον
866 2003 952 2022 κατα-

157 2040 314 2077 στρωθῆναι
328 2041 376 2067 καὶ
390 2041 421 2068 τὸ
435 2040 489 2076 πρὸ
511 2041 559 2068 τοῦ
576 2041 684 2076 τείχους
705 2040 778 2077 ὕδωρ
791 2041 889 2076 αἵματι
904 2050 951 2068 κε-

156 2087 304 2124 ρασθῆναι,
321 2087 437 2119 πολλοὺς
450 2087 478 2114 δὲ
491 2089 540 2114 καὶ
555 2087 659 2120 ζῶντας
670 2087 784 2119 ἁλῶναι,
801 2087 848 2114 καὶ
856 2087 952 2120 ἄλλους

155 2133 194 2168 τῷ
208 2133 263 2159 δέει
274 2132 389 2164 ἑκόντας
403 2132 600 2169 αὐτομολῆσαι,
615 2133 681 2163 τοὺς
697 2132 725 2159 δὲ
740 2132 895 2167 περιλιπεῖς
910 2133 951 2164 είς

154 2180 186 2207 τὸ
201 2180 272 2207 ἄστυ
287 2179 500 2216 συγκλασθῆναι
514 2179 563 2206 καὶ
578 2179 626 2206 τοῦ
651 2177 746 2206 λοιποῦ
766 2179 856 2211 ἐξόδου
881 2188 951 2206 παν-

155 2226 278 2254 τάπασιν
294 2225 446 2261 εῖργεσθαι.
469 2225 554 2252 Ἔνθα
576 2225 702 2252 διενοεῖτο
728 2225 778 2261 μὲν
797 2227 810 2252 ό
826 2226 952 2261 βασιλεὺς

157 2273 286 2309 μηχανάς
303 2280 334 2299 τε
349 2271 505 2308 πήγνυσθαι
520 2271 567 2298 καὶ
581 2271 654 2299 ἅπαν
668 2271 784 2306 δργανον
804 2272 952 2307 πολιορκη-

155 2319 233 2346 stabo
250 2318 484 2354 μεταπέμπεσθαι
515 2318 563 2345 καὶ
589 2318 659 2353 ἔργα
685 2318 788 2354 τόλμης
815 2319 863 2346 καὶ
888 2327 949 2352 γεν-

155 2366 299 2402 ναοδτητος
317 2366 383 2402 περὶ
406 2365 456 2401 τὴν
471 2365 650 2401 τειχομαχίαν
667 2365 836 2399 ἐνδείξασθαι
849 2373 856 2380 ·
873 2365 912 2397 ὡς
924 2365 953 2392 δὲ

155 2413 231 2448 ἑώρα
256 2412 308 2448 τὴν
320 2413 397 2439 πόλιν
425 2412 524 2448 τειχῶν
540 2421 571 2439 τε
595 2412 726 2449 περιϐολῇ
742 2413 882 2449 καρτερὰν
905 2413 954 2440 καὶ

156 2459 256 2495 πλήθει
273 2459 329 2486 τῶν
346 2458 404 2486 ἀπὸ
427 2459 475 2486 τοῦ
494 2459 601 2494 τείχους
621 2459 802 2495 ἀμυνομένων
831 2459 954 2487 δυσάλω-

156 2515 212 2539 τον,
223 2505 343 2533 ἐπύθετο
362 2505 390 2532 δὲ
405 2505 428 2522 ⁸³
443 2506 519 2541 παρὰ
533 2505 588 2533 τῶν
607 2506 768 2541 αὐτομόλων
785 2505 832 2532 καὶ
859 2508 955 2542 ὲπιτηι

159 2552 235 2578 δείων
251 2551 327 2586 ἔχειν
341 2550 473 2585 ἀφθονίαν
486 2550 588 2586 πολλὴν
600 2551 647 2577 καὶ
661 2551 698 2586 μὴ
716 2551 831 2578 δεδιέναι
842 2551 954 2586 χρονίαν

160 2598 332 2633 ¹πολιορκίαν,
347 2596 418 2633 ἄρας
431 2596 557 2624 ἐντεῦθεν
569 2598 603 2633 τῇ
618 2597 780 2632 Μανιχαίων
802 2597 953 2632 προσέϐαλε

159 2647 203 2680 γῇ.
220 2645 444 2680 Δενδροτομήσας
464 2644 492 2670 δὲ
507 2643 610 2678 ταύτην
637 2644 683 2670 καὶ
699 2643 749 2675 τὰς
773 2643 863 2675 οἰκίας
886 2643 954 2679 πυρὶ

160 2690 218 2722 δοῦς
231 2690 281 2718 καὶ
296 2691 352 2717 πᾶν
380 2690 548 2726 διαφθείρων
568 2691 597 2717 τὸ
612 2691 641 2716 ὲν
666 2691 741 2722 ποσὶ,
755 2691 786 2716 τὸ
817 2690 953 2724 ’Δργαοὺθ

161 2735 306 2772 λεγόμενον
331 2736 423 2764 αὐτῶν
452 2736 583 2772 φρούριον
605 2737 653 2764 καὶ
677 2737 708 2763 τὸ
736 2736 890 2763 Κουτακίου
905 2736 952 2763 καὶ

163 2781 296 2818 Στεφάνου
315 2783 364 2810 καὶ
381 2782 484 2818 Ῥαχὰτ
499 2783 646 2819 ἐμπρήσας
674 2783 858 2818 κατέσκαψε-ν.
887 2782 952 2810 Εἶτα

706 224 780 254 LIB.
796 225 830 254 ν.
850 235 886 242 -
901 201 1083 254 nasutus
1095 218 1259 256 MACEDOL

1748 227 1803 257 985

969 284 1074 316 Acitu,
1091 285 1164 320 quod
1186 285 1219 312 ad
1244 284 1396 312 Melitenem
1426 279 1514 317 ducit,
1546 285 1596 312 iter
1632 275 1795 321 ingreditur.

1011 330 1063 358 Ubi
1079 336 1170 359 autent
1188 331 1222 359 ad
1243 330 1390 366 Euphratis
1405 331 1478 366 ripas
1495 331 1578 364 venit,
1603 335 1801 359 tumescentem
1838 339 1842 343 ”

1009 378 1106 406 testivo
1120 382 1241 410 tempore
1253 377 1361 411 lateque
1370 377 1553 403 exundantem
1571 376 1682 404 fluvium
1695 377 1800 410 videns,

1008 423 1208 459 degenerisque
1225 423 1316 451 ‘animi
1342 431 1393 450 nec
1419 423 1474 450 illis
1488 430 1556 457 quas
1572 423 1690 450 ducebat
1715 419 1802 458 copiis

1008 471 1122 506 dignum
1134 475 1210 498 ratus
1222 469 1348 505 trajectui
1361 469 1494 502 assidere,
1504 477 1535 497 ac
1550 469 1636 496 donec
1647 469 1803 497 detumuis-

1008 522 1069 545 sent
1083 525 1160 552 aqua:
1174 517 1320 544 humiliore
1345 516 1421 543 alveo
1452 519 1621 550 exspectare,
1635 520 1718 550 ponte
1737 516 1803 550 jun-

1007 565 1125 599 gendum
1149 563 1316 596 constituit;
1333 567 1487 597 cunctaque
1513 562 1545 588 ad
1575 569 1644 596 opus
1661 562 1810 600 velociter;

1008 611 1143 638 instructa
1159 614 1233 637 sunt.
1258 609 1378 644 Cupiens
1401 615 1466 635 vero
1482 608 1600 635 militum
1621 607 1742 635 laborem
1760 606 1810 635 le?

1008 657 1067 684 nire
1086 661 1112 684 et
1131 656 1164 683 ad
1180 655 1241 690 ejus
1255 655 1398 682 molestias
1414 653 1494 682 facile
1514 654 1641 681 ferendas
1656 654 1799 686 inducere,

1006 709 1091 737 seque
1104 702 1194 736 ipsum
1212 701 1317 736 pariter
1338 700 1498 736 spontaneis
1527 698 1737 734 futigationibus
1758 699 1801 726 di-

1006 755 1115 780 vexare,
1131 754 1165 775 ne
1179 749 1201 775 si
1223 746 1345 782 quando,
1373 749 1402 773 ut
1417 746 1579 781 plerumque
1606 745 1686 777 solet,
1709 746 1802 772 incon-

1005 795 1078 823 sulto
1095 793 1198 828 aliquid
1214 793 1500 826 accidisset,uovitate
1511 799 1592 820 casus
1609 795 1802 819 consternare-

1005 845 1051 867 tur
1064 843 1112 866 aut
1125 838 1205 866 malis
1218 838 1342 865 insuetus
1357 838 1536 871 inveniretur,
1547 837 1650 865 sociam
1669 837 1802 865 militibus

1004 890 1128 918 operam,
1142 886 1170 910 et
1185 881 1294 917 quidem
1319 885 1431 908 strenue
1451 881 1600 908 admodum
1616 888 1648 909 ac
1660 880 1800 914 alacriter,

1005 929 1169 964 adjungebat
1181 949 1188 961 ,
1201 927 1363 962 maioraque
1378 934 1462 954 onera
1484 928 1542 954 suis
1557 927 1616 962 ipse
1626 927 1750 954 humeris
1766 926 1800 955 ad

1004 981 1114 1011 pontem
1125 975 1295 1010 apportabat.
1305 974 1428 1002 Vidisses
1443 979 1509 1003 tunc
1519 975 1579 1009 ejus
1586 975 1714 1009 ponderis
1729 981 1800 1001 onus

1005 1022 1198 1057 imperatorem
1214 1021 1293 1049 facile
1311 1021 1392 1054 ferre,
1413 1021 1459 1048 cui
1473 1021 1520 1048 vix
1533 1025 1588 1048 tres
1601 1022 1683 1049 simul
1698 1021 1801 1048 milites

1005 1077 1085 1104 pares
1098 1073 1201 1096 essent.
1216 1067 1244 1095 In
1264 1068 1467 1110 hunc_modutn
1479 1068 1645 1096 transmisso
1661 1067 1802 1103 Euphrate

1005 1117 1097 1145 statim
1117 1116 1276 1151 przesidium
1305 1115 1492 1150 Rhapsacium
1503 1120 1653 1150 expugnat.
1668 1113 1799 1142 Seersum

1005 1171 1070 1190 vero
1095 1162 1215 1191 Chaldos
1240 1168 1268 1190 et
1295 1163 1455 1190 Coloniatas
1477 1162 1617 1198 regionem
1634 1169 1695 1197 qua:
1728 1161 1801 1188 inter

1006 1209 1173 1245 Euphratem
1188 1214 1215 1237 et
1226 1209 1357 1237 Arsinum
1372 1208 1629 1243 eﬂ‘undituriubens
1641 1215 1800 1240 excurrere,

1005 1256 1108 1291 ingenti
1130 1256 1222 1291 prada
1243 1255 1392 1290 multisque
1415 1255 1532 1290 captivis
1554 1254 1657 1289 potitus
1673 1259 1714 1281 est
1731 1262 1739 1286 ;
1754 1259 1801 1281 ca-

1005 1302 1231 1337 stellaque,quod
1243 1301 1356 1329 Curticii
1367 1306 1466 1328 vocant
1481 1305 1507 1328 et
1521 1300 1652 1328 Chachon
1674 1304 1700 1327 et
1714 1300 1800 1327 Amer

971 959 991 986 Β

1005 1353 1032 1376 et
1047 1348 1213 1376 Murinixum
1245 1353 1273 1376 et
1294 1348 1414 1379 Abdela,
1439 1347 1513 1382 cepit
1539 1354 1571 1374 ac
1598 1346 1722 1381 diripuit.
1739 1346 1800 1380 Ipse

1005 1395 1157 1423 Melitenem
1179 1395 1358 1430 irrumpens-,
1374 1395 1469 1422 urbem
1492 1401 1524 1422 eo
1551 1399 1673 1429 tempore
1692 1393 1797 1429 ingenti

1006 1443 1106 1470 civium
1131 1442 1306 1470 multitudine
1328 1441 1426 1469 fretam
1443 1441 1603 1476 alfalimque
1618 1440 1799 1468 barbarorum

1006 1488 1093 1523 copiis
1108 1489 1253 1520 munitam,
1279 1489 1380 1523 quibus
1396 1488 1422 1515 in
1450 1495 1597 1515 Occursum
1616 1494 1678 1514 cmn
1702 1486 1802 1513 barba-

1005 1535 1064 1563 rieo
1079 1536 1198 1564 clamore
1213 1543 1246 1563 ac
1261 1536 1376 1571 strepitu
1395 1535 1476 1570 270
1487 1534 1582 1562 effusis
1600 1534 1659 1569 ipse
1673 1541 1730 1561 sua:
1746 1533 1802 1559 vir-

1006 1584 1073 1611 tutis
1085 1584 1224 1619 egrcgium
1247 1582 1489 1618 specimen'dedit,
1511 1586 1541 1608 ut
1568 1589 1623 1608 non
1643 1580 1724 1608 modo
1741 1580 1801 1614 ejus

967 1637 988 1667 α
1006 1631 1128 1661 asseclze,
1153 1630 1201 1657 sed
1215 1635 1240 1657 et
1268 1629 1360 1656 hostes
1390 1628 1464 1655 illius
1488 1628 1577 1662 palam
1608 1626 1799 1654 fortitudinem

1004 1674 1250 1708 dexteritatemqne
1285 1679 1396 1708 stupore
1425 1673 1642 1700 admirarentur.
1675 1671 1800 1698 Solerter

1004 1721 1077 1749 enim
1115 1720 1281 1755 fortiterque
1326 1719 1452 1746 hostibus
1495 1725 1661 1753 corrgressus
1682 1737 1690 1750 ,
1735 1724 1795 1744 ma-

1004 1775 1096 1803 nuque
1132 1767 1229 1794 fortem
1257 1771 1284 1794 et
1312 1766 1427 1794 audacia
1467 1770 1645 1801 praestantem
1674 1764 1801 1791 ﬁdentis-

1004 1822 1057 1850 quc
1076 1813 1161 1841 animi
1180 1814 1270 1840 virum
1289 1820 1322 1840 ac
1346 1812 1506 1840 interritum
1521 1811 1690 1838 terribilibus
1707 1810 1802 1845 prmfe-

981 1873 987 1878 ε
1005 1869 1079 1894 rens,
1102 1860 1207 1895 primus
1222 1859 1364 1887 adversam
1387 1858 1473 1886 aciem
1492 1865 1592 1892 magna
1607 1862 1698 1891 strage
1717 1856 1801 1889 fudit;

1006 1913 1119 1942 tumque
1142 1906 1189 1933 alii
1214 1905 1266 1932 sibi
1288 1905 1391 1940 quique
1411 1899 1540 1931 adversos
1572 1903 1749 1937 objectosque
1767 1901 1801 1928 ad

1008 1954 1085 1982 urbis
1100 1960 1186 1988 nsque
1199 1956 1294 1987 portas
1310 1950 1446 1977 caedentes
1460 1949 1598 1984 persecuti
1616 1952 1692 1979 sunt,
1709 1951 1740 1973 ut
1753 1954 1802 1972 ex-

1005 1999 1089 2027 terius
1106 1998 1183 2025 urbis
1207 1995 1361 2031 pomerium
1373 1994 1467 2021 multis
1476 1993 1657 2020 cadaveribus
1675 1996 1797 2019 conster-

1005 2049 1116 2072 neretur
1140 2043 1259 2078 vallique
1287 2048 1366 2068 muro
1391 2039 1573 2068 circumducti
1599 2046 1669 2073 aqua
1699 2045 1799 2064 cruore

1004 2092 1180 2123 misceretur,
1202 2089 1280 2117 multi
1293 2089 1376 2116 etiam
1397 2087 1450 2114 viri
1465 2090 1639 2121 caperentur,
1658 2084 1706 2112 alii
1728 2088 1801 2111 metu

1004 2136 1100 2172 perciti
1113 2135 1164 2171 ipsi
1183 2137 1281 2170 sponte
1294 2133 1516 2168 transfugerent;
1529 2131 1627 2166 reliqui
1644 2130 1764 2165 denique
1774 2130 1801 2156 in

1004 2183 1072 2212 urbe
1089 2181 1303 2214 includerentur,
1318 2179 1449 2214 omnique
1463 2178 1639 2214 postmodum
1657 2177 1733 2204 exitu
1756 2183 1803 2211 pe-

1004 2231 1078 2258 nitus
1090 2233 1260 2258 arcerentur.
1275 2228 1304 2254 ln
1320 2227 1364 2254 his
1379 2225 1518 2262 cogitabat
1532 2225 1682 2260 imperator
1695 2223 1801 2250 machi-

1005 2284 1055 2304 nas
1071 2276 1162 2312 figere,
1186 2278 1342 2308 cunctaque
1356 2271 1549 2307 expugnandis
1574 2270 1688 2297 urbibus
1709 2274 1801 2304 aptata

967 2315 990 2342 D
1005 2324 1185 2351 instrumenta
1197 2320 1359 2350 convehere,
1372 2318 1540 2353 audacisque
1550 2325 1581 2344 ac
1591 2316 1696 2344 strenui
1713 2315 1799 2343 animi

1002 2369 1126 2397 facinora
1150 2366 1289 2395 tentandis
1307 2365 1394 2392 muris
1404 2364 1547 2399 designare
1563 2372 1569 2390 :
1583 2363 1631 2390 sed
1645 2370 1708 2389 cum
1726 2360 1802 2388 ride-

1003 2421 1046 2444 ret
1066 2415 1163 2442 urbem
1183 2412 1318 2440 mmnium
1343 2411 1447 2438 ambitu
1466 2408 1696 2438 munitissimam,
1712 2414 1800 2441 caque

1004 2460 1154 2489 tutantium
1182 2457 1359 2485 multitudine
1378 2463 1410 2483 ac
1439 2455 1540 2482 robore
1565 2459 1645 2488 captu
1673 2451 1802 2479 difficilli-

1005 2515 1090 2539 mam,
1113 2501 1290 2539 audissetque
1301 2511 1316 2530 a
1331 2502 1455 2538 profugis
1472 2499 1631 2528 necessario
1643 2505 1799 2525 commeant

1004 2553 1113 2581 abunde
1134 2553 1312 2584 instructam,
1326 2556 1378 2576 nec
1404 2547 1540 2575 diutinam
1559 2546 1656 2573 timere
1682 2544 1802 2571 obsidio-

1004 2607 1078 2631 nem,
1111 2598 1174 2625 inde
1194 2596 1339 2624 discedens
1365 2595 1392 2621 in
1416 2593 1554 2629 regionem
1586 2591 1800 2618 Manicha-orunr

1004 2645 1112 2681 irrupit,
1131 2643 1288 2677 excisisque
1304 2641 1450 2669 arboribus
1473 2647 1505 2666 ae
1521 2639 1627 2666 milibus
1654 2637 1709 2672 igni
1738 2644 1802 2664 sue-

1004 2692 1095 2721 censis
1110 2689 1275 2724 cunctisque
1296 2688 1386 2715 obviis
1412 2686 1562 2714 devastatis
1586 2692 1680 2712 eorum
1706 2683 1802 2710 castel-

1006 2740 1062 2766 lum
1089 2734 1430 2772 ArgantlrumCutaciiqnc
1455 2738 1481 2759 et
1500 2730 1634 2766 Stephani
1650 2735 1676 2756 ct
1691 2725 1799 2755 [tacita-

1008 2788 1065 2812 tutn
1081 2788 1262 2810 concrematis
1276 2780 1385 2815 penitus
1396 2778 1504 2806 evertit.
1521 2775 1698 2804 Postmodnm
1713 2773 1802 2808 subje-

792 2868 908 2897 νΑΙὶΙᾸΞ
923 2868 1133 2897 LECTIO‘NES.

202 2927 226 2968 '_'_
240 2929 384 2968 Μελιτινὴν
400 2929 566 2968 Δηριλῇιιίτξι
582 2929 723 2968 Μελ-κινῇ.
764 2932 785 2947 τ’
799 2931 919 2966 ’Ἀϐδηὶα
933 2931 954 2957 Λ

171 2963 254 2992 malim
267 2966 342 3002 παρὰ
354 2963 399 2993 τὰ.
438 2965 460 2981 ⁸³
476 2964 517 3000 δὲ]
532 2965 584 3000 μὲν
594 2965 649 2992 Al’.

959 2951 964 2957 .
1005 2931 1026 2945 ⁵ο
1043 2929 1186 2962 αλαλαγιῖιν
1202 2927 1234 2954 Λ.
1274 2927 1294 2942 ³¹
1313 2926 1362 2960 τὴν
1386 2932 1441 2951 om.
1460 2921 1489 2949 Ρ.
1521 2953 1524 2957 ἴ

1544 2919 1565 2934 ¹¹
1585 2916 1672 2952 παρὰ]
1695 2924 1726 2942 πε
1732 2915 1758 2950 pi
1767 2914 1802 2947 Ρ,
