1989 3161
181 207 236 240 287

733 205 988 238 ΤΗΕΟΡΗΑΝΕΞ
1001 204 1281 237 CONTINUATUS.

1778 204 1832 237 288

187 268 233 292 clo
248 264 329 300 271
345 264 421 292 omni
437 264 523 292 milite
539 265 613 299 large
625 264 792 300 copioseque
805 263 979 292 -muneribus

1048 263 1077 290 δν
1095 263 1150 290 ὑπὸ
1167 265 1246 299 χεῖρα
1260 264 1350 291 πάντα
1360 263 1426 290 λαὸν
1441 262 1576 294 πολυσίως
1591 261 1830 297 φιλοφρονησάμε-

188 316 312 347 accepto,
328 319 361 339 ac
377 311 424 347 qui
449 311 583 346 singulari
607 311 708 339 virtute
732 310 881 345 fulserant,
894 311 985 347 singu-

187 357 222 386 lis
236 358 343 386 decenti
365 357 511 385 honorario
531 357 649 391 donatis,
666 358 759 385 multis
776 362 874 385 auctus
889 358 985 393 spoliis

187 413 220 433 ac
236 405 359 433 victoria:
379 395 460 432 sertis
478 404 505 431 in
527 404 622 432 urbem
653 412 781 432 reversus
807 409 868 439 est;
882 405 986 440 ingres-

188 461 292 488 susque
309 460 359 487 per
382 453 488 480 Aureas
510 456 615 487 portas,
642 460 697 486 quo
723 452 780 480 fere
799 452 853 480 ritu
881 458 985 482 veteres

189 500 372 535 imperatores
381 499 407 526 in
419 498 622 535 prtemagnilica
638 499 780 534 nobilique
790 499 876 527 Roma
887 500 985 528 trium-

190 547 274 581 phum
286 545 414 581 agebant.
432 545 531 573 faustis
544 552 594 580 pro
610 545 726 572 victoria
741 546 836 580 populi
848 546 985 574 acclama-

190 592 312 620 tionibus
339 591 535 626 ominibusque
550 592 771 625 «leducentibus,
798 593 825 619 in
853 601 984 626 magnum

190 638 238 666 Dei
253 638 400 673 Sapientiae
416 637 550 673 templum
567 638 600 666 ad
619 643 683 666 vota
705 646 914 674 congruamque
929 647 986 674 gra-

190 685 290 712 tiarum
306 684 440 712 actionem
455 683 511 711 Deo
535 683 760 719 persolvendam,
778 684 874 712 statim
890 689 987 712 uterat

190 739 224 758 ex
244 730 354 763 itinere,
373 729 525 765 profectus,
545 734 629 765 atque
650 738 666 758 a
682 731 840 766 patriarcha
863 731 987 759 victoriae

191 782 293 804 corona
311 774 465 808 redimitus,
482 774 510 802 in
527 774 629 810 regiam
650 779 778 810 receptus
791 779 844 803 est.

226 866 272 894 41.
292 865 402 894 Rursus
415 872 482 893 vero
500 872 576 893 cura:
588 873 651 892 eum
667 866 761 894 civiles
787 865 986 899 sollicitabant,

191 911 419 947 diversarumque
430 911 552 947 gentium
563 912 723 940 oratoribus
734 912 767 940 ad
776 919 806 940 se
820 912 988 940 convenien-

192 959 268 987 tibus
291 959 389 986 dandis
412 959 554 994 responsis
578 959 775 992 incumbebat;
790 959 988 995 paululumque

194 1013 257 1032 cum
276 1005 371 1032 liberis
386 1012 420 1032 ac
438 1012 525 1033 uxore
537 1004 662 1033 relaxato
674 1004 778 1038 animo,
795 1012 827 1031 ac
840 1012 989 1033 sacrosan-

193 1050 245 1079 ctis
271 1046 326 1085 per
340 1050 437 1078 urbem
469 1050 526 1077 voti
556 1057 728 1085 prccumque
762 1056 847 1077 causa
879 1049 990 1085 templis

194 1097 323 1133 religiose
341 1097 478 1129 lustratis,
493 1104 529 1124 ex
546 1103 622 1124 more
642 1086 739 1123 rursus
751 1095 883 1124 civilibus
896 1095 988 1123 admi-

195 1144 404 1171 nistrationibus
426 1143 597 1178 judiciisque
609 1142 719 1170 addicta
747 1149 844 1177 opera,
870 1142 989 1178 diligen-

196 1190 262 1217 tiam
294 1190 340 1217 ille
364 1197 443 1217 suam
462 1189 629 1224 vigilemque
651 1195 746 1216 curam
770 1196 834 1225 erga
861 1189 989 1218 subditos

195 1236 364 1264 ostentabat.
379 1234 492 1263 Nullum
515 1240 607 1262 tamen
623 1235 742 1263 iaciebat
759 1235 841 1262 linem
867 1235 992 1271 quotidie

196 1284 224 1310 in
239 1290 350 1310 sacrum
363 1282 545 1317 divinumque
556 1282 689 1318 templum
702 1281 875 1317 ingrediendi
887 1281 991 1310 Deum-

196 1337 252 1364 que
267 1328 449 1364 suppllicibus
462 1329 534 1356 votis
547 1328 692 1361 exarandi.
710 1328 944 1356 intercessoribus
957 1328 991 1356 ad

197 1375 282 1402 llenm
293 1375 422 1402 adhibitis
434 1380 491 1402 tum
502 1374 635 1402 Michaele
642 1374 762 1403 caelestis
771 1374 910 1402 exercitus
916 1373 993 1409 prin-

161 1435 164 1441 ι
197 1423 270 1458 cipe,
288 1427 344 1449 tum
363 1422 422 1450 Elia
435 1422 580 1457 propheta,
609 1429 644 1449 ne
661 1421 739 1457 prius
767 1421 823 1448 vita
849 1421 994 1449 excederet

197 1477 278 1503 quam
296 1469 490 1503 (llirysochiris
503 1468 646 1495 interitum
675 1467 782 1495 videret
805 1475 838 1495 ac
862 1467 913 1495 tria
941 1467 992 1495 tela

198 1514 308 1548 impuro
329 1513 402 1541 illius
415 1513 498 1548 capiti
516 1513 642 1547 inﬁgeret
656 1522 663 1546 ;
679 1513 752 1547 quod
773 1517 800 1540 et
818 1516 913 1549 postea
929 1519 994 1540 con-

199 1559 270 1594 tigit.
303 1558 436 1593 Sequenti
462 1559 537 1586 enim
563 1565 655 1590 anno,
686 1564 749 1584 eum
763 1558 786 1585 is
808 1558 890 1593 272
911 1565 992 1593 quem

1036 317 1092 342 νος,
1114 309 1162 336 καὶ
1180 308 1236 336 τῶν
1261 309 1481 344 ἀριστευσάντων
1496 308 1612 335 ἕκαστον
1628 307 1778 342 ἀριστείοις
1791 316 1833 333 τι-

1037 355 1139 390 μήσας,
1163 355 1233 390 μετὰ
1249 353 1357 381 πολλῶν
1380 354 1510 389 λαφύρων
1525 353 1574 381 καὶ
1595 353 1745 388 νικητικῶν
1769 362 1834 380 στε-

1036 401 1129 436 φάνων
1147 400 1302 436 ὑπέστρεψε
1324 401 1394 436 πρὸς
1418 401 1467 436 τὴν
1487 400 1700 436 βασιλεύουσαν·
1723 401 1770 427 καὶ
1788 400 1835 427 διὰ

1036 448 1091 476 τῶν
1106 447 1224 483 Χρυσῶν
1237 447 1330 475 πυλῶν
1345 447 1475 475 εἰσελθὼν
1487 447 1525 480 ὡς
1551 448 1577 474 οἱ
1591 447 1677 474 πάλαι
1698 447 1769 474 κατὰ
1784 447 1835 483 τὴν

1038 495 1218 530 μεγαλόδοξον
1226 495 1339 531 Ῥώμην
1350 495 1406 523 τῶν
1430 495 1643 531 αὐτοκρατόρων
1657 495 1721 526 τοὺς
1734 488 1849 536 θριάμ-ξ

1037 541 1101 573 ὃους
1120 541 1298 576 κατάγοντες,
1312 541 1361 568 καὶ
1374 541 1425 573 τὰς
1441 542 1518 577 παρὰ
1533 541 1580 568 τοῦ
1593 541 1680 575 δήμου
1691 540 1836 576 νικητικὰς

1037 588 1182 624 ἐκόοήσεις
1196 588 1244 616 καὶ
1254 588 1394 624 εὐφημίας
1409 588 1565 623 δεξάμενος,
1575 587 1622 615 καὶ
1637 588 1706 622 πρὸς
1720 587 1750 614 τὸ
1764 587 1837 622 μέγα

1036 633 1086 669 τῆς
1098 633 1146 660 τοῦ
1169 633 1237 661 Θεοῦ
1259 634 1361 669 Σοφίας
1376 633 1538 668 ἀνάκτορον,
1556 633 1595 665 ὡς
1609 633 1660 666 τὰς
1684 633 1768 668 εὐχὰς
1789 632 1836 660 καὶ

1037 681 1087 716 τὴν
1103 681 1297 717 προσήκουσαν
1321 681 1499 717 εὐχαριστίαν
1513 680 1673 713 ἀποδώσων,
1691 679 1773 712 εὐθὺς
1797 679 1837 711 ώς

1038 726 1114 763 εἶχεν
1129 726 1160 760 ἐξ
1175 727 1236 754 ὁδοῦ
1261 726 1477 763 παραγεγονὼς,
1505 726 1552 753 καὶ
1568 726 1621 754 ὑπὸ
1640 725 1688 753 τοῦ
1702 726 1763 753 τότε
1781 734 1836 754 πα·

1037 772 1232 809 τριαρχοῦντος
1246 773 1286 809 τῷ
1293 773 1344 809 τῆς
1357 774 1438 808 νίκης
1448 773 1574 808 στεφάνῳ
1588 773 1754 806 ταινιωθεὶς,
1780 773 1836 800 ἁπ-

1039 819 1174 854 εκατέστη
1194 820 1234 851 εἰς
1250 819 1284 846 τὰ
1294 819 1428 854 βασίλεια.

1075 865 1132 901 μα’.
1147 867 1203 893 Καὶ
1227 865 1310 893 πάλιν
1324 865 1407 893 αὑτὸν
1430 865 1573 901 φροντίδες
1599 865 1737 893 πολιτικαὶ
1754 865 1839 893 διεδέ-

1039 920 1129 948 χοντο,
1147 912 1196 939 καὶ
1210 913 1271 944 ταῖς
1289 911 1344 938 ἀπὸ
1370 911 1508 947 διαφόρων
1526 911 1612 938 ἐθνῶν
1630 911 1791 947 πρεσϐείαις
1804 911 1840 938 τὰ

1039 959 1184 994 πρόσφορα
1194 958 1365 994 ἐχρημάτιζε
1373 966 1381 974 ⁸
1395 959 1444 985 καὶ
1466 958 1536 993 πρὸς
1548 958 1640 992 ὀλίγον
1652 958 1709 989 τοῖς
1729 958 1839 989 τέκνοις

1040 1005 1254 1042 συνευφρανοεὶς
1267 999 1489 1040 καὶτῇγυναικὶ.
1500 1005 1548 1032 καὶ
1561 1004 1623 1036 τοὺς
1640 1005 1712 1032 κατὰ
1727 1005 1758 1031 τὸ
1771 1004 1839 1032 ἄστυ

1041 1051 1192 1087 περιελθὼν
1209 1051 1299 1088 ἱεροὺς
1312 1051 1360 1078 καὶ
1385 1050 1474 1084 θείους
1501 1051 1584 1082 ναοὺς
1607 1050 1655 1078 καὶ
1679 1051 1730 1082 τὰς
1756 1050 1840 1085 εὐχὰς

1040 1097 1169 1130 ἀποδοὺς,
1185 1096 1309 1132 συνήθως
1324 1095 1360 1133 ἦν
1373 1097 1452 1129 αὖθις
1467 1097 1514 1124 ἐπὶ
1533 1096 1588 1124 τῶν
1606 1096 1756 1123 πολιτικῶν
1771 1096 1840 1123 διοι-

1042 1145 1149 1180 κήσεων
1161 1143 1272 1171 καὶτῶν
1291 1144 1420 1178 κρίσεων,
1435 1144 1485 1179 τὴν
1501 1143 1566 1179 περὶ
1579 1143 1610 1170 τὺ
1621 1144 1742 1178 ὑπήκοον
1759 1143 1841 1178 κηδε-

1044 1189 1141 1225 μονίαν
1149 1189 1196 1216 καὶ
1206 1189 1346 1225 ἄγρυπνον
1354 1189 1534 1225 πρόνοιανίψ⁹
1547 1189 1610 1225 169]
1622 1189 1840 1224 ἐνδεικνύμενος.

1043 1235 1081 1262 οο
1096 1235 1257 1270 διελίμπανε
1269 1234 1299 1261 δὲ
1329 1235 1406 1269 ὅμως
1433 1235 1494 1262 καθ’
1513 1235 1636 1270 ἑκάστην
1651 1236 1692 1268 εἰς
1704 1235 1752 1262 τὸν
1767 1235 1842 1270 ἱερὸν

1043 1282 1091 1310 καὶ
1103 1282 1176 1309 θεῖον
1191 1282 1257 1310 ναὸν
1275 1282 1374 1321 εἰσιὼν.
1385 1282 1434 1310 καὶ
1450 1282 1581 1310 ῑκιτεύων
1599 1283 1646 1310 τὸν
1660 1282 1776 1318 Κύριον,
1792 1283 1842 1309 καὶ

1046 1328 1160 1364 μεσίτας
1174 1328 1244 1364 πρὸς
1258 1328 1337 1355 τοῦτο
1352 1329 1400 1356 τόν
1426 1337 1456 1356 τε
1477 1328 1699 1365 ἀρχιστράτηγον
1728 1328 1843 1364 Μιχαὴλ

1044 1376 1092 1402 καὶ
1112 1375 1204 1403 Ἦλιοὺ
1214 1375 1260 1403 τὸν
1272 1376 1419 1412 προφήτην
1435 1376 1503 1412 πρὸς
1517 1376 1585 1403 Θεδν
1605 1375 1842 1411 προὸαλλόμενος,

1044 1419 1091 1448 τοῦ
1107 1420 1145 1457 μὴ
1159 1421 1293 1457 πρότερον
1305 1421 1354 1448 τοῦ
1369 1421 1428 1455 βίου
1447 1421 1608 1455 ὑπεξελθεῖν
1624 1421 1717 1457 πρὶνῆ
1734 1420 1781 1448 τὸν
1795 1419 1844 1447 ιιοὸ

1045 1466 1233 1503 Χρυσὸχειρος
1249 1466 1362 1502 ὀλεθρον
1377 1468 1480 1495 ἐπιδεῖν
1492 1467 1540 1495 καὶ
1553 1467 1618 1504 τρία
1634 1466 1698 1502 βέλη
1707 1468 1740 1502 τῇ
1757 1466 1843 1493 αὑτοῦ

1045 1512 1206 1549 καταπῆξαι
1219 1513 1308 1549 μιαρᾷ
1325 1514 1441 1550 κεφαλῇ.
1463 1515 1496 1541 Ὃ
1515 1512 1562 1541 καὶ
1587 1514 1700 1548 γέγονεν
1715 1513 1842 1548 ὕστερον.

1045 1559 1091 1596 Τῷ
1104 1559 1158 1595 γὰρ
1175 1560 1279 1588 ἐπιόντι
1294 1560 1384 1596 χρόνῳ
1398 1561 1440 1592 είς
1460 1561 1511 1593 τὰς
1522 1561 1579 1588 τῶν
1593 1560 1739 1596 Ῥωμαίων
1750 1560 1841 1596 ἔμϐα-

198 1605 323 1633 dicebam
337 1604 507 1640 Chrysochir
529 1604 682 1632 Romanam
700 1604 832 1632 ditionem
846 1604 993 1633 invasisset

1048 1607 1141 1639 λόντος
1155 1606 1247 1644 χώρας
1271 1607 1320 1634 τοῦ
1335 1607 1628 1643 προμνημονευθέντος
1655 1607 1844 1643 Χρυσόχειρος

198 1659 316 1687 eamque
338 1652 505 1683 devastarel,
530 1650 606 1679 misit
624 1658 658 1678 ex
685 1658 763 1678 more
789 1650 941 1686 imperator
968 1651 996 1678 in

199 1706 263 1726 eum
286 1697 445 1725 scholarum
473 1697 894 1732 domesticum;assumptoque
921 1695 995 1724 omni

201 1744 326 1772 Romano
350 1744 485 1776 exercitu,
501 1743 565 1771 licet
577 1743 666 1778 palam
693 1747 823 1771 conserta
852 1742 911 1770 acie
931 1750 994 1770 cum

201 1791 248 1818 illo
267 1797 392 1826 pugnare
409 1797 464 1818 non
490 1790 614 1821 auderet.
627 1789 737 1817 interim
757 1793 848 1816 tamen
865 1788 997 1816 Romanis

201 1837 365 1864 cohortibus
377 1844 408 1863 ex
436 1840 513 1864 certo
530 1835 672 1863 intervallo
701 1835 928 1871 insequentibus,
946 1835 996 1863 ob-

202 1883 294 1910 stabat
312 1890 346 1910 ne
362 1881 425 1909 hinc
445 1881 508 1909 inde
522 1888 671 1908 excurrere
683 1888 716 1908 ac
734 1880 851 1916 palando
867 1888 915 1915 per
937 1881 998 1909 loca

201 1928 322 1963 dispergi
345 1928 471 1956 auderet.
485 1927 553 1956 Cum
572 1927 655 1962 igitur
667 1926 812 1958 barbarus.
831 1927 930 1962 partim
953 1935 998 1955 re-

164 1978 167 1986 ν
202 1973 254 2001 bus
269 1981 303 2002 ex
323 1978 388 2000 voto
411 1973 574 2002 cedentibus
605 1973 705 2009 partim
735 1971 866 2000 frustrato
883 1978 997 2006 conatu,

200 2019 257 2054 jam
272 2019 355 2047 etiam
371 2024 494 2055 tempore
514 2023 641 2053 vocante,
664 2019 698 2046 ad
713 2026 762 2046 sua
777 2019 868 2046 redire
885 2019 999 2047 statuis-

202 2069 244 2093 set
263 2066 395 2101 gravique
409 2070 527 2093 onustus
542 2066 634 2100 praeda
651 2064 764 2092 domum
781 2064 894 2096 rediret,
916 2064 999 2092 scho-

202 2112 237 2139 lis
253 2112 397 2147 praefectus
410 2112 517 2140 duohus
529 2111 660 2143 ducibus,
683 2117 801 2146 quorum
826 2118 899 2137 unus
912 2109 999 2138 Char-

203 2159 290 2186 sianis
318 2159 389 2186 alter
413 2158 585 2185 Armeniacis
597 2161 725 2192 praeerat,
752 2156 873 2191 praecipit
889 2161 919 2184 ut
935 2165 999 2185 cum

205 2205 238 2231 iis
255 2212 326 2239 quas
348 2204 489 2232 ducebant
512 2203 674 2231 cohortibus
701 2203 914 2239 Cbrysochirem
929 2211 1000 2239 pone

205 2255 358 2284 sequantur
388 2257 475 2284 usque
499 2250 533 2276 ad
553 2249 808 2284 Bathyrrhyaccm;
829 2249 956 2284 indeque,
975 2250 999 2277 si

205 2295 318 2331 quidem
332 2295 465 2324 adversus
490 2295 679 2323 Romanorum
705 2296 773 2323 lines
789 2295 883 2330 copias
896 2296 998 2324 iinmit-
1012 2283 1039 2313 Β

206 2347 284 2375 teret,
307 2343 332 2369 id
347 2342 501 2370 domestico
517 2342 727 2378 significarent:
744 2342 787 2370 sin
804 2346 881 2370 recto
901 2343 1001 2370 itinere

207 2389 234 2416 in
250 2396 328 2416 suam
343 2397 373 2417 se
399 2389 532 2416 latebram
544 2389 688 2424 reciperet.
715 2388 762 2416 illo
777 2389 892 2417 dimisso
905 2389 938 2417 ad
960 2389 1001 2425 ip-

207 2443 268 2464 sum
284 2443 380 2465 rursus
393 2436 524 2464 redirent.

1049 1654 1097 1682 καὶ
1113 1653 1214 1686 ταύτας
1229 1653 1406 1690 ληϊζομένους
1426 1654 1589 1682 ἀποστέλλει
1603 1655 1664 1681 κατ’
1681 1654 1765 1681 αὐτοῦ
1779 1663 1844 1681 συν-

1049 1700 1122 1734 ήθως
1137 1701 1152 1727 ὁ
1170 1699 1298 1735 βασιλεὺς
1312 1700 1360 1727 τὸν
1384 1701 1440 1728 τῶν
1455 1701 1560 1735 σχολῶν
1580 1700 1776 1736 ἐξηγούμενον.
1796 1701 1847 1732 ὐς

1049 1745 1165 1778 ἱξελθὼν
1180 1745 1205 1762 ⁸⁸
1219 1747 1267 1773 καὶ
1285 1746 1376 1773 πάντα
1393 1746 1440 1772 τὸν
1458 1745 1613 1781 Ῥωμαϊκὸν
1631 1746 1746 1781 στρατὸν
1773 1754 1845 1780 συμ-

1050 1790 1228 1826 παραλαϐὼν,
1245 1791 1309 1817 ἐπεὶ
1324 1790 1395 1818 κατὰ
1413 1791 1560 1827 πρόσωπον
1572 1791 1702 1826 ἐμφανῶς
1717 1791 1850 1825 ἁντιστῆο

1015 1861 1021 1867 .
1050 1846 1094 1865 ναι
1110 1837 1178 1874 πρὸς
1194 1837 1278 1864 αὐτὸν
1296 1837 1450 1869 ἀπεδειλία,
1466 1837 1502 1864 τὰ
1517 1836 1573 1864 τῶν
1595 1837 1742 1872 Ῥωμαίων
1762 1845 1849 1872 στρα-

1049 1883 1175 1918 τεύματα
1192 1883 1403 1919 συμπαρείπετο
1429 1883 1498 1914 τέως
1522 1882 1599 1917 αὒτῷ
1615 1882 1671 1909 ἀπό
1685 1890 1760 1914 τινος
1787 1882 1848 1909 δια-

1024 1953 1029 1956 .
1051 1930 1200 1965 στήματος,
1208 1929 1257 1957 καὶ
1270 1929 1321 1960 τὰς
1339 1928 1457 1965 μερικὰς
1475 1929 1586 1964 ἀνεῖργε
1601 1929 1850 1964 “subportat-.24!

1050 1976 1081 2003 οὺ
1102 1976 1252 2011 συνεχώρει
1269 1976 1340 2003 κατὰ
1359 1975 1410 2011 τῆς
1425 1975 1518 2011 χώρας
1529 1975 1615 2005 ἀδεῶς
1626 1974 1850 2002 διασκίδνασθαι.

1057 2022 1102 2054 Ὠς
1126 2020 1173 2049 οὖν
1188 2023 1223 2049 τὰ
1237 2023 1287 2058 μὲν
1307 2022 1381 2058 δρῶν
1397 2023 1433 2050 τὰ
1448 2022 1477 2049 δὲ
1492 2021 1643 2058 ἀπρακτῶν
1665 2022 1679 2048 ὁ
1694 2021 1849 2058 βάρϐαρος,

1051 2067 1102 2102 ἥδη
1121 2066 1228 2094 καὶτοῦ
1249 2067 1349 2102 καιροῦ
1363 2067 1511 2099 καλοῦντος
1533 2067 1628 2100 αὐτὸν,
1643 2067 1694 2102 ’τῆς
1719 2066 1790 2101 πρὸς
1814 2066 1851 2093 τὰ

1051 2113 1140 2139 οἰκεῖα
1152 2113 1283 2140 ἐπανόδου
1300 2114 1423 2149 ἐμνήσθη
1436 2114 1484 2142 καὶ
1497 2115 1567 2150 μετὰ
1581 2113 1656 2146 λείας
1667 2114 1770 2149 συχνῆς
1781 2113 1852 2149 πρὸς

1051 2159 1100 2194 τὴν
1119 2160 1187 2187 ἰδίαν
1197 2161 1290 2197 χώραν
1298 2161 1479 2197 ὑπέστρεφεν,
1488 2161 1611 2196 ἀφώρισε
1624 2161 1672 2188 δύο
1681 2160 1737 2188 τῶν
1750 2168 1854 2196 στρατο

1051 2206 1126 2241 ηγῶν
1153 2207 1168 2233 ὁ
1189 2207 1243 2234 τῶν
1276 2207 1381 2242 σχολῶν
1405 2207 1589 2243 ἐξηγούμενος
1612 2207 1647 2239 ⁸³,
1672 2207 1719 2234 τόν
1748 2216 1779 2233 τε
1801 2206 1852 2234 τοῦ

1052 2253 1208 2287 Χαρσιανοῦ
1236 2255 1284 2280 καὶ
1299 2253 1352 2281 ¹τῶν
1375 2254 1540 2290 Ἀρμενίων,
1570 2253 1641 2289 μετὰ
1655 2255 1705 2289 τῆς
1721 2254 1787 2288 περὶ
1801 2253 1851 2279 αὑ-

1052 2298 1115 2331 τοὺς
1129 2299 1272 2335 δυνάμεως
1291 2300 1420 2333 ἑκαστον,
1437 2300 1511 2327 ὥστε
1527 2300 1779 2335 συμπαρομαρτεῖν
1802 2298 1853 2325 καὶ

1054 2347 1205 2381 ἰφέπεσθαι
1222 2347 1262 2381 τῷ
1284 2347 1451 2383 Χρυσόχαιρι
1479 2347 1545 2383 ἄχρι
1570 2347 1618 2375 τοῦ
1642 2345 1852 2382 Βαθυρεπιακος.

1054 2393 1184 2421 κάκεῖθεν
1211 2395 1236 2420 sl.
1263 2395 1313 2429 μὲν
1341 2395 1478 2430 ὲπαφὴσει
1502 2394 1575 2421 κατὰ
1604 2393 1659 2420 τῶν
1687 2391 1853 2428 Ῥωμαϊκῶν

1058 2439 1140 2475 ὁρίων
1156 2441 1283 2476 στρατὸν,
1297 2440 1378 2475 δῆλον
1397 2440 1478 2468 τοῦτο
1503 2441 1543 2476 τῷ
1559 2440 1716 2476 δομεστίκῳ
1734 2440 1854 2475 ποιήσα-

207 2483 282 2515 σθαι,
298 2484 322 2510 εὶ
337 2483 365 2510 δὲ
383 2483 452 2519 πρὸς
474 2483 520 2510 τὸν
543 2483 643 2510 οἰκεῖον
670 2483 773 2519 φωλεὸν
786 2484 996 2521 ἀμεταστρεπτὶ
1014 2486 1132 2522 βαδίζων
1147 2488 1308 2522 εἰσδύνειεν,
1335 2489 1472 2521 ἐάσαντας
1502 2489 1599 2516 τοῦτον
1623 2488 1703 2520 αὖθις
1733 2488 1852 2517 ἑπανελ-

207 2530 264 2557 θεῖν
279 2529 348 2564 πρὸς
363 2530 455 2558 αὐτόν.

242 2576 289 2603 42.
306 2576 366 2604 Jam
396 2577 488 2611 itaque
507 2577 541 2605 ad
573 2584 636 2605 eum
652 2577 700 2612 qui
716 2577 808 2616 dictus
822 2582 865 2606 est
882 2577 1000 2614 Bathyr—

207 2624 303 2659 rhyaci
338 2625 441 2657 locum,
475 2625 721 2659 advesperascente
749 2625 793 2653 die
819 2626 1000 2654 barbarorum

207 2670 338 2698 devectus
358 2671 496 2698 exercitus
508 2670 543 2698 ad
569 2671 652 2706 pedes
667 2672 769 2700 montis
780 2673 917 2700 consedit.
943 2672 1001 2700 Bo-

209 2720 356 2744 maiiorum
372 2717 457 2745 duces
472 2717 545 2745 illius
560 2718 704 2753 superiora
719 2722 868 2753 occupant,
884 2725 916 2745 ac
933 2718 1000 2753 quid

209 2768 373 2791 eventurum
400 2764 436 2792 sit
460 2763 620 2799 dispiciunt.
648 2764 759 2792 Interim
785 2764 857 2792 inter
880 2764 1002 2793 duorum

211 2809 362 2837 thematum
379 2810 494 2843 milites,
508 2815 534 2837 et
558 2811 686 2838 ordinum
717 2815 927 2845 turmarumque
949 2811 1000 2837 dn-

211 2860 303 2884 ctores
317 2864 349 2884 ac
366 2857 576 2892 manipularios,
593 2856 733 2884 contentio
757 2856 884 2891 quaadam
906 2861 933 2884 et
950 2864 1001 2891 pu-

1094 2576 1148 2613 μβ’.
1161 2577 1231 2612 Ἤδη
1247 2575 1293 2603 οὖν
1313 2576 1363 2603 τοῦ
1388 2575 1560 2612 βαρϐαρικοῦ
1582 2575 1790 2611 στρατεύματος
1805 2585 1853 2609 γε·

1056 2624 1166 2658 γονότος
1179 2625 1208 2650 ἔν
1223 2623 1344 2658 ἑσπέρας
1359 2623 1448 2658 καιρῷ
1463 2621 1535 2649 κατὰ
1549 2621 1595 2648 τὸν
1612 2621 1785 2658 καλούμενον
1800 2622 1853 2648 Βα-

1056 2671 1200 2707 Θυρῤύακα
1213 2670 1262 2697 καὶ
1273 2669 1439 2704 αὺλισμένου
1458 2669 1534 2696 κάτω
1549 2668 1619 2704 πρὸς
1634 2667 1685 2704 τὴν
1701 2668 1751 2695 τοῦ
1772 2668 1854 2703 ὅρους

1057 2717 1207 2752 ὑπώρειαν,
1221 2715 1276 2743 τῶν
1305 2715 1334 2742 δὲ
1355 2714 1521 2750 Ῥωμαϊκῶν
1550 2714 1715 2750 στρατηγῶν
1730 2714 1852 2740 καταλα‹

1056 2764 1158 2791 δόντων
1168 2763 1202 2790 τὰ
1216 2763 1314 2790 τούτου
1340 2761 1532 2798 μετεωρότερα
1547 2762 1596 2788 καὶ
1610 2761 1642 2788 τὸ
1662 2760 1762 2796 μέλλον
1783 2761 1854 2787 ἁπο-

1056 2810 1239 2843 σκοπούντων,
1254 2808 1388 2845 ἐμπίπτει
1399 2818 1441 2841 τις
1456 2809 1515 2844 ἔρις
1526 2809 1592 2843 περὶ
1607 2807 1663 2834 τῶν
1677 2806 1856 2843 ⁸⁵πρωτείων

1056 2857 1103 2883 καὶ
1120 2855 1221 2890 ἅμιλλα
1243 2856 1300 2887 τοῖς
1315 2855 1368 2882 τῶν
1394 2854 1440 2881 δύο
1457 2854 1584 2890 θεμάτων
1601 2852 1784 2888 στρατιώταις
1808 2855 1857 2881 καὶ

863 2902 980 2930 VARl/E
1011 2901 1214 2931 LECTIONES.

251 2949 270 2963 ’⁵³
286 2947 314 2979 ὃς
329 2947 442 2990 ἐξελθὼν
454 2956 509 2977 om.
526 2938 556 2975 i‘.
595 2950 616 2966 ⁵⁵
635 2948 826 2984 ἀφηγούμενος
840 2949 873 2977 Α.
912 2949 933 2965 ³6
951 2948 1004 2975 τῶν
1015 2948 1046 2975 Α.
