1989 3161
147 224 198 257 289

700 223 776 255 LIB.
796 225 829 255 V.
851 237 885 241 --
902 219 1257 256 BASILIUSiMACEDO.

1732 223 1788 257 290

148 282 308 317 ταξιάρχαις
321 281 368 308 κλῖ
387 281 564 317 λοχαγωγοῖς,
580 281 634 309 τῶν
649 282 700 317 μὲν
717 281 765 309 τοῦ
782 281 938 318 Χαρσιανοῠ

991 289 1043 316 gna
1060 281 1093 308 de
1108 281 1218 308 virtutis
1234 280 1393 315 praestantia
1408 280 1514 308 incidit.
1534 281 1615 317 273
1627 281 1785 311 Gharsiani-

148 330 256 360 ἑαυτοῖς
270 329 481 364 ἐπιγραφόντων
504 329 536 356 τὸ
552 329 698 364 πρεσϐεῖον
711 329 762 363 τῆς
775 330 836 356 κατ’
854 329 939 364 ἀλκὴν

148 375 258 411 ἀρετῆς,
271 375 389 410 ἔμπαλιν
407 375 435 402 δὲ
446 376 500 402 τῶν
517 375 706 410 Ἀρμενιακῶν
721 375 757 411 μὴ
769 375 940 410 μεθιεμένων

147 421 196 456 τῆς
210 422 240 447 ὲν
256 423 314 453 τοῖς
332 421 461 457 πολέμοις
480 421 592 456 ἀνδρίας
608 421 639 448 τδ
657 421 793 457 πρωτεῖον
817 421 941 453 ἐκείνους

148 467 249 494 λαϐεῖν.
269 468 316 499 Ὧς
329 465 376 494 οὖν
396 468 442 494 ἐπὶ
457 467 539 494 πλέον
550 467 584 494 τὰ
599 467 650 502 τῆς
663 466 832 501 φιλονεικίας
849 467 941 498 αὐτοῖς

148 514 246 549 ἐχώρει
259 514 307 541 καὶ
319 514 352 541 τὰ
370 515 536 550 φρονήματα
548 513 715 550 ὃιηρέθιστο,
731 513 861 549 λεχθῆναί
873 521 941 547 φασι

148 561 222 596 παρὰ
249 560 304 587 τῶν
330 560 529 596 πρωτευόντων
552 561 600 586 τοῦ
630 560 684 587 τῶν
706 561 728 577 θ’
751 559 940 597 Ἀρμενιακῶν

149 607 332 642 συστήματος,
345 607 384 639 ὡς
400 608 468 635 Ἰνα
483 608 512 634 τί
532 607 633 642 μάτην
647 607 681 634 ὲν
695 608 798 641 ,λόγοις
817 607 940 634 ἕκαστοι

146 652 357 687 θρασυνόμεθιι
371 653 420 679 καὶ
438 653 592 688 αὺχοῦμεν
610 653 765 687 διακενῆς,
785 653 857 685 ἐξὸν
879 651 941 685 τοῖς

148 696 246 731 ἔργοις
262 697 321 730 τὴν
337 697 567 733 ἀμφισϐήτητον
592 698 705 733 ἀρετὴν
718 698 940 731 ἐπιδείξασθαι;

148 742 207 769 τῶν
228 743 283 778 γὰρ
300 744 453 779 πολεμίων
472 745 508 772 οὐ
522 745 644 780 μακρὰν
669 745 863 780 ἀπεχόντων,
891 745 941 777 ἔξ-

148 797 233 816 εστιν
244 790 294 816 ἐπι
309 789 369 818 τῶν
378 790 473 826 ἔργων
485 792 617 826 φανῆναι
628 791 699 825 τοὺς
709 791 841 826 ἀριστεῖς
850 791 940 818 ualeat

149 835 205 870 τῆς
233 836 309 863 κατὰ
334 837 419 872 χεῖρα
445 838 658 873 γενναιότητος
695 838 833 873 κριθῆναι
865 838 937 872 τοὺς

146 882 363 917 ὑπερέχοντας.
383 883 453 916 Τοὺς
465 885 604 917 τοιούτους
619 885 710 911 τοίνυν
732 885 830 919 λόγους
843 885 938 920 διακη-

993 332 1027 355 ta:
1054 327 1175 360 virtutis,
1192 335 1252 362 qua:
1269 328 1294 354 in
1313 327 1483 362 fortitudine}
1499 333 1552 360 est,
1567 330 1716 364 primatum
1730 330 1785 357 sibi

992 373 1169 400 vindicabant
1182 382 1190 401 :
1205 377 1303 400 contra
1319 373 1476 401 Armeniaci
1491 374 1560 402 nihil
1578 383 1608 402 se
1625 375 1671 402 illa
1688 376 1788 405 virtute

994 418 1028 446 iis
1047 419 1166 453 impares
1182 419 1295 446 omnino
1310 419 1517 447 obnitebantur.
1533 421 1705 456 Augescente
1738 423 1788 449 ita-

993 470 1048 497 que
1063 462 1134 494 rixa,
1150 467 1177 490 et
1191 471 1253 490 eum
1278 464 1398 498 partium
1422 464 1579 493 irritaretur
1596 466 1735 500 ferocitas,
1753 467 1789 494 ab

991 509 1222 537 Armeniacorum
1254 515 1343 538 coetus
1372 511 1540 546 primoribus
1561 513 1588 540 in
1616 513 1675 541 haec
1703 515 1787 542 verba

993 561 1151 591 peroratum
1169 556 1261 584 ferunt
1282 566 1289 584 :
1303 556 1373 589 Quid
1392 557 1494 592 frustra
1511 559 1594 586 verbis
1607 559 1706 594 singuli
1721 560 1788 595 [ero-

991 602 1075 629 cimus
1095 606 1173 637 atque
1188 602 1338 637 jaclamus,
1354 611 1414 630 cum
1437 605 1465 631 in
1484 610 1608 640 promptu
1623 606 1659 633 sit
1680 606 1786 634 virtutis

992 647 1121 681 specimen
1137 649 1213 680 dare,
1225 655 1277 682 qua
1289 647 1321 674 de
1333 648 1493 683 ambigimus
1505 650 1518 676 .9
1532 657 1590 676 cum
1605 651 1676 677 enim
1696 652 1786 678 hostes

991 693 1062 721 haud
1079 695 1154 730 longe
1168 695 1267 727 absint,
1282 701 1392 730 possunt
1408 697 1453 732 qui
1469 697 1520 724 viri
1537 703 1693 732 prastanles
1713 700 1787 727 exsi-

992 743 1075 772 stunt,
1087 741 1253 775 facinoribus
1269 743 1347 769 editis
1359 742 1543 778 inclarescere,
1556 753 1587 771 ac
1602 747 1647 776 qui
1664 746 1728 781 forti
1740 755 1786 774 ro-

992 786 1211 821 borepra‘cellat,
1236 788 1340 822 judicio
1370 791 1471 824 primas
1493 791 1621 818 oblinere.
1648 791 1695 819 llis
1721 800 1786 828 ergo

991 833 1120 861 ductores
1145 835 1321 862 sermonibus
1343 837 1456 869 auditis,
1484 837 1656 872 militumque
1674 838 1708 866 ad
1735 838 1787 865 itn—

991 880 1162 915 pressioncm
1182 880 1336 908 faciendam
1355 881 1453 909 fortem
1479 883 1601 911 animum
1621 889 1703 918 atque
1727 885 1785 913 ala-

146 929 241 961 κοότες
255 931 280 956 οῖ
304 931 463 966 στρατηγοὶ,
489 932 537 958 καὶ
556 931 606 966 τὴν
632 931 701 967 πρὸς
718 931 829 966 ἀνδρίαν
852 931 939 967 ὁρμὴν

992 933 1067 953 crem
1095 926 1316 960 considerantes,
1336 935 1444 955 necnon
1467 929 1553 964 ipsius
1587 931 1638 957 loci
1653 936 1786 965 opportun-

145 976 194 1001 καὶ
213 961 370 1011 προθυμίαν
393 961 615 1012 κατανοήσαντες
691 961 775 1013 7170],
788 977 835 1004 τοῦ

993 972 1105 999 nitatem
1136 973 1208 1000 haud
1225 973 1282 1001 leve
1315 974 1366 1002 sibi
1384 975 1417 1002 ad
1442 975 1585 1002 victoriam
1614 981 1784 1004 momentum

146 1021 345 1056 συννοήσαντες
358 1022 387 1048 δὲ
401 1023 449 1049 καὶ
463 1023 513 1058 τὴν
525 1023 579 1050 ἀπὸ
592 1022 638 1050 τοῦ
653 1023 737 1050 τόπου
752 1023 890 1060 βοήθειαν,
900 1025 939 1051 ὅτι

992 1018 1089 1046 aﬂerre
1103 1019 1265 1053 sentientes,
1283 1024 1357 1054 quod
1371 1029 1386 1048 c
1403 1021 1513 1048 sublimi
1528 1021 1590 1049 loco
1607 1022 1738 1056 impetum
1756 1023 1783 1050 in

147 1068 177 1100 ἐξ
194 1068 360 1103 ὑπερδεξίων
371 1070 428 1101 τοῖς
443 1069 472 1095 ὲν
489 1069 610 1105 ἐπιπέδῳ
625 1070 856 1105 κατηυλισμένοις
871 1070 937 1105 μέλ-

146 1112 239 1140 λουσιν
255 1113 436 1146 ἐπιτίθεσθαι,
450 1115 513 1150 διχῆ
529 1113 665 1150 διαιροῦσι
683 1115 734 1151 τὴν
742 1115 873 1150 δύναμιν·
891 1117 940 1143 καὶ

146 1160 177 1187 τὸ
193 1160 244 1195 μὲν
258 1160 386 1196 ἔκκριτον
401 1161 487 1196 αὐτῆς
507 1160 531 1177 ⁸⁸
555 1161 636 1197 ἄχρις
662 1161 745 1197 ἕκτης
763 1163 941 1194 έκατοντάδος

148 1205 218 1240 μετά
234 1203 289 1232 τῶν
304 1214 336 1240 γε
350 1205 406 1233 τῶν
415 1206 438 1223 ⁸⁹
455 1206 616 1241 στρατηγῶν
628 1207 795 1242 προσϐαλεῖν
807 1209 830 1225 ’θ
843 1208 940 1244 ἐκρίθη

146 1251 186 1286 τῷ
202 1251 257 1278 τῶν
282 1251 427 1287 βαρϐάρων
446 1252 564 1288 στρατῷ,
582 1252 613 1279 τὸ
629 1253 658 1279 δὲ
675 1252 768 1280 λοιπὸν
781 1253 832 1289 τῆς
848 1255 940 1289 εὐαρι-

146 1297 253 1332 θμήτου
273 1297 431 1333 Ῥωμαῖκῆς
446 1299 577 1333 στρατιᾶς
590 1299 620 1331 ἐς
631 1299 743 1335 δόκησιν
760 1299 879 1335 πλήθους
891 1300 940 1328 αὐ-

145 1342 194 1369 τοῦ
211 1351 262 1369 που
276 1344 345 1378 πρὸς
361 1344 396 1370 τὰ
412 1344 539 1379 μετέωρα
562 1345 794 1377 συσκευάσαντες,
816 1346 864 1372 καὶ
876 1345 940 1372 σύν-

148 1389 224 1424 θημα
236 1389 328 1421 δόντες
344 1390 451 1425 καιροῦ,
469 1390 502 1417 ἵν’
523 1391 588 1417 ὅταν
599 1388 672 1417 οὗτοι
685 1391 860 1426 προσϐὰλωσι
884 1394 940 1424 τοῖς

147 1434 267 1470 ἐχθροῖς,
287 1436 409 1463 κακεῖνοι
427 1436 476 1463 σὺν
496 1436 648 1472 ἀλαλαγμῷ
667 1438 788 1473 μεγίστῳ
804 1438 851 1465 καὶ⁴
874 1439 939 1466 σάλ-

146 1481 236 1515 πιγξι,
250 1481 477 1517 συνεπηχούντων
491 1483 538 1509 καὶ
554 1482 608 1509 τῶν
625 1483 710 1518 ὀρέων
722 1484 823 1514 αὐτῶν,
838 1484 940 1520 ἐκπλη-

145 1528 245 1562 κτικὴν
259 1527 324 1562 βοὴν
341 1529 545 1564 ἀναῤῥήξωσιν,
565 1530 643 1556 αὐτοὶ
659 1530 710 1562 τὰς
725 1530 879 1563 πανοπλίας
896 1533 939 1558 ὲν-

144 1572 265 1607 δύονται,
282 1574 328 1600 καὶ
349 1574 463 1608 ἀφανῶς
486 1575 531 1602 διὰ
558 1575 657 1607 νυκτὸς
682 1578 716 1611 τῇ
743 1577 940 1613 στρατοπεδείᾳ

991 1065 1084 1093 hostes
1096 1071 1176 1093 erant
1192 1066 1302 1100 facturi,
1324 1068 1370 1103 qui
1393 1069 1419 1095 in
1438 1068 1507 1095 valle
1524 1072 1616 1096 castra
1634 1069 1782 1102 habebant,

991 1111 1061 1140 duas
1072 1112 1099 1139 in
1116 1117 1208 1147 partes
1223 1113 1316 1148 copias
1330 1114 1464 1141 dividunt.
1481 1114 1656 1145 Selectiorem
1672 1123 1784 1143 manum

991 1158 1024 1185 ad
1037 1163 1181 1186 sexcentos
1191 1167 1253 1186 cum
1267 1160 1333 1194 ipsis
1346 1160 1508 1188 ductoribus
1520 1161 1545 1188 in
1561 1161 1666 1189 hostem
1680 1162 1785 1190 irruere

990 1204 1142 1232 decernunt
1156 1213 1163 1231 :
1179 1205 1279 1240 reliqui
1299 1214 1416 1234 numero
1438 1214 1492 1234 non
1512 1207 1590 1234 multi
1616 1208 1644 1235 in
1672 1208 1784 1235 sublimi

989 1254 1104 1284 starent,
1117 1250 1248 1279 confertae
1262 1251 1447 1280 multitudinis
1463 1254 1582 1287 speciem
1599 1253 1783 1288 praeferentes,

990 1296 1053 1324 data
1068 1297 1200 1331 temporis
1214 1301 1329 1331 tessera,
1349 1303 1379 1325 ut
1403 1306 1466 1326 cum
1494 1299 1532 1326 illi
1558 1299 1665 1326 hostem
1695 1300 1785 1327 adori-

990 1348 1096 1376 rentur,
1112 1343 1188 1371 illico
1204 1344 1232 1370 hi
1247 1344 1368 1371 maximo
1383 1352 1446 1372 cum
1470 1345 1568 1380 plausu
1596 1351 1622 1372 et
1649 1346 1722 1374 tubis
1738 1354 1785 1373 ca-

991 1389 1118 1417 nentibus
1134 1390 1285 1417 terribilem
1302 1391 1420 1426 rugitum
1449 1399 1500 1418 una
1519 1399 1632 1426 quoque
1665 1392 1785 1419 reboan-

991 1437 1065 1464 tibus
1093 1437 1236 1465 montibus
1268 1438 1390 1465 ederent.
1420 1438 1466 1466 Sic
1496 1446 1572 1465 arma
1598 1439 1725 1472 induunt.
1753 1447 1785 1466 ac

991 1483 1098 1510 occulte
1111 1490 1158 1517 per
1170 1489 1277 1511 noctem
1293 1484 1327 1511 ad
1350 1483 1471 1511 hostium
1491 1484 1573 1520 274,
1587 1490 1676 1512 castra
1705 1493 1785 1512 accc-

990 1529 1068 1556 dunt.
1103 1528 1217 1557 Summo
1245 1534 1336 1557 autem
1374 1537 1471 1562 mane,
1499 1537 1561 1558 eum
1596 1531 1711 1558 necdum
1743 1531 1785 1558 sol

991 1582 1107 1603 emenso
1124 1577 1234 1610 penitus
1249 1576 1374 1611 subjecto
1398 1577 1478 1603 nobis
1494 1577 1688 1611 hemisphaerio
1700 1585 1786 1604 emer-

143 1618 203 1645 τῶν
229 1619 373 1655 δυσμενῶν
388 1619 578 1655 πλησιάζουσι.
603 1621 661 1657 Πρὸ
677 1622 727 1658 τῆς
752 1622 789 1649 ἕω
805 1623 844 1655 δὲ,
864 1622 939 1651 οὔπω

993 1621 1084 1654 sisset,
1103 1629 1201 1656 magna
1216 1627 1282 1648 voce
1307 1628 1400 1656 paeana
1415 1626 1567 1654 cantantes,
1586 1628 1613 1649 et
1636 1621 1701 1648 Vicit
1720 1629 1785 1648 crux

143 1664 195 1692 τοῦ
209 1664 286 1700 ἡλίου
299 1665 330 1692 τὺ
341 1665 394 1692 ὑπὸ
416 1666 469 1702 γῆν
493 1667 606 1699 τελείως
632 1668 857 1703 παραλλάξαντος
873 1670 941 1704 ἡμι-

145 1712 285 1747 σφαίριον,
301 1711 349 1747 βοῇ
364 1711 481 1748 στιϐαρᾷ
493 1713 686 1746 παιανίσαντες
696 1714 785 1741 καὶτὸ
796 1715 829 1748 ⁰¹,
844 1716 941 1742 Σταυ-

142 1759 200 1791 ρὸς
207 1759 361 1792 νενίκηκε,
371 1759 577 1794 συμϐοήσαντες
584 1760 751 1787 ἐπιτίθενται
757 1761 814 1792 τοῖς
822 1761 940 1797 ἐχθροῖς,

146 1804 430 1837 συνεπαλαλαξὰντων
448 1805 503 1832 ἀπὸ
521 1805 570 1832 τοῦ
592 1805 673 1842 ὅρους
691 1807 739 1834 καὶ
754 1807 809 1834 τῶν
828 1807 940 1836 λοιπῶν.

146 1849 237 1883 Εὐθὺς
250 1847 298 1877 οὖν
307 1850 347 1885 τῷ
360 1850 515 1886 ἀνελπίστῳ
524 1851 748 1885 καταπλαγέντες
760 1852 784 1878 ot
795 1851 940 1888 βάρϐαροι,

146 1897 196 1923 καὶ
207 1897 278 1931 μήτε
294 1896 426 1932 συστῆναι
444 1897 512 1932 μήτε
535 1897 566 1923 τὸ
582 1897 660 1924 ὲπιὺν
676 1897 779 1934 πλῆθος
805 1899 867 1925 ὅσον
883 1899 942 1941 ἐστὶ

145 1941 275 1974 λαϐόντες
301 1942 397 1977 καιρὸν
426 1943 557 1977 κατιδεῖν,
587 1943 650 1979 μήτ’
670 1943 735 1970 ἄλλο
750 1953 776 1970 τι
806 1945 941 1980 σωτήριον

147 1989 254 2020 ἑαυτοῖς
264 1990 300 2015 ὲκ
312 1989 360 2016 τοῦ
371 1990 544 2025 παραχρῆμα
560 1990 722 2025 ἰσχύσαντες
739 1991 868 2024 συνιδεῖν,
885 1991 940 2026 ὥρ-

149 2042 237 2069 μησαν
252 2034 323 2069 πρὸς
339 2035 438 2069 φυγὴν,
460 2036 511 2070 τῆς
529 2035 577 2062 τοῦ
593 2035 727 2071 βασιλέως
742 2036 854 2068 τούτους
871 2037 940 2064 πάν-

146 2087 199 2111 τως
212 2080 343 2115 ὲπιμόνου
359 2080 576 2116 ὲκδειματούσης
591 2081 674 2116 εὐχῆς
698 2081 745 2108 καὶ
760 2081 940 2109 συνελαυνού-

148 2133 197 2161 σης
223 2127 294 2162 πρὸς
324 2127 446 2162 ὄλεθρον.
465 2127 526 2154 Τῶν
551 2127 598 2155 οὖν
621 2127 776 2155 διωκόντων
795 2128 940 2164 Ῥωμαίων

148 2174 195 2199 καὶ
206 2174 272 2205 τοὺς
290 2174 327 2209 μὴ
339 2174 468 2206 συνόντας
482 2175 602 2210 συνεχῶς
616 2175 811 2209 ἐπιϐοωμένων
840 2183 940 2211 στρατ-

146 2220 230 2253 ηγοὺς
243 2220 292 2246 καὶ
300 2220 335 2247 τὰ
348 2220 476 2256 τάγματα
487 2222 535 2248 καὶ
545 2221 591 2248 τὸν
598 2221 653 2248 τῶν
663 2222 767 2257 σχολῶν
781 2221 890 2256 ἀφηγού
894 2231 941 2256 με-

146 2274 201 2298 νον,
219 2266 350 2302 καθάπερ
361 2267 454 2299 αὐτοῖς
465 2267 640 2301 συντέτακτο,
655 2269 703 2295 καὶ
719 2268 774 2295 τῶν
785 2268 941 2303 φευγόντων

993 1668 1207 1700 conelamantes,
1223 1667 1420 1702 aggrediuntur
1436 1667 1556 1700 hostem,
1573 1667 1657 1695 simul
1672 1667 1786 1703 reliquis

991 1713 1025 1741 de
1040 1718 1134 1741 monte
1148 1708 1294 1740 militarem
1307 1713 1555 1741 conclamationem
1572 1713 1728 1741 edentibus.
1750 1714 1785 1741 At

992 1760 1103 1788 barbari
1117 1761 1210 1789 subito
1225 1769 1255 1788 re
1276 1761 1414 1796 insperata
1432 1761 1583 1796 perterriti,
1602 1769 1690 1796 neque
1714 1761 1786 1788 inter

993 1815 1023 1835 se
1052 1807 1127 1834 coire
1148 1815 1198 1835 nec
1228 1807 1447 1842 contemplanda:
1472 1807 1636 1835 irruentium
1665 1807 1785 1835 hostium

992 1852 1177 1880 multitudinis
1193 1857 1301 1888 tempus
1327 1852 1438 1885 habere,
1461 1860 1549 1888 neque
1567 1853 1680 1880 omnino
1707 1853 1786 1887 quid-

991 1907 1076 1933 quam
1094 1899 1214 1927 salutare
1235 1899 1383 1927 consulere
1409 1907 1501 1934 posse,
1515 1899 1562 1927 sed
1579 1899 1648 1934 fuga:
1662 1907 1692 1928 se
1707 1900 1784 1932 dare,

992 1945 1168 1979 imperatoris
1187 1952 1301 1979 prorsus
1317 1944 1429 1972 assidua
1457 1945 1490 1972 ad
1515 1944 1600 1972 Deum
1628 1946 1786 1979 precatione

991 1998 1041 2019 eos
1056 1995 1226 2026 perterrente
1240 1996 1322 2025 atque
1337 1991 1363 2017 in
1379 1990 1520 2018 interitum
1535 1991 1712 2025 propellente.
1731 1989 1785 2016 Ro-

991 2036 1080 2063 manis
1110 2036 1202 2069 itaque
1231 2034 1451 2073 insequentibus,
1479 2034 1664 2069 absentesque
1700 2035 1786 2062 duces

990 2089 1073 2117 atque
1090 2082 1202 2109 ordines
1214 2080 1372 2116 scholisque
1387 2079 1546 2116 praefectum
1562 2080 1693 2108 continue
1707 2088 1785 2107 cont-

991 2129 1166 2165 pellantibus,
1182 2129 1255 2156 sicut
1271 2128 1361 2156 funerat
1381 2133 1560 2163 praereptum,
1577 2131 1658 2155 aucto
1678 2128 1785 2161 fugien—

992 2176 1059 2203 tium
1087 2182 1188 2210 pavore
1218 2181 1251 2201 ac
1270 2175 1389 2201 tumultu
1418 2175 1452 2202 ad
1480 2174 1651 2209 trigesimum
1669 2174 1786 2201 milliare

991 2224 1209 2256 persequuntur,
1222 2220 1455 2256 interjectumque
1468 2221 1588 2256 spatium
1603 2220 1787 2248 cadaveribus

993 2271 1186 2296 consternunt.

145 2313 185 2344 εις
201 2313 314 2340 πλείονα
327 2314 410 2348 φόϐον
426 2314 662 2350 συνελαυνομένων
676 2316 723 2342 καὶ
738 2316 872 2351 ταραχὴν,
889 2316 989 2352 συνέϐη
1006 2316 1088 2351 μέχρι
1102 2315 1200 2351 μιλίων
1220 2315 1374 2349 τριάκοντα
1400 2309 1528 2347 γενέσθαι
1551 2314 1601 2349 τὴν
1623 2314 1714 2347 δίωξιν
1740 2310 1786 2341 καὶ

144 2359 190 2385 τὸν
223 2360 329 2394 μεταξὺ
361 2361 449 2397 χῶρον
474 2361 599 2396 ἀπείροις
629 2362 857 2398 καταστρωῦῆναι
888 2364 1006 2398 νεκροῖς.
1250 2377 1252 2379 ν

181 2405 238 2441 py’.
252 2406 318 2433 Ὅτε
331 2406 379 2433 καὶ
394 2408 441 2434 τὸν
452 2408 548 2442 ἀναιδῆ
563 2409 611 2435 καὶ
625 2409 728 2444 θρασὺν
742 2410 847 2436 ἐκεῖνον
862 2410 936 2444 Χρυ-

1024 2409 1071 2437 45,
1089 2409 1163 2435 Inter
1177 2408 1235 2435 haec
1250 2407 1338 2435 etiam
1354 2406 1539 2441 impudentem
1554 2406 1743 2441 audacemque
1755 2407 1785 2434 il—

145 2453 259 2489 σόχειρα
269 2453 389 2487 λέγεται,
414 2455 464 2481 σὺν
474 2454 576 2489 ὀλίγοις
589 2455 724 2489 φεύγοντα
743 2456 797 2482 τῶν
813 2456 878 2491 περὶ
889 2456 938 2483 αὒ-

142 2499 200 2532 τὸν,
213 2499 445 2528 ἐπικαταδιώκειν
464 2500 608 2535 Ῥωμαίων
619 2502 644 2517 “
659 2501 731 2535 τινὰ,
751 2501 782 2529 τδ
798 2502 938 2538 Πουλάδην

143 2545 325 2581 παρωνύμιον
338 2546 465 2581 φέροντα,
484 2546 513 2573 ὃν
523 2546 624 2581 συνέϐη
639 2547 705 2574 ποτὲ
718 2547 790 2574 κατά
800 2547 939 2583 Τεφρικὴν

143 2592 278 2626 γεγονότα
293 2592 466 2627 αἰχμάλωτον
480 2593 524 2620 διὰ
538 2593 569 2620 τὸ
582 2593 731 2629 ἀστεῖαμοῦ
745 2593 868 2628 μετέχειν
891 2593 941 2621 καὶ

143 2639 256 2674 χάριτος
270 2639 372 2674 συνήθη
381 2639 429 2666 καὶ
437 2639 577 2675 γνώριμον
584 2640 754 2675 χρηματίσαι
763 2639 938 2676 Χρυσόχειρι.

147 2687 196 2712 ὐν
210 2686 275 2713 ίδὼνν
305 2687 319 2713 6
336 2686 474 2722 βάρϐαρος
495 2687 556 2713 τότε
580 2687 638 2722 μετ’
666 2681 871 2722 ἐνθουσιασμοῦ
892 2686 940 2713 καὶ

146 2732 303 2768 προθυμίας
329 2732 472 2766 διώκοντα,
503 2734 694 2768 ἐπιστραφεὶς,
725 2734 755 2760 Τί
771 2739 832 2764 σοι,
859 2733 937 2768 φησὶ,

148 2779 252 2811 κακὸν,
265 2777 290 2806 ὦ
302 2779 399 2813 ἄθλιε,
428 2779 646 2815 διεπραξάμην,
671 2779 824 2813 Πουλάᾶη,
840 2779 885 2806 ὅτι
900 2788 938 2813 με

152 2825 225 2852 οὕτω
240 2825 433 2859 καταδιώκεις
459 2825 615 2861 μανιωδῶς
641 2825 792 2860 ἐπιθυμῶν
815 2825 937 2852 ἀνελεῖν

990 2456 1047 2483 lum
1063 2455 1287 2491 Chrysoehirem,
1301 2461 1363 2481 cum
1383 2454 1479 2489 paucis
1492 2460 1607 2481 suorum
1624 2453 1785 2488 fugientem,

991 2501 1181 2529 Romanorum
1196 2501 1355 2536 quemdam,
1370 2503 1553 2534 cognomento
1564 2499 1706 2530 Puladem,
1722 2506 1785 2534 per-

991 2554 1116 2576 secutum
1133 2548 1234 2581 ferunt,
1251 2548 1297 2583 qui
1314 2546 1458 2582 Tephricte
1482 2546 1620 2581 quondam
1649 2546 1786 2580 captivus,

993 2595 1066 2630 quod
1080 2593 1195 2622 festivus
1212 2597 1285 2622 esset
1300 2601 1332 2621 ac
1347 2592 1465 2628 lepidus,
1493 2591 1672 2627 Chrysochiri
1707 2592 1786 2619 inno-

991 2645 1084 2669 tuerat
1098 2645 1125 2668 et
1140 2641 1174 2668 ab
1186 2648 1219 2668 eo
1241 2641 1267 2668 in
1284 2639 1502 2667 familiaritatem
1530 2639 1620 2668 fuerat
1637 2639 1787 2666 admissus.

992 2687 1073 2716 Hunc
1088 2693 1118 2715 ut
1142 2687 1211 2715 vidit
1225 2687 1360 2715 barbarus
1392 2686 1496 2714 furiose
1526 2686 1667 2720 alacrique
1692 2686 1787 2712 animo

991 2734 1193 2770 insequentem,
1217 2740 1369 2762 conversus
1396 2733 1430 2760 ad
1457 2739 1542 2760 eum:
1565 2731 1636 2764 Quid
1661 2731 1719 2762 tibi.
1746 2732 1801 2758 in-'

992 2781 1061 2816 quit,
1072 2780 1144 2808 ‘mali
1161 2781 1221 2816 feci,
1234 2781 1322 2807 'miser
1343 2779 1459 2810 Pulade,
1481 2777 1550 2814 quod
1577 2778 1615 2804 sic
1632 2777 1727 2804 insane
1744 2785 1787 2811 pe-

992 2831 1142 2861 rempturus
1159 2835 1200 2854 me
1216 2827 1378 2862 persequeris
1392 2827 1405 2854 ?
1421 2825 1466 2853 cui
1485 2825 1529 2852 ille
1543 2823 1690 2851 brevibus:
1711 2823 1788 2856 Quod

779 2882 898 2910 VARIJE
912 2883 1115 2912 LECTIONES.

191 2931 212 2947 "
230 2932 283 2960 τῶν
294 2941 349 2969 om.
368 2933 398 2959 I‘.
436 2933 459 2948 "
477 2932 578 2967 ταύτης
595 2933 627 2960 Α.
657 2933 687 2969 ν³¹
708 2932 823 2960 Allatius
838 2933 938 2966 Γετῶν,
951 2933 1201 2962 manuducentibus
1218 2933 1304 2962 Getis.
1343 2933 1366 2949 ‘°
1379 2930 1543 2969 προσϐαλεῖν
1559 2937 1614 2958 om.
1631 2931 1665 2958 Δ.
1702 2930 1724 2946 ’ί
1741 2928 1787 2954 καὶ

163 2966 189 2993 ἐδ
203 2982 236 2988 -
247 2968 450 3005 συμϐοήσαντες
466 2977 520 2997 om.
539 2966 571 2995 Ᾱ.
611 2969 633 2984 θ’
655 2968 789 3003 Ῥωμαῖον
806 2970 838 2995 Α.

720 3087 734 3095 κ
