1989 3161
212 204 261 237 231

769 201 1026 234 TllEOPHANES
1039 202 1320 233 CONTINUATUS.

1804 201 1854 233 292

213 259 338 286 nimirum
348 267 481 286 munerum
492 259 518 285 in
530 267 568 285 mu
576 259 733 285 collaturum
745 259 822 286 tricem
834 268 873 286 me
883 260 930 286 tibi
941 259 1016 288 hodie

1069 268 1124 292 (te;
1146 259 1174 285 '0
1189 259 1215 285 δὲ
1228 259 1367 294 συντόμως
1389 257 1541 292 ἁντέςησεν
1558 257 1591 288 ⁸³,
1607 257 1648 283 ὅτι
1668 256 1727 283 Ίῶν
1741 258 1855 292 εὐεργε-

213 306 381 332 rcddilurum
396 305 447 331 Deo
460 304 521 331 bene
532 305 656 339 propitio,
665 305 777 339 confido,
788 309 914 338 patrone;
925 304 1006 339 275

214 353 322 388 ideoque
336 357 404 379 retro
420 357 442 379 te
468 353 601 386 insequar.
616 351 735 379 Prtcibat
761 352 853 387 itaque
868 352 911 379 ille
926 353 1006 387 quasi

215 403 306 427 mente
321 403 418 434 captus
435 407 467 426 ac
480 398 625 431 attonitus,
642 399 784 433 desperata
799 399 901 431 salute,
919 407 950 426 ac
964 399 1007 425 ni-

215 447 302 473 mium
317 446 430 480 pavidus
443 455 450 472 :
467 445 583 472 Pulades
599 445 735 480 intrepide
748 445 901 480 audacique
916 446 1008 472 aninto

216 491 424 526 insequebatur,
447 491 535 518 donec
555 491 588 518 ad
616 491 698 518 altam
723 491 831 519 foream
862 492 1008 519 deventum

215 543 268 565 est.
283 538 410 565 Substitit
427 545 526 572 equus,
541 545 599 572 prae
618 538 748 572 voragine
771 538 909 565 transilire
923 538 1009 573 trepi-

216 583 285 610 dans
299 583 488 617 titubansque.
514 581 640 618 Dumque
655 583 727 610 circa
753 590 814 610 eam
840 582 1010 618 Chrysochir

215 628 344 656 animum
358 628 488 660 intendit,
505 628 570 656 huic
584 629 705 656 Pulades
716 634 800 656 conto
815 629 901 657 latera
920 633 1009 656 trans-

216 675 273 710 ﬁgit
285 683 292 707 ;
306 675 456 710 statimque
471 675 577 702 doloris
591 675 616 702 vi
641 675 828 703 circumactus
851 683 923 710 equo
938 675 1010 702 deci-

216 720 266 747 dit.
281 719 349 746 Tum
367 727 382 747 e
400 721 531 747 comitatu
550 729 633 754 unus,
654 721 697 748 cui
714 720 881 748 Diacouilzu:
899 728 1009 754 nomen,

216 774 246 794 se
259 773 330 800 equo
347 767 500 801 proripiens
512 767 654 794 dominum
667 767 817 802 collapsum
833 768 1010 802 procurabat,

216 813 333 847 ejusque
348 813 438 847 capite
455 813 572 848 genibus
588 814 647 841 suis
663 814 794 849 apposito
808 820 902 840 casum
919 812 1013 847 deplo—

217 859 307 885 iahat.
331 859 440 886 lnterim
463 860 509 887 alii
540 859 648 887 Puladtc
662 865 856 893 succrescunt,
880 859 1013 894 equisque

216 905 374 933 cxsilientes
402 905 594 941 Chrysochiris
620 906 677 934 fere
707 906 857 934 exanimati
887 910 970 941 caput
996 913 1011 932 a

1046 303 1213 337 σιῶν-σοιν,
1237 303 1367 338 πάτρων,
1397 303 1596 337 τ’ἲρνάμοιϐἱιν
1618 301 1786 329 ἀποδοῦναί
1807 311 1855 330 σοι

1059 351 1134 378 κατὰ
1149 351 1205 385 τὴν
1218 351 1378 385 παροῦσαι·
1387 350 1503 384 ἡμέραν
1512 349 1660 382 πεποιθώς
1672 351 1729 384 ειμι
1742 349 1777 376 ἐν
1784 350 1853 383 Θεῷ,

1059 397 1108 424 καί
1124 397 1172 423 διὰ
1197 397 1285 424 τοῦτο
1313 396 1484 424 καταδιώκω
1511 396 1608 422 ὀπίσω
1631 403 1700 424 σου.
1723 396 1767 427 Ὠς
1783 394 1856 423 οὖνὸ

1062 443 1111 479 μὲν
1127 443 1225 478 προῄει
1241 439 1285 469 οἷα
1301 441 1493 477 βεδλαμμένος
1512 442 1562 473 τὰς
1589 442 1692 477 φρένας
1708 442 1761 468 ὑπὸ
1779 442 1856 475 Θεοῦ,

1060 489 1274 524 ἀπεγνωσμένος
1291 497 1321 514 τε
1338 489 1385 515 καὶ
1399 488 1497 520 δειλὸς,
1514 489 1527 514 ὁ
1542 488 1570 514 δὲ
1586 489 1716 522 ἐφείπετο
1733 489 1792 523 μετ’
1809 490 1856 515 εἰμ’

1060 536 1174 570 τολμίας
1191 535 1239 562 καὶ
1269 535 1389 570 θάρσους
1414 533 1558 568 νεανικοῦ,
1577 534 1738 570 ἐντυγχάνει
1760 535 1855 570 τάφρῳ

1062 581 1157 617 βαθείᾳ
1173 581 1186 607 ὁ
1208 581 1383 616 διωκόμενος,
1398 580 1432 615 ἣν
1473 580 1665 616 ὑπερπηδῆσαι
1680 581 1693 607 ὁ
1709 581 1790 612 ῖππος
1811 582 1858 608 ἐπ-

1063 627 1167 654 εδειλία
1181 627 1204 642 ’δ
1228 635 1257 654 τε
1272 627 1319 654 καὶ
1340 626 1500 659 διώκλαζεν.
1519 626 1632 662 [P.HI]
1649 627 1703 653 Kal.
1726 627 1779 659 ἕως
1795 627 1858 663 περὶ

1062 674 1165 709 ταύτην
1178 675 1192 700 ό
1207 674 1363 710 Χρυσόχειρ
1379 672 1436 709 εἷχε
1461 673 1506 701 τὸν
1530 674 1604 708 νοῦν,
1622 673 1714 709 βάλλει
1730 674 1825 701 τοῦτον
1843 675 1857 702 ὀ

1063 720 1201 755 Πουλάδης
1230 720 1318 755 κοντῷ
1347 721 1417 747 κατὰ
1447 721 1498 755 τῆς
1523 720 1661 756 πλευρᾶς,
1689 720 1737 747 καὶ
1759 721 1857 753 εὐθέως

1063 766 1252 802 περιδινηθεὶς
1267 766 1305 802 τῷ
1320 766 1461 802 ἀλγήματι
1476 766 1617 802 κατερρύη
1632 766 1679 793 τοῦ
1697 767 1792 794 ἵππου.
1805 768 1858 795 Καὶ

1062 811 1117 838 τῶν
1134 812 1182 839 σὺν
1195 811 1270 846 αὐτῷ
1287 820 1340 844 τις,
1362 809 1384 846 ᾧ
1400 812 1579 847 Διακονίτζης
1601 809 1635 848 ἦν
1656 812 1685 838 τὸ
1702 811 1857 848 ἐπώνυμον,

1064 859 1118 886 ἀπὸ
1131 858 1178 886 τοῦ
1189 859 1289 885 οἰκείου
1306 858 1389 885 ἵππου
1405 858 1486 894 ῥίψας
1499 858 1595 885 ἑαυτὸν
1610 858 1771 894 ἐπιμελείας
1782 858 1858 894 ἠξίου

1065 906 1109 933 τὸν
1123 906 1241 933 πεσόντα
1252 905 1397 941 δεσπότην,
1411 906 1460 932 καὶ
1484 906 1541 937 τοῖς
1565 905 1676 936 οἰκείοις
1691 906 1784 939 γόνασι
1812 905 1859 940 τὴν

217 952 324 979 cervice
339 952 485 979 revellunt.
503 952 689 980 Diaeonittem
705 960 772 980 vero
789 953 878 987 ipsum
896 958 1008 987 quoque

1069 953 1171 979 ἐκείνου
1188 953 1309 987 κεφαλὴν
1322 940 1427 983 ἐπιθεὶς
1439 952 1469 978 τὺ
1493 951 1600 988 συμβὰν
1624 951 1794 987 ἀπωδύρετο.
1817 952 1860 980 Ἑν

217 999 317 1026 vinctis
331 999 394 1026 aliis
410 998 573 1034 adjunguut.
593 999 638 1026 Sic
666 1006 734 1033 pene
760 999 882 1025 inaudito
913 1002 1013 1025 eventu

217 1050 372 1080 prmtcrque
403 1053 480 1080 spem
510 1053 621 1072 omnem
654 1045 798 1072 debellatis
824 1045 952 1072 hostibus
982 1052 1015 1072 ac

218 1091 441 1119 Christianorum
472 1091 591 1117 exaltata
624 1091 721 1125 gloria,
742 1091 797 1117 cito
824 1098 888 1117 cum
923 1091 1015 1125 gaudii

220 1137 323 1164 nuntiis
343 1136 537 1171 Chrysochiris
555 1144 664 1170 quoque
678 1141 761 1171 caput
775 1136 934 1170 imperatori
952 1136 1016 1163 mit-

220 1183 297 1210 titur.
313 1181 481 1210 Versabatur
497 1182 541 1209 ille
556 1190 604 1217 per
621 1183 644 1209 id
662 1187 770 1216 tempus
794 1183 865 1217 apud
884 1182 1014 1216 Petrium,

220 1229 268 1256 ubi
284 1229 482 1256 monasterium
498 1234 568 1262 erat,
582 1230 608 1256 in
628 1237 682 1264 quo
696 1230 756 1264 ejus
773 1230 834 1256 lilia:
847 1229 955 1263 pictatis
967 1237 1017 1264 pa-

220 1274 312 1302 la‘stra
328 1275 538 1302 exercebantur.
554 1275 644 1302 Allato
659 1275 749 1309 capite
762 1279 886 1301 votorum
901 1282 1015 1302 suorum

221 1327 389 1356 precumque
409 1328 524 1353 memor,
539 1320 701 1355 intentoque
722 1321 748 1347 in
763 1328 825 1347 cuttt
842 1328 905 1348 cum
926 1321 1017 1357 lacry-

221 1367 273 1394 mis
289 1369 388 1394 mentis
404 1367 485 1394 oculo
501 1369 548 1402 qui
572 1366 637 1394 facit
652 1367 736 1402 276
751 1367 921 1394 voluntatem
941 1367 1018 1394 invo-

222 1414 344 1442 cantium
361 1422 438 1446 cum,
459 1413 550 1441 θίγοι-νῆ
568 1415 601 1440 ad
622 1422 650 1441 se
664 1421 757 1440 arcum
776 1422 808 1440 ac
822 1413 937 1448 sagittas
952 1421 1019 1448 prae-

221 1460 305 1495 cepit,
331 1461 466 1494 ociusque
493 1467 607 1486 nervum
639 1461 753 1486 tendens
771 1464 826 1486 tres
851 1467 865 1486 a
887 1464 963 1495 tergo
989 1460 1016 1486 in

223 1506 387 1532 sceleratum
406 1510 488 1539 caput
504 1507 619 1540 sagittas
636 1506 721 1535 misit.
739 1513 771 1532 ac
789 1514 821 1532 ne
839 1506 866 1532 in
888 1513 941 1532 una
959 1506 1021 1541 qui-

222 1551 284 1578 dem
300 1551 412 1582 erravit,
423 1552 493 1579 hanc
505 1552 651 1586 quamdam
669 1552 816 1586 impietatis
831 1552 1021 1586 scelerumque

223 1597 333 1632 dignam
359 1597 543 1632 expiationem
572 1606 603 1625 se
636 1598 674 1625 illi
706 1598 837 1626 adhibere
862 1602 939 1626 ratus
971 1605 1021 1630 pro

223 1643 308 1671 tantis
337 1643 481 1670 hominum
512 1643 648 1677 millibus,
664 1651 734 1679 quos
764 1652 812 1680 per
846 1645 948 1671 multos
977 1645 1019 1671 sui

224 1690 395 1726 principatus
420 1697 509 1717 annos
535 1689 702 1725 perdiderat.
717 1691 806 1725 Atque
837 1690 911 1718 hunc
939 1691 1020 1717 tinem

223 1737 380 1764 habuerunt
396 1744 439 1764 res
455 1736 660 1772 Chrysochiris,
675 1737 770 1771 sicque
784 1737 898 1764 evanuit
920 1735 1020 1763 ﬂoren-

224 1783 261 1811 tis
281 1787 348 1810 tunc
377 1782 520 1818 Tephrica:
548 1783 686 1817 potentia,
713 1782 867 1817 opitulante
902 1781 1021 1808 Numine

226 1831 309 1866 inque
325 1838 381 1857 rem
402 1830 444 1865 pie
462 1829 624 1865 imperantis
636 1828 731 1856 Basilii
755 1827 875 1856 assiduis
890 1828 1019 1863 precibus

225 1877 298 1905 facto
316 1877 446 1912 propitio.
806 1874 809 1878 “

1065 997 1186 1033 τοσούτῳ
1208 998 1236 1025 δὲ
1262 998 1471 1034 προσγίνονταιρ
1485 999 1523 1034 τῷ
1551 998 1675 1035 [Ιουλάδῃ
1697 999 1744 1025 καὶ
1760 999 1860 1034 ἕτεροι,

1067 1045 1113 1071 καὶ
1132 1043 1329 1079 καθαλλόμενοι
1343 1044 1398 1070 τῶν
1422 1044 1514 1071 ἳππων
1543 1043 1593 1080 τὴν
1607 1045 1631 1060 ⁸⁸
1648 1044 1695 1071 τοῦ
1711 1044 1861 1080 Χρυσόχει-

1067 1099 1113 1126 ρος
1127 1091 1312 1125 ἀποτέμνουσι
1335 1090 1457 1125 κεφαλὴν
1472 1091 1704 1126 λειποψυχοῦντος
1717 1091 1768 1127 ήδη
1783 1091 1807 1107 ’⁸
1815 1091 1861 1118 καὶ

1067 1137 1295 1173 ὲκλιμπάνοντος,
1322 1137 1594 1171 συγκαταλέγουσιδὲ
1615 1137 1722 1164 καὶτὸν
1736 1136 1860 1164 Διακονί-

1067 1183 1134 1218 τζην
1150 1184 1253 1210 ἐκεῖνον
1269 1182 1308 1218 τῷ
1326 1182 1381 1209 τῶν
1394 1182 1495 1209 λοιπῶν
1507 1182 1627 1218 δεσμίων
1642 1182 1765 1217 ἀριθμῷ.
1781 1181 1860 1209 Οὕτω

1067 1230 1096 1256 δὲ
1110 1229 1268 1264 παραδόξως
1284 1229 1568 1264 καταπολεμηθέντων
1583 1229 1638 1255 τῶν
1660 1229 1802 1264 δυσμενῶν
1817 1229 1863 1255 καὶ

1068 1275 1115 1302 τοῦ
1135 1275 1330 1310 Χριστιανικοῦ
1347 1275 1502 1310 ὑψωθέντος
1517 1276 1709 1311 καυχήματος,
1722 1275 1863 1310 συντόμως

1071 1322 1140 1357 μετὰ
1153 1322 1208 1349 τῶν
1218 1322 1268 1357 τῆς
1281 1323 1369 1358 χαρᾶς
1379 1322 1504 1356 ἀγγέλων
1519 1322 1790 1356 προσαποστέλλεται
1815 1321 1862 1356 βα-

1071 1367 1140 1394 σιλεῖ
1155 1368 1170 1402 ἡ
1188 1367 1235 1397 τοῦ
1252 1368 1436 1403 Χρυσὸχειρος
1452 1367 1570 1403 κεφαλή.
1592 1367 1741 1403 Ἐτύγχανε
1764 1367 1794 1394 δὲ
1817 1375 1865 1403 τη-

1046 1423 1049 1429 λ
1071 1414 1186 1441 νικαῦτα
1199 1415 1301 1449 διάγων
1314 1414 1386 1442 κατὰ
1400 1415 1430 1441 τὸ
1451 1415 1566 1450 Πετρίον
1581 1415 1739 1450 λεγόμενον,
1754 1415 1821 1442 ἔνθα
1835 1414 1864 1441 τὸ

1073 1462 1197 1496 σεμνεῐον
1231 1461 1281 1496 τῆς
1307 1461 1362 1488 τῶν
1391 1461 1501 1487 οἰκείων
1536 1461 1693 1496 θυγατέρων
1724 1461 1864 1496 διατριὸῆς

1073 1506 1271 1541 ἐχρημάτιζεν.
1298 1506 1354 1533 Καὶ
1376 1507 1425 1541 τῆς
1452 1507 1575 1542 κεφαλῆς
1597 1506 1829 1542 προσενεχθείσης
1844 1506 1864 1522 ³⁷

1072 1553 1128 1579 τῶν
1142 1553 1250 1579 οἰκείων
1265 1552 1452 1588 ἀναμνησθεὶς
1469 1554 1640 1588 προσευχῶν,
1665 1553 1714 1579 καὶ
1737 1553 1807 1588 πρὸς
1821 1553 1865 1579 τὸν

1035 1617 1056 1646 c
1075 1598 1206 1626 ποιοῦντα
1217 1600 1248 1626 τὸ
1263 1600 1370 1635 θέλημα
1394 1599 1447 1626 τῶν
1463 1600 1686 1636 ἐπικαλουμένων
1700 1600 1782 1627 αὑτὸν
1799 1600 1867 1633 μετὰ

1071 1645 1197 1682 δακρύων
1214 1647 1259 1673 τὸν
1272 1646 1321 1682 τῆς
1334 1646 1454 1679 διανοίας
1477 1647 1602 1679 ἐκτείνας
1623 1647 1773 1682 ὀφθαλμὸν.
1789 1647 1866 1681 τόξον

1070 1691 1212 1727 ἐνεχθῆναι
1223 1693 1270 1719 καὶ
1285 1692 1350 1728 βέλη
1364 1693 1526 1728 προσέταξε,
1539 1693 1694 1721 καὶθᾶττον
1708 1694 1758 1729 τὴν
1768 1694 1867 1729 νευρὰν

1071 1739 1192 1771 ἐντείνας
1212 1738 1235 1754 ³⁸
1248 1739 1312 1774 τρία
1328 1740 1398 1767 κατὰ
1413 1741 1463 1775 τῆς
1479 1740 1652 1776 παλαμναίας
1668 1740 1792 1774 κεφαλῆς
1809 1741 1868 1767 ὀπι-

1072 1784 1213 1820 σθοφανῶς
1226 1786 1316 1821 ἀφῆκε
1335 1785 1411 1822 βέλη,
1423 1787 1472 1812 καὶ
1488 1787 1528 1818 είς
1544 1786 1604 1814 οὐδὲ
1619 1786 1649 1813 ἓν
1664 1787 1734 1818 ὅλως
1749 1786 1868 1822 διήμαρ-

1071 1840 1128 1865 τεν,
1157 1832 1323 1868 ὲναγιασμὸν
1351 1841 1412 1860 τινα
1439 1832 1534 1860 τοῦτον
1558 1832 1705 1865 ἄξιον’τοῦ
1722 1832 1869 1864 δυσσεὸοῦς

1073 1878 1260 1912 προσαγαγεῖν
1273 1877 1347 1912 αὐτῷ
1355 1876 1458 1912 οἰηθεὶς
1467 1877 1528 1904 ἀντὶ
1537 1877 1591 1904 τῶν
1602 1877 1709 1904 πολλῶν
1720 1877 1868 1913 μυριάδων,

223 1924 258 1956 ἃς
270 1925 298 1950 ὲν
313 1923 420 1955 πολλοῖς
444 1925 494 1958 τῆς
518 1922 698 1958 ἐπικρατείας
720 1922 803 1950 αὑτοῦ
819 1922 1013 1958 κατηνάλωσεν
1035 1921 1118 1950 ἔτεσι.
1136 1923 1190 1950 Καὶ
1202 1923 1236 1950 τὰ
1251 1923 1302 1959 μὲν
1321 1923 1393 1950 κατὰ
1407 1923 1454 1950 τὸν
1469 1923 1643 1959 Χρυσόχειρα
1675 1925 1722 1951 καὶ
1754 1924 1805 1959 τὴν
1823 1924 1870 1950 ἁν-

225 1971 326 1999 θοῦσαν
337 1971 398 1998 τότε
416 1970 532 2004 δύναμιν
543 1970 592 2005 τῆς
604 1969 746 2005 Τεφρικῆς
769 1969 895 1998 ,τοιοῦτον
924 1969 954 1996 τὸ
979 1969 1056 2001 τέλος
1078 1969 1187 2002 ἐδέξατο
1201 1970 1347 2006 συνεργείᾳ
1359 1970 1439 2003 Θεοῦ,
1456 1971 1516 2002 ταῖς
1533 1970 1645 2002 πολλαῖς
1660 1970 1777 2002 ἱκεσίαις
1797 1976 1871 2005 καμ·

225 2020 337 2055 φυέντος
353 2018 494 2045 Βασιλείου
506 2017 553 2044 τοῦ
570 2017 691 2048 εὐσεϐῶς
707 2015 910 2052 βασιλεύοντος.

260 2067 307 2095 u.
335 2067 395 2094 Jam
423 2074 487 2094 vero
511 2066 570 2094 viro
600 2065 701 2101 inclyte
734 2065 890 2100 patriarcha
922 2062 1026 2098 lgnatio

226 2118 321 2143 sancte
349 2113 460 2148 Deoque
490 2111 598 2147 placitis
620 2111 745 2138 moribus
771 2110 826 2137 vita
857 2108 1023 2143 perfuncto,

227 2160 410 2196 opulentaque
429 2158 529 2185 canitie
545 2165 575 2184 ac
594 2156 728 2183 virtutum
752 2155 910 2182 obvallaute
933 2155 1022 2182 choro

228 2209 391 2243 cunctisque
427 2205 604 2234 laudantibus
635 2205 781 2238 virumque
809 2203 1024 2237 pratdicantibus

228 2258 299 2286 vivis
311 2260 439 2290 exempto
454 2259 481 2281 et
504 2253 538 2281 ad
564 2252 706 2279 meIiOrem
726 2251 811 2278 vitam
828 2251 975 2284 translato,
999 2251 1023 2279 ei

229 2311 327 2332 rursus
352 2300 506 2329 Ecclesium
525 2300 577 2326 rite
594 2298 724 2330 reddidit,
748 2298 795 2333 qui
813 2305 868 2325 non
897 2298 947 2324 rite
973 2297 1024 2325 sibi

231 2354 294 2376 ante
306 2355 367 2375 eam
383 2346 525 2374 vindicare
541 2346 618 2373 visus
631 2349 707 2378 erat;
733 2344 910 2380 legitimoque
934 2351 966 2370 ac
981 2351 1026 2371 ca-

231 2396 331 2425 nonice
344 2394 581 2430 sapientissimum
596 2392 726 2421 Photium
740 2392 767 2419 in
780 2391 863 2427 regiae
885 2391 962 2419 urbis
977 2398 1026 2417 va—

232 2447 312 2470 cante
327 2441 390 2469 sede
405 2439 558 2472 constituit,
581 2445 741 2474 quanquam
765 2445 799 2464 ne
826 2437 902 2472 prius
916 2436 1026 2471 quidem

233 2489 308 2517 omni
320 2496 382 2516 eum
398 2487 570 2514 immanitate
581 2485 707 2520 accipere
721 2484 912 2518 honoremque
926 2482 1028 2510 habere

233 2535 370 2568 cessabat,
385 2542 438 2569 qua
465 2533 512 2561 ille
536 2532 626 2559 omnis
645 2531 755 2566 generis
780 2530 915 2565 sapientia
944 2533 1027 2564 atque

233 2582 335 2608 virtute
352 2580 482 2615 pi'aaditus
497 2584 569 2606 erat.
594 2577 696 2604 Verum
713 2584 871 2612 quanquam
899 2576 964 2603 sede
981 2575 1028 2602 de-

235 2627 374 2658 turbarat,
387 2626 461 2660 quod
480 2633 547 2653 sane
561 2625 629 2652 nihil
644 2624 695 2651 sibi
707 2623 823 2658 justiti-tt
838 2622 915 2650 cultu
936 2621 1028 2656 potius

234 2681 296 2701 esse
307 2672 424 2704 volebat,
437 2671 505 2699 nihil
522 2676 611 2699 tamen
627 2670 699 2705 quod
710 2669 831 2697 solandae
844 2668 895 2695 viri
913 2667 1029 2695 fortunae

235 2724 309 2748 esset
322 2719 479 2747 omittebat.
498 2716 576 2747 Unde
600 2717 682 2752 277
696 2718 776 2744 etiam
797 2715 939 2749 assignato
959 2713 984 2740 ei
1001 2714 1028 2740 in

236 2767 313 2803 regia
327 2765 485 2795 habitaculo
501 2765 651 2793 liberorum
667 2769 781 2791 suorum
797 2761 982 2789 institutorem
998 2767 1030 2787 ac

1113 2063 1165 2098 μδί.
1183 2064 1262 2098 Ἀρτι
1275 2063 1303 2090 δὲ
1329 2063 1377 2090 τοῦ
1393 2064 1517 2099 ἀοιδίμου
1544 2063 1716 2098 πατριάρχου
1737 2063 1870 2097 Ἰγνατίου

1076 2108 1158 2140 ὁσίως
1176 2109 1222 2135 καὶ
1238 2108 1393 2144 θεαρέστως
1409 2109 1454 2135 τὸν
1478 2109 1536 2144 βίον
1557 2108 1716 2140 ἀνύσαντος,
1748 2109 1796 2134 καὶ
1818 2108 1871 2134 ὑπὸ

1076 2154 1192 2190 πλουσίᾳ
1219 2157 1253 2191 τῇ
1284 2156 1395 2192 πολιᾷ⁰⁹
1411 2155 1458 2182 καὶ
1484 2156 1516 2191 τῇ
1539 2155 1632 2189 κύκλῳ
1645 2154 1797 2190 δορυφορίᾳ
1816 2154 1871 2181 τῶν

1074 2202 1181 2237 ἀρετῶν
1201 2203 1248 2229 καὶ
1265 2202 1302 2237 τῷ
1323 2201 1400 2237 παρὰ
1424 2201 1534 2228 πάντων
1550 2201 1718 2236 μακαρισμῷ
1731 2201 1780 2237 τὴν
1797 2209 1871 2237 παρ-

1040 2267 1063 2296 D
1076 2248 1159 2275 οὖσαν
1177 2248 1382 2283 ίὰλλαξαμένου
1410 2248 1484 2284 ζωὴν
1506 2249 1552 2275 καὶ
1575 2249 1716 2280 διαϐάντος
1737 2249 1806 2284 πρὸς
1823 2249 1872 2283 τὴν

1077 2293 1220 2330 ἀμείνονα,
1242 2294 1386 2321 ἀπέδωκεν
1397 2294 1473 2326 αὖθις
1489 2294 1539 2330 τὴν
1556 2294 1719 2329 Ἐκκλησίαν
1729 2294 1820 2325 καλῶς
1834 2293 1873 2327 τῷ

1077 2340 1115 2376 μὴ
1141 2340 1232 2371 καλῶς
1255 2340 1454 2367 ἀντιποιεῖσθαι
1476 2340 1507 2366 τὸ
1531 2340 1666 2375 πρότερον
1688 2339 1807 2372 δόξαντι,
1825 2339 1873 2366 καὶ

1076 2386 1244 2420 κατέστησεν
1257 2385 1378 2420 ἐννόμως
1393 2385 1455 2411 τότε
1466 2385 1516 2412 καὶ
1529 2384 1681 2416 κανονικῶς
1692 2384 1738 2411 τὸν
1748 2383 1873 2418 σοφώτα-

1077 2441 1121 2458 τον
1136 2432 1239 2458 Φώτιον
1254 2432 1299 2458 ἐπὶ
1315 2431 1364 2466 τὴν
1377 2431 1559 2466 σχολάζουσαν
1577 2431 1714 2466 καθέδραν
1733 2431 1782 2465 τῆς
1795 2430 1873 2465 βασι-

1077 2479 1148 2510 λίδος
1161 2478 1214 2505 τῶν
1231 2479 1348 2506 πόλεων.
1368 2480 1404 2506 Οὺ
1422 2479 1475 2514 μὴν
1489 2479 1550 2505 οὐδὲ
1562 2479 1616 2514 πρὸ
1631 2478 1727 2504 τούτου
1752 2477 1874 2504 διέλειπε

1077 2526 1323 2562 φιλοφρονούμενος
1347 2525 1430 2553 αὐτὸν
1444 2525 1492 2552 καὶ
1506 2525 1596 2560 τιμῶν
1618 2524 1665 2551 διὰ
1687 2525 1738 2559 τὴν
1751 2525 1781 2551 ὲν
1796 2523 1875 2558 αὐτῷ

1077 2571 1236 2604 παντοδαπῆ
1251 2571 1347 2605 σοφίαν
1363 2579 1393 2597 τε
1404 2571 1451 2598 καὶ
1468 2570 1580 2606 ἀρετὴν⁷
1596 2570 1665 2597 ἀλλὰ
1688 2570 1740 2596 κᾶν
1755 2571 1765 2585 ¹
1780 2570 1806 2595 εἰ
1822 2569 1874 2603 τῆς

1077 2617 1212 2652 καθέδρας
1229 2618 1406 2653 μετέστησεν,
1423 2617 1499 2643 οὐδὲν
1512 2617 1558 2643 τοῦ
1569 2615 1675 2643 δικαίου
1694 2615 1780 2642 θέλων
1796 2615 1874 2648 ἄγειν

1078 2664 1255 2700 ἐπίπροσθεν,
1265 2663 1340 2698 ὅμως
1351 2662 1405 2689 τῶν
1419 2663 1459 2694 εἰς
1469 2661 1646 2699 παραμυθίαν
1662 2661 1739 2688 οὐδὲν
1750 2660 1874 2688 ἐνέλειπε

1079 2711 1276 2746 παρεχόμενος.
1296 2709 1378 2736 Ὅθεν
1393 2709 1445 2735 κὰν
1473 2709 1529 2740 τοῖς
1556 2707 1706 2743 βασιλείοις
1731 2706 1873 2742 διατριϐὴν

1083 2757 1157 2793 αὐτῷ
1170 2757 1232 2789 δοὺς
1246 2756 1300 2783 τῶν
1325 2756 1434 2782 οἰκείων
1451 2755 1556 2782 παίδων
1575 2754 1702 2787 ἀπέδειξε
1726 2753 1874 2786 παιδευτὴν

881 2850 997 2878 ἺΑΗΙΑΕ
1015 2849 1223 2878 LECTIONES.

535 2915 556 2931 “
569 2913 727 2942 ὑπεδειλίαῖ
766 2913 788 2928 ’⁵
802 2912 851 2946 τὴν
868 2918 922 2938 om.
939 2909 969 2936 Ρ.
1009 2909 1032 2924 9‘

274 2918 297 2933 "
307 2917 447 2952 ἀπέφησεν
456 2915 486 2942 Ρ.
535 2915 556 2931 ’⁸
569 2915 727 2942 ὑπεδειλίαῖ
766 2915 788 2928 ’⁵
802 2915 851 2946 τὴν
868 2918 929 2951 om._
940 2915 969 2936 ι’.

275 2951 364 2982 πολιᾷῙ
381 2952 444 2982 σκιᾷ
455 2953 487 2978 Α.
529 2951 537 2966 ‘
553 2949 706 2977 ποοσοῦσαν
723 2950 754 2977 Δ.
793 2949 802 2964 ⁸
820 2946 884 2982 κᾶν]
902 2955 954 2981 μην
970 2946 1000 2971 Α.

239 2954 262 2971 ³³
275 2951 364 2989 πολιᾷ]
381 2951 444 2987 σκιᾷ
455 2953 487 2978 Α.

1049 2908 1098 2944 ἤδη
1112 2916 1166 2935 om.
1185 2906 1216 2934 P.
1255 2907 1276 2923 "
1292 2905 1519 2942 προσενεχθείσης
1530 2911 1585 2933 om.
1597 2902 1629 2931 Α.
1668 2903 1691 2920 ³³
1705 2900 1828 2931 ἐκτείνας
1844 2898 1872 2925 l’.
