1989 3161
167 214 222 244 ⁸293

723 217 798 246 LIB.
821 217 854 247 V.
870 229 902 235 -
926 217 1102 248 BASILIUS
1123 220 1285 252 MACEDO.

1755 228 1808 260 ΞΜ

168 273 213 300 καὶ
227 272 397 302 διδάσκαλον.
421 273 516 306 Οὒτως
544 273 649 306 οὐδένα,
677 272 738 300 καθ’
757 273 799 309 [Ρ.
818 273 880 308 172]
900 274 952 300 ὅσοι

1014 273 1170 310 disciplinis
1188 277 1356 312 prmfeceral.
1371 278 1408 306 lla
1425 279 1574 314 neminem,
1589 283 1679 316 quoad
1697 283 1806 313 licebat.

166 315 221 350 οἷός
233 327 264 345 τε
276 317 321 355 ἦν,
340 320 480 356 περιεώρα.
497 320 680 355 λυπούμενον,
696 319 764 346 ἀλλὰ
781 320 865 346 πᾶσιν
879 320 961 355 εὐμε-

167 365 220 396 νῶς
231 374 261 392 τε
284 366 331 392 καὶ
349 366 494 403 προσηνῶς
511 367 698 403 προσεφέρετο
721 366 769 394 καὶ
788 366 834 394 τὸν
848 367 961 394 δυνατὸν

165 411 266 446 τρόπον
282 412 333 438 οὐκ
345 412 442 446 ἡμέλει
460 413 721 448 παραμυθούμενος.

203 456 255 491 με’.
271 457 351 485 Ἀλλὰ
365 457 467 493 καίπερ
480 459 551 485 οὕτω
562 459 705 494 πατρικῶς
716 468 745 486 τε
757 460 804 486 καί¹
815 461 958 496 κηδεμονι-

167 502 222 533 κῶς
237 503 306 538 πρὸς
326 504 388 535 τοὺς
414 504 467 531 ὑπὸ
486 507 565 540 χεῖρα
583 505 780 540 διατιθέμενος,
799 505 871 541 εἶχεν
886 507 960 542 ὅμως

167 548 229 577 τοὺς
251 548 410 583 μισοῦντας,
429 550 530 584 μᾶλλον
554 551 582 577 δὲ
600 551 764 585 φθονοῦντας
781 552 827 578 καὶ
847 552 958 578 ἐπιδου-

167 593 296 625 λεύοντας
307 595 388 621 αὑτοῦ
400 596 432 631 τῇ
448 595 514 630 ζωῇ.
525 596 555 622 '0
567 596 620 632 γὰρ
629 596 700 623 οὕτω
713 596 859 632 λεγόμενος
872 598 960 632 Κουρ-

167 639 249 671 κούας
265 640 318 667 ὑπὸ
333 640 449 668 πλούτου
466 642 513 669 καὶ
526 644 632 679 τρυφῆς
648 642 806 678 ἐξυϐρίσας,
823 643 860 675 ὡς
874 644 957 676 ἔοικε,

167 686 324 721 τυραννίδος
344 687 405 723 ἐρᾷ,
428 688 475 715 καὶ
498 690 656 725 όμοφρόνων
674 690 779 726 πληθὺν
800 690 957 725 συνωμότας

168 731 258 759 λαϐὼν
274 734 370 769 καιρὸν
385 733 475 770 ἐζήτει
488 735 536 770 τῆς
550 736 708 768 ἐπιθέσεως.
734 737 778 769 Ὠς
790 737 818 764 δὲ
829 737 882 772 πρὸ
896 737 958 764 τού-

167 786 214 804 του
233 778 268 805 τὰ
277 779 328 814 τῆς
341 782 476 816 συσκευῆς
487 781 517 814 ὲξ
526 781 585 814 ἐνὸς
595 783 649 810 τῶν
660 784 823 819 συνωμοτῶν
837 783 958 819 ἐμηνύθη

167 825 205 861 τῷ
233 825 349 860 βασιλεῖ,
375 828 565 863 παραδίδονται
594 831 650 861 τοῖς
673 830 766 866 νόμοις
786 831 811 857 ot
832 831 956 866 πονηροί.

173 870 252 898 Ἀλλὰ
268 873 350 899 πάλιν
367 874 383 908 ὴ
405 873 453 900 τοῦ
472 875 596 908 γενναίου
621 876 754 911 βασιλέως
767 877 959 912 φιλανθρωπία

166 916 216 951 τὴν
232 918 287 944 τῶν
304 917 394 953 νόμων
407 919 559 955 αὐστηρίαν
576 921 749 956 παρέθραυεν
770 922 817 948 καὶ
831 922 881 954 τὰς
895 931 958 949 ποι-

167 961 214 994 νὰς
230 963 380 998 ἐμετρίαζε
392 971 399 978 ’
423 964 463 991 διὸ
478 953 526 991 τοῦ
550 953 767 1001 προεξάρχοντος
790 953 958 1000 hmo-trino;
973 953 995 982 Β

165 1007 227 1039 τοὺς
245 1008 412 1045 ὀφθαλμοὺς,
440 1011 464 1037 οἱ
479 1012 568 1038 λοιποὶ
592 1012 637 1038 διὰ
665 1012 720 1040 τῶν
743 1013 783 1044 είς
803 1014 861 1039 τὺρ³
879 1014 958 1049 σῶμα

165 1054 279 1089 πληγῶν
290 1055 339 1082 καὶ
360 1057 409 1092 τῆς
425 1057 600 1092 ἀφαιρέσεως
613 1058 669 1086 τῶν
681 1060 785 1095 τριχῶν
800 1056 957 1096 φιλανθρώ-

166 1107 224 1130 πως
242 1100 466 1135 ἐσωφρονίζοντο.
490 1099 545 1129 Καὶ
564 1101 637 1130 οὗτοι
654 1104 703 1139 μὲν
718 1103 805 1137 οὕτως
815 1107 957 1141 πατρικῶς

166 1145 267 1179 μᾶλλον
290 1146 491 1182 ἣδεσποτικῶς
515 1149 586 1184 πρὸς
617 1150 648 1176 τὸ
677 1151 847 1187 καθεστηκὸς
871 1153 957 1180 ἐπαν-

157 1190 277 1228 γήγοντο.
951 1202 954 1203 ⁷

202 1290 262 1321 [ις’.
279 1288 363 1316 Αὑτὸν
380 1289 407 1315 δὲ
420 1289 470 1316 οὐκ
487 1289 532 1316 εἶα
546 1290 690 1317 καθεύδειν
706 1292 804 1328 ήὺπὲρ
817 1292 872 1319 τῶν
887 1293 955 1320 ὅλων

156 1328 274 1374 ίφροντὶς
299 1334 348 1362 καὶ
370 1335 406 1362 τὰ
428 1335 468 1362 ἐτι
482 1336 613 1371 περιλιπῆ
625 1337 755 1372 τρόπαια.
779 1339 868 1373 Ἀλλὰ]
881 1340 956 1376 πρῶ-

156 1372 209 1405 τον
225 1380 275 1415 μὲν
286 1380 318 1407 τὸ
329 1381 441 1409 πλεῖστα
456 1384 506 1418 τὴν
522 1383 680 1419 Ῥωμαϊκὴν
693 1385 869 1420 ἐπικράτειαν
883 1372 956 1421 dispa-

162 1425 225 1452 λοῦν
239 1427 413 1463 ὀχυρώτατον
428 1428 557 1464 κάστρον,
574 1430 604 1456 τὺ
622 1430 723 1457 Δοῦλον
744 1430 902 1467 λεγόμενον,
920 1435 952 1469 τῇ

162 1472 291 1509 φθασάσῃ
318 1476 433 1510 περιττῇ
464 1475 586 1512 ῥᾳθυμίᾳ
612 1477 660 1503 καὶ
677 1478 710 1512 τῇ
737 1478 792 1504 τῶν
808 1478 954 1507 λυσιτελῶν

160 1517 296 1554 ὀλιγωρίᾳ.
312 1518 460 1555 αὔτανδρον
472 1519 483 1536 ⁸
503 1521 579 1555 παρὰ
596 1521 651 1548 τῶν
670 1521 829 1557 Ἀγαρηνῶν
850 1524 953 1559 ληφθὲν

160 1563 210 1589 καὶ
220 1563 264 1590 διὰ
276 1563 325 1600 τὴν
340 1565 394 1592 ἀπὸ
410 1565 457 1592 τοῦ
473 1566 568 1604 τόπου,
579 1567 729 1601 ἀσφάλειαν
751 1569 889 1605 ὀχυρωθὲν
906 1572 953 1598 καὶ

151 1602 361 1647 ξκρατούμενον.
374 1613 407 1646 τῇ
423 1612 510 1648 οἰκείᾳ
526 1613 633 1640 συνέσει
654 1615 700 1641 καὶ
713 1615 859 1652 ἐπιμελείᾳ
873 1618 887 1644 ὁ
904 1617 953 1652 βα·
967 1630 989 1659 c

160 1655 254 1688 σιλεὺς
266 1657 312 1683 καὶ
332 1657 371 1692 τῷ
385 1658 494 1693 ἀφθόνῳ
508 1658 562 1685 τῶν
585 1659 705 1694 δωρεῶν,
722 1661 808 1688 πειθὼ
825 1663 872 1689 καὶ
890 1662 951 1698 βίαν

150 1695 346 1736 ίπροσαγαγὼν
362 1704 383 1736 ⁸,
407 1705 457 1740 τῆς
473 1704 647 1740 βαρϐαρικῆς
670 1707 847 1741 ἐπικρατείας
887 1695 951 1743 μετ-

158 1747 261 1783 ἑπησε
277 1748 404 1785 καὶπρὸς
431 1750 481 1786 τὴν
504 1751 643 1787 προτέραν
667 1753 791 1785 ἐξουσίαν
811 1755 866 1782 τῶν
883 1755 951 1783 Ῥω-

159 1793 251 1828 μαίων
270 1795 425 1830 μετήγαγεν
439 1796 466 1829 ⁶ί’
485 1797 532 1831 ἀφ’
550 1794 582 1824 οὗ
597 1797 644 1825 καὶ
656 1799 686 1825 τὸ
701 1799 821 1832 Μελοῦος
835 1801 950 1837 κάστρον

156 1839 229 1874 πρὸς
243 1841 326 1867 αὐτὸν
345 1841 476 1874 ἑκουσίως
491 1843 620 1878 μετέθετο
637 1846 683 1872 καὶ
703 1845 837 1882 δεσπότην
853 1848 949 1875 ἑαυτοῦ
968 1878 971 1882 _

155 1885 205 1912 τὸν
229 1887 419 1923 αὐτοκράτορα
445 1889 640 1925 ἀνηγόρευσεν.
665 1891 720 1927 Τὴν
735 1892 763 1918 δὲ
785 1893 840 1919 τῶν
861 1894 949 1920 Μανι-

155 1932 244 1967 χαίων
272 1933 350 1960 πόλιν
374 1935 446 1970 τὴν⁷
472 1935 657 1964 Καταῦάταλα
678 1938 850 1974 καλουμένην
879 1941 950 1968 κατὰ

155 1978 316 2014 τδνκαιρὸν
339 1981 443 2008 ἐκεῖνον
461 1982 504 2008 διὰ
517 1981 572 2008 τῶν
587 1983 696 2010 οἰκείων
717 1986 878 2020 στρατηγῶν
907 1987 949 2020 ἐξ-

154 2025 323 2061 επόρθησεν.
350 2026 461 2054 Ἀλλ“οὑ
489 2027 615 2066 τοσοῖξτον
640 2029 723 2057 αὐτὸν
749 2032 765 2066 ὴ
793 2028 827 2058 δι’
846 2032 948 2068 ἑτέρων

154 2071 286 2105 πρόθεσις
299 2072 310 2087 ⁵
325 2071 482 2108 εὔφραινεν,
503 2074 566 2101 ὅσον
583 2075 592 2091 ³
607 2075 671 2110 ἡνία
690 2076 721 2102 τὸ
733 2077 755 2092 ¹⁰
776 2077 813 2113 μὴ
829 2080 885 2110 τοῖς
900 2079 948 2105 αὺ-

152 2117 203 2143 τ.ὖ
218 2117 312 2149 πόνοις
339 2120 386 2145 καὶ
401 2119 535 2152 κινδύνοις
555 2121 588 2147 τὰ
607 2122 724 2156 τρόπαια
746 2123 881 2151 ἵστασθαι.
898 2126 947 2152 Διά

153 2164 236 2191 τοῦτο
260 2163 339 2197 αὖθις
363 2167 410 2193 καὶ
426 2167 445 2182 ¹¹
467 2168 672 2195 Κωνστανττνον
696 2170 741 2196 τὸν
768 2172 876 2206 πρῶτον
893 2173 948 2200 τῶν

155 2211 223 2237 υἱῶν
240 2211 472 2247 προσλαϐόμενος,
489 2213 525 2245 ὼς
543 2214 576 2241 ἂν
589 2215 670 2241 αὐτὸν
687 2214 732 2242 οἷα
742 2219 863 2250 γενναῖον
880 2219 947 2245 σκύ-

153 2255 226 2282 λακα
239 2256 378 2292 πολεμίων
403 2257 489 2294 γεύσῃ
506 2259 586 2293 φόνου
604 2260 651 2286 καὶ
676 2261 757 2294 αὐτὸς
779 2263 853 2298 αὐτῷ
876 2264 948 2292 διδά-

1013 322 1120 350 maestis
1134 323 1207 351 illitis
1225 325 1307 351 rebus
1322 326 1487 361 ncgligcbat,
1505 327 1550 354 sed
1565 329 1672 356 cunctis
1691 330 1807 366 benigne

1011 366 1172 402 placideque
1202 369 1348 403 utebatur;
1378 379 1411 398 ac
1441 372 1541 406 quibus
1569 373 1657 400 modis
1686 379 1805 408 potera',

1012 413 1088 440 omni
1103 415 1194 441 studio
1207 415 1329 443 levamen
1344 417 1501 447 adhibebat.

1048 458 1094 486 45,
1112 459 1274 495 Quanquam
1292 469 1356 489 vero
1379 463 1419 490 sic
1435 466 1521 498 patris
1545 465 1717 493 humanitate
1742 474 1802 501 erg:

1012 504 1138 532 subditos
1152 505 1320 534 afficiebatur
1339 515 1490 544 eorumque
1504 511 1601 538 sedulo
1616 519 1710 538 curam
1725 520 1804 546 gere-

1011 550 1068 582 bat,
1086 559 1141 578 non
1159 551 1306 581 defuerunt
1323 559 1412 582 tamen
1427 556 1473 590 qui
1491 564 1554 583 cum
1577 557 1640 585 odio
1657 558 1802 591 baberent,

1011 603 1059 623 seu
1092 597 1185 631 pOIius
1202 599 1248 633 qui
1281 599 1434 628 inviderent
1454 610 1486 629 ac
1506 603 1567 630 vitm
1594 604 1801 633 insidiareutur.

1010 641 1079 669 Nam
1089 643 1225 676 (Surenas,
1239 653 1319 680 quem
1335 652 1445 681 vocant,
1461 649 1559 683 opibus
1574 650 1735 686 deliciisque
1747 651 1803 679 las-

1011 687 1116 716 civiens
1143 691 1328 725 tyrannidem,
1347 699 1376 719 ut
1393 701 1442 728 par
1466 699 1516 726 est,
1533 695 1684 728 atTectabal,
1705 697 1802 732 adjun-

1011 740 1110 769 ctaquc
1138 736 1346 770 conjuratorum
1380 740 1438 774 pari
1476 741 1632 769 animorum
1663 750 1802 772 consensu

1012 782 1091 807 turba
1108 782 1300 816 aggredienda:
1321 785 1358 811 rei
1376 787 1552 814 commodum
1581 793 1689 823 tempus
1703 797 1801 825 exspe-

1011 827 1113 854 ctabat.
1129 827 1189 855 Uno
1203 832 1293 857 tamen
1309 838 1342 857 ex
1357 832 1510 864 conjuratis
1522 839 1583 862 ante
1596 836 1801 870 aggressionem

1012 873 1164 901 instructas
1182 875 1219 902 illi
1238 877 1379 911 detegente
1393 878 1518 911 insidias,
1536 882 1680 917 traduntur
1692 882 1800 918 legibus

1012 919 1146 947 scelerati.
1172 921 1272 949 lterum
1291 927 1381 950 tamen
1410 927 1534 960 generosi
1552 928 1725 963 imperatoris
1745 931 1801 958 cle-

1010 966 1113 993 mentia
1142 966 1231 1002 legum
1259 968 1432 996 severitatem
1449 972 1584 1007 tantisper
1612 975 1746 1010 mitigavit
1767 984 1800 1003 ac

1008 1019 1106 1046 ptenas
1124 1013 1266 1041 moderata
1284 1019 1336 1042 est.
1353 1015 1486 1045 Excussis
1504 1018 1595 1052 itaque
1609 1021 1698 1047 oculis
1712 1022 1735 1048 ci
1751 1023 1798 1056 qui

1009 1061 1106 1085 auctor
1127 1059 1328 1094 conjurationis
1341 1063 1491 1096 exstiterat,
1507 1064 1605 1099 reliqui
1620 1065 1729 1094 inﬂictis
1742 1075 1799 1094 ver-

1008 1103 1119 1131 beribus
1147 1105 1337 1141 ademptisque
1361 1108 1466 1142 capillis
1493 1109 1640 1139 immanius
1671 1113 1797 1146 castigati

1007 1154 1083 1177 sunt.
1099 1149 1137 1177 Ac
1151 1151 1188 1178 illi
1205 1152 1314 1186 quidem
1331 1154 1355 1180 in
1370 1161 1431 1181 eum
1453 1156 1561 1182 modum
1581 1162 1693 1191 paterna
1711 1159 1797 1193 magis

1008 1195 1176 1231 indulgentia
1192 1206 1273 1232 quam
1296 1199 1372 1226 herili
1391 1201 1537 1230 severitate
1560 1202 1593 1230 ad
1617 1203 1735 1231 ollicium
1752 1212 1797 1232 sa-

1007 1242 1166 1278 nioremque
1183 1249 1299 1271 tuentem
1315 1251 1379 1273 sunt
1397 1247 1512 1274 reducti.

1041 1289 1086 1317 46.
1105 1290 1249 1319 Enimvero
1268 1300 1429 1321 communes
1458 1295 1496 1321 rei
1529 1296 1644 1330 publicm
1665 1304 1748 1330 curat,
1769 1302 1798 1326 et

1006 1344 1066 1371 qua:
1094 1337 1282 1370 superioribus
1316 1343 1415 1373 tropma
1447 1342 1588 1368 restabant
1623 1343 1794 1378 adjicienda,

1007 1390 1119 1410 somnos
1149 1383 1173 1410 ei
1199 1384 1373 1412 divellebant.
1394 1385 1492 1414 Verum
1522 1388 1641 1422 primum
1674 1395 1794 1417 castrum

1006 1428 1104 1456 Lulum
1125 1429 1255 1457 Romana:
1268 1431 1304 1458 rei
1322 1432 1511 1466 utilissimum,
1536 1434 1623 1469 ipsum
1645 1436 1796 1464 munitissi-

1006 1483 1093 1508 mum,
1123 1477 1296 1511 superiorum
1332 1482 1487 1513 temporum
1516 1481 1638 1515 proiecta
1668 1483 1794 1511 vecordia
1838 1482 1845 1487 “

1005 1529 1156 1556 eorumque
1169 1523 1293 1557 neglectu
1307 1530 1368 1557 qua:
1379 1531 1394 1551 e
1407 1532 1435 1551 re
1451 1527 1589 1552 communi
1606 1527 1688 1562 278
1705 1527 1796 1556 forent

1005 1575 1067 1594 cum
1082 1567 1156 1594 omni
1170 1569 1369 1602 oppidanorum
1385 1571 1464 1598 turba
1478 1571 1511 1598 ab
1524 1571 1654 1606 Agarenis
1672 1580 1793 1609 captum,

1006 1614 1095 1648 obque
1125 1613 1177 1641 loci
1205 1615 1380 1642 securitatem
1397 1616 1430 1643 iis
1449 1617 1584 1644 munitum
1602 1626 1634 1645 ac
1666 1620 1794 1653 praesidio

1006 1664 1157 1692 servatum,
1174 1660 1318 1694 prudentia
1331 1669 1381 1689 sua
1397 1669 1429 1689 ac
1443 1670 1506 1689 cura
1521 1663 1679 1698 imperator,
1695 1673 1793 1694 munc-

1006 1712 1121 1740 rumque
1140 1705 1228 1740 copia,
1254 1714 1308 1741 qua
1334 1707 1358 1734 vi
1385 1715 1438 1742 qua
1456 1709 1592 1742 suasione,
1611 1710 1792 1740 Barbarornm

1005 1750 1102 1778 ditioni
1122 1752 1246 1779 excussit
1262 1752 1439 1788 ltomanoque
1457 1755 1572 1790 imperio
1587 1757 1687 1784 iterum
1700 1758 1792 1793 subje-

1005 1797 1051 1823 cit.
1068 1796 1106 1823 Ex
1122 1805 1177 1832 quo
1191 1802 1218 1824 ct
1229 1803 1350 1825 castrum
1367 1799 1474 1828 Meluus
1488 1809 1517 1828 se
1538 1802 1574 1828 illi
1600 1809 1696 1837 sponte
1718 1805 1792 1832 dedi—

1003 1843 1053 1875 dit,
1069 1842 1266 1878 dominumque
1284 1844 1474 1880 imperatorem
1491 1849 1611 1882 agnovit.
1626 1849 1793 1879 Manichaeo-

1004 1897 1063 1916 rum
1090 1890 1186 1917 urbem
1205 1891 1392 1919 Calabatalam
1415 1893 1529 1927 dictam,
1545 1902 1586 1922 .eo
1603 1900 1723 1931 tempore
1744 1906 1792 1933 per

1003 1936 1087 1964 duces
1102 1944 1168 1964 suos
1181 1937 1293 1964 excidit.
1312 1937 1370 1965 Non
1384 1939 1424 1966 sic
1440 1943 1530 1967 tamen
1549 1941 1701 1970 delectabat
1717 1945 1791 1979 quod

1003 1989 1052 2017 per
1077 1981 1147 2009 alios
1163 1983 1252 2009 excisa
1272 1987 1347 2009 esset
1377 1988 1458 2018 atque
1484 1985 1600 2020 direpta,
1617 1996 1648 2015 ac
1677 1990 1792 2017 moleste

1003 2028 1121 2055 habebat
1137 2028 1209 2062 quod
1226 2035 1281 2055 non
1305 2029 1364 2056 suis
1379 2030 1436 2064 ipse
1461 2031 1602 2060 laboribus
1616 2038 1716 2068 tropaea
1735 2036 1790 2062 eri-

1002 2074 1091 2110 gebat.
1101 2073 1207 2101 Rursus
1218 2074 1468 2111 itaque,assumpto
1480 2077 1660 2106 Constantino
1672 2080 1789 2108 tiliomm

1002 2124 1067 2148 natu
1080 2120 1209 2153 maximo,
1224 2125 1253 2147 ut
1267 2125 1396 2155 tanquam
1418 2130 1551 2157 generoso
1566 2125 1657 2152 catulo
1671 2126 1788 2154 hostium

1001 2167 1026 2194 ei
1043 2167 1125 2194 cmdis
1141 2171 1251 2201 gustum
1265 2167 1367 2195 faceret
1380 2189 1387 2200 ,
1404 2169 1524 2204 artisque
1539 2171 1664 2199 militaris
1683 2181 1788 2201 nt‘cmm

1002 2213 1081 2241 fortis
1092 2213 1259 2247 audacisque
1270 2214 1354 2241 animi
1371 2214 1442 2243 inter
1457 2217 1578 2251 pericula
1594 2218 1652 2253 ipse
1668 2220 1703 2246 illi
1720 2228 1789 2255 prm-

1002 2265 1095 2295 ceptor
1108 2259 1190 2292 foret,
1205 2260 1251 2288 illo
1265 2261 1365 2288 comite
1381 2262 1515 2291 adversus
1531 2263 1635 2300 Syriam
1650 2267 1788 2300 profectus

156 2302 257 2334 σκαλος
277 2303 332 2330 τῶν
353 2304 491 2331 τακτικῶν
511 2305 557 2332 καὶ
570 2306 617 2332 τοῦ
632 2307 702 2342 πρὸς
720 2308 783 2339 τοὺς
806 2309 946 2342 κινδύνους
963 2312 986 2340 ι)
999 2311 1041 2333 εει
1055 2314 1062 2339 ;
1081 2306 1249 2341 veniensque
1260 2306 1425 2341 (ἶπεπεωηι
1445 2316 1505 2343 ηυδε
1520 2309 1553 2335 ad
1569 2310 1686 2345 Ᾱτὲθυῐη
1707 2320 1787 2339 m0“-

157 2348 306 2384 εὑθαρσοῦς
329 2351 545 2386 παραστήματος
565 2352 689 2386 γένηται,
712 2354 759 2380 σὺν
779 2354 854 2390 αὐτῷ
876 2357 947 2383 κατὰ

158 2392 255 2428 Συρίας
284 2393 428 2430 ἐξώρμητε
447 2396 479 2428 ¹¹,
503 2397 550 2422 καὶ
576 2396 624 2431 τὴν
648 2399 717 2434 πρὸς
738 2398 777 2434 τῷ
808 2400 908 2435 Ἀργέα
927 2403 947 2418 ²³

160 2440 328 2475 Καισάρειαν
343 2441 392 2475 τὴν
403 2441 516 2476 πρώτην
529 2443 584 2469 τῶν
596 2444 789 2472 Καππαδόκων
804 2447 883 2473 πόλιν
897 2456 946 2474 κα-

161 2486 292 2518 ταλαϐὼν,
314 2487 355 2523 [Ρ.
375 2488 436 2523 175]
452 2489 499 2516 καὶ
515 2490 652 2521 τακτικῶς
667 2491 712 2517 τὸν
730 2492 775 2518 ὑπ’
794 2493 875 2520 αὐτὸν
903 2494 947 2527 ἐξ-

163 2533 268 2565 οπλίσας
292 2534 356 2561 λαὸν
370 2534 502 2568 λογάδων,
513 2536 545 2562 ὲκ
574 2537 677 2563 τούτων
704 2539 801 2574 μοῖραν
824 2539 945 2575 ἀπέτεμε

163 2579 205 2604 καὶ
220 2579 257 2610 ὡς
282 2580 512 2616 προδιερευνητὰς
536 2581 584 2608 καὶ
601 2582 767 2618 προδιόπτας
791 2584 944 2619 ἔμπροσθεν

164 2624 341 2658 ἐξαπέστειλε,
357 2626 406 2653 καὶ
433 2627 549 2654 κατόπιν
571 2628 652 2659 αὐτὸς
675 2629 744 2663 μετὰ
763 2630 814 2664 τῆς
833 2631 946 2665 βαρείας

165 2669 297 2706 δυνάμεως
320 2673 425 2705 εἵπετο,
440 2674 483 2701 ἵνα
505 2675 617 2710 ἐνεργοῦ
639 2676 776 2711 μαχαίρας
802 2677 901 2711 ἡγῆται
917 2679 946 2705 τὸ

167 2715 353 2750 ἀκμαιότατον,
370 2718 401 2744 τὸ
423 2718 451 2745 δὲ
466 2718 507 2745 ἔτι
521 2720 721 2755 στιϐαρώτερον
745 2721 945 2756 ἁπελαὺνηται.

167 2761 194 2788 υἱ
206 2763 251 2794 τὰς
269 2765 390 2800 ἐρήμους
406 2765 489 2798 ὀξέως
510 2765 705 2801 διαδραμόντες
721 2767 754 2793 τὰ
768 2767 897 2803 φρούρια,
912 2769 944 2795 τό

999 2351 1053 2378 tem
1071 2355 1123 2383 est,
1145 2350 1262 2385 primam
1275 2350 1468 2386 Cappadocum
1494 2353 1600 2388 urbem,
1615 2363 1703 2391 exque
1717 2357 1788 2384 mili-

998 2398 1050 2425 tari
1067 2397 1175 2424 ratione
1189 2404 1254 2425 suos
1269 2405 1412 2430 exercens,
1427 2399 1551 2427 avulsam
1570 2409 1602 2428 ex
1617 2402 1656 2429 eis
1672 2404 1787 2432 selecto-

996 2451 1057 2471 rum
1091 2448 1194 2477 partem
1219 2443 1294 2471 velut
1307 2445 1434 2472 rimatum
1463 2453 1496 2473 ac
1510 2447 1679 2480 speculatum
1697 2450 1787 2484 regio-

996 2498 1057 2518 nem
1074 2490 1226 2525 praemisit:
1242 2490 1301 2525 ipse
1320 2498 1382 2518 cum
1399 2492 1474 2526 gravi
1502 2493 1595 2520 militia
1624 2501 1696 2528 pone
1720 2495 1785 2529 ibat,

997 2542 1028 2563 ut
1049 2536 1181 2571 pugnacis
1196 2537 1271 2564 ensis
1288 2537 1378 2565 vivida
1400 2538 1487 2572 magis
1503 2539 1589 2566 virtus
1607 2541 1724 2574 praeiret,
1743 2549 1788 2569 so-

996 2583 1079 2610 lidior
1091 2587 1261 2617 sequeretur.
1273 2582 1393 2611 Desertis
1405 2584 1446 2611 illi
1460 2584 1534 2612 brevi
1549 2587 1695 2620 superatis,
1710 2595 1787 2616 arces

997 2623 1216 2657 Psilocastellum
1242 2635 1269 2656 et
1302 2629 1565 2659 Paramocastcllum
1600 2632 1785 2668 diripuerunt,

997 2675 1080 2710 inque
1107 2674 1161 2702 illis
1184 2675 1267 2710 279
1282 2680 1404 2710 repertos
1421 2678 1545 2712 captivos
1563 2678 1712 2707 duxerunt.
1732 2681 1787 2708 Ad-

997 2721 1166 2748 ventantium
1181 2722 1322 2756 copiarum
1341 2727 1414 2750 metu
1441 2725 1565 2751 exterriti
1593 2724 1718 2754 Pbalacri
1741 2736 1787 2755 ca-

998 2768 1048 2795 stri
1064 2768 1159 2796 incola:
1174 2773 1272 2802 sponte
1293 2768 1449 2804 imperatori
1465 2770 1630 2799 deditionem
1652 2772 1786 2803 fecerunt.

788 2856 906 2884 VARIE
932 2857 1136 2886 LECTIONES.

199 2911 245 2950 ³τρ
258 2913 360 2950 οηιηΡ.
398 2913 409 2929 ⁸
435 2913 581 2950 ἄντανδρον
679 2915 689 2929 ⁸
711 2915 857 2949 προσάγων
896 2915 926 2942 Ρ.

165 2944 281 2976 Combel'.
319 2949 329 2964 ⁹
349 2950 412 2976 ὅσον
431 2957 487 2977 om.
507 2944 541 2978 Αξ
590 2949 612 2965 ¹⁶
628 2944 782 2985 ἠνιᾶτο-μὴ
793 2944 847 2978 AP.

987 2916 996 2931 ⁸
1012 2917 1170 2978 κατῖγαγεν
1186 2917 1216 2943 Ρ.

988 2950 1054 2978 Ἰτὸν
1082 2953 1100 2978 ).
1141 2954 1161 2968 ¹¹
1178 2953 1216 2978 ὥο

901 2951 920 2967 ¹¹
940 2950 998 2986 καὶ]
1011 2952 1054 2979 τὸν

1267 2918 1276 2932 ⁷
1288 2917 1339 2951 τὴν
1358 2925 1413 2946 om.
1430 2918 1460 2945 P.

1516 2919 1527 2935 ⁸
1540 2919 1674 2956 πόρθησις
1694 2929 1786 2956 margo

1082 2953 1100 2980 ).
1141 2953 1290 2988 ¹¹ὥρμησε
1308 2952 1338 2980 P.
1379 2953 1534 2988 ¹¹“Λργέτᾳ
1547 2952 1584 2982 Δί
1623 2952 1628 2956 ’
1665 2952 1670 2953 ⁷
1754 2952 1780 2966 ⁷⁷

1379 2953 1399 2968 ¹¹
1417 2954 1534 2990 ’Λργέτᾳ
1547 2956 1580 2982 Δ.
