  <div class='ocr_page' id='page_1' title='image "/cluster/home/n/w/nwhite01/storage/ocr_20150623/109/njp.32101077772927/186.png"; bbox 0 0 1989 3161; ppageno 0'>
   <div class='ocr_carea' id='block_1_1' title="bbox 127 215 181 248">
    <p class='ocr_par' dir='ltr' id='par_1_1' title="bbox 127 215 181 248">
     <span class='ocr_line' id='line_1_1' title="bbox 127 215 181 248; baseline 0 0"><span class='ocrx_word' id='word_1_1' title='bbox 127 215 181 248; x_wconf 81' lang='lat'><strong>333</strong></span> 
     </span>
    </p>
   </div>
   <div class='ocr_carea' id='block_1_2' title="bbox 679 212 1236 243">
    <p class='ocr_par' dir='ltr' id='par_1_2' title="bbox 679 212 1236 243">
     <span class='ocr_line' id='line_1_2' title="bbox 679 212 1236 243; baseline 0.002 -1"><span class='ocrx_word' id='word_1_2' title='bbox 679 213 752 243; x_wconf 86' lang='lat' dir='ltr'><strong>LlB.</strong></span> <span class='ocrx_word' id='word_1_3' title='bbox 773 213 807 242; x_wconf 90' lang='lat' dir='ltr'><strong>V.</strong></span> <span class='ocrx_word' id='word_1_4' title='bbox 828 225 862 230; x_wconf 94' lang='lat'><em>—</em></span> <span class='ocrx_word' id='word_1_5' title='bbox 878 212 1057 242; x_wconf 79' lang='lat' dir='ltr'><strong>BASILIUS</strong></span> <span class='ocrx_word' id='word_1_6' title='bbox 1075 213 1236 243; x_wconf 82' lang='lat' dir='ltr'><strong>MACEDO.</strong></span> 
     </span>
    </p>
   </div>
   <div class='ocr_carea' id='block_1_3' title="bbox 1700 214 1753 248">
    <p class='ocr_par' dir='ltr' id='par_1_3' title="bbox 1700 214 1753 248">
     <span class='ocr_line' id='line_1_3' title="bbox 1700 214 1753 248; baseline 0.019 -1"><span class='ocrx_word' id='word_1_7' title='bbox 1700 214 1753 248; x_wconf 60' lang='lat'><strong>33‘</strong></span> 
     </span>
    </p>
   </div>
   <div class='ocr_carea' id='block_1_4' title="bbox 164 267 922 306">
    <p class='ocr_par' dir='ltr' id='par_1_4' title="bbox 164 268 913 304">
     <span class='ocr_line' id='line_1_4' title="bbox 164 268 913 304; baseline -0.004 -7"><span class='ocrx_word' id='word_1_8' title='bbox 164 269 212 298; x_wconf 65' lang='grc' dir='ltr'>οδ.</span> <span class='ocrx_word' id='word_1_9' title='bbox 221 269 275 296; x_wconf 81' lang='grc' dir='ltr'><strong>Τὸν</strong></span> <span class='ocrx_word' id='word_1_10' title='bbox 285 268 313 296; x_wconf 79' lang='grc' dir='ltr'>δὲ</span> <span class='ocrx_word' id='word_1_11' title='bbox 323 269 371 304; x_wconf 79' lang='grc' dir='ltr'><strong>τῆς</strong></span> <span class='ocrx_word' id='word_1_12' title='bbox 381 268 527 303; x_wconf 76' lang='grc' dir='ltr'>Δανηλίδος</span> <span class='ocrx_word' id='word_1_13' title='bbox 540 269 597 296; x_wconf 73' lang='grc' dir='ltr'>υἰὺν</span> <span class='ocrx_word' id='word_1_14' title='bbox 607 268 666 304; x_wconf 76' lang='grc' dir='ltr'>ἅμα</span> <span class='ocrx_word' id='word_1_15' title='bbox 680 268 717 304; x_wconf 83' lang='grc' dir='ltr'>τῷ</span> <span class='ocrx_word' id='word_1_16' title='bbox 726 268 851 303; x_wconf 76' lang='grc' dir='ltr'>γενέσθαι</span> <span class='ocrx_word' id='word_1_17' title='bbox 865 269 913 303; x_wconf 71' lang='grc' dir='ltr'><strong>τῆς</strong></span> 
     </span>
    </p>
   </div>
   <div class='ocr_carea' id='block_1_5' title="bbox 975 267 1757 306">
    <p class='ocr_par' dir='ltr' id='par_1_5' title="bbox 1001 267 1757 306">
     <span class='ocr_line' id='line_1_5' title="bbox 1001 267 1757 306; baseline 0.008 -12"><span class='ocrx_word' id='word_1_18' title='bbox 1001 268 1044 294; x_wconf 73' lang='grc'><strong>74.</strong></span> <span class='ocrx_word' id='word_1_19' title='bbox 1063 267 1201 295; x_wconf 84' lang='lat' dir='ltr'><strong>Danelidis</strong></span> <span class='ocrx_word' id='word_1_20' title='bbox 1219 275 1284 295; x_wconf 85' lang='lat' dir='ltr'><strong>vero</strong></span> <span class='ocrx_word' id='word_1_21' title='bbox 1304 267 1400 301; x_wconf 81' lang='lat' dir='ltr'><strong>ﬁliuni,</strong></span> <span class='ocrx_word' id='word_1_22' title='bbox 1419 268 1511 296; x_wconf 82' lang='lat' dir='ltr'><strong>statim</strong></span> <span class='ocrx_word' id='word_1_23' title='bbox 1529 272 1612 304; x_wconf 80' lang='lat' dir='ltr'><strong>atque</strong></span> <span class='ocrx_word' id='word_1_24' title='bbox 1641 270 1757 306; x_wconf 77' lang='lat' dir='ltr'><strong>imperio</strong></span> 
     </span>
    </p>
   </div>
   <div class='ocr_carea' id='block_1_6' title="bbox 126 313 912 353">
    <p class='ocr_par' dir='ltr' id='par_1_6' title="bbox 126 313 912 353">
     <span class='ocr_line' id='line_1_6' title="bbox 126 313 912 353; baseline -0.005 -9"><span class='ocrx_word' id='word_1_25' title='bbox 126 316 215 353; x_wconf 74' lang='grc' dir='ltr'>ἀρχῆς</span> <span class='ocrx_word' id='word_1_26' title='bbox 237 316 376 351; x_wconf 73' lang='grc' dir='ltr'>ἐγκρατὴς</span> <span class='ocrx_word' id='word_1_27' title='bbox 405 315 656 350; x_wconf 68' lang='grc' dir='ltr'>μεταπεμψάμενος</span> <span class='ocrx_word' id='word_1_28' title='bbox 682 314 722 349; x_wconf 87' lang='grc' dir='ltr'>τῷ</span> <span class='ocrx_word' id='word_1_29' title='bbox 741 313 787 347; x_wconf 78' lang='grc' dir='ltr'><strong>τοῦ</strong></span> <span class='ocrx_word' id='word_1_30' title='bbox 805 322 912 349; x_wconf 82' lang='grc' dir='ltr'>πρωτο-</span> 
     </span>
    </p>
   </div>
   <div class='ocr_carea' id='block_1_7' title="bbox 126 360 913 398">
    <p class='ocr_par' dir='ltr' id='par_1_7' title="bbox 126 360 913 398">
     <span class='ocr_line' id='line_1_7' title="bbox 126 360 913 398; baseline -0.004 -9"><span class='ocrx_word' id='word_1_31' title='bbox 126 362 281 398; x_wconf 82' lang='grc' dir='ltr'>σπαθαρίου</span> <span class='ocrx_word' id='word_1_32' title='bbox 303 362 434 396; x_wconf 82' lang='grc' dir='ltr'><strong>ἐτίμησεν</strong></span> <span class='ocrx_word' id='word_1_33' title='bbox 457 360 591 397; x_wconf 77' lang='grc' dir='ltr'>ἀξιώματι</span> <span class='ocrx_word' id='word_1_34' title='bbox 614 361 661 388; x_wconf 73' lang='grc' dir='ltr'>καὶ</span> <span class='ocrx_word' id='word_1_35' title='bbox 681 360 732 396; x_wconf 73' lang='grc' dir='ltr'><strong>τῆς</strong></span> <span class='ocrx_word' id='word_1_36' title='bbox 747 361 815 396; x_wconf 74' lang='grc' dir='ltr'>πρὸς</span> <span class='ocrx_word' id='word_1_37' title='bbox 831 360 913 386; x_wconf 77' lang='grc' dir='ltr'>αὐτὸν</span> 
     </span>
    </p>
   </div>
   <div class='ocr_carea' id='block_1_8' title="bbox 124 407 914 444">
    <p class='ocr_par' dir='ltr' id='par_1_8' title="bbox 124 407 914 444">
     <span class='ocr_line' id='line_1_8' title="bbox 124 407 914 444; baseline -0.004 -9"><span class='ocrx_word' id='word_1_38' title='bbox 124 408 284 444; x_wconf 57' lang='grc' dir='ltr'>παρρησίας</span> <span class='ocrx_word' id='word_1_39' title='bbox 302 408 437 444; x_wconf 81' lang='grc' dir='ltr'><strong>μετέδωκε</strong></span> <span class='ocrx_word' id='word_1_40' title='bbox 465 407 510 434; x_wconf 81' lang='grc' dir='ltr'><strong>διὰ</strong></span> <span class='ocrx_word' id='word_1_41' title='bbox 529 407 577 444; x_wconf 83' lang='grc' dir='ltr'>τὴν</span> <span class='ocrx_word' id='word_1_42' title='bbox 604 407 748 442; x_wconf 70' lang='grc' dir='ltr'>φθάσασαν</span> <span class='ocrx_word' id='word_1_43' title='bbox 771 407 914 434; x_wconf 86' lang='grc' dir='ltr'>κοινωνίαν</span> 
     </span>
    </p>
   </div>
   <div class='ocr_carea' id='block_1_9' title="bbox 123 452 914 488">
    <p class='ocr_par' dir='ltr' id='par_1_9' title="bbox 123 452 914 488">
     <span class='ocr_line' id='line_1_9' title="bbox 123 452 914 488; baseline -0.001 -9"><span class='ocrx_word' id='word_1_44' title='bbox 123 454 176 488; x_wconf 81' lang='grc' dir='ltr'><strong>τῆς</strong></span> <span class='ocrx_word' id='word_1_45' title='bbox 190 454 388 488; x_wconf 78' lang='grc' dir='ltr'><strong>,πνευματικῆς</strong></span> <span class='ocrx_word' id='word_1_46' title='bbox 411 453 602 488; x_wconf 64' lang='grc' dir='ltr'>ἀδελφότητος.</span> <span class='ocrx_word' id='word_1_47' title='bbox 625 453 701 479; x_wconf 77' lang='grc' dir='ltr'>Ἐπεὶ</span> <span class='ocrx_word' id='word_1_48' title='bbox 717 452 744 479; x_wconf 81' lang='grc' dir='ltr'>δὲ</span> <span class='ocrx_word' id='word_1_49' title='bbox 767 452 814 478; x_wconf 74' lang='grc' dir='ltr'>καὶ</span> <span class='ocrx_word' id='word_1_50' title='bbox 827 452 844 486; x_wconf 80' lang='grc' dir='ltr'><strong>ἡ</strong></span> <span class='ocrx_word' id='word_1_51' title='bbox 861 452 914 487; x_wconf 88' lang='grc' dir='ltr'>μή-</span> 
     </span>
    </p>
   </div>
   <div class='ocr_carea' id='block_1_10' title="bbox 106 492 915 534">
    <p class='ocr_par' dir='ltr' id='par_1_10' title="bbox 106 492 915 534">
     <span class='ocr_line' id='line_1_10' title="bbox 106 492 915 534; baseline -0.002 -8"><span class='ocrx_word' id='word_1_52' title='bbox 106 492 111 502; x_wconf 72' lang='grc'><em>’</em></span> <span class='ocrx_word' id='word_1_53' title='bbox 122 507 179 534; x_wconf 78' lang='grc' dir='ltr'><strong>τηρ</strong></span> <span class='ocrx_word' id='word_1_54' title='bbox 192 499 287 530; x_wconf 75' lang='grc' dir='ltr'>αὑτοῦ,</span> <span class='ocrx_word' id='word_1_55' title='bbox 299 499 400 534; x_wconf 84' lang='grc' dir='ltr'>καίπερ</span> <span class='ocrx_word' id='word_1_56' title='bbox 412 499 504 534; x_wconf 76' lang='grc' dir='ltr'>σχεδὸν</span> <span class='ocrx_word' id='word_1_57' title='bbox 516 498 604 534; x_wconf 84' lang='grc' dir='ltr'>γραῦς</span> <span class='ocrx_word' id='word_1_58' title='bbox 616 499 667 534; x_wconf 74' lang='grc' dir='ltr'>’ήδη</span> <span class='ocrx_word' id='word_1_59' title='bbox 679 497 824 533; x_wconf 74' lang='grc' dir='ltr'>τυγχάνειν</span> <span class='ocrx_word' id='word_1_60' title='bbox 838 506 915 532; x_wconf 79' lang='grc' dir='ltr'>νομι-</span> 
     </span>
    </p>
   </div>
   <div class='ocr_carea' id='block_1_11' title="bbox 123 542 915 579">
    <p class='ocr_par' dir='ltr' id='par_1_11' title="bbox 123 542 915 579">
     <span class='ocr_line' id='line_1_11' title="bbox 123 542 915 579; baseline -0.003 -9"><span class='ocrx_word' id='word_1_61' title='bbox 123 543 239 579; x_wconf 77' lang='grc' dir='ltr'>ζομένη,</span> <span class='ocrx_word' id='word_1_62' title='bbox 256 543 338 570; x_wconf 78' lang='grc' dir='ltr'>πόθον</span> <span class='ocrx_word' id='word_1_63' title='bbox 366 545 430 579; x_wconf 75' lang='grc' dir='ltr'>ἔσχε</span> <span class='ocrx_word' id='word_1_64' title='bbox 448 544 496 570; x_wconf 64' lang='grc' dir='ltr'>καὶ</span> <span class='ocrx_word' id='word_1_65' title='bbox 512 544 633 579; x_wconf 81' lang='grc' dir='ltr'><strong>μεγάλην</strong></span> <span class='ocrx_word' id='word_1_66' title='bbox 658 543 751 578; x_wconf 68' lang='grc' dir='ltr'>ἔφεσιν</span> <span class='ocrx_word' id='word_1_67' title='bbox 770 543 840 569; x_wconf 78' lang='grc' dir='ltr'>ὥστε</span> <span class='ocrx_word' id='word_1_68' title='bbox 868 542 915 568; x_wconf 81' lang='grc' dir='ltr'>τὸν</span> 
     </span>
    </p>
   </div>
   <div class='ocr_carea' id='block_1_12' title="bbox 123 588 916 624">
    <p class='ocr_par' dir='ltr' id='par_1_12' title="bbox 123 588 916 624">
     <span class='ocr_line' id='line_1_12' title="bbox 123 588 916 624; baseline -0.004 -8"><span class='ocrx_word' id='word_1_69' title='bbox 123 589 240 624; x_wconf 81' lang='grc' dir='ltr'>βασιλέα</span> <span class='ocrx_word' id='word_1_70' title='bbox 269 589 333 616; x_wconf 85' lang='grc' dir='ltr'>ἰδεῖν</span> <span class='ocrx_word' id='word_1_71' title='bbox 360 590 408 616; x_wconf 84' lang='grc' dir='ltr'><strong>καί</strong></span> <span class='ocrx_word' id='word_1_72' title='bbox 432 589 587 617; x_wconf 83' lang='grc' dir='ltr'>ἀπολαῦσαί</span> <span class='ocrx_word' id='word_1_73' title='bbox 614 598 685 621; x_wconf 80' lang='grc' dir='ltr'>τινος</span> <span class='ocrx_word' id='word_1_74' title='bbox 704 589 752 616; x_wconf 69' lang='grc' dir='ltr'>καὶ</span> <span class='ocrx_word' id='word_1_75' title='bbox 781 588 850 623; x_wconf 79' lang='grc' dir='ltr'>αὐτὴ</span> <span class='ocrx_word' id='word_1_76' title='bbox 868 596 916 614; x_wconf 80' lang='grc' dir='ltr'>πε-</span> 
     </span>
    </p>
   </div>
   <div class='ocr_carea' id='block_1_13' title="bbox 123 633 916 671">
    <p class='ocr_par' dir='ltr' id='par_1_13' title="bbox 123 633 916 671">
     <span class='ocr_line' id='line_1_13' title="bbox 123 633 916 671; baseline -0.001 -11"><span class='ocrx_word' id='word_1_77' title='bbox 123 634 287 671; x_wconf 80' lang='grc' dir='ltr'>ρισσοτέρας</span> <span class='ocrx_word' id='word_1_78' title='bbox 303 635 332 661; x_wconf 82' lang='grc' dir='ltr'>ὲν</span> <span class='ocrx_word' id='word_1_79' title='bbox 343 634 382 670; x_wconf 83' lang='grc' dir='ltr'><strong>τῷ</strong></span> <span class='ocrx_word' id='word_1_80' title='bbox 398 635 473 670; x_wconf 66' lang='grc' dir='ltr'><strong>γήρᾳ⁴</strong></span> <span class='ocrx_word' id='word_1_81' title='bbox 484 634 506 651; x_wconf 82' lang='grc'><strong><em>⁸⁵</em></strong></span> <span class='ocrx_word' id='word_1_82' title='bbox 519 634 602 670; x_wconf 83' lang='grc' dir='ltr'>τιμῆς</span> <span class='ocrx_word' id='word_1_83' title='bbox 628 634 673 662; x_wconf 68' lang='grc' dir='ltr'><strong>διὰ</strong></span> <span class='ocrx_word' id='word_1_84' title='bbox 690 634 739 669; x_wconf 82' lang='grc' dir='ltr'>τὴν</span> <span class='ocrx_word' id='word_1_85' title='bbox 762 635 794 661; x_wconf 83' lang='grc' dir='ltr'>ὲκ</span> <span class='ocrx_word' id='word_1_86' title='bbox 808 633 855 660; x_wconf 84' lang='grc' dir='ltr'><strong>τοῦ</strong></span> <span class='ocrx_word' id='word_1_87' title='bbox 871 633 916 660; x_wconf 84' lang='grc' dir='ltr'><strong>εὑ-</strong></span> 
     </span>
    </p>
   </div>
   <div class='ocr_carea' id='block_1_14' title="bbox 120 679 916 717">
    <p class='ocr_par' dir='ltr' id='par_1_14' title="bbox 120 679 916 717">
     <span class='ocr_line' id='line_1_14' title="bbox 120 679 916 717; baseline -0.001 -11"><span class='ocrx_word' id='word_1_88' title='bbox 120 679 226 711; x_wconf 77' lang='grc' dir='ltr'>λσισοῦς</span> <span class='ocrx_word' id='word_1_89' title='bbox 253 680 370 715; x_wconf 83' lang='grc' dir='ltr'>μοναχοῠ</span> <span class='ocrx_word' id='word_1_90' title='bbox 400 681 600 717; x_wconf 82' lang='grc' dir='ltr'><strong>προαγόρευσιν</strong></span> <span class='ocrx_word' id='word_1_91' title='bbox 628 680 674 707; x_wconf 66' lang='grc' dir='ltr'>καὶ</span> <span class='ocrx_word' id='word_1_92' title='bbox 699 680 743 706; x_wconf 86' lang='grc' dir='ltr'><strong>διὰ</strong></span> <span class='ocrx_word' id='word_1_93' title='bbox 759 679 808 714; x_wconf 84' lang='grc' dir='ltr'>τὴν</span> <span class='ocrx_word' id='word_1_94' title='bbox 832 679 916 714; x_wconf 86' lang='grc' dir='ltr'>ἄλλην</span> 
     </span>
    </p>
   </div>
   <div class='ocr_carea' id='block_1_15' title="bbox 121 723 916 763">
    <p class='ocr_par' dir='ltr' id='par_1_15' title="bbox 121 723 916 763">
     <span class='ocr_line' id='line_1_15' title="bbox 121 723 916 763; baseline -0.003 -10"><span class='ocrx_word' id='word_1_95' title='bbox 121 726 287 760; x_wconf 74' lang='grc' dir='ltr'>εὐεργεσίαν</span> <span class='ocrx_word' id='word_1_96' title='bbox 302 723 331 753; x_wconf 73' lang='grc' dir='ltr'>τέ</span> <span class='ocrx_word' id='word_1_97' title='bbox 348 726 396 753; x_wconf 76' lang='grc' dir='ltr'>καὶ</span> <span class='ocrx_word' id='word_1_98' title='bbox 409 726 543 760; x_wconf 76' lang='grc' dir='ltr'><strong>δεξίωσιν,</strong></span> <span class='ocrx_word' id='word_1_99' title='bbox 559 726 761 763; x_wconf 76' lang='grc' dir='ltr'>προστάξαντος</span> <span class='ocrx_word' id='word_1_100' title='bbox 776 725 824 752; x_wconf 87' lang='grc' dir='ltr'><strong>τοῦ</strong></span> <span class='ocrx_word' id='word_1_101' title='bbox 838 725 916 761; x_wconf 82' lang='grc' dir='ltr'>βασι-</span> 
     </span>
    </p>
   </div>
   <div class='ocr_carea' id='block_1_16' title="bbox 119 771 916 808">
    <p class='ocr_par' dir='ltr' id='par_1_16' title="bbox 119 771 916 808">
     <span class='ocr_line' id='line_1_16' title="bbox 119 771 916 808; baseline 0 -10"><span class='ocrx_word' id='word_1_102' title='bbox 119 771 195 804; x_wconf 76' lang='grc' dir='ltr'>λέως</span> <span class='ocrx_word' id='word_1_103' title='bbox 221 772 337 808; x_wconf 79' lang='grc' dir='ltr'><strong>ἐντίμως</strong></span> <span class='ocrx_word' id='word_1_104' title='bbox 354 772 424 799; x_wconf 80' lang='grc' dir='ltr'>πάνυ</span> <span class='ocrx_word' id='word_1_105' title='bbox 450 773 497 800; x_wconf 78' lang='grc' dir='ltr'>καὶ</span> <span class='ocrx_word' id='word_1_106' title='bbox 520 773 589 808; x_wconf 82' lang='grc' dir='ltr'>μετὰ</span> <span class='ocrx_word' id='word_1_107' title='bbox 617 772 737 807; x_wconf 79' lang='grc' dir='ltr'><strong>μεγάλης</strong></span> <span class='ocrx_word' id='word_1_108' title='bbox 753 771 916 807; x_wconf 66' lang='grc' dir='ltr'>δορυφορίας</span> 
     </span>
    </p>
   </div>
   <div class='ocr_carea' id='block_1_17' title="bbox 120 817 916 854">
    <p class='ocr_par' dir='ltr' id='par_1_17' title="bbox 120 817 916 854">
     <span class='ocr_line' id='line_1_17' title="bbox 120 817 916 854; baseline -0.003 -9"><span class='ocrx_word' id='word_1_109' title='bbox 120 819 175 845; x_wconf 79' lang='grc' dir='ltr'>καὶ</span> <span class='ocrx_word' id='word_1_110' title='bbox 197 818 349 854; x_wconf 76' lang='grc' dir='ltr'><strong>ὑπηρεσίας</strong></span> <span class='ocrx_word' id='word_1_111' title='bbox 363 818 439 854; x_wconf 36' lang='grc' dir='ltr'>,πρὸς</span> <span class='ocrx_word' id='word_1_112' title='bbox 459 818 509 854; x_wconf 86' lang='grc' dir='ltr'>τὴν</span> <span class='ocrx_word' id='word_1_113' title='bbox 526 818 721 854; x_wconf 72' lang='grc' dir='ltr'><strong>βασιλεύουσαν</strong></span> <span class='ocrx_word' id='word_1_114' title='bbox 741 817 916 852; x_wconf 79' lang='grc' dir='ltr'>ἀνελήλυθεν.</span> 
     </span>
    </p>
   </div>
   <div class='ocr_carea' id='block_1_18' title="bbox 126 863 916 900">
    <p class='ocr_par' dir='ltr' id='par_1_18' title="bbox 126 863 916 900">
     <span class='ocr_line' id='line_1_18' title="bbox 126 863 916 900; baseline -0.003 -8"><span class='ocrx_word' id='word_1_115' title='bbox 126 864 177 896; x_wconf 83' lang='grc' dir='ltr'>Ὦς</span> <span class='ocrx_word' id='word_1_116' title='bbox 190 865 246 900; x_wconf 72' lang='grc' dir='ltr'>γὰρ</span> <span class='ocrx_word' id='word_1_117' title='bbox 269 864 330 892; x_wconf 80' lang='grc' dir='ltr'>οῦτε</span> <span class='ocrx_word' id='word_1_118' title='bbox 345 864 464 900; x_wconf 79' lang='grc' dir='ltr'><strong>ὀχήματι</strong></span> <span class='ocrx_word' id='word_1_119' title='bbox 481 863 579 900; x_wconf 73' lang='grc' dir='ltr'>ἔποχος</span> <span class='ocrx_word' id='word_1_120' title='bbox 603 864 665 891; x_wconf 70' lang='grc' dir='ltr'>οὗτε</span> <span class='ocrx_word' id='word_1_121' title='bbox 690 863 766 899; x_wconf 78' lang='grc' dir='ltr'>ἵππῳ</span> <span class='ocrx_word' id='word_1_122' title='bbox 790 863 916 898; x_wconf 76' lang='grc' dir='ltr'>γενέσθαι</span> 
     </span>
    </p>
   </div>
   <div class='ocr_carea' id='block_1_19' title="bbox 117 908 917 947">
    <p class='ocr_par' dir='ltr' id='par_1_19' title="bbox 117 908 917 947">
     <span class='ocr_line' id='line_1_19' title="bbox 117 908 917 947; baseline -0.001 -10"><span class='ocrx_word' id='word_1_123' title='bbox 117 908 160 947; x_wconf 86' lang='grc' dir='ltr'>ἦν</span> <span class='ocrx_word' id='word_1_124' title='bbox 175 911 285 946; x_wconf 83' lang='grc' dir='ltr'>δυνατὴ,</span> <span class='ocrx_word' id='word_1_125' title='bbox 308 910 388 946; x_wconf 77' lang='grc' dir='ltr'>τυχὸν</span> <span class='ocrx_word' id='word_1_126' title='bbox 411 910 439 937; x_wconf 76' lang='grc' dir='ltr'>δὲ</span> <span class='ocrx_word' id='word_1_127' title='bbox 454 911 502 937; x_wconf 71' lang='grc' dir='ltr'>καὶ</span> <span class='ocrx_word' id='word_1_128' title='bbox 516 910 647 946; x_wconf 75' lang='grc' dir='ltr'>τρυφῶσα</span> <span class='ocrx_word' id='word_1_129' title='bbox 671 910 715 936; x_wconf 72' lang='grc' dir='ltr'><strong>διὰ</strong></span> <span class='ocrx_word' id='word_1_130' title='bbox 739 910 788 945; x_wconf 79' lang='grc' dir='ltr'>τὴν</span> <span class='ocrx_word' id='word_1_131' title='bbox 802 909 917 944; x_wconf 64' lang='grc' dir='ltr'>ἄφθονον</span> 
     </span>
    </p>
   </div>
   <div class='ocr_carea' id='block_1_20' title="bbox 968 313 1755 349">
    <p class='ocr_par' dir='ltr' id='par_1_20' title="bbox 968 313 1755 349">
     <span class='ocr_line' id='line_1_20' title="bbox 968 313 1755 349; baseline 0.006 -10"><span class='ocrx_word' id='word_1_132' title='bbox 968 313 1068 348; x_wconf 82' lang='lat' dir='ltr'><strong>potitus</strong></span> <span class='ocrx_word' id='word_1_133' title='bbox 1093 319 1144 346; x_wconf 73' lang='lat' dir='ltr'><strong>est,</strong></span> <span class='ocrx_word' id='word_1_134' title='bbox 1170 313 1382 348; x_wconf 83' lang='lat' dir='ltr'><strong>protospatharii</strong></span> <span class='ocrx_word' id='word_1_135' title='bbox 1400 313 1530 349; x_wconf 77' lang='lat' dir='ltr'><strong>dignitate</strong></span> <span class='ocrx_word' id='word_1_136' title='bbox 1555 315 1755 349; x_wconf 82' lang='lat' dir='ltr'><strong>cohonestavit.</strong></span> 
     </span>
    </p>
   </div>
   <div class='ocr_carea' id='block_1_21' title="bbox 968 358 1756 394">
    <p class='ocr_par' dir='ltr' id='par_1_21' title="bbox 968 358 1756 394">
     <span class='ocr_line' id='line_1_21' title="bbox 968 358 1756 394; baseline 0.004 -9"><span class='ocrx_word' id='word_1_137' title='bbox 968 358 1144 393; x_wconf 74' lang='lat' dir='ltr'><strong>liberumque</strong></span> <span class='ocrx_word' id='word_1_138' title='bbox 1164 358 1189 386; x_wconf 88' lang='lat' dir='ltr'><strong>ei</strong></span> <span class='ocrx_word' id='word_1_139' title='bbox 1211 358 1242 384; x_wconf 83' lang='lat' dir='ltr'><strong>ad</strong></span> <span class='ocrx_word' id='word_1_140' title='bbox 1265 366 1295 386; x_wconf 87' lang='lat' dir='ltr'><strong>se</strong></span> <span class='ocrx_word' id='word_1_141' title='bbox 1316 358 1420 385; x_wconf 81' lang='lat' dir='ltr'><strong>aditum</strong></span> <span class='ocrx_word' id='word_1_142' title='bbox 1440 358 1662 394; x_wconf 83' lang='lat' dir='ltr'><strong>colloquiumque</strong></span> <span class='ocrx_word' id='word_1_143' title='bbox 1689 369 1756 388; x_wconf 83' lang='lat' dir='ltr'><strong>con-</strong></span> 
     </span>
    </p>
   </div>
   <div class='ocr_carea' id='block_1_22' title="bbox 968 404 1757 440">
    <p class='ocr_par' dir='ltr' id='par_1_22' title="bbox 968 404 1757 440">
     <span class='ocr_line' id='line_1_22' title="bbox 968 404 1757 440; baseline 0.003 -8"><span class='ocrx_word' id='word_1_144' title='bbox 968 405 1050 432; x_wconf 87' lang='lat' dir='ltr'><strong>cessit</strong></span> <span class='ocrx_word' id='word_1_145' title='bbox 1074 404 1108 432; x_wconf 93' lang='lat' dir='ltr'><strong>ob</strong></span> <span class='ocrx_word' id='word_1_146' title='bbox 1127 404 1258 440; x_wconf 86' lang='lat' dir='ltr'><strong>spiritalis</strong></span> <span class='ocrx_word' id='word_1_147' title='bbox 1283 405 1352 432; x_wconf 82' lang='lat' dir='ltr'><strong>inter</strong></span> <span class='ocrx_word' id='word_1_148' title='bbox 1369 405 1444 440; x_wconf 89' lang='lat' dir='ltr'><strong>ipsos</strong></span> <span class='ocrx_word' id='word_1_149' title='bbox 1460 404 1639 433; x_wconf 81' lang='lat' dir='ltr'><strong>fraternitatis</strong></span> <span class='ocrx_word' id='word_1_150' title='bbox 1663 406 1757 434; x_wconf 88' lang='lat' dir='ltr'><strong>initatn</strong></span> 
     </span>
    </p>
   </div>
   <div class='ocr_carea' id='block_1_23' title="bbox 968 450 1757 485">
    <p class='ocr_par' dir='ltr' id='par_1_23' title="bbox 968 450 1757 485">
     <span class='ocr_line' id='line_1_23' title="bbox 968 450 1757 485; baseline 0.003 -8"><span class='ocrx_word' id='word_1_151' title='bbox 968 450 1072 477; x_wconf 87' lang='lat' dir='ltr'><strong>dttdnm</strong></span> <span class='ocrx_word' id='word_1_152' title='bbox 1103 451 1261 481; x_wconf 82' lang='lat' dir='ltr'><strong>societatem</strong></span> <span class='ocrx_word' id='word_1_153' title='bbox 1285 458 1449 485; x_wconf 74' lang='lat' dir='ltr'><strong>nexumque.</strong></span> <span class='ocrx_word' id='word_1_154' title='bbox 1481 450 1549 483; x_wconf 82' lang='lat' dir='ltr'><strong>Quia</strong></span> <span class='ocrx_word' id='word_1_155' title='bbox 1579 459 1643 479; x_wconf 86' lang='lat' dir='ltr'><strong>vero</strong></span> <span class='ocrx_word' id='word_1_156' title='bbox 1676 452 1757 479; x_wconf 86' lang='lat' dir='ltr'><strong>etiam</strong></span> 
     </span>
    </p>
   </div>
   <div class='ocr_carea' id='block_1_24' title="bbox 969 495 1759 531">
    <p class='ocr_par' dir='ltr' id='par_1_24' title="bbox 969 495 1759 531">
     <span class='ocr_line' id='line_1_24' title="bbox 969 495 1759 531; baseline 0.003 -9"><span class='ocrx_word' id='word_1_157' title='bbox 969 500 1065 529; x_wconf 88' lang='lat' dir='ltr'><strong>mater,</strong></span> <span class='ocrx_word' id='word_1_158' title='bbox 1088 496 1139 522; x_wconf 80' lang='lat' dir='ltr'><strong>etsi</strong></span> <span class='ocrx_word' id='word_1_159' title='bbox 1158 495 1213 529; x_wconf 90' lang='lat' dir='ltr'><strong>jam</strong></span> <span class='ocrx_word' id='word_1_160' title='bbox 1236 495 1293 523; x_wconf 84' lang='lat' dir='ltr'><strong>fere</strong></span> <span class='ocrx_word' id='word_1_161' title='bbox 1319 503 1388 524; x_wconf 89' lang='lat' dir='ltr'><strong>anus</strong></span> <span class='ocrx_word' id='word_1_162' title='bbox 1413 496 1544 531; x_wconf 86' lang='lat' dir='ltr'><strong>senioque</strong></span> <span class='ocrx_word' id='word_1_163' title='bbox 1563 496 1700 530; x_wconf 80' lang='lat' dir='ltr'><strong>confecta,</strong></span> <span class='ocrx_word' id='word_1_164' title='bbox 1718 498 1759 524; x_wconf 86' lang='lat' dir='ltr'><strong>in-</strong></span> 
     </span>
    </p>
   </div>
   <div class='ocr_carea' id='block_1_25' title="bbox 969 540 1760 577">
    <p class='ocr_par' dir='ltr' id='par_1_25' title="bbox 969 540 1760 577">
     <span class='ocr_line' id='line_1_25' title="bbox 969 540 1760 577; baseline 0.001 -9"><span class='ocrx_word' id='word_1_165' title='bbox 969 541 1043 576; x_wconf 77' lang='lat' dir='ltr'><strong>genli</strong></span> <span class='ocrx_word' id='word_1_166' title='bbox 1062 540 1199 568; x_wconf 77' lang='lat' dir='ltr'><strong>desiderio</strong></span> <span class='ocrx_word' id='word_1_167' title='bbox 1216 542 1329 568; x_wconf 81' lang='lat' dir='ltr'><strong>ardebat</strong></span> <span class='ocrx_word' id='word_1_168' title='bbox 1344 541 1449 570; x_wconf 82' lang='lat' dir='ltr'><strong>visendi</strong></span> <span class='ocrx_word' id='word_1_169' title='bbox 1465 542 1655 577; x_wconf 79' lang='lat' dir='ltr'><strong>imperatorem</strong></span> <span class='ocrx_word' id='word_1_170' title='bbox 1672 542 1760 577; x_wconf 85' lang='lat' dir='ltr'><strong>majo-</strong></span> 
     </span>
    </p>
   </div>
   <div class='ocr_carea' id='block_1_26' title="bbox 969 585 1757 622">
    <p class='ocr_par' dir='ltr' id='par_1_26' title="bbox 969 585 1757 622">
     <span class='ocr_line' id='line_1_26' title="bbox 969 585 1757 622; baseline 0.004 -10"><span class='ocrx_word' id='word_1_171' title='bbox 969 587 1062 620; x_wconf 88' lang='lat' dir='ltr'><strong>risque</strong></span> <span class='ocrx_word' id='word_1_172' title='bbox 1094 585 1198 621; x_wconf 88' lang='lat' dir='ltr'><strong>aliquid</strong></span> <span class='ocrx_word' id='word_1_173' title='bbox 1218 586 1333 613; x_wconf 78' lang='lat' dir='ltr'><strong>honoris</strong></span> <span class='ocrx_word' id='word_1_174' title='bbox 1354 586 1380 613; x_wconf 88' lang='lat' dir='ltr'><strong>in</strong></span> <span class='ocrx_word' id='word_1_175' title='bbox 1398 592 1539 614; x_wconf 85' lang='lat' dir='ltr'><strong>senectute</strong></span> <span class='ocrx_word' id='word_1_176' title='bbox 1564 588 1757 622; x_wconf 84' lang='lat' dir='ltr'><strong>consequendi.</strong></span> 
     </span>
    </p>
   </div>
   <div class='ocr_carea' id='block_1_27' title="bbox 971 632 1759 668">
    <p class='ocr_par' dir='ltr' id='par_1_27' title="bbox 971 632 1759 668">
     <span class='ocr_line' id='line_1_27' title="bbox 971 632 1759 668; baseline 0.004 -10"><span class='ocrx_word' id='word_1_177' title='bbox 971 636 1026 659; x_wconf 90' lang='lat' dir='ltr'><strong>tum</strong></span> <span class='ocrx_word' id='word_1_178' title='bbox 1053 637 1164 667; x_wconf 87' lang='lat' dir='ltr'><strong>propter</strong></span> <span class='ocrx_word' id='word_1_179' title='bbox 1198 632 1317 667; x_wconf 80' lang='lat' dir='ltr'><strong>religiosi</strong></span> <span class='ocrx_word' id='word_1_180' title='bbox 1345 633 1471 660; x_wconf 85' lang='lat' dir='ltr'><strong>monachi</strong></span> <span class='ocrx_word' id='word_1_181' title='bbox 1500 633 1671 668; x_wconf 92' lang='lat' dir='ltr'><strong>vaticinium,</strong></span> <span class='ocrx_word' id='word_1_182' title='bbox 1702 639 1759 661; x_wconf 87' lang='lat' dir='ltr'><strong>tmn</strong></span> 
     </span>
    </p>
   </div>
   <div class='ocr_carea' id='block_1_28' title="bbox 969 676 1761 714">
    <p class='ocr_par' dir='ltr' id='par_1_28' title="bbox 969 676 1761 714">
     <span class='ocr_line' id='line_1_28' title="bbox 969 676 1761 714; baseline 0.005 -11"><span class='ocrx_word' id='word_1_183' title='bbox 969 681 1079 711; x_wconf 87' lang='lat' dir='ltr'><strong>propter</strong></span> <span class='ocrx_word' id='word_1_184' title='bbox 1107 676 1161 704; x_wconf 86' lang='lat' dir='ltr'><strong>alia</strong></span> <span class='ocrx_word' id='word_1_185' title='bbox 1199 685 1313 704; x_wconf 88' lang='lat' dir='ltr'><strong>munera</strong></span> <span class='ocrx_word' id='word_1_186' title='bbox 1349 677 1562 713; x_wconf 86' lang='lat' dir='ltr'><strong>hospitiumque,</strong></span> <span class='ocrx_word' id='word_1_187' title='bbox 1589 679 1761 714; x_wconf 83' lang='lat' dir='ltr'><strong>imperatoris</strong></span> 
     </span>
    </p>
   </div>
   <div class='ocr_carea' id='block_1_29' title="bbox 968 722 1761 759">
    <p class='ocr_par' dir='ltr' id='par_1_29' title="bbox 968 722 1761 759">
     <span class='ocr_line' id='line_1_29' title="bbox 968 722 1761 759; baseline 0.006 -11"><span class='ocrx_word' id='word_1_188' title='bbox 968 722 1047 757; x_wconf 89' lang='lat' dir='ltr'><strong>jussu</strong></span> <span class='ocrx_word' id='word_1_189' title='bbox 1065 722 1214 750; x_wconf 88' lang='lat' dir='ltr'><strong>honoriﬁce</strong></span> <span class='ocrx_word' id='word_1_190' title='bbox 1239 723 1386 750; x_wconf 82' lang='lat' dir='ltr'><strong>admodum</strong></span> <span class='ocrx_word' id='word_1_191' title='bbox 1407 732 1560 759; x_wconf 75' lang='lat' dir='ltr'><strong>magnoque</strong></span> <span class='ocrx_word' id='word_1_192' title='bbox 1581 725 1713 753; x_wconf 90' lang='lat' dir='ltr'><strong>comitatu</strong></span> <span class='ocrx_word' id='word_1_193' title='bbox 1729 733 1761 754; x_wconf 90' lang='lat' dir='ltr'><strong>ac</strong></span> 
     </span>
    </p>
   </div>
   <div class='ocr_carea' id='block_1_30' title="bbox 970 768 1760 806">
    <p class='ocr_par' dir='ltr' id='par_1_30' title="bbox 970 768 1760 806">
     <span class='ocr_line' id='line_1_30' title="bbox 970 768 1760 806; baseline 0.004 -10"><span class='ocrx_word' id='word_1_194' title='bbox 970 768 1082 796; x_wconf 81' lang='lat' dir='ltr'><strong>servitio</strong></span> <span class='ocrx_word' id='word_1_195' title='bbox 1107 768 1265 805; x_wconf 80' lang='lat' dir='ltr'><strong>Byzantium</strong></span> <span class='ocrx_word' id='word_1_196' title='bbox 1285 770 1369 798; x_wconf 87' lang='lat' dir='ltr'><strong>venit.</strong></span> <span class='ocrx_word' id='word_1_197' title='bbox 1393 770 1446 797; x_wconf 90' lang='lat' dir='ltr'><strong>Sed</strong></span> <span class='ocrx_word' id='word_1_198' title='bbox 1470 778 1532 798; x_wconf 92' lang='lat' dir='ltr'><strong>cum</strong></span> <span class='ocrx_word' id='word_1_199' title='bbox 1563 779 1652 806; x_wconf 88' lang='lat' dir='ltr'><strong>neque</strong></span> <span class='ocrx_word' id='word_1_200' title='bbox 1678 780 1760 800; x_wconf 91' lang='lat' dir='ltr'><strong>curru</strong></span> 
     </span>
    </p>
   </div>
   <div class='ocr_carea' id='block_1_31' title="bbox 971 815 1761 851">
    <p class='ocr_par' dir='ltr' id='par_1_31' title="bbox 971 815 1761 851">
     <span class='ocr_line' id='line_1_31' title="bbox 971 815 1761 851; baseline 0.006 -10"><span class='ocrx_word' id='word_1_201' title='bbox 971 822 1059 850; x_wconf 86' lang='lat' dir='ltr'><strong>neque</strong></span> <span class='ocrx_word' id='word_1_202' title='bbox 1087 823 1158 850; x_wconf 85' lang='lat' dir='ltr'><strong>equo</strong></span> <span class='ocrx_word' id='word_1_203' title='bbox 1184 815 1247 842; x_wconf 81' lang='lat' dir='ltr'><strong>vehi</strong></span> <span class='ocrx_word' id='word_1_204' title='bbox 1267 821 1371 851; x_wconf 85' lang='lat' dir='ltr'><strong>posset,</strong></span> <span class='ocrx_word' id='word_1_205' title='bbox 1396 815 1466 843; x_wconf 80' lang='lat' dir='ltr'><strong>forte</strong></span> <span class='ocrx_word' id='word_1_206' title='bbox 1482 816 1563 844; x_wconf 90' lang='lat' dir='ltr'><strong>etiam</strong></span> <span class='ocrx_word' id='word_1_207' title='bbox 1582 817 1647 845; x_wconf 84' lang='lat' dir='ltr'><strong>luxu</strong></span> <span class='ocrx_word' id='word_1_208' title='bbox 1672 818 1761 846; x_wconf 84' lang='lat' dir='ltr'><strong>soluta</strong></span> 
     </span>
    </p>
   </div>
   <div class='ocr_carea' id='block_1_32' title="bbox 971 861 1761 898">
    <p class='ocr_par' dir='ltr' id='par_1_32' title="bbox 971 861 1761 898">
     <span class='ocr_line' id='line_1_32' title="bbox 971 861 1761 898; baseline 0.006 -10"><span class='ocrx_word' id='word_1_209' title='bbox 971 861 1006 888; x_wconf 93' lang='lat' dir='ltr'><strong>ob</strong></span> <span class='ocrx_word' id='word_1_210' title='bbox 1028 861 1201 889; x_wconf 89' lang='lat' dir='ltr'><strong>abundantes</strong></span> <span class='ocrx_word' id='word_1_211' title='bbox 1215 861 1337 895; x_wconf 82' lang='lat' dir='ltr'><strong>divitias,</strong></span> <span class='ocrx_word' id='word_1_212' title='bbox 1355 861 1382 888; x_wconf 93' lang='lat' dir='ltr'><strong>in</strong></span> <span class='ocrx_word' id='word_1_213' title='bbox 1405 861 1501 890; x_wconf 80' lang='lat' dir='ltr'><strong>lectica</strong></span> <span class='ocrx_word' id='word_1_214' title='bbox 1516 863 1623 898; x_wconf 70' lang='lat' dir='ltr'><strong>iacens,</strong></span> <span class='ocrx_word' id='word_1_215' title='bbox 1639 864 1717 893; x_wconf 86' lang='lat' dir='ltr'><strong>lectis</strong></span> <span class='ocrx_word' id='word_1_216' title='bbox 1734 865 1761 894; x_wconf 91' lang='lat' dir='ltr'><strong>in</strong></span> 
     </span>
    </p>
   </div>
   <div class='ocr_carea' id='block_1_33' title="bbox 971 908 1763 944">
    <p class='ocr_par' dir='ltr' id='par_1_33' title="bbox 971 908 1763 944">
     <span class='ocr_line' id='line_1_33' title="bbox 971 908 1763 944; baseline 0.006 -10"><span class='ocrx_word' id='word_1_217' title='bbox 971 914 1031 935; x_wconf 88' lang='lat' dir='ltr'><strong>eam</strong></span> <span class='ocrx_word' id='word_1_218' title='bbox 1054 915 1111 935; x_wconf 83' lang='lat' dir='ltr'><strong>rem</strong></span> <span class='ocrx_word' id='word_1_219' title='bbox 1133 908 1261 935; x_wconf 81' lang='lat' dir='ltr'><strong>trecentis</strong></span> <span class='ocrx_word' id='word_1_220' title='bbox 1285 908 1400 935; x_wconf 88' lang='lat' dir='ltr'><strong>robusto</strong></span> <span class='ocrx_word' id='word_1_221' title='bbox 1418 915 1534 942; x_wconf 83' lang='lat' dir='ltr'><strong>corpore</strong></span> <span class='ocrx_word' id='word_1_222' title='bbox 1552 908 1713 944; x_wconf 80' lang='lat' dir='ltr'><strong>juvenibus,</strong></span> <span class='ocrx_word' id='word_1_223' title='bbox 1727 912 1763 939; x_wconf 75' lang='lat' dir='ltr'><strong>ab</strong></span> 
     </span>
    </p>
   </div>
   <div class='ocr_carea' id='block_1_34' title="bbox 117 953 922 992">
    <p class='ocr_par' dir='ltr' id='par_1_34' title="bbox 117 955 916 992">
     <span class='ocr_line' id='line_1_34' title="bbox 117 955 916 992; baseline -0.001 -9"><span class='ocrx_word' id='word_1_224' title='bbox 117 956 173 983; x_wconf 84' lang='grc' dir='ltr'><strong>τοῦ</strong></span> <span class='ocrx_word' id='word_1_225' title='bbox 185 957 300 983; x_wconf 78' lang='grc' dir='ltr'>πλούτου</span> <span class='ocrx_word' id='word_1_226' title='bbox 313 956 483 992; x_wconf 79' lang='grc' dir='ltr'>περιουσίαν,</span> <span class='ocrx_word' id='word_1_227' title='bbox 495 957 542 983; x_wconf 73' lang='grc' dir='ltr'><strong>ἐπὶ</strong></span> <span class='ocrx_word' id='word_1_228' title='bbox 554 956 703 992; x_wconf 81' lang='grc' dir='ltr'>σκίμποδος</span> <span class='ocrx_word' id='word_1_229' title='bbox 712 956 795 990; x_wconf 80' lang='grc' dir='ltr'>αὐτὴν</span> <span class='ocrx_word' id='word_1_230' title='bbox 806 955 916 982; x_wconf 80' lang='grc' dir='ltr'>ἀνακλί-</span> 
     </span>
    </p>
   </div>
   <div class='ocr_carea' id='block_1_35' title="bbox 975 953 1762 992">
    <p class='ocr_par' dir='ltr' id='par_1_35' title="bbox 977 953 1762 985">
     <span class='ocr_line' id='line_1_35' title="bbox 977 953 1762 985; baseline 0.005 -4"><span class='ocrx_word' id='word_1_231' title='bbox 977 954 1021 982; x_wconf 88' lang='lat' dir='ltr'><strong>llis</strong></span> <span class='ocrx_word' id='word_1_232' title='bbox 1043 961 1073 981; x_wconf 88' lang='lat' dir='ltr'><strong>se</strong></span> <span class='ocrx_word' id='word_1_233' title='bbox 1100 954 1128 981; x_wconf 91' lang='lat' dir='ltr'><strong>in</strong></span> <span class='ocrx_word' id='word_1_234' title='bbox 1165 954 1261 981; x_wconf 88' lang='lat' dir='ltr'><strong>urbem</strong></span> <span class='ocrx_word' id='word_1_235' title='bbox 1295 953 1394 982; x_wconf 80' lang='lat' dir='ltr'><strong>deferri</strong></span> <span class='ocrx_word' id='word_1_236' title='bbox 1419 954 1570 983; x_wconf 75' lang='lat' dir='ltr'><strong>mandavit.</strong></span> <span class='ocrx_word' id='word_1_237' title='bbox 1593 955 1639 984; x_wconf 89' lang='lat' dir='ltr'><strong>Sic</strong></span> <span class='ocrx_word' id='word_1_238' title='bbox 1668 956 1762 985; x_wconf 85' lang='lat' dir='ltr'><strong>decem</strong></span> 
     </span>
    </p>
   </div>
   <div class='ocr_carea' id='block_1_36' title="bbox 117 999 917 1035">
    <p class='ocr_par' dir='ltr' id='par_1_36' title="bbox 117 999 917 1035">
     <span class='ocr_line' id='line_1_36' title="bbox 117 999 917 1035; baseline 0.001 -10"><span class='ocrx_word' id='word_1_239' title='bbox 117 1007 195 1026; x_wconf 84' lang='grc' dir='ltr'>νασα</span> <span class='ocrx_word' id='word_1_240' title='bbox 212 999 244 1034; x_wconf 81' lang='grc'><strong>³⁸,</strong></span> <span class='ocrx_word' id='word_1_241' title='bbox 271 1000 318 1026; x_wconf 66' lang='grc' dir='ltr'><strong>καὶ</strong></span> <span class='ocrx_word' id='word_1_242' title='bbox 339 1000 514 1035; x_wconf 79' lang='grc' dir='ltr'>τριακοσίους</span> <span class='ocrx_word' id='word_1_243' title='bbox 541 999 595 1026; x_wconf 87' lang='grc' dir='ltr'><strong>τῶν</strong></span> <span class='ocrx_word' id='word_1_244' title='bbox 619 999 732 1027; x_wconf 86' lang='grc' dir='ltr'>οἰκετῶν</span> <span class='ocrx_word' id='word_1_245' title='bbox 761 1000 917 1032; x_wconf 83' lang='grc' dir='ltr'>ἀπολέξασα</span> 
     </span>
    </p>
   </div>
   <div class='ocr_carea' id='block_1_37' title="bbox 115 1046 917 1082">
    <p class='ocr_par' dir='ltr' id='par_1_37' title="bbox 115 1046 917 1082">
     <span class='ocr_line' id='line_1_37' title="bbox 115 1046 917 1082; baseline 0 -10"><span class='ocrx_word' id='word_1_246' title='bbox 115 1046 204 1078; x_wconf 81' lang='grc' dir='ltr'>νέους</span> <span class='ocrx_word' id='word_1_247' title='bbox 228 1046 275 1072; x_wconf 70' lang='grc' dir='ltr'><strong>καὶ</strong></span> <span class='ocrx_word' id='word_1_248' title='bbox 302 1046 430 1082; x_wconf 72' lang='grc' dir='ltr'>ἰσχυροὺς</span> <span class='ocrx_word' id='word_1_249' title='bbox 453 1046 484 1073; x_wconf 84' lang='grc' dir='ltr'>τὸ</span> <span class='ocrx_word' id='word_1_250' title='bbox 509 1046 600 1082; x_wconf 85' lang='grc' dir='ltr'>σῶμα,</span> <span class='ocrx_word' id='word_1_251' title='bbox 624 1046 810 1082; x_wconf 68' lang='grc' dir='ltr'>βαστάζοντας</span> <span class='ocrx_word' id='word_1_252' title='bbox 833 1046 917 1082; x_wconf 77' lang='grc' dir='ltr'>αὐτὴν</span> 
     </span>
    </p>
   </div>
   <div class='ocr_carea' id='block_1_38' title="bbox 120 1091 918 1127">
    <p class='ocr_par' dir='ltr' id='par_1_38' title="bbox 120 1091 918 1127">
     <span class='ocr_line' id='line_1_38' title="bbox 120 1091 918 1127; baseline 0 -9"><span class='ocrx_word' id='word_1_253' title='bbox 120 1091 232 1118; x_wconf 77' lang='grc' dir='ltr'>ἀνιέναι</span> <span class='ocrx_word' id='word_1_254' title='bbox 251 1091 412 1118; x_wconf 79' lang='grc' dir='ltr'>ἐκελεύσατο</span> <span class='ocrx_word' id='word_1_255' title='bbox 427 1092 460 1124; x_wconf 86' lang='grc'><strong>³⁷,</strong></span> <span class='ocrx_word' id='word_1_256' title='bbox 475 1091 524 1119; x_wconf 67' lang='grc' dir='ltr'>καὶ</span> <span class='ocrx_word' id='word_1_257' title='bbox 541 1091 628 1124; x_wconf 74' lang='grc' dir='ltr'>οὕτως</span> <span class='ocrx_word' id='word_1_258' title='bbox 644 1091 696 1118; x_wconf 75' lang='grc' dir='ltr'>ὑπὸ</span> <span class='ocrx_word' id='word_1_259' title='bbox 710 1091 777 1118; x_wconf 85' lang='grc' dir='ltr'>δέκα</span> <span class='ocrx_word' id='word_1_260' title='bbox 791 1091 822 1118; x_wconf 79' lang='grc' dir='ltr'><strong>τὸ</strong></span> <span class='ocrx_word' id='word_1_261' title='bbox 839 1091 918 1127; x_wconf 78' lang='grc' dir='ltr'>λέχος</span> 
     </span>
    </p>
   </div>
   <div class='ocr_carea' id='block_1_39' title="bbox 119 1137 919 1173">
    <p class='ocr_par' dir='ltr' id='par_1_39' title="bbox 119 1137 919 1173">
     <span class='ocr_line' id='line_1_39' title="bbox 119 1137 919 1173; baseline 0 -8"><span class='ocrx_word' id='word_1_262' title='bbox 119 1138 260 1173; x_wconf 78' lang='grc' dir='ltr'>αέρόντων</span> <span class='ocrx_word' id='word_1_263' title='bbox 276 1139 324 1165; x_wconf 69' lang='grc' dir='ltr'>καὶ</span> <span class='ocrx_word' id='word_1_264' title='bbox 341 1139 374 1165; x_wconf 81' lang='grc' dir='ltr'>ἑκ</span> <span class='ocrx_word' id='word_1_265' title='bbox 394 1138 521 1173; x_wconf 74' lang='grc' dir='ltr'>διαδοχῆς</span> <span class='ocrx_word' id='word_1_266' title='bbox 543 1138 676 1173; x_wconf 79' lang='grc' dir='ltr'>ἀλλήλους</span> <span class='ocrx_word' id='word_1_267' title='bbox 692 1137 919 1165; x_wconf 76' lang='grc' dir='ltr'>ὑπαλλασσόντων</span> 
     </span>
    </p>
   </div>
   <div class='ocr_carea' id='block_1_40' title="bbox 120 1183 917 1220">
    <p class='ocr_par' dir='ltr' id='par_1_40' title="bbox 120 1183 917 1220">
     <span class='ocr_line' id='line_1_40' title="bbox 120 1183 917 1220; baseline -0.001 -8"><span class='ocrx_word' id='word_1_268' title='bbox 120 1185 176 1220; x_wconf 76' lang='grc' dir='ltr'>τὴν</span> <span class='ocrx_word' id='word_1_269' title='bbox 193 1185 226 1211; x_wconf 73' lang='grc' dir='ltr'>ἐκ</span> <span class='ocrx_word' id='word_1_270' title='bbox 241 1183 445 1219; x_wconf 79' lang='grc' dir='ltr'>Πελοποννήσου</span> <span class='ocrx_word' id='word_1_271' title='bbox 462 1185 544 1220; x_wconf 87' lang='grc' dir='ltr'>μέχρι</span> <span class='ocrx_word' id='word_1_272' title='bbox 566 1184 615 1220; x_wconf 84' lang='grc' dir='ltr'><strong>τῆς</strong></span> <span class='ocrx_word' id='word_1_273' title='bbox 635 1184 831 1220; x_wconf 83' lang='grc' dir='ltr'>βασιλευούσης</span> <span class='ocrx_word' id='word_1_274' title='bbox 850 1184 917 1212; x_wconf 84' lang='grc' dir='ltr'>ταύ-</span> 
     </span>
    </p>
   </div>
   <div class='ocr_carea' id='block_1_41' title="bbox 123 1230 920 1266">
    <p class='ocr_par' dir='ltr' id='par_1_41' title="bbox 123 1230 920 1266">
     <span class='ocr_line' id='line_1_41' title="bbox 123 1230 920 1266; baseline 0.003 -10"><span class='ocrx_word' id='word_1_275' title='bbox 123 1239 176 1265; x_wconf 77' lang='grc' dir='ltr'><strong>της</strong></span> <span class='ocrx_word' id='word_1_276' title='bbox 191 1230 246 1257; x_wconf 82' lang='grc' dir='ltr'><strong>τῶν</strong></span> <span class='ocrx_word' id='word_1_277' title='bbox 269 1230 373 1257; x_wconf 83' lang='grc' dir='ltr'>πόλεων</span> <span class='ocrx_word' id='word_1_278' title='bbox 396 1230 509 1266; x_wconf 84' lang='grc' dir='ltr'>πορείαν</span> <span class='ocrx_word' id='word_1_279' title='bbox 528 1231 665 1266; x_wconf 87' lang='grc' dir='ltr'>διήνυσεν.</span> <span class='ocrx_word' id='word_1_280' title='bbox 686 1231 772 1266; x_wconf 85' lang='grc' dir='ltr'>Δοχῆ;</span> <span class='ocrx_word' id='word_1_281' title='bbox 788 1231 817 1258; x_wconf 81' lang='grc' dir='ltr'>δὲ</span> <span class='ocrx_word' id='word_1_282' title='bbox 841 1239 920 1265; x_wconf 85' lang='grc' dir='ltr'>γεγο-</span> 
     </span>
    </p>
   </div>
   <div class='ocr_carea' id='block_1_42' title="bbox 125 1275 920 1312">
    <p class='ocr_par' dir='ltr' id='par_1_42' title="bbox 125 1275 920 1312">
     <span class='ocr_line' id='line_1_42' title="bbox 125 1275 920 1312; baseline 0.003 -11"><span class='ocrx_word' id='word_1_283' title='bbox 125 1275 204 1307; x_wconf 79' lang='grc' dir='ltr'>νυίας</span> <span class='ocrx_word' id='word_1_284' title='bbox 222 1276 250 1303; x_wconf 76' lang='grc' dir='ltr'>ὲν</span> <span class='ocrx_word' id='word_1_285' title='bbox 270 1277 303 1311; x_wconf 80' lang='grc' dir='ltr'>τῇ</span> <span class='ocrx_word' id='word_1_286' title='bbox 318 1276 482 1312; x_wconf 82' lang='grc' dir='ltr'>Μαγναύρᾳ,</span> <span class='ocrx_word' id='word_1_287' title='bbox 496 1276 588 1308; x_wconf 82' lang='grc' dir='ltr'>καθώς</span> <span class='ocrx_word' id='word_1_288' title='bbox 605 1277 679 1303; x_wconf 71' lang='grc' dir='ltr'>ἐστιν</span> <span class='ocrx_word' id='word_1_289' title='bbox 693 1276 753 1308; x_wconf 74' lang='grc' dir='ltr'>ἔθος</span> <span class='ocrx_word' id='word_1_290' title='bbox 767 1278 824 1308; x_wconf 81' lang='grc' dir='ltr'>τοῖς</span> <span class='ocrx_word' id='word_1_291' title='bbox 841 1277 920 1312; x_wconf 85' lang='grc' dir='ltr'>βασι-</span> 
     </span>
    </p>
   </div>
   <div class='ocr_carea' id='block_1_43' title="bbox 122 1321 920 1358">
    <p class='ocr_par' dir='ltr' id='par_1_43' title="bbox 122 1321 920 1358">
     <span class='ocr_line' id='line_1_43' title="bbox 122 1321 920 1358; baseline 0.001 -10"><span class='ocrx_word' id='word_1_292' title='bbox 122 1321 203 1348; x_wconf 85' lang='grc' dir='ltr'>λεῦσι</span> <span class='ocrx_word' id='word_1_293' title='bbox 225 1322 371 1357; x_wconf 78' lang='grc' dir='ltr'>Ῥωμαίων</span> <span class='ocrx_word' id='word_1_294' title='bbox 384 1323 482 1356; x_wconf 84' lang='grc' dir='ltr'>ποιεῖν,</span> <span class='ocrx_word' id='word_1_295' title='bbox 494 1323 559 1350; x_wconf 81' lang='grc' dir='ltr'>ὅταν</span> <span class='ocrx_word' id='word_1_296' title='bbox 571 1324 633 1350; x_wconf 72' lang='grc' dir='ltr'>τινὰ</span> <span class='ocrx_word' id='word_1_297' title='bbox 649 1323 703 1350; x_wconf 87' lang='grc' dir='ltr'><strong>τῶν</strong></span> <span class='ocrx_word' id='word_1_298' title='bbox 714 1322 757 1357; x_wconf 72' lang='grc' dir='ltr'><strong>ἐφ’</strong></span> <span class='ocrx_word' id='word_1_299' title='bbox 771 1322 920 1358; x_wconf 81' lang='grc' dir='ltr'>ἡγεμονίας</span> 
     </span>
    </p>
   </div>
   <div class='ocr_carea' id='block_1_44' title="bbox 122 1368 920 1405">
    <p class='ocr_par' dir='ltr' id='par_1_44' title="bbox 122 1368 920 1405">
     <span class='ocr_line' id='line_1_44' title="bbox 122 1368 920 1405; baseline -0.001 -10"><span class='ocrx_word' id='word_1_300' title='bbox 122 1368 224 1400; x_wconf 81' lang='grc' dir='ltr'>ἔθνους</span> <span class='ocrx_word' id='word_1_301' title='bbox 247 1368 321 1401; x_wconf 77' lang='grc' dir='ltr'>τινὸς</span> <span class='ocrx_word' id='word_1_302' title='bbox 347 1368 506 1405; x_wconf 78' lang='grc' dir='ltr'>περιφανῶν</span> <span class='ocrx_word' id='word_1_303' title='bbox 525 1369 575 1396; x_wconf 81' lang='grc' dir='ltr'>καὶ</span> <span class='ocrx_word' id='word_1_304' title='bbox 600 1369 726 1404; x_wconf 80' lang='grc' dir='ltr'>μεγάλων</span> <span class='ocrx_word' id='word_1_305' title='bbox 751 1368 920 1404; x_wconf 76' lang='grc' dir='ltr'>εἰσδέχεσθαι</span> 
     </span>
    </p>
   </div>
   <div class='ocr_carea' id='block_1_45' title="bbox 123 1414 921 1451">
    <p class='ocr_par' dir='ltr' id='par_1_45' title="bbox 123 1414 921 1451">
     <span class='ocr_line' id='line_1_45' title="bbox 123 1414 921 1451; baseline -0.001 -10"><span class='ocrx_word' id='word_1_306' title='bbox 123 1415 276 1450; x_wconf 82' lang='grc' dir='ltr'>μέλλωσιν,</span> <span class='ocrx_word' id='word_1_307' title='bbox 293 1415 407 1451; x_wconf 79' lang='grc' dir='ltr'>εἰσήχθη</span> <span class='ocrx_word' id='word_1_308' title='bbox 428 1416 476 1443; x_wconf 80' lang='grc' dir='ltr'>καὶ</span> <span class='ocrx_word' id='word_1_309' title='bbox 492 1415 563 1450; x_wconf 78' lang='grc' dir='ltr'>αὑτὴ</span> <span class='ocrx_word' id='word_1_310' title='bbox 579 1415 649 1450; x_wconf 79' lang='grc' dir='ltr'>πρὸς</span> <span class='ocrx_word' id='word_1_311' title='bbox 672 1414 784 1450; x_wconf 79' lang='grc' dir='ltr'>βασιλέα</span> <span class='ocrx_word' id='word_1_312' title='bbox 803 1415 921 1450; x_wconf 78' lang='grc' dir='ltr'>ἐντίμως</span> 
     </span>
    </p>
   </div>
   <div class='ocr_carea' id='block_1_46' title="bbox 122 1460 919 1498">
    <p class='ocr_par' dir='ltr' id='par_1_46' title="bbox 122 1460 919 1498">
     <span class='ocr_line' id='line_1_46' title="bbox 122 1460 919 1498; baseline -0.001 -10"><span class='ocrx_word' id='word_1_313' title='bbox 122 1470 155 1488; x_wconf 80' lang='grc' dir='ltr'><strong>τε</strong></span> <span class='ocrx_word' id='word_1_314' title='bbox 170 1461 221 1488; x_wconf 78' lang='grc' dir='ltr'>καὶ</span> <span class='ocrx_word' id='word_1_315' title='bbox 240 1461 386 1498; x_wconf 80' lang='grc' dir='ltr'>λαμπρῶς,</span> <span class='ocrx_word' id='word_1_316' title='bbox 409 1461 596 1496; x_wconf 77' lang='grc' dir='ltr'>εἰσαγαγοῦσα</span> <span class='ocrx_word' id='word_1_317' title='bbox 611 1461 659 1488; x_wconf 77' lang='grc' dir='ltr'>καὶ</span> <span class='ocrx_word' id='word_1_318' title='bbox 684 1461 759 1497; x_wconf 87' lang='grc' dir='ltr'>δῶρα</span> <span class='ocrx_word' id='word_1_319' title='bbox 775 1460 919 1495; x_wconf 80' lang='grc' dir='ltr'>πολυτελῆ,</span> 
     </span>
    </p>
   </div>
   <div class='ocr_carea' id='block_1_47' title="bbox 123 1505 922 1543">
    <p class='ocr_par' dir='ltr' id='par_1_47' title="bbox 123 1505 922 1543">
     <span class='ocr_line' id='line_1_47' title="bbox 123 1505 922 1543; baseline -0.001 -9"><span class='ocrx_word' id='word_1_320' title='bbox 123 1505 172 1535; x_wconf 80' lang='grc' dir='ltr'>οἷα</span> <span class='ocrx_word' id='word_1_321' title='bbox 186 1507 244 1535; x_wconf 84' lang='grc' dir='ltr'><strong>τῶν</strong></span> <span class='ocrx_word' id='word_1_322' title='bbox 256 1508 372 1536; x_wconf 73' lang='grc' dir='ltr'>ἐθνικῶν</span> <span class='ocrx_word' id='word_1_323' title='bbox 384 1508 407 1524; x_wconf 80' lang='grc'><strong>³⁵</strong></span> <span class='ocrx_word' id='word_1_324' title='bbox 423 1508 556 1543; x_wconf 82' lang='grc' dir='ltr'>βασιλέων</span> <span class='ocrx_word' id='word_1_325' title='bbox 567 1507 657 1540; x_wconf 67' lang='grc' dir='ltr'>οὐδεὶς</span> <span class='ocrx_word' id='word_1_326' title='bbox 671 1507 765 1543; x_wconf 86' lang='grc' dir='ltr'>σχεδὸν</span> <span class='ocrx_word' id='word_1_327' title='bbox 781 1507 862 1542; x_wconf 86' lang='grc' dir='ltr'>μέχρι</span> <span class='ocrx_word' id='word_1_328' title='bbox 876 1507 922 1534; x_wconf 74' lang='grc' dir='ltr'>καὶ</span> 
     </span>
    </p>
   </div>
   <div class='ocr_carea' id='block_1_48' title="bbox 122 1551 923 1590">
    <p class='ocr_par' dir='ltr' id='par_1_48' title="bbox 122 1551 923 1590">
     <span class='ocr_line' id='line_1_48' title="bbox 122 1551 923 1590; baseline -0.001 -9"><span class='ocrx_word' id='word_1_329' title='bbox 122 1554 189 1582; x_wconf 77' lang='grc' dir='ltr'>τότε</span> <span class='ocrx_word' id='word_1_330' title='bbox 205 1554 275 1590; x_wconf 72' lang='grc' dir='ltr'>πρὸς</span> <span class='ocrx_word' id='word_1_331' title='bbox 296 1554 410 1590; x_wconf 76' lang='grc' dir='ltr'>βασιλέα</span> <span class='ocrx_word' id='word_1_332' title='bbox 432 1555 576 1590; x_wconf 87' lang='grc' dir='ltr'>Ῥωμαίων</span> <span class='ocrx_word' id='word_1_333' title='bbox 592 1555 749 1590; x_wconf 84' lang='grc' dir='ltr'>εἰσήγαγεν.</span> <span class='ocrx_word' id='word_1_334' title='bbox 764 1551 855 1580; x_wconf 81' lang='grc' dir='ltr'>Ἦσαν</span> <span class='ocrx_word' id='word_1_335' title='bbox 868 1554 923 1588; x_wconf 79' lang='grc' dir='ltr'><strong>γὰρ</strong></span> 
     </span>
    </p>
   </div>
   <div class='ocr_carea' id='block_1_49' title="bbox 123 1597 922 1637">
    <p class='ocr_par' dir='ltr' id='par_1_49' title="bbox 123 1597 922 1637">
     <span class='ocr_line' id='line_1_49' title="bbox 123 1597 922 1637; baseline 0 -10"><span class='ocrx_word' id='word_1_336' title='bbox 123 1600 258 1627; x_wconf 72' lang='grc' dir='ltr'>οἰκετικὰ</span> <span class='ocrx_word' id='word_1_337' title='bbox 275 1601 324 1636; x_wconf 71' lang='grc' dir='ltr'>μὲν</span> <span class='ocrx_word' id='word_1_338' title='bbox 344 1602 480 1637; x_wconf 78' lang='grc' dir='ltr'>πρόσωπα</span> <span class='ocrx_word' id='word_1_339' title='bbox 498 1601 676 1634; x_wconf 84' lang='grc' dir='ltr'>πεντακόσια,</span> <span class='ocrx_word' id='word_1_340' title='bbox 694 1600 725 1633; x_wconf 80' lang='grc' dir='ltr'><strong>ἐξ</strong></span> <span class='ocrx_word' id='word_1_341' title='bbox 748 1597 785 1627; x_wconf 81' lang='grc' dir='ltr'>ὧν</span> <span class='ocrx_word' id='word_1_342' title='bbox 800 1600 922 1636; x_wconf 75' lang='grc' dir='ltr'>ὑπῆρχον</span> 
     </span>
    </p>
   </div>
   <div class='ocr_carea' id='block_1_50' title="bbox 123 1646 924 1684">
    <p class='ocr_par' dir='ltr' id='par_1_50' title="bbox 123 1646 924 1684">
     <span class='ocr_line' id='line_1_50' title="bbox 123 1646 924 1684; baseline -0.001 -11"><span class='ocrx_word' id='word_1_343' title='bbox 123 1646 243 1679; x_wconf 84' lang='grc' dir='ltr'>εὐειδεῖς</span> <span class='ocrx_word' id='word_1_344' title='bbox 259 1647 382 1682; x_wconf 74' lang='grc' dir='ltr'>ὲντομίαι</span> <span class='ocrx_word' id='word_1_345' title='bbox 395 1648 440 1674; x_wconf 67' lang='grc' dir='ltr'><strong>τὸν</strong></span> <span class='ocrx_word' id='word_1_346' title='bbox 458 1648 575 1684; x_wconf 72' lang='grc' dir='ltr'>ἀριθμὸν</span> <span class='ocrx_word' id='word_1_347' title='bbox 589 1648 698 1674; x_wconf 81' lang='grc' dir='ltr'>ἑκατόν.</span> <span class='ocrx_word' id='word_1_348' title='bbox 718 1647 795 1684; x_wconf 77' lang='grc' dir='ltr'>’ῌδει</span> <span class='ocrx_word' id='word_1_349' title='bbox 809 1647 874 1682; x_wconf 78' lang='grc' dir='ltr'>γὰρ,</span> <span class='ocrx_word' id='word_1_350' title='bbox 886 1646 924 1678; x_wconf 83' lang='grc' dir='ltr'>ὡς</span> 
     </span>
    </p>
   </div>
   <div class='ocr_carea' id='block_1_51' title="bbox 123 1690 923 1728">
    <p class='ocr_par' dir='ltr' id='par_1_51' title="bbox 123 1690 923 1728">
     <span class='ocr_line' id='line_1_51' title="bbox 123 1690 923 1728; baseline -0.001 -9"><span class='ocrx_word' id='word_1_351' title='bbox 123 1692 230 1724; x_wconf 71' lang='grc' dir='ltr'>ἔοικεν,</span> <span class='ocrx_word' id='word_1_352' title='bbox 248 1693 265 1728; x_wconf 82' lang='grc' dir='ltr'><strong>ἠ</strong></span> <span class='ocrx_word' id='word_1_353' title='bbox 278 1693 491 1728; x_wconf 79' lang='grc' dir='ltr'>πλουτοκράτωρ</span> <span class='ocrx_word' id='word_1_354' title='bbox 505 1693 596 1728; x_wconf 77' lang='grc' dir='ltr'>ἐκείνη</span> <span class='ocrx_word' id='word_1_355' title='bbox 610 1692 696 1728; x_wconf 82' lang='grc' dir='ltr'>γραῦς</span> <span class='ocrx_word' id='word_1_356' title='bbox 709 1693 750 1719; x_wconf 80' lang='grc' dir='ltr'>ὅτι</span> <span class='ocrx_word' id='word_1_357' title='bbox 761 1692 806 1718; x_wconf 78' lang='grc' dir='ltr'><strong>ἀεὶ</strong></span> <span class='ocrx_word' id='word_1_358' title='bbox 820 1690 923 1726; x_wconf 85' lang='grc' dir='ltr'>τυγχά-</span> 
     </span>
    </p>
   </div>
   <div class='ocr_carea' id='block_1_52' title="bbox 123 1737 924 1774">
    <p class='ocr_par' dir='ltr' id='par_1_52' title="bbox 123 1737 924 1774">
     <span class='ocr_line' id='line_1_52' title="bbox 123 1737 924 1774; baseline -0.001 -9"><span class='ocrx_word' id='word_1_359' title='bbox 123 1747 171 1766; x_wconf 80' lang='grc' dir='ltr'><strong>νει</strong></span> <span class='ocrx_word' id='word_1_360' title='bbox 187 1738 265 1774; x_wconf 83' lang='grc' dir='ltr'>χώρα</span> <span class='ocrx_word' id='word_1_361' title='bbox 283 1739 339 1771; x_wconf 85' lang='grc' dir='ltr'>τοῖς</span> <span class='ocrx_word' id='word_1_362' title='bbox 357 1739 488 1766; x_wconf 77' lang='grc' dir='ltr'>σπάδουσι</span> <span class='ocrx_word' id='word_1_363' title='bbox 505 1738 611 1771; x_wconf 86' lang='grc' dir='ltr'>τούτοις</span> <span class='ocrx_word' id='word_1_364' title='bbox 625 1740 665 1770; x_wconf 80' lang='grc' dir='ltr'><strong>εἰς</strong></span> <span class='ocrx_word' id='word_1_365' title='bbox 678 1739 712 1765; x_wconf 87' lang='grc' dir='ltr'><strong>τὰ</strong></span> <span class='ocrx_word' id='word_1_366' title='bbox 728 1739 863 1773; x_wconf 84' lang='grc' dir='ltr'>βασίλεια,</span> <span class='ocrx_word' id='word_1_367' title='bbox 876 1737 924 1764; x_wconf 59' lang='grc' dir='ltr'><strong>καὶ⁵</strong></span> 
     </span>
    </p>
   </div>
   <div class='ocr_carea' id='block_1_53' title="bbox 125 1784 924 1821">
    <p class='ocr_par' dir='ltr' id='par_1_53' title="bbox 125 1784 924 1821">
     <span class='ocr_line' id='line_1_53' title="bbox 125 1784 924 1821; baseline -0.003 -9"><span class='ocrx_word' id='word_1_368' title='bbox 125 1786 159 1812; x_wconf 83' lang='grc' dir='ltr'>ἒν</span> <span class='ocrx_word' id='word_1_369' title='bbox 175 1785 282 1818; x_wconf 86' lang='grc' dir='ltr'>τούτοις</span> <span class='ocrx_word' id='word_1_370' title='bbox 300 1786 371 1821; x_wconf 72' lang='grc' dir='ltr'>ὑπὲρ</span> <span class='ocrx_word' id='word_1_371' title='bbox 387 1785 436 1817; x_wconf 77' lang='grc' dir='ltr'><strong>τὰς</strong></span> <span class='ocrx_word' id='word_1_372' title='bbox 454 1785 536 1820; x_wconf 75' lang='grc' dir='ltr'>μυίας</span> <span class='ocrx_word' id='word_1_373' title='bbox 554 1786 583 1811; x_wconf 81' lang='grc' dir='ltr'>ἐν</span> <span class='ocrx_word' id='word_1_374' title='bbox 596 1785 676 1820; x_wconf 78' lang='grc' dir='ltr'>ἔαρος</span> <span class='ocrx_word' id='word_1_375' title='bbox 691 1784 750 1821; x_wconf 74' lang='grc' dir='ltr'>ὥρᾳ</span> <span class='ocrx_word' id='word_1_376' title='bbox 768 1784 838 1811; x_wconf 78' lang='grc' dir='ltr'>κατὰ</span> <span class='ocrx_word' id='word_1_377' title='bbox 856 1792 924 1819; x_wconf 87' lang='grc' dir='ltr'>προ-</span> 
     </span>
    </p>
   </div>
   <div class='ocr_carea' id='block_1_54' title="bbox 125 1829 924 1867">
    <p class='ocr_par' dir='ltr' id='par_1_54' title="bbox 125 1829 924 1867">
     <span class='ocr_line' id='line_1_54' title="bbox 125 1829 924 1867; baseline -0.003 -9"><span class='ocrx_word' id='word_1_378' title='bbox 125 1831 224 1858; x_wconf 67' lang='grc' dir='ltr'>ϐάτων</span> <span class='ocrx_word' id='word_1_379' title='bbox 239 1832 322 1866; x_wconf 72' lang='grc' dir='ltr'>σηκὸν</span> <span class='ocrx_word' id='word_1_380' title='bbox 333 1831 552 1867; x_wconf 79' lang='grc' dir='ltr'>ἀναστρέφονται</span> <span class='ocrx_word' id='word_1_381' title='bbox 564 1839 571 1845; x_wconf 81' lang='grc'><strong>’</strong></span> <span class='ocrx_word' id='word_1_382' title='bbox 593 1831 640 1858; x_wconf 75' lang='grc' dir='ltr'>καὶ</span> <span class='ocrx_word' id='word_1_383' title='bbox 661 1830 706 1858; x_wconf 77' lang='grc' dir='ltr'>διὰ</span> <span class='ocrx_word' id='word_1_384' title='bbox 721 1829 800 1857; x_wconf 80' lang='grc' dir='ltr'>τοῦτο</span> <span class='ocrx_word' id='word_1_385' title='bbox 813 1829 924 1862; x_wconf 78' lang='grc' dir='ltr'>τούτους</span> 
     </span>
    </p>
   </div>
   <div class='ocr_carea' id='block_1_55' title="bbox 126 1875 925 1914">
    <p class='ocr_par' dir='ltr' id='par_1_55' title="bbox 126 1875 925 1914">
     <span class='ocr_line' id='line_1_55' title="bbox 126 1875 925 1914; baseline -0.004 -10"><span class='ocrx_word' id='word_1_386' title='bbox 126 1877 386 1914; x_wconf 77' lang='grc' dir='ltr'>προηυτρεπίσατο,</span> <span class='ocrx_word' id='word_1_387' title='bbox 400 1877 437 1908; x_wconf 81' lang='grc' dir='ltr'>ὡς</span> <span class='ocrx_word' id='word_1_388' title='bbox 457 1876 489 1903; x_wconf 81' lang='grc' dir='ltr'>ἂν</span> <span class='ocrx_word' id='word_1_389' title='bbox 506 1876 672 1913; x_wconf 68' lang='grc' dir='ltr'>δορυφόρους</span> <span class='ocrx_word' id='word_1_390' title='bbox 688 1876 787 1907; x_wconf 74' lang='grc' dir='ltr'>αὐτοὺς</span> <span class='ocrx_word' id='word_1_391' title='bbox 802 1875 925 1910; x_wconf 77' lang='grc' dir='ltr'>εὑρίσκοι</span> 
     </span>
    </p>
   </div>
   <div class='ocr_carea' id='block_1_56' title="bbox 125 1920 926 1959">
    <p class='ocr_par' dir='ltr' id='par_1_56' title="bbox 125 1920 926 1959">
     <span class='ocr_line' id='line_1_56' title="bbox 125 1920 926 1959; baseline -0.004 -8"><span class='ocrx_word' id='word_1_392' title='bbox 125 1924 214 1959; x_wconf 66' lang='grc' dir='ltr'>τυχὸν</span> <span class='ocrx_word' id='word_1_393' title='bbox 229 1923 275 1950; x_wconf 65' lang='grc' dir='ltr'><strong>διὰ</strong></span> <span class='ocrx_word' id='word_1_394' title='bbox 297 1923 347 1959; x_wconf 83' lang='grc' dir='ltr'>τὴν</span> <span class='ocrx_word' id='word_1_395' title='bbox 364 1923 448 1950; x_wconf 85' lang='grc' dir='ltr'>πάλαι</span> <span class='ocrx_word' id='word_1_396' title='bbox 468 1921 603 1956; x_wconf 84' lang='grc' dir='ltr'>δουλείαν,</span> <span class='ocrx_word' id='word_1_397' title='bbox 619 1922 683 1949; x_wconf 77' lang='grc' dir='ltr'>ὃταν</span> <span class='ocrx_word' id='word_1_398' title='bbox 705 1923 743 1954; x_wconf 86' lang='grc' dir='ltr'><strong>εἰς</strong></span> <span class='ocrx_word' id='word_1_399' title='bbox 753 1922 788 1948; x_wconf 83' lang='grc' dir='ltr'><strong>τὰ</strong></span> <span class='ocrx_word' id='word_1_400' title='bbox 802 1920 926 1956; x_wconf 81' lang='grc' dir='ltr'>βασίλεια</span> 
     </span>
    </p>
   </div>
   <div class='ocr_carea' id='block_1_57' title="bbox 126 1966 925 2004">
    <p class='ocr_par' dir='ltr' id='par_1_57' title="bbox 126 1966 925 2004">
     <span class='ocr_line' id='line_1_57' title="bbox 126 1966 925 2004; baseline -0.005 -7"><span class='ocrx_word' id='word_1_401' title='bbox 126 1971 260 1998; x_wconf 76' lang='grc' dir='ltr'>εἴσεισιν.</span> <span class='ocrx_word' id='word_1_402' title='bbox 273 1967 364 1996; x_wconf 77' lang='grc' dir='ltr'>Ἶῐσαν</span> <span class='ocrx_word' id='word_1_403' title='bbox 384 1970 412 1996; x_wconf 80' lang='grc' dir='ltr'>δὲ</span> <span class='ocrx_word' id='word_1_404' title='bbox 435 1970 482 1996; x_wconf 68' lang='grc' dir='ltr'>καὶ</span> <span class='ocrx_word' id='word_1_405' title='bbox 496 1970 626 2003; x_wconf 81' lang='grc' dir='ltr'>γυναῖκες</span> <span class='ocrx_word' id='word_1_406' title='bbox 643 1968 802 2004; x_wconf 85' lang='grc' dir='ltr'>σκιάατριαι</span> <span class='ocrx_word' id='word_1_407' title='bbox 817 1966 925 1999; x_wconf 75' lang='grc' dir='ltr'>ἑκατὸν,</span> 
     </span>
    </p>
   </div>
   <div class='ocr_carea' id='block_1_58' title="bbox 127 2013 926 2052">
    <p class='ocr_par' dir='ltr' id='par_1_58' title="bbox 127 2013 926 2052">
     <span class='ocr_line' id='line_1_58' title="bbox 127 2013 926 2052; baseline -0.005 -8"><span class='ocrx_word' id='word_1_408' title='bbox 127 2018 178 2044; x_wconf 74' lang='grc' dir='ltr'>καὶ</span> <span class='ocrx_word' id='word_1_409' title='bbox 192 2017 300 2044; x_wconf 77' lang='grc' dir='ltr'>Σιδόνιοι</span> <span class='ocrx_word' id='word_1_410' title='bbox 313 2016 335 2033; x_wconf 82' lang='grc'>³’</span> <span class='ocrx_word' id='word_1_411' title='bbox 353 2016 421 2052; x_wconf 78' lang='grc' dir='ltr'>ἔργα</span> <span class='ocrx_word' id='word_1_412' title='bbox 437 2016 621 2052; x_wconf 85' lang='grc' dir='ltr'>παμποίκιλα,</span> <span class='ocrx_word' id='word_1_413' title='bbox 639 2014 656 2042; x_wconf 83' lang='grc' dir='ltr'>ἃ</span> <span class='ocrx_word' id='word_1_414' title='bbox 669 2014 702 2050; x_wconf 82' lang='grc' dir='ltr'>δὴ</span> <span class='ocrx_word' id='word_1_415' title='bbox 716 2015 763 2041; x_wconf 81' lang='grc' dir='ltr'>νῦν</span> <span class='ocrx_word' id='word_1_416' title='bbox 780 2013 926 2049; x_wconf 76' lang='grc' dir='ltr'>παραφθα-</span> 
     </span>
    </p>
   </div>
   <div class='ocr_carea' id='block_1_59' title="bbox 129 2060 926 2099">
    <p class='ocr_par' dir='ltr' id='par_1_59' title="bbox 129 2060 926 2099">
     <span class='ocr_line' id='line_1_59' title="bbox 129 2060 926 2099; baseline -0.005 -9"><span class='ocrx_word' id='word_1_417' title='bbox 129 2063 228 2099; x_wconf 77' lang='grc' dir='ltr'>ρέντος</span> <span class='ocrx_word' id='word_1_418' title='bbox 246 2063 328 2098; x_wconf 78' lang='grc' dir='ltr'>τυχὸν</span> <span class='ocrx_word' id='word_1_419' title='bbox 342 2063 389 2090; x_wconf 85' lang='grc' dir='ltr'><strong>τοῦ</strong></span> <span class='ocrx_word' id='word_1_420' title='bbox 410 2063 543 2098; x_wconf 72' lang='grc' dir='ltr'>ὀνόματος</span> <span class='ocrx_word' id='word_1_421' title='bbox 557 2062 600 2098; x_wconf 83' lang='grc' dir='ltr'><strong>[Ρ.</strong></span> <span class='ocrx_word' id='word_1_422' title='bbox 616 2061 679 2098; x_wconf 76' lang='grc'><strong>196]</strong></span> <span class='ocrx_word' id='word_1_423' title='bbox 694 2063 727 2098; x_wconf 79' lang='grc' dir='ltr'>τῇ</span> <span class='ocrx_word' id='word_1_424' title='bbox 745 2061 799 2087; x_wconf 82' lang='grc' dir='ltr'><strong>τῶν</strong></span> <span class='ocrx_word' id='word_1_425' title='bbox 819 2060 926 2088; x_wconf 74' lang='grc' dir='ltr'>πολλῶν</span> 
     </span>
    </p>
   </div>
   <div class='ocr_carea' id='block_1_60' title="bbox 126 2107 926 2145">
    <p class='ocr_par' dir='ltr' id='par_1_60' title="bbox 126 2107 926 2145">
     <span class='ocr_line' id='line_1_60' title="bbox 126 2107 926 2145; baseline -0.004 -9"><span class='ocrx_word' id='word_1_426' title='bbox 126 2110 240 2145; x_wconf 72' lang='grc' dir='ltr'>ἀμαθίᾳ</span> <span class='ocrx_word' id='word_1_427' title='bbox 252 2109 361 2144; x_wconf 85' lang='grc' dir='ltr'>λέγεται</span> <span class='ocrx_word' id='word_1_428' title='bbox 376 2110 492 2142; x_wconf 85' lang='grc' dir='ltr'>σενδαῖς,</span> <span class='ocrx_word' id='word_1_429' title='bbox 506 2109 615 2142; x_wconf 78' lang='grc' dir='ltr'>ἑκατὸν,</span> <span class='ocrx_word' id='word_1_430' title='bbox 628 2108 841 2144; x_wconf 86' lang='grc' dir='ltr'>λινομαλοτάρια</span> <span class='ocrx_word' id='word_1_431' title='bbox 861 2107 926 2134; x_wconf 74' lang='grc' dir='ltr'>ἑκα-</span> 
     </span>
    </p>
   </div>
   <div class='ocr_carea' id='block_1_61' title="bbox 126 2153 926 2190">
    <p class='ocr_par' dir='ltr' id='par_1_61' title="bbox 126 2153 926 2190">
     <span class='ocr_line' id='line_1_61' title="bbox 126 2153 926 2190; baseline -0.003 -9"><span class='ocrx_word' id='word_1_432' title='bbox 126 2155 178 2181; x_wconf 69' lang='grc' dir='ltr'><strong>τὸν</strong></span> <span class='ocrx_word' id='word_1_433' title='bbox 191 2155 286 2189; x_wconf 80' lang='grc' dir='ltr'>(καλὸν</span> <span class='ocrx_word' id='word_1_434' title='bbox 293 2155 346 2190; x_wconf 79' lang='grc' dir='ltr'><strong>γὰρ</strong></span> <span class='ocrx_word' id='word_1_435' title='bbox 360 2155 406 2181; x_wconf 71' lang='grc' dir='ltr'><strong>ἐπὶ</strong></span> <span class='ocrx_word' id='word_1_436' title='bbox 418 2155 523 2187; x_wconf 83' lang='grc' dir='ltr'>τούτοις</span> <span class='ocrx_word' id='word_1_437' title='bbox 535 2153 739 2189; x_wconf 83' lang='grc' dir='ltr'>κοινολεκτεῖν),</span> <span class='ocrx_word' id='word_1_438' title='bbox 749 2153 854 2189; x_wconf 78' lang='grc' dir='ltr'>ἀμάλια</span> <span class='ocrx_word' id='word_1_439' title='bbox 865 2154 926 2180; x_wconf 73' lang='grc' dir='ltr'>λινᾶ</span> 
     </span>
    </p>
   </div>
   <div class='ocr_carea' id='block_1_62' title="bbox 127 2198 925 2235">
    <p class='ocr_par' dir='ltr' id='par_1_62' title="bbox 127 2198 925 2235">
     <span class='ocr_line' id='line_1_62' title="bbox 127 2198 925 2235; baseline 0 -10"><span class='ocrx_word' id='word_1_440' title='bbox 127 2199 199 2235; x_wconf 78' lang='grc' dir='ltr'>ψιλὰ</span> <span class='ocrx_word' id='word_1_441' title='bbox 215 2200 238 2216; x_wconf 69' lang='grc'><strong>⁵⁸</strong></span> <span class='ocrx_word' id='word_1_442' title='bbox 254 2199 390 2233; x_wconf 75' lang='grc' dir='ltr'>διακόσια,</span> <span class='ocrx_word' id='word_1_443' title='bbox 413 2200 460 2227; x_wconf 84' lang='grc' dir='ltr'>καὶ</span> <span class='ocrx_word' id='word_1_444' title='bbox 486 2200 566 2235; x_wconf 71' lang='grc' dir='ltr'>ἕτερα</span> <span class='ocrx_word' id='word_1_445' title='bbox 582 2199 652 2234; x_wconf 79' lang='grc' dir='ltr'>ὑπὲρ</span> <span class='ocrx_word' id='word_1_446' title='bbox 669 2199 702 2226; x_wconf 82' lang='grc' dir='ltr'><strong>τὰ</strong></span> <span class='ocrx_word' id='word_1_447' title='bbox 725 2199 772 2226; x_wconf 87' lang='grc' dir='ltr'><strong>τοῦ</strong></span> <span class='ocrx_word' id='word_1_448' title='bbox 794 2198 925 2234; x_wconf 84' lang='grc' dir='ltr'>ἀραχνίου</span> 
     </span>
    </p>
   </div>
   <div class='ocr_carea' id='block_1_63' title="bbox 971 999 1763 1036">
    <p class='ocr_par' dir='ltr' id='par_1_63' title="bbox 971 999 1763 1036">
     <span class='ocr_line' id='line_1_63' title="bbox 971 999 1763 1036; baseline 0.005 -9"><span class='ocrx_word' id='word_1_449' title='bbox 971 999 1094 1027; x_wconf 88' lang='lat' dir='ltr'><strong>lecticam</strong></span> <span class='ocrx_word' id='word_1_450' title='bbox 1131 1000 1357 1033; x_wconf 84' lang='lat' dir='ltr'><strong>sustollentibus,</strong></span> <span class='ocrx_word' id='word_1_451' title='bbox 1404 1001 1536 1036; x_wconf 69' lang='lat' dir='ltr'><strong>«lenisque</strong></span> <span class='ocrx_word' id='word_1_452' title='bbox 1569 1002 1630 1030; x_wconf 83' lang='lat' dir='ltr'><strong>aliis</strong></span> <span class='ocrx_word' id='word_1_453' title='bbox 1667 1011 1763 1031; x_wconf 85' lang='lat' dir='ltr'><strong>succe—</strong></span> 
     </span>
    </p>
   </div>
   <div class='ocr_carea' id='block_1_64' title="bbox 971 1045 1762 1084">
    <p class='ocr_par' dir='ltr' id='par_1_64' title="bbox 971 1045 1762 1084">
     <span class='ocr_line' id='line_1_64' title="bbox 971 1045 1762 1084; baseline 0.004 -12"><span class='ocrx_word' id='word_1_454' title='bbox 971 1045 1109 1078; x_wconf 87' lang='lat' dir='ltr'><strong>dentibus,</strong></span> <span class='ocrx_word' id='word_1_455' title='bbox 1132 1047 1205 1081; x_wconf 86' lang='lat' dir='ltr'><strong>quod</strong></span> <span class='ocrx_word' id='word_1_456' title='bbox 1226 1054 1240 1073; x_wconf 96' lang='lat' dir='ltr'><strong>a</strong></span> <span class='ocrx_word' id='word_1_457' title='bbox 1267 1046 1454 1081; x_wconf 82' lang='lat' dir='ltr'><strong>Peloponneso</strong></span> <span class='ocrx_word' id='word_1_458' title='bbox 1480 1048 1514 1074; x_wconf 86' lang='lat' dir='ltr'><strong>ad</strong></span> <span class='ocrx_word' id='word_1_459' title='bbox 1540 1047 1636 1075; x_wconf 88' lang='lat' dir='ltr'><strong>urbem</strong></span> <span class='ocrx_word' id='word_1_460' title='bbox 1660 1048 1762 1084; x_wconf 72' lang='lat' dir='ltr'><strong>regiam</strong></span> 
     </span>
    </p>
   </div>
   <div class='ocr_carea' id='block_1_65' title="bbox 972 1091 1764 1130">
    <p class='ocr_par' dir='ltr' id='par_1_65' title="bbox 972 1091 1764 1130">
     <span class='ocr_line' id='line_1_65' title="bbox 972 1091 1764 1130; baseline 0.005 -12"><span class='ocrx_word' id='word_1_461' title='bbox 972 1091 1023 1119; x_wconf 82' lang='lat' dir='ltr'><strong>iter</strong></span> <span class='ocrx_word' id='word_1_462' title='bbox 1045 1096 1087 1119; x_wconf 86' lang='lat' dir='ltr'><strong>est</strong></span> <span class='ocrx_word' id='word_1_463' title='bbox 1107 1092 1233 1120; x_wconf 84' lang='lat' dir='ltr'><strong>confecit.</strong></span> <span class='ocrx_word' id='word_1_464' title='bbox 1252 1093 1369 1128; x_wconf 77' lang='lat' dir='ltr'><strong>Accepta</strong></span> <span class='ocrx_word' id='word_1_465' title='bbox 1386 1093 1413 1120; x_wconf 93' lang='lat' dir='ltr'><strong>in</strong></span> <span class='ocrx_word' id='word_1_466' title='bbox 1429 1092 1577 1128; x_wconf 78' lang='lat' dir='ltr'><strong>Magnaura</strong></span> <span class='ocrx_word' id='word_1_467' title='bbox 1594 1093 1678 1130; x_wconf 75' lang='lat'><strong>318</strong></span> <span class='ocrx_word' id='word_1_468' title='bbox 1696 1102 1764 1122; x_wconf 91' lang='lat' dir='ltr'><strong>con-</strong></span> 
     </span>
    </p>
   </div>
   <div class='ocr_carea' id='block_1_66' title="bbox 972 1137 1765 1176">
    <p class='ocr_par' dir='ltr' id='par_1_66' title="bbox 972 1137 1765 1176">
     <span class='ocr_line' id='line_1_66' title="bbox 972 1137 1765 1176; baseline 0.005 -12"><span class='ocrx_word' id='word_1_469' title='bbox 972 1138 1044 1165; x_wconf 87' lang='lat' dir='ltr'><strong>vivio</strong></span> <span class='ocrx_word' id='word_1_470' title='bbox 1074 1137 1140 1173; x_wconf 92' lang='lat' dir='ltr'><strong>(quo</strong></span> <span class='ocrx_word' id='word_1_471' title='bbox 1173 1139 1234 1166; x_wconf 90' lang='lat' dir='ltr'><strong>loco</strong></span> <span class='ocrx_word' id='word_1_472' title='bbox 1266 1139 1382 1166; x_wconf 79' lang='lat' dir='ltr'><strong>Romani</strong></span> <span class='ocrx_word' id='word_1_473' title='bbox 1415 1139 1595 1175; x_wconf 85' lang='lat' dir='ltr'><strong>imperatores</strong></span> <span class='ocrx_word' id='word_1_474' title='bbox 1624 1141 1765 1176; x_wconf 79' lang='lat' dir='ltr'><strong>suscipere</strong></span> 
     </span>
    </p>
   </div>
   <div class='ocr_carea' id='block_1_67' title="bbox 972 1184 1764 1222">
    <p class='ocr_par' dir='ltr' id='par_1_67' title="bbox 972 1184 1764 1222">
     <span class='ocr_line' id='line_1_67' title="bbox 972 1184 1764 1222; baseline 0.004 -11"><span class='ocrx_word' id='word_1_475' title='bbox 972 1184 1070 1217; x_wconf 87' lang='lat' dir='ltr'><strong>solent,</strong></span> <span class='ocrx_word' id='word_1_476' title='bbox 1087 1184 1110 1211; x_wconf 88' lang='lat' dir='ltr'><strong>si</strong></span> <span class='ocrx_word' id='word_1_477' title='bbox 1135 1192 1203 1219; x_wconf 89' lang='lat' dir='ltr'><strong>quos</strong></span> <span class='ocrx_word' id='word_1_478' title='bbox 1217 1184 1364 1212; x_wconf 86' lang='lat' dir='ltr'><strong>illustrium</strong></span> <span class='ocrx_word' id='word_1_479' title='bbox 1379 1193 1596 1221; x_wconf 73' lang='lat' dir='ltr'><strong>magnorumque</strong></span> <span class='ocrx_word' id='word_1_480' title='bbox 1610 1186 1698 1222; x_wconf 74' lang='lat' dir='ltr'><strong>gentis</strong></span> <span class='ocrx_word' id='word_1_481' title='bbox 1713 1187 1764 1214; x_wconf 88' lang='lat' dir='ltr'><strong>ali-</strong></span> 
     </span>
    </p>
   </div>
   <div class='ocr_carea' id='block_1_68' title="bbox 973 1231 1764 1268">
    <p class='ocr_par' dir='ltr' id='par_1_68' title="bbox 973 1231 1764 1268">
     <span class='ocr_line' id='line_1_68' title="bbox 973 1231 1764 1268; baseline 0.004 -11"><span class='ocrx_word' id='word_1_482' title='bbox 973 1231 1051 1266; x_wconf 83' lang='lat' dir='ltr'><strong>cujus</strong></span> <span class='ocrx_word' id='word_1_483' title='bbox 1065 1236 1241 1266; x_wconf 77' lang='lat' dir='ltr'><strong>satraparum</strong></span> <span class='ocrx_word' id='word_1_484' title='bbox 1259 1238 1292 1258; x_wconf 85' lang='lat' dir='ltr'><strong>ac</strong></span> <span class='ocrx_word' id='word_1_485' title='bbox 1306 1231 1459 1266; x_wconf 75' lang='lat' dir='ltr'><strong>principum</strong></span> <span class='ocrx_word' id='word_1_486' title='bbox 1481 1233 1622 1268; x_wconf 82' lang='lat' dir='ltr'><strong>excepturi</strong></span> <span class='ocrx_word' id='word_1_487' title='bbox 1641 1233 1715 1268; x_wconf 83' lang='lat' dir='ltr'><strong>sunt)</strong></span> <span class='ocrx_word' id='word_1_488' title='bbox 1731 1233 1764 1260; x_wconf 88' lang='lat' dir='ltr'><strong>ad</strong></span> 
     </span>
    </p>
   </div>
   <div class='ocr_carea' id='block_1_69' title="bbox 974 1276 1765 1313">
    <p class='ocr_par' dir='ltr' id='par_1_69' title="bbox 974 1276 1765 1313">
     <span class='ocr_line' id='line_1_69' title="bbox 974 1276 1765 1313; baseline 0.005 -10"><span class='ocrx_word' id='word_1_489' title='bbox 974 1276 1166 1311; x_wconf 84' lang='lat' dir='ltr'><strong>imperatorem</strong></span> <span class='ocrx_word' id='word_1_490' title='bbox 1185 1277 1336 1305; x_wconf 88' lang='lat' dir='ltr'><strong>honoriﬁce</strong></span> <span class='ocrx_word' id='word_1_491' title='bbox 1359 1285 1392 1306; x_wconf 88' lang='lat' dir='ltr'><strong>ac</strong></span> <span class='ocrx_word' id='word_1_492' title='bbox 1417 1278 1561 1313; x_wconf 76' lang='lat' dir='ltr'><strong>splendido</strong></span> <span class='ocrx_word' id='word_1_493' title='bbox 1583 1279 1660 1307; x_wconf 85' lang='lat' dir='ltr'><strong>cultu</strong></span> <span class='ocrx_word' id='word_1_494' title='bbox 1683 1279 1765 1307; x_wconf 89' lang='lat' dir='ltr'><strong>indu-</strong></span> 
     </span>
    </p>
   </div>
   <div class='ocr_carea' id='block_1_70' title="bbox 974 1323 1766 1361">
    <p class='ocr_par' dir='ltr' id='par_1_70' title="bbox 974 1323 1766 1361">
     <span class='ocr_line' id='line_1_70' title="bbox 974 1323 1766 1361; baseline 0.003 -11"><span class='ocrx_word' id='word_1_495' title='bbox 974 1323 1054 1354; x_wconf 82' lang='lat' dir='ltr'><strong>citur,</strong></span> <span class='ocrx_word' id='word_1_496' title='bbox 1070 1323 1131 1358; x_wconf 88' lang='lat' dir='ltr'><strong>ejus</strong></span> <span class='ocrx_word' id='word_1_497' title='bbox 1145 1323 1253 1358; x_wconf 80' lang='lat' dir='ltr'><strong>generis</strong></span> <span class='ocrx_word' id='word_1_498' title='bbox 1271 1328 1401 1359; x_wconf 85' lang='lat' dir='ltr'><strong>tantaque</strong></span> <span class='ocrx_word' id='word_1_499' title='bbox 1422 1325 1492 1352; x_wconf 89' lang='lat' dir='ltr'><strong>dona</strong></span> <span class='ocrx_word' id='word_1_500' title='bbox 1511 1324 1643 1360; x_wconf 77' lang='lat' dir='ltr'><strong>inferens,</strong></span> <span class='ocrx_word' id='word_1_501' title='bbox 1663 1329 1766 1361; x_wconf 80' lang='lat' dir='ltr'><strong>quanta</strong></span> 
     </span>
    </p>
   </div>
   <div class='ocr_carea' id='block_1_71' title="bbox 976 1370 1768 1407">
    <p class='ocr_par' dir='ltr' id='par_1_71' title="bbox 976 1370 1768 1407">
     <span class='ocr_line' id='line_1_71' title="bbox 976 1370 1768 1407; baseline 0.004 -10"><span class='ocrx_word' id='word_1_502' title='bbox 976 1377 1056 1398; x_wconf 81' lang='lat' dir='ltr'><strong>nemo</strong></span> <span class='ocrx_word' id='word_1_503' title='bbox 1073 1370 1130 1398; x_wconf 80' lang='lat' dir='ltr'><strong>fere</strong></span> <span class='ocrx_word' id='word_1_504' title='bbox 1147 1376 1266 1406; x_wconf 86' lang='lat' dir='ltr'><strong>unquam</strong></span> <span class='ocrx_word' id='word_1_505' title='bbox 1283 1371 1398 1398; x_wconf 86' lang='lat' dir='ltr'><strong>aliarum</strong></span> <span class='ocrx_word' id='word_1_506' title='bbox 1412 1371 1534 1406; x_wconf 76' lang='lat' dir='ltr'><strong>gentium</strong></span> <span class='ocrx_word' id='word_1_507' title='bbox 1550 1379 1645 1407; x_wconf 81' lang='lat' dir='ltr'><strong>regum</strong></span> <span class='ocrx_word' id='word_1_508' title='bbox 1660 1371 1693 1399; x_wconf 86' lang='lat' dir='ltr'><strong>ad</strong></span> <span class='ocrx_word' id='word_1_509' title='bbox 1710 1372 1768 1400; x_wconf 67' lang='lat' dir='ltr'><strong>haec</strong></span> 
     </span>
    </p>
   </div>
   <div class='ocr_carea' id='block_1_72' title="bbox 975 1416 1768 1452">
    <p class='ocr_par' dir='ltr' id='par_1_72' title="bbox 975 1416 1768 1452">
     <span class='ocr_line' id='line_1_72' title="bbox 975 1416 1768 1452; baseline 0.003 -9"><span class='ocrx_word' id='word_1_510' title='bbox 975 1424 1063 1452; x_wconf 89' lang='lat' dir='ltr'><strong>usque</strong></span> <span class='ocrx_word' id='word_1_511' title='bbox 1078 1421 1199 1452; x_wconf 89' lang='lat' dir='ltr'><strong>tempora</strong></span> <span class='ocrx_word' id='word_1_512' title='bbox 1220 1417 1344 1444; x_wconf 77' lang='lat' dir='ltr'><strong>Romano</strong></span> <span class='ocrx_word' id='word_1_513' title='bbox 1362 1417 1519 1452; x_wconf 88' lang='lat' dir='ltr'><strong>imperatori</strong></span> <span class='ocrx_word' id='word_1_514' title='bbox 1545 1417 1647 1446; x_wconf 83' lang='lat' dir='ltr'><strong>intulit.</strong></span> <span class='ocrx_word' id='word_1_515' title='bbox 1671 1416 1768 1445; x_wconf 63' lang='lat' dir='ltr'><strong>Vernae</strong></span> 
     </span>
    </p>
   </div>
   <div class='ocr_carea' id='block_1_73' title="bbox 975 1463 1766 1500">
    <p class='ocr_par' dir='ltr' id='par_1_73' title="bbox 975 1463 1766 1500">
     <span class='ocr_line' id='line_1_73' title="bbox 975 1463 1766 1500; baseline 0.003 -10"><span class='ocrx_word' id='word_1_516' title='bbox 975 1467 1053 1490; x_wconf 88' lang='lat' dir='ltr'><strong>erant</strong></span> <span class='ocrx_word' id='word_1_517' title='bbox 1068 1463 1194 1496; x_wconf 81' lang='lat' dir='ltr'><strong>trecenti,</strong></span> <span class='ocrx_word' id='word_1_518' title='bbox 1210 1471 1242 1490; x_wconf 86' lang='lat' dir='ltr'><strong>ex</strong></span> <span class='ocrx_word' id='word_1_519' title='bbox 1258 1463 1358 1498; x_wconf 88' lang='lat' dir='ltr'><strong>quibus</strong></span> <span class='ocrx_word' id='word_1_520' title='bbox 1382 1468 1497 1497; x_wconf 84' lang='lat' dir='ltr'><strong>centum</strong></span> <span class='ocrx_word' id='word_1_521' title='bbox 1505 1463 1644 1500; x_wconf 74' lang='lat' dir='ltr'><strong>elegantes</strong></span> <span class='ocrx_word' id='word_1_522' title='bbox 1656 1465 1766 1492; x_wconf 85' lang='lat' dir='ltr'><strong>castrati</strong></span> 
     </span>
    </p>
   </div>
   <div class='ocr_carea' id='block_1_74' title="bbox 975 1507 1769 1545">
    <p class='ocr_par' dir='ltr' id='par_1_74' title="bbox 975 1507 1769 1545">
     <span class='ocr_line' id='line_1_74' title="bbox 975 1507 1769 1545; baseline 0.001 -9"><span class='ocrx_word' id='word_1_523' title='bbox 975 1514 1064 1536; x_wconf 88' lang='lat' dir='ltr'><strong>erant.</strong></span> <span class='ocrx_word' id='word_1_524' title='bbox 1080 1507 1200 1536; x_wconf 79' lang='lat' dir='ltr'><strong>Noverat</strong></span> <span class='ocrx_word' id='word_1_525' title='bbox 1223 1509 1307 1542; x_wconf 87' lang='lat' dir='ltr'><strong>enim,</strong></span> <span class='ocrx_word' id='word_1_526' title='bbox 1332 1513 1360 1536; x_wconf 93' lang='lat' dir='ltr'><strong>ut</strong></span> <span class='ocrx_word' id='word_1_527' title='bbox 1375 1509 1493 1543; x_wconf 84' lang='lat' dir='ltr'><strong>videtur,</strong></span> <span class='ocrx_word' id='word_1_528' title='bbox 1507 1510 1686 1545; x_wconf 69' lang='lat' dir='ltr'><strong>praelocuples</strong></span> <span class='ocrx_word' id='word_1_529' title='bbox 1701 1518 1769 1538; x_wconf 83' lang='lat' dir='ltr'><strong>anns</strong></span> 
     </span>
    </p>
   </div>
   <div class='ocr_carea' id='block_1_75' title="bbox 976 1555 1769 1592">
    <p class='ocr_par' dir='ltr' id='par_1_75' title="bbox 976 1555 1769 1592">
     <span class='ocr_line' id='line_1_75' title="bbox 976 1555 1769 1592; baseline 0.004 -11"><span class='ocrx_word' id='word_1_530' title='bbox 976 1562 1085 1590; x_wconf 89' lang='lat' dir='ltr'><strong>semper</strong></span> <span class='ocrx_word' id='word_1_531' title='bbox 1105 1555 1209 1582; x_wconf 88' lang='lat' dir='ltr'><strong>aditum</strong></span> <span class='ocrx_word' id='word_1_532' title='bbox 1226 1555 1252 1582; x_wconf 92' lang='lat' dir='ltr'><strong>in</strong></span> <span class='ocrx_word' id='word_1_533' title='bbox 1272 1555 1362 1583; x_wconf 83' lang='lat' dir='ltr'><strong>aulam</strong></span> <span class='ocrx_word' id='word_1_534' title='bbox 1379 1555 1550 1591; x_wconf 85' lang='lat' dir='ltr'><strong>spadonibus</strong></span> <span class='ocrx_word' id='word_1_535' title='bbox 1565 1561 1669 1592; x_wconf 84' lang='lat' dir='ltr'><strong>patere,</strong></span> <span class='ocrx_word' id='word_1_536' title='bbox 1685 1557 1769 1592; x_wconf 85' lang='lat' dir='ltr'><strong>inque</strong></span> 
     </span>
    </p>
   </div>
   <div class='ocr_carea' id='block_1_76' title="bbox 978 1599 1769 1636">
    <p class='ocr_par' dir='ltr' id='par_1_76' title="bbox 978 1599 1769 1636">
     <span class='ocr_line' id='line_1_76' title="bbox 978 1599 1769 1636; baseline 0.004 -10"><span class='ocrx_word' id='word_1_537' title='bbox 978 1599 1023 1626; x_wconf 89' lang='lat' dir='ltr'><strong>illa</strong></span> <span class='ocrx_word' id='word_1_538' title='bbox 1038 1600 1132 1635; x_wconf 88' lang='lat' dir='ltr'><strong>plures</strong></span> <span class='ocrx_word' id='word_1_539' title='bbox 1148 1601 1254 1628; x_wconf 83' lang='lat' dir='ltr'><strong>versari</strong></span> <span class='ocrx_word' id='word_1_540' title='bbox 1272 1609 1353 1636; x_wconf 90' lang='lat' dir='ltr'><strong>quam</strong></span> <span class='ocrx_word' id='word_1_541' title='bbox 1373 1601 1400 1628; x_wconf 91' lang='lat' dir='ltr'><strong>in</strong></span> <span class='ocrx_word' id='word_1_542' title='bbox 1416 1602 1494 1629; x_wconf 88' lang='lat' dir='ltr'><strong>caula</strong></span> <span class='ocrx_word' id='word_1_543' title='bbox 1519 1601 1656 1636; x_wconf 89' lang='lat' dir='ltr'><strong>pecudum</strong></span> <span class='ocrx_word' id='word_1_544' title='bbox 1683 1610 1769 1630; x_wconf 89' lang='lat' dir='ltr'><strong>verno</strong></span> 
     </span>
    </p>
   </div>
   <div class='ocr_carea' id='block_1_77' title="bbox 977 1646 1771 1683">
    <p class='ocr_par' dir='ltr' id='par_1_77' title="bbox 977 1646 1771 1683">
     <span class='ocr_line' id='line_1_77' title="bbox 977 1646 1771 1683; baseline 0.004 -10"><span class='ocrx_word' id='word_1_545' title='bbox 977 1651 1099 1681; x_wconf 84' lang='lat' dir='ltr'><strong>tempore</strong></span> <span class='ocrx_word' id='word_1_546' title='bbox 1115 1654 1228 1674; x_wconf 77' lang='lat' dir='ltr'><strong>muscre.</strong></span> <span class='ocrx_word' id='word_1_547' title='bbox 1250 1646 1371 1682; x_wconf 81' lang='lat' dir='ltr'><strong>Ejusque</strong></span> <span class='ocrx_word' id='word_1_548' title='bbox 1385 1647 1422 1674; x_wconf 92' lang='lat' dir='ltr'><strong>rci</strong></span> <span class='ocrx_word' id='word_1_549' title='bbox 1442 1648 1530 1683; x_wconf 81' lang='lat' dir='ltr'><strong>gratia</strong></span> <span class='ocrx_word' id='word_1_550' title='bbox 1541 1655 1588 1675; x_wconf 86' lang='lat' dir='ltr'><strong>eos</strong></span> <span class='ocrx_word' id='word_1_551' title='bbox 1603 1653 1685 1676; x_wconf 81' lang='lat' dir='ltr'><strong>antea</strong></span> <span class='ocrx_word' id='word_1_552' title='bbox 1701 1656 1771 1683; x_wconf 72' lang='lat' dir='ltr'><strong>prae-</strong></span> 
     </span>
    </p>
   </div>
   <div class='ocr_carea' id='block_1_78' title="bbox 977 1692 1768 1728">
    <p class='ocr_par' dir='ltr' id='par_1_78' title="bbox 977 1692 1768 1728">
     <span class='ocr_line' id='line_1_78' title="bbox 977 1692 1768 1728; baseline 0.004 -9"><span class='ocrx_word' id='word_1_553' title='bbox 977 1697 1129 1727; x_wconf 72' lang='lat' dir='ltr'><strong>paraverat,</strong></span> <span class='ocrx_word' id='word_1_554' title='bbox 1147 1698 1176 1720; x_wconf 89' lang='lat' dir='ltr'><strong>ut</strong></span> <span class='ocrx_word' id='word_1_555' title='bbox 1192 1692 1260 1720; x_wconf 85' lang='lat' dir='ltr'><strong>forte</strong></span> <span class='ocrx_word' id='word_1_556' title='bbox 1273 1698 1457 1728; x_wconf 89' lang='lat' dir='ltr'><strong>opportunum</strong></span> <span class='ocrx_word' id='word_1_557' title='bbox 1471 1693 1630 1721; x_wconf 88' lang='lat' dir='ltr'><strong>comitatum</strong></span> <span class='ocrx_word' id='word_1_558' title='bbox 1645 1693 1768 1727; x_wconf 84' lang='lat' dir='ltr'><strong>haberet,</strong></span> 
     </span>
    </p>
   </div>
   <div class='ocr_carea' id='block_1_79' title="bbox 976 1739 1769 1775">
    <p class='ocr_par' dir='ltr' id='par_1_79' title="bbox 976 1739 1769 1775">
     <span class='ocr_line' id='line_1_79' title="bbox 976 1739 1769 1775; baseline 0.003 -10"><span class='ocrx_word' id='word_1_559' title='bbox 976 1747 1031 1774; x_wconf 91' lang='lat' dir='ltr'><strong>quo</strong></span> <span class='ocrx_word' id='word_1_560' title='bbox 1048 1739 1152 1773; x_wconf 73' lang='lat' dir='ltr'><strong>pridem</strong></span> <span class='ocrx_word' id='word_1_561' title='bbox 1168 1739 1302 1774; x_wconf 86' lang='lat' dir='ltr'><strong>obsequio</strong></span> <span class='ocrx_word' id='word_1_562' title='bbox 1320 1739 1407 1767; x_wconf 82' lang='lat' dir='ltr'><strong>functi</strong></span> <span class='ocrx_word' id='word_1_563' title='bbox 1429 1743 1532 1773; x_wconf 89' lang='lat' dir='ltr'><strong>essent,</strong></span> <span class='ocrx_word' id='word_1_564' title='bbox 1544 1748 1605 1767; x_wconf 89' lang='lat' dir='ltr'><strong>cum</strong></span> <span class='ocrx_word' id='word_1_565' title='bbox 1622 1741 1650 1768; x_wconf 92' lang='lat' dir='ltr'><strong>in</strong></span> <span class='ocrx_word' id='word_1_566' title='bbox 1668 1741 1769 1775; x_wconf 74' lang='lat' dir='ltr'><strong>regiam</strong></span> 
     </span>
    </p>
   </div>
   <div class='ocr_carea' id='block_1_80' title="bbox 977 1785 1771 1821">
    <p class='ocr_par' dir='ltr' id='par_1_80' title="bbox 977 1785 1771 1821">
     <span class='ocr_line' id='line_1_80' title="bbox 977 1785 1771 1821; baseline 0.003 -9"><span class='ocrx_word' id='word_1_567' title='bbox 977 1785 1134 1821; x_wconf 78' lang='lat' dir='ltr'><strong>ingressum</strong></span> <span class='ocrx_word' id='word_1_568' title='bbox 1165 1790 1248 1813; x_wconf 86' lang='lat' dir='ltr'><strong>esset.</strong></span> <span class='ocrx_word' id='word_1_569' title='bbox 1277 1785 1361 1813; x_wconf 79' lang='lat' dir='ltr'><strong>Erant</strong></span> <span class='ocrx_word' id='word_1_570' title='bbox 1388 1786 1452 1814; x_wconf 88' lang='lat' dir='ltr'><strong>item</strong></span> <span class='ocrx_word' id='word_1_571' title='bbox 1482 1786 1612 1814; x_wconf 84' lang='lat' dir='ltr'><strong>mulieres</strong></span> <span class='ocrx_word' id='word_1_572' title='bbox 1639 1786 1771 1814; x_wconf 77' lang='lat' dir='ltr'><strong>sciastritn</strong></span> 
     </span>
    </p>
   </div>
   <div class='ocr_carea' id='block_1_81' title="bbox 976 1832 1772 1868">
    <p class='ocr_par' dir='ltr' id='par_1_81' title="bbox 976 1832 1772 1868">
     <span class='ocr_line' id='line_1_81' title="bbox 976 1832 1772 1868; baseline 0.001 -9"><span class='ocrx_word' id='word_1_573' title='bbox 976 1837 1097 1864; x_wconf 89' lang='lat' dir='ltr'><strong>centum,</strong></span> <span class='ocrx_word' id='word_1_574' title='bbox 1118 1832 1304 1867; x_wconf 84' lang='lat' dir='ltr'><strong>sindonesqne</strong></span> <span class='ocrx_word' id='word_1_575' title='bbox 1326 1833 1418 1867; x_wconf 87' lang='lat' dir='ltr'><strong>lepore</strong></span> <span class='ocrx_word' id='word_1_576' title='bbox 1443 1833 1520 1859; x_wconf 82' lang='lat' dir='ltr'><strong>vario</strong></span> <span class='ocrx_word' id='word_1_577' title='bbox 1544 1833 1666 1860; x_wconf 79' lang='lat' dir='ltr'><strong>diSIincti</strong></span> <span class='ocrx_word' id='word_1_578' title='bbox 1691 1833 1772 1868; x_wconf 84' lang='lat' dir='ltr'><strong>(quos</strong></span> 
     </span>
    </p>
   </div>
   <div class='ocr_carea' id='block_1_82' title="bbox 977 1878 1772 1914">
    <p class='ocr_par' dir='ltr' id='par_1_82' title="bbox 977 1878 1772 1914">
     <span class='ocr_line' id='line_1_82' title="bbox 977 1878 1772 1914; baseline 0.001 -10"><span class='ocrx_word' id='word_1_579' title='bbox 977 1885 1050 1905; x_wconf 82' lang='lat' dir='ltr'><strong>nunc</strong></span> <span class='ocrx_word' id='word_1_580' title='bbox 1069 1883 1201 1912; x_wconf 83' lang='lat' dir='ltr'><strong>corrupta</strong></span> <span class='ocrx_word' id='word_1_581' title='bbox 1227 1878 1341 1905; x_wconf 83' lang='lat' dir='ltr'><strong>forsitan</strong></span> <span class='ocrx_word' id='word_1_582' title='bbox 1370 1886 1436 1906; x_wconf 89' lang='lat' dir='ltr'><strong>voce</strong></span> <span class='ocrx_word' id='word_1_583' title='bbox 1461 1879 1528 1905; x_wconf 88' lang='lat' dir='ltr'><strong>rude</strong></span> <span class='ocrx_word' id='word_1_584' title='bbox 1552 1878 1649 1914; x_wconf 79' lang='lat' dir='ltr'><strong>vulgus</strong></span> <span class='ocrx_word' id='word_1_585' title='bbox 1674 1878 1772 1905; x_wconf 81' lang='lat' dir='ltr'><strong>scndes</strong></span> 
     </span>
    </p>
   </div>
   <div class='ocr_carea' id='block_1_83' title="bbox 976 1923 1771 1958">
    <p class='ocr_par' dir='ltr' id='par_1_83' title="bbox 976 1923 1771 1958">
     <span class='ocr_line' id='line_1_83' title="bbox 976 1923 1771 1958; baseline 0.001 -9"><span class='ocrx_word' id='word_1_586' title='bbox 976 1923 1066 1958; x_wconf 88' lang='lat' dir='ltr'><strong>vocat)</strong></span> <span class='ocrx_word' id='word_1_587' title='bbox 1079 1928 1199 1951; x_wconf 88' lang='lat' dir='ltr'><strong>centum.</strong></span> <span class='ocrx_word' id='word_1_588' title='bbox 1219 1923 1431 1950; x_wconf 85' lang='lat' dir='ltr'><strong>Linomalotaria</strong></span> <span class='ocrx_word' id='word_1_589' title='bbox 1445 1928 1552 1951; x_wconf 83' lang='lat' dir='ltr'><strong>centum</strong></span> <span class='ocrx_word' id='word_1_590' title='bbox 1564 1927 1686 1958; x_wconf 78' lang='lat' dir='ltr'><strong>(praestat</strong></span> <span class='ocrx_word' id='word_1_591' title='bbox 1699 1923 1771 1950; x_wconf 90' lang='lat' dir='ltr'><strong>enim</strong></span> 
     </span>
    </p>
   </div>
   <div class='ocr_carea' id='block_1_84' title="bbox 977 1968 1772 2004">
    <p class='ocr_par' dir='ltr' id='par_1_84' title="bbox 977 1968 1772 2004">
     <span class='ocr_line' id='line_1_84' title="bbox 977 1968 1772 2004; baseline 0.001 -9"><span class='ocrx_word' id='word_1_592' title='bbox 977 1968 1004 1995; x_wconf 91' lang='lat' dir='ltr'><strong>in</strong></span> <span class='ocrx_word' id='word_1_593' title='bbox 1024 1969 1083 1995; x_wconf 73' lang='lat' dir='ltr'><strong>istis</strong></span> <span class='ocrx_word' id='word_1_594' title='bbox 1099 1977 1132 1996; x_wconf 78' lang='lat' dir='ltr'><strong>ex</strong></span> <span class='ocrx_word' id='word_1_595' title='bbox 1151 1969 1224 2004; x_wconf 77' lang='lat' dir='ltr'><strong>vulgi</strong></span> <span class='ocrx_word' id='word_1_596' title='bbox 1239 1977 1288 1995; x_wconf 89' lang='lat' dir='ltr'><strong>usu</strong></span> <span class='ocrx_word' id='word_1_597' title='bbox 1305 1969 1465 2004; x_wconf 83' lang='lat' dir='ltr'><strong>compositis</strong></span> <span class='ocrx_word' id='word_1_598' title='bbox 1482 1969 1520 1996; x_wconf 90' lang='lat' dir='ltr'><strong>nti</strong></span> <span class='ocrx_word' id='word_1_599' title='bbox 1536 1969 1673 2003; x_wconf 86' lang='lat' dir='ltr'><strong>vocibus),</strong></span> <span class='ocrx_word' id='word_1_600' title='bbox 1687 1969 1772 1996; x_wconf 88' lang='lat' dir='ltr'><strong>Ama-</strong></span> 
     </span>
    </p>
   </div>
   <div class='ocr_carea' id='block_1_85' title="bbox 976 2014 1773 2050">
    <p class='ocr_par' dir='ltr' id='par_1_85' title="bbox 976 2014 1773 2050">
     <span class='ocr_line' id='line_1_85' title="bbox 976 2014 1773 2050; baseline -0.003 -9"><span class='ocrx_word' id='word_1_601' title='bbox 976 2015 1012 2041; x_wconf 91' lang='lat' dir='ltr'><strong>lia</strong></span> <span class='ocrx_word' id='word_1_602' title='bbox 1028 2014 1139 2050; x_wconf 87' lang='lat' dir='ltr'><strong>pulchra</strong></span> <span class='ocrx_word' id='word_1_603' title='bbox 1154 2014 1225 2041; x_wconf 90' lang='lat' dir='ltr'><strong>linea</strong></span> <span class='ocrx_word' id='word_1_604' title='bbox 1237 2014 1365 2047; x_wconf 84' lang='lat' dir='ltr'><strong>ducenta,</strong></span> <span class='ocrx_word' id='word_1_605' title='bbox 1382 2015 1490 2048; x_wconf 88' lang='lat' dir='ltr'><strong>aliaque</strong></span> <span class='ocrx_word' id='word_1_606' title='bbox 1502 2014 1652 2042; x_wconf 86' lang='lat' dir='ltr'><strong>subtilitate</strong></span> <span class='ocrx_word' id='word_1_607' title='bbox 1667 2014 1773 2041; x_wconf 89' lang='lat' dir='ltr'><strong>tenuis-</strong></span> 
     </span>
    </p>
   </div>
   <div class='ocr_carea' id='block_1_86' title="bbox 979 2060 1774 2095">
    <p class='ocr_par' dir='ltr' id='par_1_86' title="bbox 979 2060 1774 2095">
     <span class='ocr_line' id='line_1_86' title="bbox 979 2060 1774 2095; baseline -0.003 -8"><span class='ocrx_word' id='word_1_608' title='bbox 979 2061 1047 2087; x_wconf 88' lang='lat' dir='ltr'><strong>sima</strong></span> <span class='ocrx_word' id='word_1_609' title='bbox 1074 2068 1106 2089; x_wconf 89' lang='lat' dir='ltr'><strong>ac</strong></span> <span class='ocrx_word' id='word_1_610' title='bbox 1132 2068 1296 2087; x_wconf 81' lang='lat' dir='ltr'><strong>aranearum</strong></span> <span class='ocrx_word' id='word_1_611' title='bbox 1318 2061 1376 2095; x_wconf 88' lang='lat' dir='ltr'><strong>ipsa</strong></span> <span class='ocrx_word' id='word_1_612' title='bbox 1404 2061 1521 2088; x_wconf 86' lang='lat' dir='ltr'><strong>stamina</strong></span> <span class='ocrx_word' id='word_1_613' title='bbox 1541 2060 1689 2090; x_wconf 84' lang='lat' dir='ltr'><strong>\incentia.</strong></span> <span class='ocrx_word' id='word_1_614' title='bbox 1705 2067 1774 2094; x_wconf 73' lang='lat' dir='ltr'><strong>quo-~</strong></span> 
     </span>
    </p>
   </div>
   <div class='ocr_carea' id='block_1_87' title="bbox 981 2106 1772 2142">
    <p class='ocr_par' dir='ltr' id='par_1_87' title="bbox 981 2106 1772 2142">
     <span class='ocr_line' id='line_1_87' title="bbox 981 2106 1772 2142; baseline -0.003 -8"><span class='ocrx_word' id='word_1_615' title='bbox 981 2116 1040 2134; x_wconf 87' lang='lat' dir='ltr'><strong>rum</strong></span> <span class='ocrx_word' id='word_1_616' title='bbox 1062 2107 1278 2142; x_wconf 87' lang='lat' dir='ltr'><strong>unumquodque</strong></span> <span class='ocrx_word' id='word_1_617' title='bbox 1295 2107 1320 2133; x_wconf 93' lang='lat' dir='ltr'><strong>in</strong></span> <span class='ocrx_word' id='word_1_618' title='bbox 1340 2107 1438 2134; x_wconf 87' lang='lat' dir='ltr'><strong>calami</strong></span> <span class='ocrx_word' id='word_1_619' title='bbox 1457 2107 1574 2133; x_wconf 90' lang='lat' dir='ltr'><strong>articulo</strong></span> <span class='ocrx_word' id='word_1_620' title='bbox 1594 2106 1772 2137; x_wconf 83' lang='lat' dir='ltr'><strong>condebatur,</strong></span> 
     </span>
    </p>
   </div>
   <div class='ocr_carea' id='block_1_88' title="bbox 979 2153 1773 2189">
    <p class='ocr_par' dir='ltr' id='par_1_88' title="bbox 979 2153 1773 2189">
     <span class='ocr_line' id='line_1_88' title="bbox 979 2153 1773 2189; baseline -0.004 -8"><span class='ocrx_word' id='word_1_621' title='bbox 979 2159 1007 2182; x_wconf 90' lang='lat' dir='ltr'><strong>ct</strong></span> <span class='ocrx_word' id='word_1_622' title='bbox 1024 2154 1081 2189; x_wconf 90' lang='lat' dir='ltr'><strong>ipsa</strong></span> <span class='ocrx_word' id='word_1_623' title='bbox 1097 2158 1219 2181; x_wconf 84' lang='lat' dir='ltr'><strong>centum.</strong></span> <span class='ocrx_word' id='word_1_624' title='bbox 1232 2153 1302 2181; x_wconf 84' lang='lat' dir='ltr'><strong>Vasa</strong></span> <span class='ocrx_word' id='word_1_625' title='bbox 1322 2153 1438 2188; x_wconf 90' lang='lat' dir='ltr'><strong>pretiosa</strong></span> <span class='ocrx_word' id='word_1_626' title='bbox 1455 2159 1582 2188; x_wconf 78' lang='lat' dir='ltr'><strong>argentea</strong></span> <span class='ocrx_word' id='word_1_627' title='bbox 1596 2157 1677 2187; x_wconf 86' lang='lat' dir='ltr'><strong>atque</strong></span> <span class='ocrx_word' id='word_1_628' title='bbox 1690 2159 1773 2179; x_wconf 81' lang='lat' dir='ltr'><strong>aurea</strong></span> 
     </span>
    </p>
   </div>
   <div class='ocr_carea' id='block_1_89' title="bbox 980 2200 1221 2228">
    <p class='ocr_par' dir='ltr' id='par_1_89' title="bbox 980 2200 1221 2228">
     <span class='ocr_line' id='line_1_89' title="bbox 980 2200 1221 2228; baseline 0.004 -2"><span class='ocrx_word' id='word_1_629' title='bbox 980 2200 1068 2228; x_wconf 66' lang='lat' dir='ltr'><strong>multa</strong></span> <span class='ocrx_word' id='word_1_630' title='bbox 1085 2208 1117 2227; x_wconf 90' lang='lat' dir='ltr'><strong>ac</strong></span> <span class='ocrx_word' id='word_1_631' title='bbox 1134 2201 1221 2227; x_wconf 81' lang='lat' dir='ltr'><strong>varia.</strong></span> 
     </span>
    </p>
   </div>
   <div class='ocr_carea' id='block_1_90' title="bbox 128 2243 1776 2283">
    <p class='ocr_par' dir='ltr' id='par_1_90' title="bbox 128 2243 1776 2283">
     <span class='ocr_line' id='line_1_90' title="bbox 128 2243 1776 2283; baseline -0.001 -11"><span class='ocrx_word' id='word_1_632' title='bbox 128 2247 246 2281; x_wconf 77' lang='grc' dir='ltr'>νήματα</span> <span class='ocrx_word' id='word_1_633' title='bbox 264 2247 304 2278; x_wconf 79' lang='grc' dir='ltr'><strong>εἰς</strong></span> <span class='ocrx_word' id='word_1_634' title='bbox 314 2246 477 2282; x_wconf 81' lang='grc' dir='ltr'>λεπτότητα,</span> <span class='ocrx_word' id='word_1_635' title='bbox 488 2244 526 2274; x_wconf 84' lang='grc' dir='ltr'>ὧν</span> <span class='ocrx_word' id='word_1_636' title='bbox 541 2247 658 2273; x_wconf 75' lang='grc' dir='ltr'>ἕκαστον</span> <span class='ocrx_word' id='word_1_637' title='bbox 671 2247 712 2278; x_wconf 85' lang='grc' dir='ltr'><strong>εἰς</strong></span> <span class='ocrx_word' id='word_1_638' title='bbox 726 2245 851 2282; x_wconf 82' lang='grc' dir='ltr'>καλάμου</span> <span class='ocrx_word' id='word_1_639' title='bbox 865 2245 1168 2283; x_wconf 68' lang='grc' dir='ltr'>κόνδυλονὲνεὸέδλητο,</span> <span class='ocrx_word' id='word_1_640' title='bbox 1179 2248 1227 2274; x_wconf 81' lang='grc' dir='ltr'>καὶ</span> <span class='ocrx_word' id='word_1_641' title='bbox 1240 2246 1311 2274; x_wconf 72' lang='grc' dir='ltr'>αὐτὰ</span> <span class='ocrx_word' id='word_1_642' title='bbox 1325 2246 1432 2278; x_wconf 78' lang='grc' dir='ltr'>ἑκατὸν,</span> <span class='ocrx_word' id='word_1_643' title='bbox 1442 2245 1490 2272; x_wconf 76' lang='grc' dir='ltr'>καὶ</span> <span class='ocrx_word' id='word_1_644' title='bbox 1503 2244 1587 2280; x_wconf 86' lang='grc' dir='ltr'>σκεύη</span> <span class='ocrx_word' id='word_1_645' title='bbox 1599 2243 1732 2279; x_wconf 83' lang='grc' dir='ltr'>πολυτελῆ</span> <span class='ocrx_word' id='word_1_646' title='bbox 1746 2243 1776 2278; x_wconf 66' lang='grc' dir='ltr'><strong>ἐξ</strong></span> 
     </span>
    </p>
   </div>
   <div class='ocr_carea' id='block_1_91' title="bbox 128 2292 735 2329">
    <p class='ocr_par' dir='ltr' id='par_1_91' title="bbox 128 2292 735 2329">
     <span class='ocr_line' id='line_1_91' title="bbox 128 2292 735 2329; baseline 0.003 -10"><span class='ocrx_word' id='word_1_647' title='bbox 128 2292 258 2329; x_wconf 67' lang='grc' dir='ltr'>ἀργύρου</span> <span class='ocrx_word' id='word_1_648' title='bbox 274 2294 321 2321; x_wconf 72' lang='grc' dir='ltr'><strong>καὶ</strong></span> <span class='ocrx_word' id='word_1_649' title='bbox 334 2293 435 2329; x_wconf 80' lang='grc' dir='ltr'>χρυσοῦ</span> <span class='ocrx_word' id='word_1_650' title='bbox 452 2293 531 2320; x_wconf 81' lang='grc' dir='ltr'>ἱκανὰ</span> <span class='ocrx_word' id='word_1_651' title='bbox 547 2293 595 2320; x_wconf 73' lang='grc' dir='ltr'><strong>καὶ</strong></span> <span class='ocrx_word' id='word_1_652' title='bbox 609 2293 735 2329; x_wconf 74' lang='grc' dir='ltr'>διάφορα.</span> 
     </span>
    </p>
   </div>
   <div class='ocr_carea' id='block_1_92' title="bbox 169 2335 922 2374">
    <p class='ocr_par' dir='ltr' id='par_1_92' title="bbox 169 2337 922 2374">
     <span class='ocr_line' id='line_1_92' title="bbox 169 2337 922 2374; baseline 0 -9"><span class='ocrx_word' id='word_1_653' title='bbox 169 2337 218 2365; x_wconf 78' lang='grc' dir='ltr'>σε’.</span> <span class='ocrx_word' id='word_1_654' title='bbox 243 2339 435 2374; x_wconf 73' lang='grc' dir='ltr'>Ἀποδεχῦεῖσα</span> <span class='ocrx_word' id='word_1_655' title='bbox 458 2339 486 2365; x_wconf 79' lang='grc' dir='ltr'>δὲ</span> <span class='ocrx_word' id='word_1_656' title='bbox 505 2338 599 2371; x_wconf 78' lang='grc' dir='ltr'>δεξιῶς</span> <span class='ocrx_word' id='word_1_657' title='bbox 625 2339 674 2366; x_wconf 71' lang='grc' dir='ltr'>καὶ</span> <span class='ocrx_word' id='word_1_658' title='bbox 698 2338 922 2374; x_wconf 70' lang='grc' dir='ltr'>φιλοφρονηθεῖσα</span> 
     </span>
    </p>
   </div>
   <div class='ocr_carea' id='block_1_93' title="bbox 975 2335 1777 2374">
    <p class='ocr_par' dir='ltr' id='par_1_93' title="bbox 1017 2335 1777 2369">
     <span class='ocr_line' id='line_1_93' title="bbox 1017 2335 1777 2369; baseline -0.007 -4"><span class='ocrx_word' id='word_1_659' title='bbox 1017 2338 1062 2365; x_wconf 77' lang='grc'><strong>73.</strong></span> <span class='ocrx_word' id='word_1_660' title='bbox 1084 2336 1130 2364; x_wconf 89' lang='lat' dir='ltr'><strong>Sic</strong></span> <span class='ocrx_word' id='word_1_661' title='bbox 1148 2344 1212 2364; x_wconf 82' lang='lat' dir='ltr'><strong>vero</strong></span> <span class='ocrx_word' id='word_1_662' title='bbox 1235 2335 1414 2363; x_wconf 84' lang='lat' dir='ltr'><strong>conveniente</strong></span> <span class='ocrx_word' id='word_1_663' title='bbox 1425 2335 1499 2362; x_wconf 81' lang='lat' dir='ltr'><strong>cultu</strong></span> <span class='ocrx_word' id='word_1_664' title='bbox 1527 2338 1646 2368; x_wconf 84' lang='lat' dir='ltr'><strong>recepta,</strong></span> <span class='ocrx_word' id='word_1_665' title='bbox 1672 2341 1777 2369; x_wconf 86' lang='lat' dir='ltr'><strong>proque</strong></span> 
     </span>
    </p>
   </div>
   <div class='ocr_carea' id='block_1_94' title="bbox 133 2385 930 2421">
    <p class='ocr_par' dir='ltr' id='par_1_94' title="bbox 133 2385 930 2421">
     <span class='ocr_line' id='line_1_94' title="bbox 133 2385 930 2421; baseline 0 -9"><span class='ocrx_word' id='word_1_666' title='bbox 133 2385 357 2421; x_wconf 75' lang='grc' dir='ltr'>μεγαλοπρεπῶς</span> <span class='ocrx_word' id='word_1_667' title='bbox 372 2385 511 2419; x_wconf 76' lang='grc' dir='ltr'>ἀναλόγως</span> <span class='ocrx_word' id='word_1_668' title='bbox 523 2386 572 2420; x_wconf 84' lang='grc' dir='ltr'><strong>τῆς</strong></span> <span class='ocrx_word' id='word_1_669' title='bbox 588 2385 775 2420; x_wconf 84' lang='grc' dir='ltr'>προαιρέσεως</span> <span class='ocrx_word' id='word_1_670' title='bbox 789 2386 835 2412; x_wconf 70' lang='grc' dir='ltr'>καὶ</span> <span class='ocrx_word' id='word_1_671' title='bbox 853 2386 930 2419; x_wconf 75' lang='grc' dir='ltr'>εὖγε-</span> 
     </span>
    </p>
   </div>
   <div class='ocr_carea' id='block_1_95' title="bbox 132 2421 930 2467">
    <p class='ocr_par' dir='ltr' id='par_1_95' title="bbox 132 2431 930 2467">
     <span class='ocr_line' id='line_1_95' title="bbox 132 2431 930 2467; baseline 0 -9"><span class='ocrx_word' id='word_1_672' title='bbox 132 2432 212 2463; x_wconf 88' lang='grc' dir='ltr'>νείας</span> <span class='ocrx_word' id='word_1_673' title='bbox 225 2431 324 2465; x_wconf 82' lang='grc' dir='ltr'>αὐτῆς,</span> <span class='ocrx_word' id='word_1_674' title='bbox 346 2432 393 2458; x_wconf 71' lang='grc' dir='ltr'>καὶ</span> <span class='ocrx_word' id='word_1_675' title='bbox 413 2432 507 2467; x_wconf 86' lang='grc' dir='ltr'>μήτηρ</span> <span class='ocrx_word' id='word_1_676' title='bbox 525 2431 668 2458; x_wconf 74' lang='grc' dir='ltr'>καλεῖσθαι</span> <span class='ocrx_word' id='word_1_677' title='bbox 689 2431 821 2467; x_wconf 82' lang='grc' dir='ltr'>βασιλέως</span> <span class='ocrx_word' id='word_1_678' title='bbox 846 2432 930 2464; x_wconf 79' lang='grc' dir='ltr'>ἀξιω-</span> 
     </span>
    </p>
   </div>
   <div class='ocr_carea' id='block_1_96' title="bbox 134 2478 931 2514">
    <p class='ocr_par' dir='ltr' id='par_1_96' title="bbox 134 2478 931 2514">
     <span class='ocr_line' id='line_1_96' title="bbox 134 2478 931 2514; baseline 0 -9"><span class='ocrx_word' id='word_1_679' title='bbox 134 2478 227 2509; x_wconf 79' lang='grc' dir='ltr'>θεῖσα,</span> <span class='ocrx_word' id='word_1_680' title='bbox 244 2478 293 2505; x_wconf 72' lang='grc' dir='ltr'>καὶ</span> <span class='ocrx_word' id='word_1_681' title='bbox 312 2478 416 2505; x_wconf 85' lang='grc' dir='ltr'>πολλῶν</span> <span class='ocrx_word' id='word_1_682' title='bbox 431 2478 605 2514; x_wconf 82' lang='grc' dir='ltr'>μετασχοῦσα</span> <span class='ocrx_word' id='word_1_683' title='bbox 620 2479 768 2514; x_wconf 82' lang='grc' dir='ltr'>βασιλικῶν</span> <span class='ocrx_word' id='word_1_684' title='bbox 779 2478 931 2512; x_wconf 77' lang='grc' dir='ltr'>δεξιώσεων</span> 
     </span>
    </p>
   </div>
   <div class='ocr_carea' id='block_1_97' title="bbox 135 2525 930 2561">
    <p class='ocr_par' dir='ltr' id='par_1_97' title="bbox 135 2525 930 2561">
     <span class='ocr_line' id='line_1_97' title="bbox 135 2525 930 2561; baseline 0.001 -8"><span class='ocrx_word' id='word_1_685' title='bbox 135 2526 187 2553; x_wconf 74' lang='grc' dir='ltr'>καὶ</span> <span class='ocrx_word' id='word_1_686' title='bbox 201 2525 303 2561; x_wconf 87' lang='grc' dir='ltr'>τιμῶν,</span> <span class='ocrx_word' id='word_1_687' title='bbox 321 2525 448 2561; x_wconf 71' lang='grc' dir='ltr'>ἐγεγήοει</span> <span class='ocrx_word' id='word_1_688' title='bbox 460 2534 489 2552; x_wconf 88' lang='grc' dir='ltr'><strong>τε</strong></span> <span class='ocrx_word' id='word_1_689' title='bbox 506 2526 555 2552; x_wconf 74' lang='grc' dir='ltr'>καὶ</span> <span class='ocrx_word' id='word_1_690' title='bbox 569 2526 700 2560; x_wconf 74' lang='grc' dir='ltr'>ἐγάννυτο</span> <span class='ocrx_word' id='word_1_691' title='bbox 713 2527 760 2554; x_wconf 78' lang='grc' dir='ltr'>καὶ</span> <span class='ocrx_word' id='word_1_692' title='bbox 774 2526 897 2558; x_wconf 74' lang='grc' dir='ltr'>ἔκπλεως</span> <span class='ocrx_word' id='word_1_693' title='bbox 909 2525 930 2541; x_wconf 78' lang='grc'><strong>⁵¹</strong></span> 
     </span>
    </p>
   </div>
   <div class='ocr_carea' id='block_1_98' title="bbox 135 2572 932 2609">
    <p class='ocr_par' dir='ltr' id='par_1_98' title="bbox 135 2572 932 2609">
     <span class='ocr_line' id='line_1_98' title="bbox 135 2572 932 2609; baseline -0.001 -10"><span class='ocrx_word' id='word_1_694' title='bbox 135 2572 188 2605; x_wconf 68' lang='grc' dir='ltr'><strong>τὰς</strong></span> <span class='ocrx_word' id='word_1_695' title='bbox 203 2572 334 2608; x_wconf 73' lang='grc' dir='ltr'>ἀμοιϐὰς,</span> <span class='ocrx_word' id='word_1_696' title='bbox 348 2573 448 2607; x_wconf 83' lang='grc' dir='ltr'>μᾶλλον</span> <span class='ocrx_word' id='word_1_697' title='bbox 465 2572 550 2600; x_wconf 76' lang='grc' dir='ltr'>δὲκαὶ</span> <span class='ocrx_word' id='word_1_698' title='bbox 565 2572 767 2609; x_wconf 76' lang='grc' dir='ltr'>ὑπεραιρούσας</span> <span class='ocrx_word' id='word_1_699' title='bbox 783 2572 853 2599; x_wconf 73' lang='grc' dir='ltr'>κατὰ</span> <span class='ocrx_word' id='word_1_700' title='bbox 864 2572 932 2598; x_wconf 75' lang='grc' dir='ltr'>πολὺ</span> 
     </span>
    </p>
   </div>
   <div class='ocr_carea' id='block_1_99' title="bbox 135 2617 934 2653">
    <p class='ocr_par' dir='ltr' id='par_1_99' title="bbox 135 2617 934 2653">
     <span class='ocr_line' id='line_1_99' title="bbox 135 2617 934 2653; baseline 0 -9"><span class='ocrx_word' id='word_1_701' title='bbox 135 2617 304 2652; x_wconf 76' lang='grc' dir='ltr'>διωμολόγει</span> <span class='ocrx_word' id='word_1_702' title='bbox 333 2617 437 2644; x_wconf 80' lang='grc' dir='ltr'>λαδεῖν.</span> <span class='ocrx_word' id='word_1_703' title='bbox 456 2617 502 2644; x_wconf 74' lang='grc' dir='ltr'>Διὸ</span> <span class='ocrx_word' id='word_1_704' title='bbox 527 2617 559 2653; x_wconf 86' lang='grc' dir='ltr'>δὴ</span> <span class='ocrx_word' id='word_1_705' title='bbox 576 2618 598 2634; x_wconf 71' lang='grc' dir='ltr'>δ’</span> <span class='ocrx_word' id='word_1_706' title='bbox 621 2619 669 2645; x_wconf 73' lang='grc' dir='ltr'>καὶ</span> <span class='ocrx_word' id='word_1_707' title='bbox 698 2617 871 2653; x_wconf 80' lang='grc' dir='ltr'>προσέθηκεν</span> <span class='ocrx_word' id='word_1_708' title='bbox 893 2617 934 2644; x_wconf 83' lang='grc' dir='ltr'>ἔτι</span> 
     </span>
    </p>
   </div>
   <div class='ocr_carea' id='block_1_100' title="bbox 140 2656 934 2700">
    <p class='ocr_par' dir='ltr' id='par_1_100' title="bbox 140 2656 934 2700">
     <span class='ocr_line' id='line_1_100' title="bbox 140 2656 934 2700; baseline 0 -10"><span class='ocrx_word' id='word_1_709' title='bbox 140 2663 343 2699; x_wconf 59' lang='grc' dir='ltr'>μεγαλοψύχως</span> <span class='ocrx_word' id='word_1_710' title='bbox 358 2664 405 2690; x_wconf 66' lang='grc' dir='ltr'><strong>ἐπὶ</strong></span> <span class='ocrx_word' id='word_1_711' title='bbox 418 2665 475 2695; x_wconf 86' lang='grc' dir='ltr'>τοῖς</span> <span class='ocrx_word' id='word_1_712' title='bbox 495 2656 652 2700; x_wconf 74' lang='grc' dir='ltr'>εἰρημένοις</span> <span class='ocrx_word' id='word_1_713' title='bbox 672 2663 768 2699; x_wconf 86' lang='grc' dir='ltr'>δώροις</span> <span class='ocrx_word' id='word_1_714' title='bbox 782 2664 813 2690; x_wconf 72' lang='grc' dir='ltr'>οὗ</span> <span class='ocrx_word' id='word_1_715' title='bbox 836 2663 934 2699; x_wconf 73' lang='grc' dir='ltr'>μικρὸν</span> 
     </span>
    </p>
   </div>
   <div class='ocr_carea' id='block_1_101' title="bbox 138 2708 934 2745">
    <p class='ocr_par' dir='ltr' id='par_1_101' title="bbox 138 2708 934 2745">
     <span class='ocr_line' id='line_1_101' title="bbox 138 2708 934 2745; baseline -0.001 -9"><span class='ocrx_word' id='word_1_716' title='bbox 138 2709 191 2737; x_wconf 72' lang='grc' dir='ltr'><strong>καὶ</strong></span> <span class='ocrx_word' id='word_1_717' title='bbox 212 2710 265 2745; x_wconf 83' lang='grc' dir='ltr'><strong>τῆς</strong></span> <span class='ocrx_word' id='word_1_718' title='bbox 278 2709 483 2744; x_wconf 85' lang='grc' dir='ltr'>Πελοποννήσου</span> <span class='ocrx_word' id='word_1_719' title='bbox 501 2710 594 2745; x_wconf 85' lang='grc' dir='ltr'>μέρος,</span> <span class='ocrx_word' id='word_1_720' title='bbox 618 2710 685 2745; x_wconf 74' lang='grc' dir='ltr'>ὅπερ</span> <span class='ocrx_word' id='word_1_721' title='bbox 702 2710 739 2741; x_wconf 83' lang='grc' dir='ltr'>ὡς</span> <span class='ocrx_word' id='word_1_722' title='bbox 757 2710 822 2736; x_wconf 84' lang='grc' dir='ltr'>ῐδιον</span> <span class='ocrx_word' id='word_1_723' title='bbox 841 2708 934 2744; x_wconf 87' lang='grc' dir='ltr'>κτῆμα</span> 
     </span>
    </p>
   </div>
   <div class='ocr_carea' id='block_1_102' title="bbox 137 2755 935 2792">
    <p class='ocr_par' dir='ltr' id='par_1_102' title="bbox 137 2755 935 2792">
     <span class='ocr_line' id='line_1_102' title="bbox 137 2755 935 2792; baseline 0 -10"><span class='ocrx_word' id='word_1_724' title='bbox 137 2756 280 2792; x_wconf 76' lang='grc' dir='ltr'>τυγχάνον</span> <span class='ocrx_word' id='word_1_725' title='bbox 294 2756 381 2791; x_wconf 73' lang='grc' dir='ltr'>αὐτῆς</span> <span class='ocrx_word' id='word_1_726' title='bbox 400 2756 558 2792; x_wconf 81' lang='grc' dir='ltr'>φιλοδώρως</span> <span class='ocrx_word' id='word_1_727' title='bbox 571 2757 633 2783; x_wconf 75' lang='grc' dir='ltr'>τότε</span> <span class='ocrx_word' id='word_1_728' title='bbox 650 2756 689 2792; x_wconf 87' lang='grc' dir='ltr'>τῷ</span> <span class='ocrx_word' id='word_1_729' title='bbox 699 2756 754 2792; x_wconf 70' lang='grc' dir='ltr'>ιυἰῷ</span> <span class='ocrx_word' id='word_1_730' title='bbox 769 2756 816 2783; x_wconf 79' lang='grc' dir='ltr'>καὶ</span> <span class='ocrx_word' id='word_1_731' title='bbox 828 2755 935 2791; x_wconf 82' lang='grc' dir='ltr'>βασιλεῖ</span> 
     </span>
    </p>
   </div>
   <div class='ocr_carea' id='block_1_103' title="bbox 139 2802 936 2839">
    <p class='ocr_par' dir='ltr' id='par_1_103' title="bbox 139 2802 936 2839">
     <span class='ocr_line' id='line_1_103' title="bbox 139 2802 936 2839; baseline -0.001 -9"><span class='ocrx_word' id='word_1_732' title='bbox 139 2802 299 2839; x_wconf 76' lang='grc' dir='ltr'>ἐχαρίζετο.</span> <span class='ocrx_word' id='word_1_733' title='bbox 327 2802 499 2839; x_wconf 86' lang='grc' dir='ltr'>Διατρίψασα</span> <span class='ocrx_word' id='word_1_734' title='bbox 528 2803 557 2831; x_wconf 85' lang='grc' dir='ltr'>δὲ</span> <span class='ocrx_word' id='word_1_735' title='bbox 584 2803 656 2831; x_wconf 83' lang='grc' dir='ltr'>κατὰ</span> <span class='ocrx_word' id='word_1_736' title='bbox 678 2803 728 2839; x_wconf 83' lang='grc' dir='ltr'><strong>τὴν</strong></span> <span class='ocrx_word' id='word_1_737' title='bbox 754 2802 936 2838; x_wconf 76' lang='grc' dir='ltr'>μεγαλόπολιν</span> 
     </span>
    </p>
   </div>
   <div class='ocr_carea' id='block_1_104' title="bbox 978 2379 1777 2418">
    <p class='ocr_par' dir='ltr' id='par_1_104' title="bbox 978 2379 1777 2418">
     <span class='ocr_line' id='line_1_104' title="bbox 978 2379 1777 2418; baseline -0.006 -7"><span class='ocrx_word' id='word_1_738' title='bbox 978 2384 1062 2411; x_wconf 86' lang='lat' dir='ltr'><strong>animi</strong></span> <span class='ocrx_word' id='word_1_739' title='bbox 1081 2383 1123 2412; x_wconf 86' lang='lat' dir='ltr'><strong>sui</strong></span> <span class='ocrx_word' id='word_1_740' title='bbox 1140 2382 1281 2418; x_wconf 89' lang='lat' dir='ltr'><strong>proposito</strong></span> <span class='ocrx_word' id='word_1_741' title='bbox 1303 2390 1336 2409; x_wconf 89' lang='lat' dir='ltr'><strong>ac</strong></span> <span class='ocrx_word' id='word_1_742' title='bbox 1352 2382 1460 2417; x_wconf 75' lang='lat' dir='ltr'><strong>generis</strong></span> <span class='ocrx_word' id='word_1_743' title='bbox 1477 2379 1618 2408; x_wconf 87' lang='lat' dir='ltr'><strong>nobilitate</strong></span> <span class='ocrx_word' id='word_1_744' title='bbox 1632 2379 1777 2416; x_wconf 77' lang='lat' dir='ltr'><strong>magniﬁce</strong></span> 
     </span>
    </p>
   </div>
   <div class='ocr_carea' id='block_1_105' title="bbox 980 2428 1775 2466">
    <p class='ocr_par' dir='ltr' id='par_1_105' title="bbox 980 2428 1775 2466">
     <span class='ocr_line' id='line_1_105' title="bbox 980 2428 1775 2466; baseline -0.006 -7"><span class='ocrx_word' id='word_1_745' title='bbox 980 2435 1102 2466; x_wconf 85' lang='lat' dir='ltr'><strong>accepta,</strong></span> <span class='ocrx_word' id='word_1_746' title='bbox 1128 2435 1155 2458; x_wconf 82' lang='lat' dir='ltr'><strong>et</strong></span> <span class='ocrx_word' id='word_1_747' title='bbox 1167 2437 1229 2464; x_wconf 57' lang='lat' dir='ltr'><strong>quae</strong></span> <span class='ocrx_word' id='word_1_748' title='bbox 1252 2429 1428 2462; x_wconf 82' lang='lat' dir='ltr'><strong>imperatoris</strong></span> <span class='ocrx_word' id='word_1_749' title='bbox 1451 2432 1539 2456; x_wconf 86' lang='lat' dir='ltr'><strong>mater</strong></span> <span class='ocrx_word' id='word_1_750' title='bbox 1565 2428 1675 2456; x_wconf 83' lang='lat' dir='ltr'><strong>audiret</strong></span> <span class='ocrx_word' id='word_1_751' title='bbox 1693 2429 1775 2463; x_wconf 76' lang='lat' dir='ltr'><strong>digna</strong></span> 
     </span>
    </p>
   </div>
   <div class='ocr_carea' id='block_1_106' title="bbox 981 2474 1777 2511">
    <p class='ocr_par' dir='ltr' id='par_1_106' title="bbox 981 2474 1777 2511">
     <span class='ocr_line' id='line_1_106' title="bbox 981 2474 1777 2511; baseline -0.006 -6"><span class='ocrx_word' id='word_1_752' title='bbox 981 2478 1083 2511; x_wconf 85' lang='lat' dir='ltr'><strong>habita,</strong></span> <span class='ocrx_word' id='word_1_753' title='bbox 1113 2477 1262 2511; x_wconf 84' lang='lat' dir='ltr'><strong>multisque</strong></span> <span class='ocrx_word' id='word_1_754' title='bbox 1281 2476 1356 2511; x_wconf 68' lang='lat' dir='ltr'><strong>regio</strong></span> <span class='ocrx_word' id='word_1_755' title='bbox 1378 2483 1492 2503; x_wconf 89' lang='lat' dir='ltr'><strong>munere</strong></span> <span class='ocrx_word' id='word_1_756' title='bbox 1513 2474 1609 2502; x_wconf 75' lang='lat' dir='ltr'><strong>ofﬁciis</strong></span> <span class='ocrx_word' id='word_1_757' title='bbox 1630 2481 1662 2502; x_wconf 87' lang='lat' dir='ltr'><strong>ac</strong></span> <span class='ocrx_word' id='word_1_758' title='bbox 1689 2474 1777 2501; x_wconf 85' lang='lat' dir='ltr'><strong>hono-</strong></span> 
     </span>
    </p>
   </div>
   <div class='ocr_carea' id='block_1_107' title="bbox 981 2518 1778 2558">
    <p class='ocr_par' dir='ltr' id='par_1_107' title="bbox 981 2518 1778 2558">
     <span class='ocr_line' id='line_1_107' title="bbox 981 2518 1778 2558; baseline -0.008 -7"><span class='ocrx_word' id='word_1_759' title='bbox 981 2523 1059 2552; x_wconf 84' lang='lat' dir='ltr'><strong>ribus</strong></span> <span class='ocrx_word' id='word_1_760' title='bbox 1077 2523 1217 2553; x_wconf 82' lang='lat' dir='ltr'><strong>decorata.</strong></span> <span class='ocrx_word' id='word_1_761' title='bbox 1233 2522 1334 2558; x_wconf 75' lang='lat' dir='ltr'><strong>gaudio</strong></span> <span class='ocrx_word' id='word_1_762' title='bbox 1348 2521 1504 2549; x_wconf 62' lang='lat' dir='ltr'><strong>etsultabat</strong></span> <span class='ocrx_word' id='word_1_763' title='bbox 1520 2528 1572 2548; x_wconf 88' lang='lat' dir='ltr'><strong>nec</strong></span> <span class='ocrx_word' id='word_1_764' title='bbox 1590 2525 1681 2547; x_wconf 82' lang='lat' dir='ltr'><strong>tenere</strong></span> <span class='ocrx_word' id='word_1_765' title='bbox 1694 2518 1778 2554; x_wconf 75' lang='lat'><strong>319</strong></span> 
     </span>
    </p>
   </div>
   <div class='ocr_carea' id='block_1_108' title="bbox 985 2565 1778 2604">
    <p class='ocr_par' dir='ltr' id='par_1_108' title="bbox 985 2565 1778 2604">
     <span class='ocr_line' id='line_1_108' title="bbox 985 2565 1778 2604; baseline -0.006 -8"><span class='ocrx_word' id='word_1_766' title='bbox 985 2569 1107 2598; x_wconf 71' lang='lat' dir='ltr'><strong>laetitiam</strong></span> <span class='ocrx_word' id='word_1_767' title='bbox 1135 2573 1252 2604; x_wconf 85' lang='lat' dir='ltr'><strong>poterat,</strong></span> <span class='ocrx_word' id='word_1_768' title='bbox 1280 2568 1448 2602; x_wconf 88' lang='lat' dir='ltr'><strong>uberemqne</strong></span> <span class='ocrx_word' id='word_1_769' title='bbox 1474 2565 1639 2598; x_wconf 84' lang='lat' dir='ltr'><strong>mercedem,</strong></span> <span class='ocrx_word' id='word_1_770' title='bbox 1665 2566 1732 2599; x_wconf 89' lang='lat' dir='ltr'><strong>quin</strong></span> <span class='ocrx_word' id='word_1_771' title='bbox 1751 2569 1778 2592; x_wconf 86' lang='lat' dir='ltr'><strong>et</strong></span> 
     </span>
    </p>
   </div>
   <div class='ocr_carea' id='block_1_109' title="bbox 984 2612 1779 2651">
    <p class='ocr_par' dir='ltr' id='par_1_109' title="bbox 984 2612 1779 2651">
     <span class='ocr_line' id='line_1_109' title="bbox 984 2612 1779 2651; baseline -0.006 -7"><span class='ocrx_word' id='word_1_772' title='bbox 984 2616 1064 2651; x_wconf 77' lang='lat' dir='ltr'><strong>longe</strong></span> <span class='ocrx_word' id='word_1_773' title='bbox 1078 2615 1266 2648; x_wconf 78' lang='lat' dir='ltr'><strong>excedentem,</strong></span> <span class='ocrx_word' id='word_1_774' title='bbox 1279 2621 1308 2642; x_wconf 87' lang='lat' dir='ltr'><strong>se</strong></span> <span class='ocrx_word' id='word_1_775' title='bbox 1319 2614 1458 2649; x_wconf 86' lang='lat' dir='ltr'><strong>accepisse</strong></span> <span class='ocrx_word' id='word_1_776' title='bbox 1472 2613 1664 2641; x_wconf 86' lang='lat' dir='ltr'><strong>conﬁtebatur.</strong></span> <span class='ocrx_word' id='word_1_777' title='bbox 1674 2612 1779 2646; x_wconf 80' lang='lat' dir='ltr'><strong>Quam-</strong></span> 
     </span>
    </p>
   </div>
   <div class='ocr_carea' id='block_1_110' title="bbox 982 2659 1776 2696">
    <p class='ocr_par' dir='ltr' id='par_1_110' title="bbox 982 2659 1776 2696">
     <span class='ocr_line' id='line_1_110' title="bbox 982 2659 1776 2696; baseline -0.006 -6"><span class='ocrx_word' id='word_1_778' title='bbox 982 2662 1077 2690; x_wconf 83' lang='lat' dir='ltr'><strong>obrem</strong></span> <span class='ocrx_word' id='word_1_779' title='bbox 1096 2662 1179 2689; x_wconf 90' lang='lat' dir='ltr'><strong>etiam</strong></span> <span class='ocrx_word' id='word_1_780' title='bbox 1203 2665 1302 2696; x_wconf 83' lang='lat' dir='ltr'><strong>praeter</strong></span> <span class='ocrx_word' id='word_1_781' title='bbox 1334 2668 1365 2688; x_wconf 88' lang='lat' dir='ltr'><strong>ea</strong></span> <span class='ocrx_word' id='word_1_782' title='bbox 1393 2667 1454 2694; x_wconf 64' lang='lat' dir='ltr'><strong>quae</strong></span> <span class='ocrx_word' id='word_1_783' title='bbox 1478 2659 1551 2687; x_wconf 89' lang='lat' dir='ltr'><strong>dicta</strong></span> <span class='ocrx_word' id='word_1_784' title='bbox 1564 2663 1630 2687; x_wconf 84' lang='lat' dir='ltr'><strong>sunt</strong></span> <span class='ocrx_word' id='word_1_785' title='bbox 1651 2665 1776 2691; x_wconf 83' lang='lat' dir='ltr'><strong>munera,</strong></span> 
     </span>
    </p>
   </div>
   <div class='ocr_carea' id='block_1_111' title="bbox 984 2705 1779 2744">
    <p class='ocr_par' dir='ltr' id='par_1_111' title="bbox 984 2705 1779 2744">
     <span class='ocr_line' id='line_1_111' title="bbox 984 2705 1779 2744; baseline -0.006 -7"><span class='ocrx_word' id='word_1_786' title='bbox 984 2709 1131 2737; x_wconf 72' lang='lat' dir='ltr'><strong>cumulatae</strong></span> <span class='ocrx_word' id='word_1_787' title='bbox 1143 2708 1352 2744; x_wconf 78' lang='lat' dir='ltr'><strong>magniﬁcentiae</strong></span> <span class='ocrx_word' id='word_1_788' title='bbox 1368 2707 1508 2742; x_wconf 82' lang='lat' dir='ltr'><strong>specimen</strong></span> <span class='ocrx_word' id='word_1_789' title='bbox 1522 2706 1617 2738; x_wconf 81' lang='lat' dir='ltr'><strong>edens,</strong></span> <span class='ocrx_word' id='word_1_790' title='bbox 1631 2705 1704 2733; x_wconf 87' lang='lat' dir='ltr'><strong>haud</strong></span> <span class='ocrx_word' id='word_1_791' title='bbox 1718 2705 1779 2733; x_wconf 69' lang='lat' dir='ltr'><strong>exi-</strong></span> 
     </span>
    </p>
   </div>
   <div class='ocr_carea' id='block_1_112' title="bbox 987 2752 1781 2793">
    <p class='ocr_par' dir='ltr' id='par_1_112' title="bbox 987 2752 1781 2793">
     <span class='ocr_line' id='line_1_112' title="bbox 987 2752 1781 2793; baseline -0.006 -9"><span class='ocrx_word' id='word_1_792' title='bbox 987 2764 1070 2793; x_wconf 78' lang='lat' dir='ltr'><strong>guam</strong></span> <span class='ocrx_word' id='word_1_793' title='bbox 1086 2755 1269 2791; x_wconf 79' lang='lat' dir='ltr'><strong>Peloponnesi</strong></span> <span class='ocrx_word' id='word_1_794' title='bbox 1287 2759 1393 2790; x_wconf 87' lang='lat' dir='ltr'><strong>partem</strong></span> <span class='ocrx_word' id='word_1_795' title='bbox 1417 2754 1529 2790; x_wconf 84' lang='lat' dir='ltr'><strong>adjecit,</strong></span> <span class='ocrx_word' id='word_1_796' title='bbox 1543 2761 1625 2789; x_wconf 81' lang='lat' dir='ltr'><strong>quant</strong></span> <span class='ocrx_word' id='word_1_797' title='bbox 1642 2752 1704 2786; x_wconf 83' lang='lat' dir='ltr'><strong>jure</strong></span> <span class='ocrx_word' id='word_1_798' title='bbox 1716 2759 1781 2786; x_wconf 84' lang='lat' dir='ltr'><strong>pro-</strong></span> 
     </span>
    </p>
   </div>
   <div class='ocr_carea' id='block_1_113' title="bbox 990 2797 1783 2838">
    <p class='ocr_par' dir='ltr' id='par_1_113' title="bbox 990 2797 1783 2838">
     <span class='ocr_line' id='line_1_113' title="bbox 990 2797 1783 2838; baseline -0.005 -9"><span class='ocrx_word' id='word_1_799' title='bbox 990 2803 1051 2838; x_wconf 89' lang='lat' dir='ltr'><strong>prio</strong></span> <span class='ocrx_word' id='word_1_800' title='bbox 1059 2800 1227 2837; x_wconf 85' lang='lat' dir='ltr'><strong>possidebat,</strong></span> <span class='ocrx_word' id='word_1_801' title='bbox 1238 2804 1359 2836; x_wconf 74' lang='lat' dir='ltr'><strong>tuncque.</strong></span> <span class='ocrx_word' id='word_1_802' title='bbox 1372 2799 1428 2827; x_wconf 88' lang='lat' dir='ltr'><strong>ﬁlio</strong></span> <span class='ocrx_word' id='word_1_803' title='bbox 1436 2804 1464 2828; x_wconf 90' lang='lat' dir='ltr'><strong>et</strong></span> <span class='ocrx_word' id='word_1_804' title='bbox 1479 2797 1638 2834; x_wconf 80' lang='lat' dir='ltr'><strong>imperatori</strong></span> <span class='ocrx_word' id='word_1_805' title='bbox 1651 2797 1783 2826; x_wconf 86' lang='lat' dir='ltr'><strong>muniﬁce</strong></span> 
     </span>
    </p>
   </div>
   <div class='ocr_carea' id='block_1_114' title="bbox 793 2859 1136 2890">
    <p class='ocr_par' dir='ltr' id='par_1_114' title="bbox 793 2859 1136 2890">
     <span class='ocr_line' id='line_1_114' title="bbox 793 2859 1136 2890; baseline 0 -2"><span class='ocrx_word' id='word_1_806' title='bbox 793 2860 912 2889; x_wconf 65' lang='lat' dir='ltr'><strong>VARIAE</strong></span> <span class='ocrx_word' id='word_1_807' title='bbox 931 2859 1136 2890; x_wconf 82' lang='lat' dir='ltr'><strong>LECTIONES.</strong></span> 
     </span>
    </p>
   </div>
   <div class='ocr_carea' id='block_1_115' title="bbox 186 2909 373 2946">
    <p class='ocr_par' dir='ltr' id='par_1_115' title="bbox 186 2909 373 2946">
     <span class='ocr_line' id='line_1_115' title="bbox 186 2909 373 2946; baseline 0.011 -2"><span class='ocrx_word' id='word_1_808' title='bbox 186 2909 208 2926; x_wconf 83' lang='lat'>&quot;</span> <span class='ocrx_word' id='word_1_809' title='bbox 221 2911 325 2946; x_wconf 59' lang='grc' dir='ltr'>ξὴρμτι</span> <span class='ocrx_word' id='word_1_810' title='bbox 339 2910 373 2946; x_wconf 68' lang='lat' dir='ltr'><strong>A-</strong></span> 
     </span>
    </p>
   </div>
   <div class='ocr_carea' id='block_1_116' title="bbox 141 2943 774 2981">
    <p class='ocr_par' dir='ltr' id='par_1_116' title="bbox 141 2943 774 2981">
     <span class='ocr_line' id='line_1_116' title="bbox 141 2943 774 2981; baseline 0.046 -38"><span class='ocrx_word' id='word_1_811' title='bbox 141 2943 234 2973; x_wconf 40' lang='lat' dir='ltr'><strong>ma;</strong></span> <span class='ocrx_word' id='word_1_812' title='bbox 253 2943 293 2962; x_wconf 57' lang='grc' dir='ltr'><strong>αι,</strong></span> <span class='ocrx_word' id='word_1_813' title='bbox 318 2943 396 2981; x_wconf 60' lang='grc' dir='ltr'>ψιλὰ]</span> <span class='ocrx_word' id='word_1_814' title='bbox 417 2945 487 2972; x_wconf 59' lang='grc' dir='ltr'>καλὰ</span> <span class='ocrx_word' id='word_1_815' title='bbox 500 2945 530 2973; x_wconf 69' lang='grc' dir='ltr'><strong>Ρ,</strong></span> <span class='ocrx_word' id='word_1_816' title='bbox 576 2945 598 2960; x_wconf 82' lang='grc'><strong>⁴¹¹</strong></span> <span class='ocrx_word' id='word_1_817' title='bbox 615 2944 728 2970; x_wconf 82' lang='grc' dir='ltr'>ὲκπλέον</span> <span class='ocrx_word' id='word_1_818' title='bbox 741 2944 774 2972; x_wconf 84' lang='grc' dir='ltr'><strong>Α.</strong></span> 
     </span>
    </p>
   </div>
   <div class='ocr_carea' id='block_1_117' title="bbox 429 2904 1448 2970">
    <p class='ocr_par' dir='ltr' id='par_1_117' title="bbox 429 2904 1448 2970">
     <span class='ocr_line' id='line_1_117' title="bbox 429 2904 1448 2940; baseline -0.003 -4"><span class='ocrx_word' id='word_1_819' title='bbox 429 2909 452 2926; x_wconf 79' lang='grc'><strong>³⁸</strong></span> <span class='ocrx_word' id='word_1_820' title='bbox 466 2909 638 2936; x_wconf 86' lang='grc' dir='ltr'>ἀνακλίσασα</span> <span class='ocrx_word' id='word_1_821' title='bbox 655 2909 685 2940; x_wconf 81' lang='grc' dir='ltr'>Ρ,</span> <span class='ocrx_word' id='word_1_822' title='bbox 705 2909 864 2936; x_wconf 76' lang='grc' dir='ltr'>ἀνεκλίνατο</span> <span class='ocrx_word' id='word_1_823' title='bbox 880 2909 911 2934; x_wconf 91' lang='grc' dir='ltr'><strong>Λ.</strong></span> <span class='ocrx_word' id='word_1_824' title='bbox 949 2908 971 2923; x_wconf 83' lang='grc'>³⁷</span> <span class='ocrx_word' id='word_1_825' title='bbox 988 2908 1181 2936; x_wconf 80' lang='grc' dir='ltr'>ὲνεκελεύσατο</span> <span class='ocrx_word' id='word_1_826' title='bbox 1195 2907 1207 2934; x_wconf 84' lang='lat'><strong>?</strong></span> <span class='ocrx_word' id='word_1_827' title='bbox 1250 2905 1273 2923; x_wconf 80' lang='grc'><strong>³⁸</strong></span> <span class='ocrx_word' id='word_1_828' title='bbox 1285 2904 1401 2937; x_wconf 73' lang='grc' dir='ltr'>ἐθνικῶς</span> <span class='ocrx_word' id='word_1_829' title='bbox 1413 2905 1448 2933; x_wconf 83' lang='grc' dir='ltr'><strong>Α.</strong></span> 
     </span>
     <span class='ocr_line' id='line_1_118' title="bbox 429 2943 1014 2970; baseline 0 0"><span class='ocrx_word' id='word_1_830' title='bbox 429 2945 487 2970; x_wconf 77' lang='grc' dir='ltr'>εαλὰ</span> <span class='ocrx_word' id='word_1_831' title='bbox 500 2945 530 2970; x_wconf 79' lang='grc' dir='ltr'><strong>Ρ.</strong></span> <span class='ocrx_word' id='word_1_832' title='bbox 576 2945 598 2960; x_wconf 86' lang='grc'><strong>⁴¹¹</strong></span> <span class='ocrx_word' id='word_1_833' title='bbox 615 2944 728 2970; x_wconf 82' lang='grc' dir='ltr'>ὲκπλέον</span> <span class='ocrx_word' id='word_1_834' title='bbox 741 2944 774 2970; x_wconf 84' lang='grc' dir='ltr'><strong>Α.</strong></span> <span class='ocrx_word' id='word_1_835' title='bbox 833 2944 854 2959; x_wconf 55' lang='grc' dir='ltr'>θ’</span> <span class='ocrx_word' id='word_1_836' title='bbox 867 2943 899 2970; x_wconf 74' lang='grc' dir='ltr'>δὴ</span> <span class='ocrx_word' id='word_1_837' title='bbox 914 2950 970 2969; x_wconf 85' lang='lat' dir='ltr'><strong>om.</strong></span> <span class='ocrx_word' id='word_1_838' title='bbox 984 2943 1014 2970; x_wconf 82' lang='grc' dir='ltr'><strong>Ρ.</strong></span> 
     </span>
    </p>
   </div>
   <div class='ocr_carea' id='block_1_118' title="bbox 883 2953 1014 2979">
    <p class='ocr_par' dir='ltr' id='par_1_118' title="bbox 883 2953 1014 2979">
     <span class='ocr_line' id='line_1_119' title="bbox 883 2953 1014 2979; baseline 0.008 -10"><span class='ocrx_word' id='word_1_839' title='bbox 883 2953 899 2979; x_wconf 87' lang='grc' dir='ltr'>η</span> <span class='ocrx_word' id='word_1_840' title='bbox 914 2953 970 2969; x_wconf 67' lang='lat' dir='ltr'><strong>Olli.</strong></span> <span class='ocrx_word' id='word_1_841' title='bbox 986 2953 1014 2970; x_wconf 80' lang='grc' dir='ltr'><strong>ι’.</strong></span> 
     </span>
    </p>
   </div>
   <div class='ocr_carea' id='block_1_119' title="bbox 1500 2903 1781 2932">
    <p class='ocr_par' dir='ltr' id='par_1_119' title="bbox 1500 2903 1781 2932">
     <span class='ocr_line' id='line_1_120' title="bbox 1500 2903 1781 2932; baseline -0.011 0"><span class='ocrx_word' id='word_1_842' title='bbox 1500 2904 1523 2922; x_wconf 82' lang='grc'><strong>²⁹</strong></span> <span class='ocrx_word' id='word_1_843' title='bbox 1539 2903 1705 2932; x_wconf 81' lang='lat' dir='ltr'><strong>Barbcriuns</strong></span> <span class='ocrx_word' id='word_1_844' title='bbox 1723 2911 1781 2929; x_wconf 80' lang='grc' dir='ltr'>σιν-</span> 
     </span>
    </p>
   </div>
  </div>
