1989 3161
154 218 210 253 διο

154 324 271 355 κάλλους
297 324 447 360 φερόμενος
463 325 620 361 νικητήρια,
637 325 725 356 Εὐθὺς
748 324 803 360 γὰρ
824 323 897 350 κατὰ
912 323 944 350 τὸ

153 369 202 396 τοῦ
217 369 334 404 ἐδάφους
348 370 511 405 μεσαίτατον
520 370 550 396 τδ
560 370 684 405 Μηδικὸν
696 370 791 406 ὖρνεον
803 370 817 396 ὁ
825 369 899 401 ταὼς
910 369 943 396 ὲκ

151 415 279 450 ψηφίδων
293 415 428 451 λαμπρῶν
440 417 472 451 τῇ
486 416 598 452 λιθοξόῳ
607 417 688 452 τέχνῃ
703 416 941 452 διαμεμόρφωται,

152 462 185 488 ὲν
195 462 349 498 εὐθυτόρνῳ
366 461 459 498 κύκλῳ
474 463 507 489 ὲκ
519 462 594 490 λίθου
612 462 739 498 Καρικῆς
763 461 942 497 συγκλειόμε-

150 516 209 540 νος,
222 507 269 542 ἀφ’
291 503 377 543 οὗπερ
397 508 507 539 ἀκτῖνες
528 508 581 535 ἀπὸ
600 507 676 534 λίθου
690 507 740 542 τῆς
767 507 854 543 αὐτῆς
873 506 941 542 πρὸς

150 552 233 580 ἄλλον
245 553 356 589 μείζονα
375 553 474 580 κύκλον
491 553 690 589 ἐκπέμπονται.
707 552 827 586 Ἐξωθεν
849 552 877 579 δὲ
892 552 940 580 καὶ

149 599 250 626 τούτου
268 599 392 634 καθάπερ
418 600 490 632 τινὲς
507 599 608 635 ρύαχες
637 599 654 635 ἢ
673 599 791 635 ποταμοὶ
816 599 848 626 ὲκ
863 598 939 625 λίθου

148 645 327 681 Θετταλῆς,ἠ
341 645 370 673 τὸ
383 645 499 680 πράσιον
512 645 611 682 χρῶμα
625 646 810 682 κεκλήρωται,
824 645 895 672 κατὰ
907 645 939 672 τὺ

147 690 200 718 τοῦ
217 691 292 718 οἶκου
305 691 476 727 τετράγωνον
493 692 587 728 σχῆμα
602 692 789 727 ὲφήπλωνται,
805 691 877 719 κατὰ
888 691 938 723 τὰς

147 736 228 768 ἐντὸς
237 736 353 770 λαγόνας
369 737 502 772 τέτταρας
514 737 611 769 ἀετοὺς
624 738 656 764 ἐκ
667 737 792 772 ψηφίδων
807 737 938 764 ποικίλων

146 789 181 807 τε
193 780 239 807 καὶ
261 780 368 807 λεπτῶν
383 781 626 816 περισφίγγουσαι,
655 781 695 813 είς
709 780 837 808 τοσοῦτον
857 781 937 816 ἀκρι-

146 825 253 853 ϐοῦντα
282 826 330 862 τὴν
347 826 463 862 μίμησιν
489 826 598 854 ἃπαντα
613 826 651 858 ὡς
668 826 789 858 εἰκάζειν
801 825 870 853 αὐτὰ
887 826 937 861 ζῇν

144 864 198 899 καὶ
213 871 343 899 ἵπτασθαι
360 871 514 907 βούλεσθαι.
540 872 572 899 Oi
588 872 617 898 δὲ
635 872 701 907 παρ’
717 872 836 908 ἑκάτερα
852 872 937 907 τοῖχοι

143 916 233 944 ὑάλου
263 917 424 953 πολυχρόοις
439 917 521 951 πλαξὶ
543 918 770 953 περισκέπονται,
798 917 935 952 διαφόρων

142 962 253 990 ἀνθέων
265 963 408 995 δοκοῦντες
426 967 545 999 μορφαῖς
557 963 734 1000 ὡραῖζεσθαι.
747 963 886 997 Ὕπερθεν
895 998 898 1000 Δ
908 962 936 989 δὲ

140 1009 252 1036 τούτων
265 1009 367 1045 κόσμος
384 1019 426 1042 τις
450 998 530 1042 ἀλλος
559 998 789 1045 περιηνθισμένος
817 998 937 1036 διαθέσει

139 1055 254 1090 χρυσῷ,
268 1055 314 1091 ὑφ’
325 1052 356 1084 οὗ
370 1056 536 1092 διείργεσθαι
548 1056 582 1083 τὰ
597 1056 738 1091 κατώτερα
752 1056 808 1082 τῶν
824 1055 880 1082 ἄνω
894 1055 936 1081 δο-

140 1101 206 1126 κεῖ·
227 1099 256 1127 ὃν
277 1101 310 1127 ἐκ
331 1100 435 1136 χρυσοῦ
463 1100 589 1136 ψηφίδων
603 1100 757 1136 διαδέχεται
781 1098 934 1134 τερπνότης

141 1146 225 1183 ἄλλη,
241 1147 367 1184 ἕνθρονον
380 1147 508 1174 δεικνῦσα
529 1146 574 1174 τὸν
586 1146 632 1173 τοῦ
663 1146 745 1182 ἔργου
768 1144 934 1180 δημιουργὸν

143 1192 337 1228 αὐτοκράτορα
352 1193 400 1219 καὶ
416 1193 466 1227 τὴν
481 1192 598 1225 σύζυγον
610 1192 752 1225 Εὺδοκίαν,
768 1190 876 1222 στολαῖς
890 1199 935 1217 κε-

146 1239 345 1274 κοσμημένους
373 1239 528 1274 βασιλικαῖς
563 1240 611 1266 καὶ
640 1237 850 1277 ταινιουμένους
878 1238 935 1269 τοῖς

143 1284 313 1320 στέμμασιν.
331 1286 362 1312 Οἱ
377 1285 405 1311 δὲ
419 1286 505 1312 κοινοὶ
522 1285 616 1316 παῖδες
630 1285 667 1316 ὼς
684 1284 797 1320 ἀστέρες
811 1283 934 1319 λαμπροὶ

137 1331 191 1358 τοῦ
205 1331 289 1367 δόμου
303 1331 384 1367 πέριξ
396 1332 566 1367 ἱστόρηνται,
584 1333 646 1364 ταῖς
666 1331 811 1367 βασιλείοις
824 1331 871 1358 καὶ
883 1330 933 1357 αὒ-

136 1378 185 1406 τοὶ
195 1377 304 1411 στολαῖς
322 1378 369 1405 καὶ
387 1379 444 1410 τοῖς
455 1378 594 1414 στέμμασι
609 1378 867 1413 καταγλαῖξόμενοι.
882 1373 933 1403 ’Ὧν

136 1424 167 1450 0!
182 1424 234 1459 μὲν
247 1424 362 1460 ἄρρενες
377 1423 477 1459 τόμους
494 1423 686 1459 ἐπιφερόμενοι
703 1422 859 1450 δείκνυνται
882 1421 932 1453 τὰς

135 1469 218 1502 θείας
229 1469 351 1503 ἐντολὰς,
364 1467 409 1503 αἷς
418 1470 535 1505 στοιχεῖν
545 1468 726 1502 ἐπαιδεύοντο,
738 1468 915 1504 περιέχοντας
923 1475 930 1483 ·

134 1514 213 1542 τὸδὲ
240 1515 308 1551 θῆλυ
328 1515 406 1550 γένος
429 1516 478 1543 καὶ
496 1515 562 1542 αὐτὸ
591 1514 700 1550 βίϐλους
714 1514 791 1547 τινὰς
816 1513 932 1548 κατέχον

133 1560 250 1595 ὁρᾶται,
270 1559 361 1594 νόμων
376 1560 457 1587 θείων
469 1559 584 1595 ἐχούσας
606 1558 749 1594 περιοχὴν,
767 1557 930 1594 βουλομένου

682 220 758 252 LIB.
772 220 806 250 V.
829 231 862 236 -—
882 215 1061 248 BASILIUS
1079 215 1245 246 MACEDO.

154 285 187 305 τι
197 275 249 303 καὶ
261 276 446 312 παμποίκιλος
468 277 513 305 καὶ
531 278 602 305 κατὰ
621 277 728 305 πάντων
743 275 837 313 σχεδὸν
853 275 886 302 τὰ
895 274 931 301 τοὶ

995 272 1067 300 rium
1082 277 1236 308 cunctaque
1255 271 1311 300 fere
1324 271 1471 302 excellenti
1483 272 1691 308 pulchritudine
1701 274 1789 310 333.

1729 216 1788 250 350

995 324 1138 352 superans.
1161 317 1260 345 Statim
1287 317 1362 345 enim
1395 316 1422 345 in
1453 318 1603 353 pavimenti
1632 319 1785 349 meditullio

995 369 1075 396 pavo,
1094 361 1154 389 avis
1171 361 1286 393 Medica,
1304 369 1337 389 ex
1358 361 1515 397 prielucidis
1549 361 1696 392 tcssellulis
1713 361 1784 396 lapi-

993 408 1063 436 cidte
1077 407 1193 435 artiﬁcio
1215 407 1322 435 rilictus
1345 412 1397 440 est.
1413 407 1610 437 rotundissima
1629 407 1733 436 circulo
1750 416 1782 435 ex

993 453 1076 482 Cario
1092 453 1182 488 lapide
1198 453 1334 486 inclusus.
1345 461 1377 481 ex
1394 461 1450 489 quo
1467 453 1536 482 radii
1551 453 1673 490 ejusdem
1684 453 1783 489 lapidis

992 500 1019 527 in
1050 499 1135 527 alium
1164 499 1297 535 majorem
1318 499 1452 528 circulum
1481 500 1613 528 immeant
1637 501 1782 536 (extraque

991 553 1053 574 cum
1073 545 1155 573 etiam
1171 546 1254 573 veluti
1270 545 1382 580 quidam
1399 546 1449 573 rivi
1469 545 1527 574 sive
1551 545 1627 574 ﬂuvii
1644 554 1677 574 ex
1693 546 1780 575 Thes-

990 591 1074 619 salico
1090 591 1186 620 viridis
1204 592 1306 620 coloris
1323 592 1413 627 lapide
1424 591 1459 619 ad
1475 598 1593 627 quatuor
1612 592 1679 620 auiis
1693 600 1780 628 angu-

990 637 1032 665 los
1048 638 1223 674 funduntur),
1239 638 1368 666 interiore
1378 638 1440 666 sinu
1457 643 1578 673 quatuor
1588 639 1695 674 aquilas
1704 639 1780 667 vario

989 683 1137 718 subtilique
1168 684 1306 712 tessellata
1337 691 1420 719 opere
1446 683 1678 719 constringentes.
1702 687 1778 711 tanta

988 729 1165 764 expressione
1178 729 1273 764 sicque
1283 733 1410 757 accurata
1443 729 1481 756 rei
1497 729 1650 756 imitatione
1667 733 1697 756 ut
1710 728 1772 757 illas

989 774 1080 802 vivere
1095 781 1128 801 ac
1149 774 1206 808 jam
1230 774 1339 809 iamque
1367 774 1486 802 volatum
1521 773 1612 802 moliri
1634 773 1775 808 coniicias.

988 820 1109 847 Parietes
1124 820 1256 855 utrinque
1276 821 1378 848 crustis
1394 820 1490 847 vitreis
1506 820 1573 847 varii
1588 819 1689 848 coloris
1710 827 1778 848 con-

987 870 1128 901 teguntur,
1153 866 1193 893 sic
1209 866 1338 893 nimirum
1355 869 1386 892 ut
1408 865 1525 892 diversis
1544 864 1707 893 interstincti
1729 864 1778 893 lio-

988 912 1064 940 ribus
1080 911 1170 946 ﬁsque
1186 919 1302 939 vernare
1321 911 1478 938 videantur.
1496 910 1584 946 Super
1600 918 1648 939 eos
1661 915 1777 939 ornatus

987 957 1058 986 alius
1075 957 1246 992 prmlloridns
1263 956 1323 984 auri
1339 956 1551 992 compositione,
1567 964 1623 991 quo
1646 955 1776 984 inferiora

987 1011 1001 1030 a
1016 1003 1204 1037 superioribus
1227 1001 1400 1037 interstingui
1422 1001 1559 1029 videntur.
1578 1000 1709 1036 Sequitur
1723 1001 1776 1029 alia

987 1053 1116 1076 venustas
1134 1056 1167 1076 ex
1192 1048 1284 1076 aureis
1300 1047 1457 1080 tessellulis,
1475 1046 1670 1082 imperatur-em
1684 1047 1776 1082 operis

985 1102 1124 1123 auctorem
1146 1095 1173 1122 in
1191 1095 1290 1122 throno
1311 1094 1455 1122 sedentem
1484 1099 1656 1128 uxoremque
1681 1092 1775 1120 Eudo-

986 1142 1067 1175 ciam,
1091 1142 1173 1177 regiis
1192 1141 1363 1170 vestimentis
1379 1130 1496 1169 ami'ctos
1511 1147 1543 1168 ac
1562 1140 1672 1168 coronis
1698 1139 1758 1167 redi

986 1184 1080 1220 mitos,
1095 1187 1254 1215 ostendens.
1272 1186 1440 1215 Communes
1457 1186 1601 1221 utriusque
1618 1185 1707 1217 liberi,
1724 1192 1775 1212 ceu

984 1235 1068 1262 stellae
1085 1234 1226 1269 pellucidae
1250 1234 1323 1262 circa
1355 1234 1466 1261 domum
1489 1232 1599 1268 depicti,
1616 1231 1776 1268 Augustali-

985 1282 1036 1310 bus
1048 1287 1075 1310 et
1091 1282 1142 1317 ipsi
1158 1281 1281 1310 vestibus
1304 1281 1395 1308 amicti
1420 1276 1586 1316 coronisque
1603 1279 1705 1308 ornati.
1719 1277 1776 1306 Ma-

984 1328 1052 1356 sculi
1073 1327 1157 1356 libros
1193 1327 1286 1355 ferunt
1312 1327 1403 1355 divina
1432 1327 1603 1354 continentes
1628 1329 1774 1361 praecepta,

983 1374 1084 1409 quibus
1097 1374 1211 1409 obsequi
1227 1373 1430 1402 erudiebanlur.
1449 1368 1575 1400 Feminae
1585 1372 1652 1406 ipsa:
1665 1378 1775 1406 quoque

982 1420 1068 1448 libros
1098 1419 1232 1456 quosdam
1262 1424 1354 1447 tenere
1379 1419 1609 1454 conspiciuntur,
1627 1417 1653 1445 in
1674 1417 1775 1452 quibus

982 1465 1136 1493 divinarum
1151 1465 1241 1500 legum
1256 1467 1417 1499 argumenta
1436 1463 1574 1498 descripta
1589 1467 1664 1490 sunt.
1683 1461 1775 1489 Voluit

983 1512 1053 1540 forte
1067 1511 1166 1539 artifex
1180 1511 1302 1539 indicare
1326 1518 1381 1538 non
1408 1510 1496 1538 solum
1509 1509 1660 1543 masculos,
1678 1509 1724 1536 sed
1747 1511 1774 1535 et

983 1557 1099 1586 feminas
1118 1556 1205 1586 sacris
1221 1556 1333 1584 Litteris
1351 1555 1474 1583 eruditas
1493 1562 1556 1584 esse
1583 1562 1615 1583 ac
1632 1554 1773 1589 sapientiae

132 1604 226 1637 δεῖξαι
236 1604 284 1632 τοῦ
302 1605 424 1640 τεχνίτου
432 1605 513 1640 τυχὸν
525 1603 562 1636 ὡς
570 1604 601 1630 οὺ
615 1604 695 1638 μόνον
711 1604 728 1639 ὴ
743 1603 831 1640 ag.qu
843 1602 924 1638 γονὴ,

983 1603 1083 1632 divinae
1098 1603 1259 1640 participes.
1280 1603 1357 1631 Licet
1383 1602 1465 1639 334
1490 1602 1563 1630 enim
1588 1601 1646 1638 ipse
1663 1601 1771 1638 generis

131 1650 209 1677 ἀλλὰ
228 1650 277 1678 καὶ
290 1652 308 1686 ὴ
320 1650 413 1687 θήλεια
428 1651 462 1678 τὰ
476 1650 537 1685 ἱερὰ
556 1649 697 1686 μεμύηται
712 1648 867 1686 γράμματα
883 1648 931 1676 καὶ

130 1697 189 1732 τῆς
207 1697 282 1729 θείας
299 1697 394 1732 σοφίας
409 1697 460 1723 οὐκ
473 1696 548 1723 ἐστιν
563 1696 708 1732 ἀμέτοχος,
720 1696 768 1723 καὶ
783 1694 836 1723 κᾶν
851 1696 865 1722 ό
880 1704 931 1730 φυ-

130 1742 275 1779 τοσπόρος
292 1742 395 1770 τούτων
408 1743 459 1770 οὐκ
484 1742 563 1778 ἔσχεν
581 1741 610 1776 ἐξ
624 1741 713 1778 ἀρχῆς
729 1742 837 1774 οίκείως
862 1741 930 1777 πρὸς

130 1789 294 1824 γράμματα
311 1789 356 1816 διὰ
370 1790 420 1828 τὴν
435 1789 567 1826 βιωτικὴν
583 1789 775 1824 περιπέτειαν,
799 1788 858 1816 ἀλλ’
883 1786 930 1815 οὖν

129 1835 202 1867 τοὺς
228 1835 348 1867 οἰκείους
374 1835 498 1867 ἅπαντας
512 1834 644 1871 βλαστοὺς
670 1834 699 1861 ἐν
714 1835 814 1870 μετοχῇ
835 1832 930 1868 σοφίας

129 1881 275 1917 πεποίηκε
289 1890 296 1896 ·
311 1880 390 1907 τοῦτο
406 1880 444 1914 δὲ,
472 1881 520 1908 καὶ
532 1881 583 1917 τῆς
603 1880 723 1916 ἱστορίας
732 1879 804 1915 δίχα,
820 1879 864 1906 διὰ
880 1879 930 1914 τῆς

129 1928 279 1963 γραφικῆς
296 1927 429 1962 ἐϐουλήθη
455 1927 512 1959 τοῖς
540 1927 627 1963 ὁρῶσι
651 1926 844 1962 σημαίνεσθαι.
873 1925 929 1952 Καὶ

129 1972 224 2000 ταῦτα
239 1972 291 2008 μὲν
303 1972 338 2000 τὰ
349 1973 436 2008 κάλλη
451 1973 491 2008 τῷ
505 1972 673 2009 τετραμερεῖ
683 1971 737 1999 τῶν
750 1971 849 2007 τοίχων
865 1971 929 2007 ἄχρι

128 2018 185 2053 τῆς
208 2017 313 2054 ὀροφῆς
335 2017 509 2054 περιέχεται”
527 2017 598 2053 αὑτὴ
623 2018 680 2053 atq
706 2016 753 2044 τοῦ
769 2018 792 2033 ⁸⁷
807 2017 928 2044 τοιούτου

129 2064 268 2095 κοιτῶνος
284 2064 371 2099 ὀροφὴ
389 2065 440 2091 οῦκ
459 2064 626 2098 ἀνεστηκυῖα
643 2064 711 2099 πρὸς
726 2062 793 2098 ὖψος
817 2063 929 2098 ἐπαίρε-

129 2118 189 2143 ται,
206 2108 276 2136 ἀλλὰ
291 2109 330 2144 τῷ
343 2109 512 2145 τετραγώνῳ
526 2109 647 2144 σχήματι
664 2110 720 2140 τοῖς
733 2109 833 2144 τοίχοις
846 2108 928 2143 ἐγκά-

129 2155 229 2191 θηται.
248 2155 353 2191 χρυσίῳ
363 2155 455 2182 διόλου
473 2155 700 2191 κατηγλαῖσμένη
713 2156 760 2182 καὶ
771 2154 926 2188 στίλϐουσα,

129 2199 208 2227 κατὰ
222 2199 255 2226 τὸ
268 2200 432 2236 μεσαίτατον
449 2200 570 2236 φέρουσα
583 2199 630 2227 τὸν
644 2200 781 2227 νικοποιὸν
798 2198 926 2235 σταυρὸν,

129 2244 209 2281 ὑάλῳ
234 2245 346 2280 πρασίῳ
374 2245 622 2280 διαμορφούμενον,
641 2244 706 2279 περὶ
730 2243 760 2271 ὃν
786 2244 825 2276 ὡς
839 2245 927 2280 ἄστρα

983 1654 1081 1678 auctor
1105 1655 1243 1686 caputque
1257 1649 1370 1677 familiae
1390 1648 1465 1676 haud
1480 1655 1596 1683 prorsus
1611 1647 1691 1675 initio
1705 1654 1772 1682 erga

983 1697 1089 1725 litteras
1118 1703 1253 1732 propense
1283 1696 1421 1724 animatus
1444 1699 1517 1723 esset
1545 1695 1581 1722 ob
1603 1694 1666 1722 vitae
1691 1693 1771 1722 aliam

982 1743 1120 1778 aliamque
1136 1747 1238 1770 sortem
1254 1748 1393 1777 casusque
1405 1740 1541 1772 difﬁciles,
1558 1747 1666 1772 omnem
1681 1743 1772 1766 tamen

981 1789 1102 1817 sobolem
1118 1788 1251 1824 sapientia
1271 1787 1358 1815 imbui
1374 1787 1490 1815 curavit.
1505 1787 1595 1823 Atque
1608 1785 1672 1818 hoc.
1689 1784 1771 1813 etiam

981 1839 1091 1863 tacente
1113 1834 1238 1867 historia,
1252 1841 1302 1869 per
1317 1833 1453 1869 picturam
1481 1832 1569 1860 voluit
1595 1830 1772 1859 cernentibus

981 1882 1163 1916 conspicuum
1189 1887 1260 1908 esse.
1284 1879 1374 1915 Atque
1404 1879 1463 1907 haec
1486 1878 1584 1906 decora
1606 1878 1634 1905 in
1653 1881 1773 1912 quatuor

980 1928 1117 1963 parietum
1135 1927 1267 1955 lateribus
1290 1926 1322 1954 ad
1348 1930 1451 1953 tectum
1479 1931 1567 1960 usque
1592 1923 1769 1952 exhibentur.

980 1974 1096 2002 Tectum
1111 1978 1203 2002 autem
1220 1973 1302 2007 hujus
1314 1971 1434 2000 cubiculi
1449 1979 1504 1999 non
1524 1971 1552 1998 in
1578 1970 1696 1998 sublime
1707 1976 1770 1997 sese

980 2019 1106 2056 porrigit,
1129 2020 1176 2047 sed
1205 2019 1293 2046 forma
1309 2022 1450 2053 tetragona
1475 2015 1629 2051 parietibus
1657 2014 1768 2046 insidet,

979 2073 1046 2094 auro
1060 2069 1147 2092 totum
1168 2063 1380 2092 condecoratnm
1395 2062 1511 2097 ejusque
1532 2061 1638 2095 fulgore
1653 2059 1768 2086 micans.

979 2110 1007 2137 in
1022 2110 1113 2138 tnetlio
1129 2109 1220 2138 crucis
1235 2108 1375 2136 victoriale
1401 2108 1509 2142 signum
1519 2128 1528 2139 ,
1545 2106 1614 2133 vitro
1633 2104 1712 2132 viridi
1727 2104 1769 2132 ef-

979 2157 1139 2184 formatum.
1155 2155 1234 2183 Circa
1247 2162 1354 2182 crucem
1368 2153 1441 2180 velut
1456 2153 1550 2181 stellas
1564 2152 1591 2179 in
1611 2151 1681 2179 ccelo
1691 2150 1770 2178 etfui-

978 2207 1072 2238 gentes
1087 2201 1202 2234 videbis,
1218 2201 1306 2236 ipsnm
1326 2199 1512 2236 percelcbrem
1529 2199 1720 2234 imperatorem
1736 2205 1770 2224 ac

977 2256 1041 2276 cum
1066 2247 1160 2275 liberis
1188 2247 1318 2275 omnibus
1334 2246 1421 2280 ipsam
1447 2245 1604 2279 conjugem,
1624 2249 1721 2270 manus
1735 2243 1770 2270 ad

129 2291 195 2319 κατ’
207 2291 324 2326 οὐρανὸν
337 2291 422 2328 θεάσῃ
435 2291 612 2327 ὲκλάμποντα
629 2291 710 2318 αὐτόν
736 2300 766 2318 τε
781 2291 826 2318 τὸν
841 2291 925 2319 ἀοίδι-

983 2295 1063 2322 Dcum
1080 2294 1258 2322 sustollentes
1284 2301 1316 2321 ac
1331 2293 1422 2320 crucis
1438 2291 1576 2319 viviﬁcnm
1604 2291 1724 2327 signum,
1742 2295 1770 2317 et

131 2346 186 2372 μον
211 2337 328 2373 βασιλέα
344 2338 391 2364 καὶ
404 2338 473 2372 μετὰ
488 2337 543 2364 τῶν
557 2338 660 2364 τέκνων
673 2337 783 2364 πάντων
796 2337 847 2372 τὴν
864 2337 927 2364 σύν-

130 2391 225 2416 ευνον,
253 2382 322 2418 πρός
350 2392 380 2410 τε
408 2383 475 2410 Θεὸν
505 2383 553 2410 καὶ
581 2384 612 2410 τὺ
639 2384 687 2410 τοῦ
720 2384 838 2420 σταυροῦ
856 2385 925 2417 ζωο-

129 2429 210 2455 ποιδν
226 2427 270 2465 [Ρ.
296 2428 360 2466 206]
378 2430 489 2464 σημεῖον
501 2429 551 2461 τὰς
566 2430 660 2464 χεῖρας
677 2429 853 2465 ἐπαίροντας,
878 2430 926 2457 καὶ

126 2473 213 2500 τοῦτο
228 2473 310 2508 μόνον
323 2474 384 2509 οὐχὶ
398 2473 527 2508 βοῶντας,
541 2474 582 2500 ὃτι
612 2474 663 2500 Διὰ
673 2473 761 2501 τοῦδε
775 2475 828 2501 τοῦ
842 2483 924 2502 νικο-

128 2519 222 2546 ποιοῧ
237 2519 395 2553 συμϐόλου
421 2518 483 2546 πᾶν
496 2519 610 2554 ἀγαθὸν
625 2520 674 2546 καὶ
694 2521 786 2555 φίλον
810 2522 872 2555 Θεῷ
889 2522 925 2549 ἐν

129 2564 197 2598 ταῖς
211 2565 337 2599 ἡμέραις
350 2564 404 2600 τῆς
418 2565 564 2600 ἠμέτεριις
583 2566 746 2600 βασιλείας
758 2567 922 2603 διαπέπρα-

129 2621 198 2640 κται
210 2613 262 2640 καὶ
274 2612 469 2647 κατώρθωται.
487 2613 647 2649 Περιέχεται
660 2614 687 2640 δὲ
705 2614 752 2640 καὶ
763 2614 923 2649 εὐχαριστία

129 2659 333 2694 ἐγγράμματος
356 2658 432 2694 παρά
451 2667 480 2685 τε
497 2660 551 2685 τῶν
569 2659 712 2692 φυσάντων
728 2660 799 2695 ὑπὲρ
813 2660 867 2686 τῶν
879 2661 923 2687 τέ-

129 2712 204 2731 κνων
217 2705 354 2740 λεγομένη
369 2705 438 2741 πρὸς
449 2706 494 2733 τὸν
513 2705 579 2733 Θεδν
595 2706 642 2733 καὶ
658 2707 733 2741 παρὰ
748 2705 802 2733 τῶν
817 2707 920 2734 τέκνων

130 2748 211 2782 αὖθις
225 2749 296 2785 ὑπὲρ
317 2750 372 2777 τῶν
388 2750 569 2786 γεννητόρων.
599 2751 653 2778 Καὶ
678 2752 694 2786 ἡ
712 2751 760 2786 μὲν
775 2752 851 2787 παρὰ
866 2751 920 2778 τῶν

129 2793 236 2828 γονέων
250 2794 356 2830 ,οὑτωσί
374 2803 432 2826 πως
448 2796 494 2822 ἐπὶ
520 2795 620 2828 λέξεως
638 2797 737 2832 ἔχουσα
762 2796 918 2823 δείκνυταμ

131 2841 380 2876 Εὐχαριστοῦμὲν
391 2849 452 2874 σοι,
464 2842 517 2869 Θεὲ
534 2843 704 2879 ὐπεράγαθε
719 2843 768 2870 χιιι
787 2843 919 2875 ,βασιλεῦ

978 2345 1083 2368 tantum
1101 2348 1154 2368 non
1170 2340 1322 2367 clamantes
1338 2347 1345 2364 τ
1365 2338 1417 2365 Per
1428 2338 1477 2365 hac
1491 2336 1630 2364 uictoriafe
1647 2336 1765 2371 signum,

977 2387 1105 2424 quidquid
1131 2387 1228 2413 bonum
1251 2385 1355 2420 Dcoque
1384 2389 1530 2419 acceptum,
1555 2383 1661 2418 imperii
1680 2382 1765 2408 nostri

978 2433 1137 2468 temporibus
1152 2437 1253 2467 gestant
1268 2436 1305 2458 est
1320 2439 1350 2457 ac
1361 2435 1508 2465 peruolant.
1527 2429 1689 2456 Continetur
1702 2435 1768 2454 vero

976 2479 1059 2506 etiam
1075 2477 1226 2513 gratiarum
1243 2476 1314 2503 actio
1329 2476 1429 2503 litteris
1444 2475 1607 2506 exarata,e‘x
1624 2477 1770 2508 parentum

975 2532 1094 2560 persona
1113 2531 1163 2558 pro
1183 2523 1288 2554 liberis,
1317 2530 1405 2556 exque
1426 2521 1574 2548 liberorum
1595 2526 1690 2546 rursus
1705 2525 1768 2553 per-

975 2577 1044 2598 sona
1057 2570 1089 2596 ad
1107 2570 1191 2597 Deum
1205 2568 1277 2596 dicta
1292 2575 1340 2602 pro
1358 2566 1527 2602 parentibus.
1544 2565 1689 2592 Parentum
1705 2571 1769 2598 gra-

975 2616 1074 2643 tiarum
1088 2615 1159 2642 actio
1179 2614 1220 2642 sic
1242 2622 1271 2642 se
1290 2613 1322 2641 ad
1338 2613 1452 2640 vcrbnm
1465 2611 1564 2638 habere
1575 2609 1766 2646 dignoscitur:

976 2662 1083 2690 Gratias
1101 2661 1148 2688 tibi
1168 2661 1283 2696 agimus,
1306 2660 1387 2692 Deus,
1400 2666 1501 2686 omnem
1514 2659 1640 2685 excedens
1657 2656 1768 2684 bonita-

976 2714 1038 2740 tem,
1052 2715 1077 2736 et
1092 2707 1147 2734 Rea:
1163 2715 1262 2742 regum.
1283 2706 1352 2741 quod
1366 2714 1412 2733 nos
1428 2705 1518 2732 liberis
1539 2704 1649 2738 .rtipasti
1662 2703 1768 2737 agenti-

976 2755 1023 2782 bus
1042 2753 1357 2790 gratiasmaguiﬁcentiw
1377 2751 1540 2778 mirubilium
1570 2754 1687 2776 tuarum.
1719 2746 1767 2774 Vc-

975 2808 1033 2826 rum
1048 2807 1122 2826 serva
1141 2806 1183 2825 eos
1206 2798 1233 2824 iu
1252 2797 1385 2825 voluntate
1399 2801 1456 2828 tua,
1472 2804 1502 2823 ηε
1515 2795 1573 2831 quis
1584 2801 1674 2821 corum
1685 2793 1769 2828 quid-

974 2853 1055 2880 quam
1067 2843 1278 2879 trausgrediatur
1290 2842 1478 2870 mandatorum
1504 2846 1622 2874 tuorum,
1639 2838 1725 2875 335
1741 2845 1768 2865 ut

766 2890 884 2918 VARIIE
900 2890 1103 2919 LECTIOLVES.

173 2936 195 2953 "
209 2937 279 2974 αὕτη
292 2937 320 2964 δὲ
336 2937 381 2964 τοῦ
396 2937 428 2965 P.’
