1989 3161
77 195 119 227 317
595 197 669 227 LIB.
683 196 731 227 VI.
751 208 786 214 -
801 195 873 226 LEO
894 196 1038 228 BASILII
1057 198 1194 231 FILIUS.

1645 201 1697 234 37S

76 257 119 275 των
144 247 174 275 δὲ
202 248 311 276 πάντων
340 249 389 284 τῆς
418 249 564 284 ’Δνατολῆς
579 250 714 285 -θεμάτων
742 258 771 276 τε
803 250 852 277 καὶ

907 249 1061 279 funduntur
1093 260 1246 288 omnesque
1277 254 1460 283 internecioni
1489 255 1609 289 dantur,
1637 257 1699 291 ipso

76 293 224 328 ταγμάτων,
241 294 288 320 καὶ
303 294 423 330 πολέμου
436 296 504 331 μετᾶ
518 296 681 331 Βουλγάρων
697 304 852 331 συγκροτη-

77 340 157 371 θέντος
172 340 238 376 περὶ
252 340 282 367 ἰδ
296 341 532 377 Βουλγαρόφυγον,
546 343 694 378 τρέπονται
720 342 853 377 Ῥωμαῖοι

76 385 170 417 κακῶς,
187 386 235 413 καὶ
249 386 350 418 πάντες
368 387 508 414 ἀπώλοντο
521 396 528 403 ·
545 386 587 420 οἷς
604 388 781 416 συναπώλετο
805 388 854 416 καὶ

75 432 86 457 ὸ
97 431 342 468 πρωτοδεστιάριος
353 432 502 465 Θεοδόσιος.
524 434 586 460 Ἐπὶ
596 434 692 461 τούτου
703 435 752 461 καὶ
765 435 790 461 oi
804 435 854 470 τῆς

905 296 987 324 etiam
1004 298 1120 332 patricio
1133 306 1164 326 ae
1179 301 1390 334 protovestiario
1415 301 1571 329 TlteodOsio
1587 302 1698 330 deside-

908 347 977 371 rato.
1008 344 1082 372 Inter
1106 345 1164 373 haec
1192 345 1274 374 etiam
1289 347 1460 375 Chersonitze
1488 348 1585 376 ducem
1616 355 1698 375 suum

906 388 983 417 Iona!
995 390 1081 418 tilium
1095 390 1258 426 Symeonem
1270 393 1440 425 occiderunt,
1451 393 1570 429 Agareni
1585 393 1611 421 in
1625 393 1699 428 Cap-

907 435 1022 471 padocia
1039 436 1141 465 Corum
1156 444 1298 472 ceperunt.

74 476 207 511 Χερσῶνος
218 477 362 513 οἰκήτορες
371 480 415 505 τὸν
425 479 516 506 αὐτῶν
544 480 709 508 ἀπέκτειναν
733 481 886 518 στρατηγὸν
905 482 1020 518 Συμεὼν
1034 484 1080 510 τδν
1096 484 1143 511 τοῦ
1170 485 1256 512 Ἰωνᾶ.
1270 485 1437 521 Παρεληφθη
1453 485 1482 512 δὲ
1500 486 1547 513 καὶ
1562 485 1593 513 τὸ
1610 486 1699 522 Κόρτν

74 525 95 550 ὲν
105 524 135 558 τῇ
155 523 342 560 Καππαδοκίᾳ
358 525 410 552 ὑπὸ
423 526 478 552 τῶν
504 527 674 562 ’Δγαρηνῶν.

102 574 143 599 ια’.
165 571 196 598 '0
213 572 241 599 δὲ
259 571 386 607 βασιλεὺς
399 574 439 605 είς
451 574 485 600 τὰ
497 574 632 609 Δαμιανοῧ
646 574 763 607 ἐξελθὼν
779 573 853 611 εἶχεν

74 618 122 654 μεθ’
137 619 238 645 ἑαυτοῦ
258 619 306 646 καλ⁸
321 619 370 654 τὴν
395 619 473 656 Ζωὴν
486 621 538 656 τὴν
551 620 599 647 τοῦ
624 621 748 654 Ζαούτζα
772 621 854 656 θυγα-

73 664 126 699 τίρα
138 664 187 691 καὶ
200 663 283 691 αὐτὸν
296 664 342 692 τὸν
356 665 505 697 Ζαοῦτζαν.
518 665 647 700 Θεοφανὼ
659 666 690 693 δὲ
704 667 721 702 ἡ
739 667 787 695 τοῦ
803 667 853 702 βα-

73 710 158 741 σιλέως
191 709 301 745 γαμετὴ
323 710 354 737 οὐ
373 711 465 746 παρῆν
497 712 596 744 ἐκεῖσε,
620 711 678 739 ἀλλ’
691 713 720 739 ὲν
736 714 769 748 τῇ
786 713 853 749 ἁγίᾳ

73 755 135 791 σορῷ
163 757 198 791 τῇ
229 757 258 782 ὲν
277 756 444 792 Βλαχιρναις
463 758 682 793 προσεκαρτέρει
705 758 851 795 εὐχομένη.

71 802 146 835 Δόξαν
159 803 189 829 δὲ
206 803 246 838 τῷ
262 802 367 838 βασιλεῖ
387 804 476 839 μεῖναι
489 804 519 830 ὲν
535 805 590 836 τοῖς
601 805 740 840 Δαμιανοῦ
751 825 759 837 ,
781 814 852 842 συμ-

71 848 171 876 ϐούλιον
182 849 209 875 οἱ
220 849 269 876 τοῦ
284 849 407 882 Ζαούτζα
426 850 618 886 ποιησάμενοι,
632 851 646 878 ὅ
658 859 688 878 τε
697 851 754 883 υίὸς
766 852 851 879 αὑτοῦ

70 894 216 930 ότιύτζης
228 894 277 922 καὶ
296 895 322 922 al
342 895 442 928 λοιποὶ,
455 898 488 932 τῇ
503 897 581 923 νυκτὶ
594 896 641 923 τὸν
656 896 770 931 βασιλέα
793 897 853 925 δια-

71 941 234 977 χειρίσασθαι
261 941 468 969 ὲόουλεύσαντο.
488 943 522 969 Ἦ
554 942 584 969 δὲ
600 942 662 979 Ζωὴ
686 942 726 978 τῷ
749 939 860 978 βασιλεῖ’

940 577 986 605 Η.
1002 577 1152 614 Imperator
1167 579 1202 607 ad
1217 579 1343 608 Damiani
1367 580 1439 608 aedes
1462 588 1589 616 egresmls
1615 581 1697 611 chm

905 622 1018 652 Zautzaa
1045 624 1129 653 tiliam
1158 633 1253 654 secum
1299 627 1419 655 habebat
1449 634 1482 654 ac
1512 627 1601 663 ipsum
1627 628 1698 656 Ζωι-

903 675 987 698 tzam.
1017 670 1186 706 Theophano
1227 676 1319 700 autem
1360 673 1537 708 imperatoris
1560 681 1632 701 uxor
1664 675 1698 702 iis

903 716 1048 745 solemniis
1067 724 1122 745 non
1142 718 1284 752 intererat,
1311 719 1358 747 sed
1376 720 1409 747 ad
1425 724 1551 748 sanctum
1578 720 1697 748 loculum

903 761 931 789 in
945 762 1105 791 Blacbernis
1118 765 1248 799 precibus
1259 765 1372 793 assidua
1391 770 1461 793 erat.
1491 765 1588 795 Visum
1611 767 1698 802 impe-

902 807 987 834 ratori
1016 807 1043 835 in
1070 807 1124 836 illis
1149 809 1253 837 adibus
1278 818 1419 838 morarum
1445 812 1547 847 aliquid
1577 813 1695 841 trahere.

902 851 1013 881 Zautzae
1030 853 1133 888 amnes,
1153 859 1210 882 tum
1225 856 1331 884 scilicet
1344 857 1404 892 ejus
1420 857 1492 885 ﬁlius
1510 858 1626 886 Tautzcs
1639 865 1696 886 tum

902 899 1011 935 reliqui,
1029 900 1175 928 consilium
1192 902 1287 929 ineunt
1300 906 1331 929 ut
1346 902 1540 938 imperatorem
1555 909 1638 932 noctu
1656 905 1698 932 in-

902 947 1043 975 terimant.
1070 948 1106 975 At
1123 947 1177 976 Zoe
1194 948 1220 975 in
1244 948 1419 983 imperatoris
1445 951 1506 977 sinu
1533 950 1612 986 361
1633 951 1698 978 dor-

72 986 290 1021 συγκαθεύδουσα
301 988 350 1015 καὶ
365 988 410 1016 τὸν
424 988 507 1024 θροῦν
529 989 719 1022 ἑνωτισῡεῖσα,
740 990 785 1018 διὰ
803 991 852 1025 τῆς

906 992 1004 1024 miens,
1029 992 1124 1021 audito
1140 1001 1294 1026 murmure,
1319 1001 1367 1029 per
1380 993 1528 1023 fenestram
1549 1001 1697 1030 aspectans

70 1031 171 1067 Θνρίδος
181 1033 348 1068 προκύψασα
367 1033 561 1068 κατεσίγασεν.
585 1034 628 1066 Ὠς
648 1035 676 1062 δὲ
693 1034 739 1062 τοῦ
763 1036 852 1064 δεινοῦ

71 1077 109 1112 τῆς
125 1077 275 1112 ἐπιϐουλῆς
304 1079 403 1114 ᾔσθετο
428 1079 573 1115 ἀκριϐῶς,
600 1081 647 1107 τὸν
671 1080 784 1115 βασιλέα
812 1081 852 1109 διο

71 1122 200 1150 nminat:
220 1123 250 1150 τὺ
265 1124 452 1159 πραττόμενον
468 1125 672 1160 κατεσήμανεν·
686 1125 715 1157 ὃς
728 1126 758 1152 ἐν
769 1125 854 1161 πλοίῳ

71 1168 141 1200 εὐθὺς
150 1167 281 1195 εἰσελθὼν
292 1169 332 1200 είς
351 1169 445 1204 Πηγὰς
457 1170 629 1206 διεπέρασεν,
644 1171 749 1202 πάντας
763 1172 853 1198 ἐκεῖσε

73 1212 112 1240 καὶ
126 1213 207 1240 αὑτὸν
224 1213 271 1240 τὸν
290 1213 430 1247 Ζαοῦτζαν
443 1215 612 1243 καταλιπών.
630 1217 705 1252 Ταχὺ
725 1216 753 1243 δὲ
780 1216 852 1251 πρωῒ

74 1258 283 1290 είςτὺπαλάτιον
292 1260 422 1288 είσελθὼν
451 1261 580 1298 Ἰωάννην
608 1262 658 1298 μὲν
684 1262 729 1289 τὸν
754 1262 851 1298 βίγλης

71 1305 243 1341 δρουγγὰριον
273 1306 426 1340 διεδέξατο,
446 1308 553 1344 Πάρδον
581 1308 610 1335 δὲ
635 1309 692 1336 υἱὸν
717 1309 853 1336 Νικολάου

72 1351 252 1388 ὴαιρειάρχου
261 1353 318 1379 ἀντ’
329 1353 413 1380 αὐτοῦ
429 1354 595 1389 προεϐάλετο
605 1363 612 1371 ·
624 1355 638 1381 ὁ
650 1355 705 1390 γὰρ
719 1355 744 1381 Ν
747 1355 854 1386 ικόλαο;

73 1395 138 1429 οὗτος
152 1398 231 1432 φίλος
244 1396 279 1434 ἦν
293 1399 333 1435 τῷ
351 1399 458 1434 βασιλεῖ
466 1401 513 1427 καὶ
527 1401 633 1434 πιστὸς,
651 1402 698 1429 καὶ
710 1401 798 1438 [περὶ]
818 1402 853 1430 τὰ

71 1443 206 1480 ἀπόρρητα
221 1445 312 1472 πάντα
328 1445 374 1472 τοῦ
393 1446 517 1479 Ζαοὺτζα
543 1446 612 1481 δῆλα
630 1447 718 1482 τούτῳ
736 1447 851 1483 καθίστη

71 1489 108 1516 καὶ
125 1490 261 1518 ἔκπυστα.
277 1491 391 1518 Ἔκτοτε
406 1491 453 1520 οὖν
471 1493 485 1519 ὸ
499 1492 626 1528 βασιλεὺς
644 1494 685 1525 είς
693 1494 724 1520 τὸ
737 1493 785 1520 τοῦ
796 1495 850 1521 Ζα-

70 1535 140 1568 nisi:
151 1537 258 1564 κελλίον
269 1538 320 1564 οὒκ
334 1538 491 1575 εἰσήρχετο,
499 1540 523 1566 εί
534 1540 571 1575 μὴ
585 1540 662 1569 Λέων
673 1541 687 1567 ὁ
698 1541 851 1577 μάγιστρος

69 1578 261 1620 ᾢθεοδοτάκης
270 1585 361 1611 ὲπὼνυ
365 1593 427 1621 μον,
433 1585 545 1618 τούτους
553 1586 679 1622 ἀλλήλοις
697 1585 850 1621 διήλλαξεν.

901 1038 1042 1067 silentium
1062 1039 1210 1068 indicebat.
1226 1039 1429 1076 Perspectoque
1445 1041 1518 1069 clare
1533 1041 1696 1069 insidiarum

901 1085 1034 1120 periculo,
1048 1087 1186 1114 suscitans
1197 1087 1393 1121 imperatorem
1410 1087 1524 1116 insidias
1554 1088 1696 1116 indicavit.

902 1131 1000 1159 Statim
1020 1139 1087 1167 ergo
1104 1131 1132 1159 in
1149 1132 1288 1167 navigium
1301 1132 1442 1168 ingressus
1457 1132 1543 1169 Pegas
1566 1134 1698 1162 transfre-

902 1178 982 1210 tavit.
997 1179 1106 1207 cunctis
1121 1179 1170 1211 ibi,
1183 1187 1215 1207 ac
1229 1179 1290 1214 ipso
1305 1179 1421 1211 Zautza,
1439 1179 1552 1208 relictis.
1583 1179 1698 1208 Statim-

903 1232 956 1259 que
970 1232 1050 1252 mane
1067 1225 1094 1252 in
1107 1225 1237 1261 palatium
1253 1226 1376 1258 veniens.
1393 1225 1499 1254 Joanne
1519 1227 1697 1255 excubiarum

903 1271 1052 1306 drungario
1069 1271 1103 1299 ab
1124 1271 1214 1299 oﬂicio
1227 1277 1333 1300 remoto
1352 1271 1470 1300 Pardum
1487 1272 1593 1300 Nicolai
1616 1274 1696 1301 hete-

902 1316 1019 1345 riarclne
1030 1317 1115 1344 lilium
1127 1317 1152 1344 ei
1162 1318 1272 1345 muneri
1286 1318 1426 1353 praefecit:
1445 1319 1469 1346 is
1487 1326 1604 1354 namque
1614 1318 1697 1347 Nico-

902 1362 962 1390 laus
992 1362 1150 1397 imperatori
1180 1364 1286 1392 amicus
1306 1371 1498 1400 prnpensaque
1524 1364 1551 1392 in
1564 1373 1626 1392 eum
1645 1365 1699 1393 ﬁde

903 1407 1011 1435 Zantzre
1028 1415 1129 1435 arcana
1143 1409 1237 1436 omnia
1255 1417 1288 1437 ac
1303 1410 1419 1437 oortsilia
1434 1410 1459 1437 ei
1479 1410 1633 1445 detegebat.
1657 1409 1698 1437 Ex

905 1457 971 1480 tunc
987 1453 1069 1488 igitur
1086 1452 1236 1488 imperator
1249 1454 1276 1481 in
1294 1453 1403 1482 Zautza:
1417 1454 1575 1482 cubiculum
1589 1461 1644 1482 non
1658 1454 1697 1482 in-

903 1497 1014 1528 troibat.
1028 1497 1116 1526 donec
1138 1497 1193 1526 Leo
1206 1499 1349 1534 magister,
1372 1504 1555 1535 cognomento
1571 1499 1700 1528 Thcod)-

904 1547 990 1578 taces,
1003 1545 1100 1571 ambos
1115 1544 1333 1573 reconciliasset.

99 1630 140 1665 ιβ’.
148 1630 270 1667 Τελευτᾷ
276 1631 304 1657 δὲ
311 1631 456 1665 Δὺγοΰστα
468 1631 598 1667 Θεοφανὼ
606 1633 653 1668 ἔτη
666 1632 851 1668 βασιλεύσασα

940 1633 984 1661 Η.
998 1632 1288 1673 MoriturTheophapo
1298 1635 1431 1670 Augusta,
1448 1642 1536 1663 annos
1552 1635 1698 1663 duodecim

68 1676 174 1710 δώδεκα,
189 1677 250 1712 ἥτις
265 1673 312 1704 xii.
335 1677 542 1714 θαυματουργδς
558 1679 712 1714 ἀνεδείχθη,
727 1679 852 1715 ἀνωτέρα

69 1721 109 1749 τοῦ
125 1723 176 1757 τῆς
189 1722 358 1758 ζηλοτυπίας
374 1723 478 1755 πάθους
493 1726 609 1759 φανεῖσα
624 1726 670 1751 καὶ
691 1725 787 1760 πράως
802 1724 852 1760 τὴν

69 1769 300 1804 παρευδοκίμησιν
324 1769 516 1804 ὑπενεγκοῦσα
529 1771 615 1805 Ζωῆς,
636 1771 683 1797 καὶ
698 1771 727 1797 ὲν
740 1770 853 1806 ἐλεημο-

69 1814 155 1847 σύναις
171 1816 219 1842 καὶ
233 1817 401 1851 προσευχαῖς
417 1816 464 1844 τὸν
484 1817 592 1844 ἅπαντα
617 1817 674 1852 βίον
691 1817 850 1844 διανύσασα.

99 1859 144 1895 ιγ’.
174 1862 274 1898 Στέφει
294 1863 370 1890 Λέων
386 1863 400 1889 ὁ
425 1862 552 1898 βασιλεὺς
579 1864 628 1898 τὴν
644 1863 784 1899 ῦυγατέρα
804 1863 852 1890 τοῦ

69 1907 185 1940 Ζωῦτζα
196 1908 284 1945 Ζωὴν,
297 1909 345 1936 καὶ
353 1909 506 1944 εὐλογεῖται
516 1910 592 1945 παρὰ
603 1909 650 1936 τοῦ
664 1909 796 1945 κληρικοῦ
805 1909 852 1936 τοῦ

68 1954 205 1987 mission,
217 1951 239 1989 ᾧ
252 1955 369 1991 ἐπίκλην
381 1955 511 1991 Σινάπης.
535 1956 563 1982 '0
577 1955 627 1990 μὲν
640 1955 687 1982 οὖν
703 1955 854 1990 εὐλογήσας

68 2001 213 2036 καθῃρέθη,
229 2002 246 2037 ἡ
259 2001 289 2029 δὲ
304 2001 363 2033 ἔτος
375 2001 404 2029 ἓν
419 2001 466 2029 καὶ
480 2001 569 2037 μῆνας
581 2000 654 2028 ὀκτὼ
671 2000 854 2036 βασιλεύσασα

67 2045 248 2081 ἐτελεύτησεν.
264 2047 396 2082 Δάρνακα
408 2047 441 2083 δὴ
458 2046 573 2082 ἐφεῦρον
584 2046 627 2081 ἐφ’
644 2042 666 2080 ᾧ
685 2046 853 2082 ἀποτεθῆναι

68 2093 95 2119 τὸ
109 2093 185 2128 σῶμα
195 2093 283 2129 αὐτῆς
294 2095 324 2120 ἐν
341 2094 409 2129 αὐτῇ
420 2114 428 2126 ,
447 2093 490 2130 [Ρ.
508 2093 573 2130 925]
589 2094 650 2129 ἥτις
661 2093 767 2120 τοιάνδε
780 2092 854 2129 εἶχεν

67 2138 304 2175 ἐγκεκολαμμένην
325 2139 433 2176 γραφήν
446 2147 455 2156 θ
471 2140 609 2175 Θυγάτηρ
630 2138 811 2174 Βαϐυλῶνος
832 2140 852 2174 ἡ

67 2187 259 2221 ταλαίπωρος.

98 2223 140 2258 ιδ’.
165 2232 354 2268 Διεόλήθησαν
379 2232 408 2259 δὲ
438 2232 478 2268 τῷ
508 2232 613 2268 βασιλεί
637 2232 776 2265 Μουσικδς
805 2232 854 2260 καὶ

66 2277 242 2312 Σταυρακιος,
255 2278 294 2310 ὡς
309 2277 386 2313 παρὰ
402 2277 456 2305 τῶν
473 2277 635 2314 στρατηγῶν
649 2278 726 2313 δῶρα
747 2277 854 2313 λαμϐά-

66 2330 164 2356 νοντες,
180 2323 248 2351 ἀλλὰ
271 2324 320 2351 καὶ
336 2324 412 2359 παρὰ
425 2324 481 2350 τῶν
504 2324 655 2360 ἀρχόντων,
679 2323 852 2359 μεσιτεύουσι

65 2369 166 2401 τούτοις
182 2370 220 2405 τῷ
237 2370 457 2406 βασιλεοπάτορι.
469 2369 522 2397 Καὶ
538 2379 604 2397 ποτε
620 2369 666 2397 τοῦ
679 2370 852 2405 Σταυρακίου

67 2415 134 2448 μετὰ
146 2417 318 2451 γραμμάτων
335 2417 411 2445 τινὸς
421 2417 478 2443 τῶν
493 2416 655 2451 στρατηγῶν
677 2417 718 2449 είς
732 2416 780 2443 τὸν
801 2416 852 2451 βα-

68 2461 242 2497 σιλιοπάτορα
258 2462 473 2498 εἰσεληλυθότος,
490 2463 528 2495 ὼς
548 2460 619 2489 εἶδεν
633 2463 715 2490 αὐτὸν
733 2463 748 2489 ὁ
774 2462 853 2498 βασι-

67 2508 128 2539 λεὺς
138 2510 166 2534 ὲν
175 2509 214 2544 τῷ
231 2509 336 2544 ἡλιακῷ
352 2509 488 2544 ἑστηκὼς.
505 2509 621 2536 κατόπιν
632 2509 714 2536 αὑτοῦ
729 2509 854 2545 εἰσῆλθεν

67 2554 114 2580 καὶ
125 2555 170 2581 τοῦ
183 2556 307 2586 τένοντος
324 2555 407 2582 αὑτὸν
419 2555 568 2590 λαϐόμενος
577 2555 631 2588 ἐξω
653 2555 790 2591 ἐξήγαγεν
812 2556 851 2588 ὡς

67 2600 145 2634 δῆθεν
168 2602 233 2637 περ)⁵
255 2601 310 2629 τῶν
337 2601 499 2637 στρατηγῶν
518 2602 677 2638 ἐρωτήσων,
693 2602 741 2629 καὶ
767 2603 808 2634 είς
821 2601 853 2629 τὸ

68 2645 217 2682 Μονόθυρον
236 2646 351 2682 ἀγαγὼν
377 2647 424 2673 καὶ
446 2647 482 2673 τὰ
498 2647 652 2683 γράμματα
673 2647 774 2682 ἐξάρας
797 2648 852 2674 ἁπ-

67 2693 239 2729 ετφενδόνησε
251 2693 346 2720 τοῦτον
360 2694 406 2719 καὶ
415 2694 470 2724 τοῖς
483 2692 682 2728 προστυχοῦσιν
690 2693 791 2720 ἔδωκεν
805 2693 851 2721 τοῦ

67 2738 197 2766 παλατίου
212 2739 360 2774 ἐξαγαγεῖν
371 2740 418 2766 καὶ
432 2740 548 2775 μοναχὸν
563 2740 723 2774 ἀποκεῖραι.
747 2739 852 2767 Μαθὼν

66 2783 96 2808 δὲ
115 2785 186 2812 τοῦτο
201 2787 215 2813 ὁ
231 2786 369 2818 Μουσικδς
387 2786 416 2812 ἐν
428 2785 584 2820 ἀπογνώσει
611 2787 734 2821 γέγονεν.
762 2786 852 2814 Εἰσελ-

67 2828 123 2854 υἰιιν
134 2830 162 2857 δὲ
180 2833 194 2858 ὸ
209 2832 336 2867 βασιλεὺς
355 2832 420 2858 ἔνθα
435 2833 449 2858 ὀ
473 2831 610 2864 Μουσικὺς
635 2832 788 2868 παρίστατο
812 2832 852 2867 τῷ

68 2875 199 2912 lae-31:4,
216 2878 310 2904 τοῦτον
321 2877 398 2912 παρὰ
416 2878 463 2904 τὸν
474 2877 609 2913 τράχηλον
623 2877 734 2913 ὡθήσας
754 2878 853 2913 ἐξήγα-

69 2926 121 2950 ’ξεν
131 2939 139 2954 ,
150 2921 336 2959 διορισάμενος
362 2923 548 2959 Χριστοφόρον
573 2923 734 2959 κηιτωνὶτην
749 2924 778 2951 ἐν
796 2925 854 2956 τοῖς

903 1678 1018 1714 imperio
1029 1679 1128 1713 potita,
1139 1684 1220 1712 atque
1230 1684 1293 1714 post
1305 1684 1419 1708 mortem
1432 1680 1630 1708 miraculorum
1640 1681 1699 1714 glo-

904 1724 943 1751 ria
958 1724 1075 1758 claruit;
1091 1733 1152 1760 qua:
1165 1726 1294 1752 nimirum
1306 1726 1447 1761 zelotypize
1458 1725 1556 1753 aﬂ‘ectu
1575 1727 1700 1761 superior

903 1771 1013 1804 fuisset,
1023 1771 1147 1806 Zoesque
1154 1771 1320 1806 spretionem
1330 1771 1436 1807 placide
1445 1772 1563 1804 tulisset.
1574 1780 1606 1800 ac
1614 1772 1698 1800 vitam

904 1822 1013 1842 omnem
1025 1815 1207 1850 eiecmosynis
1217 1820 1300 1850 atque
1319 1816 1446 1851 precibus
1456 1817 1569 1844 assidua
1584 1817 1698 1852 egisset.

940 1861 982 1888 I3.
1000 1860 1122 1888 Coronat
1137 1861 1192 1889 Leo
1207 1861 1355 1897 imperator
1372 1861 1454 1890 Zoem
1472 1862 1581 1890 Zautzz
1601 1863 1699 1896 tiliam,

903 1910 931 1933 ct
945 1913 959 1933 ι
972 1907 1091 1941 quodam
1108 1907 1209 1934 clerico
1223 1908 1357 1942 palatino,
1373 1913 1558 1943 cognomento
1567 1908 1698 1944 Sinapes,

910 1958 961 1985 pro
977 1951 1136 1985 nuptiarum
1156 1952 1267 1980 corollis
1284 1953 1477 1980 benedictione
1498 1954 1628 1981 donatur.
1650 1953 1701 1981 Be-

905 1997 1073 2026 nedictionis
1093 1999 1216 2025 minister
1231 1998 1321 2026 oﬂicio
1336 1998 1477 2034 depositus
1492 2002 1545 2026 est.
1567 1998 1622 2026 Zoe
1636 2007 1699 2026 cum

904 2051 1008 2070 annum
1028 2051 1113 2070 unum
1132 2051 1166 2071 ac
1186 2051 1294 2072 menses
1318 2048 1381 2072 octo
1401 2044 1428 2071 in
1449 2044 1563 2079 imperio
1573 2044 1700 2078 vixisset,

905 2089 970 2116 fatis
983 2089 1076 2117 Iuncta
1091 2093 1144 2117 est.
1159 2089 1272 2117 Inventa
1286 2098 1354 2117 urna
1371 2090 1397 2117 in
1414 2097 1496 2125 quam
1510 2089 1570 2125 ejus
1584 2090 1702 2117 cadaver

907 2135 1068 2169 inferretur,
1094 2137 1121 2164 in
1154 2138 1213 2164 haec
1230 2136 1313 2164 verba
1337 2144 1371 2165 ac
1399 2136 1565 2165 sententiam
1592 2135 1700 2170 calata,

907 2182 980 2209 Filia
997 2182 1143 2218 Babylonis
1158 2184 1266 2210 misera.

940 2229 1021 2265 362
1041 2229 1085 2257 M.
1108 2229 1195 2257 Porro
1211 2229 1294 2257 delati
1310 2234 1376 2257 sunt
1399 2229 1472 2265 apud
1504 2229 1700 2265 imperatorem

905 2276 1024 2304 Μυσὴ-οε
1035 2280 1062 2303 et
1077 2275 1252 2308 Stauracius.
1268 2280 1397 2311 tanquam
1415 2276 1460 2311 qui
1478 2283 1592 2303 munera
1609 2283 1624 2303 a
1648 2275 1701 2303 du-

905 2322 984 2349 cibus
1000 2329 1033 2348 ac
1046 2321 1252 2357 magistratibus
1264 2322 1421 2356 acciperent
1437 2325 1465 2348 et
1488 2321 1561 2356 apud
1578 2321 1699 2356 impera-

905 2368 973 2395 toris
990 2371 1094 2402 patrem
1109 2375 1157 2402 per
1171 2366 1268 2395 sordes
1283 2363 1495 2395 intercederent.
1522 2366 1561 2394 Ac
1573 2374 1639 2394 vero
1656 2366 1701 2393 in-

904 2421 999 2450 gresso
1015 2414 1182 2449 quandoque
1197 2413 1343 2440 Stauracio
1355 2413 1388 2440 ad
1402 2412 1579 2448 imperatoris
1592 2417 1698 2448 patrem

904 2468 967 2488 cum
984 2460 1086 2488 ducum
1110 2459 1226 2494 alicujus
1242 2459 1346 2492 libello,
1364 2459 1409 2487 ubi
1426 2467 1489 2487 eum
1510 2460 1659 2494 imperator
1673 2458 1700 2485 in

905 2507 988 2534 solari
1006 2506 1146 2541 horologio
1161 2510 1238 2533 stans
1253 2506 1370 2540 aspexit,
1384 2505 1522 2532 hominem
1539 2511 1610 2540 pone
1620 2511 1700 2532 secu-

905 2557 951 2581 tus
967 2557 1008 2580 est
1024 2552 1186 2587 cerviceque
1200 2551 1405 2587 apprehensum
1418 2550 1494 2579 foras
1507 2551 1613 2584 eduxit,
1639 2555 1700 2578 tan-

905 2606 987 2634 quam
1003 2597 1134 2625 nimirum
1160 2597 1193 2625 de
1206 2597 1323 2625 ducibus
1337 2596 1519 2632 quaestionem
1534 2595 1696 2629 habiturus;

905 2645 1070 2680 trahensque
1094 2644 1128 2671 ad
1154 2644 1347 2680 Monothyrum
1363 2663 1371 2676 ,
1400 2643 1554 2679 ablatisque
1584 2643 1698 2675 tabulis,

907 2692 1045 2720 hominem
1062 2691 1200 2725 excussit;
1216 2698 1250 2718 ac
1263 2691 1297 2718 iis
1312 2690 1359 2725 qui
1369 2689 1439 2718 forte
1456 2690 1581 2723 aderant,
1599 2690 1701 2725 palatio

904 2738 1075 2766 educendum
1095 2742 1176 2773 atque
1192 2737 1220 2765 in
1236 2737 1401 2765 monachum
1418 2737 1632 2770 detondendum,
1650 2736 1698 2764 de-

903 2785 952 2812 dit.
973 2784 1002 2811 ld
1020 2792 1084 2812 vero
1100 2789 1130 2811 ut
1141 2783 1270 2820 cognovit
1293 2782 1424 2816 Musicus,
1442 2782 1634 2817 desperatione
1655 2782 1699 2818 agi

904 2831 1018 2866 suisque
1035 2830 1117 2858 rebus
1132 2829 1255 2857 diﬂidere
1271 2829 1365 2864 cepit.
1389 2829 1531 2864 Ingressus
1545 2829 1637 2861 itaque
1648 2829 1699 2856 int—

904 2881 1022 2912 peralor,
1042 2876 1086 2903 tibi
1103 2876 1147 2903 ille
1158 2875 1268 2903 Zautzze
1281 2875 1400 2907 astabat.
1408 2874 1479 2902 collo
1492 2873 1696 2909 apprehensum

907 2922 1020 2950 trudens
1045 2922 1158 2956 expulit,
1185 2929 1217 2950 ac
1243 2920 1445 2957 Christophoro
1465 2919 1635 2948 cubiculario
1668 2918 1697 2947 in
