1997 3167
276 183 332 216 383

826 188 1082 220 THEOPHANES
1101 187 1379 219 CONTINUATUS.

1852 187 1898 219 σει

274 249 336 275 nos,
355 243 413 277 ipsa
440 243 484 272 die
514 253 568 281 qua
594 245 693 274 vulnus
710 251 867 282 acceperat,
887 247 958 275 vivis
976 254 1068 274 erem-

1121 246 1332 282 ἐκαυχήσαντο
1351 247 1379 274 οἱ
1402 247 1566 281 μισοῦντές
1585 255 1623 275 σε
1643 248 1678 275 ἐν
1698 247 1783 283 μέσῳ
1804 246 1899 281 ἑορτῆς

275 293 337 322 plus
348 293 402 317 est.

1120 301 1188 320 σου.
1218 302 1228 320 ›
1256 293 1305 320 Δεῖ
1325 290 1383 321 οὖν
1396 301 1433 320 σε
1443 314 1451 326 ,
1469 293 1619 326 δέσποτα,
1636 294 1695 322 ἀπὸ
1709 294 1764 321 τοῦ
1779 293 1837 321 νῦν
1853 293 1900 325 ἔτη

274 334 349 363 δέκα
366 336 424 370 τὴν
436 338 603 370 βασιλείαν
621 338 798 373 κατασχεῖν.
824 339 857 366 '0
873 339 921 366 καὶ
937 339 1066 374 γέγονεν·
1089 340 1160 374 μετά
1179 340 1235 377 γὰρ
1253 340 1304 377 τὴν
1321 340 1496 377 ἐκπλήρωσιν
1532 340 1588 368 τῶν
1605 341 1673 369 δέκα
1708 341 1852 374 ἐνιαυτῶν,
1867 343 1899 378 τῇ

275 383 345 420 αὐτῇ
359 385 451 422 ἡμέρᾳ
467 386 495 412 ἐν
509 382 527 423 ᾖ
541 385 589 413 καὶ
602 385 722 422 ἐπλήγη,
735 386 940 422 τετελεύτηκεν.

309 430 355 458 20.
372 430 459 460 Porro
472 431 526 460 Zoe
537 438 634 468 quarta
647 432 746 461 Leonis
763 441 832 461 uxor
843 434 872 462 in
888 434 990 470 palatio
1002 441 1065 461 cum

275 484 309 504 eo
333 478 505 510 versabatur.
527 479 666 506 hauddum
691 480 865 515 nuptialibus
890 481 1003 509 corollis
1018 481 1068 508 do-

277 528 350 550 nata.
373 522 441 551 Cum
459 531 525 552 vero
538 523 650 559 Bulgari
668 526 873 554 incursionibus
891 534 949 554 rem
965 526 1068 555 Roma-

276 576 339 596 nam
352 573 513 602 attererent,
531 571 650 607 Agareni
666 573 841 601 occasionem
859 573 933 601 necti
951 573 1067 601 classem

276 614 445 651 navalesque
465 617 561 652 copias
578 618 725 652 miserunt,
739 618 832 647 Leone
846 618 980 654 Tripolita
995 619 1068 647 clas-

275 661 362 689 siario
379 662 462 695 duce,
478 662 586 691 Attalea
604 664 672 692 urbe
686 664 814 698 oriundo,
841 665 888 693 sed
915 665 961 700 qui
988 664 1069 693 Chri-

276 707 396 735 stianam
421 708 579 743 ejuraverat
600 710 743 745 pietatem.
760 711 902 747 Appellata
919 707 1010 739 autem
1028 715 1070 739 cst

276 753 425 783 thnicie
445 754 566 790 Tripolis
580 777 587 789 ,
612 757 686 792 quod
709 758 799 786 tribus
816 758 986 791 nationibus,
1004 757 1070 786 Sar-

277 797 331 826 diis
348 798 454 827 scilicet
477 799 567 836 Tyriis
592 809 626 829 ac
642 801 765 830 Sidoniis
785 803 900 836 colonis,
917 803 1005 831 divisa
1022 804 1069 832 sit.

277 842 397 878 Egreseo
410 844 506 879 itaque
522 845 690 880 imperatore
709 848 742 874 ad
756 847 829 876 Butii
847 848 1001 883 emporium
1021 856 1069 876 cn-

277 887 426 916 caeniorum
442 896 526 918 causa
545 891 707 919 monasterii
733 899 749 919 a
771 892 973 928 Christophoro
998 900 1065 928 pro-

277 935 438 966 tovestiario
450 936 596 971 exstructi,
613 938 726 967 nuntius
742 938 817 966 venit
832 939 994 974 Tripolitam
1004 947 1068 967 cum

278 980 371 1009 hostili
389 981 592 1011 Saracenorum
611 983 700 1012 classe
717 984 825 1020 Cpolim
855 989 956 1019 petere.
987 985 1070 1013 Mittit

276 1035 342 1063 ergo
359 1027 511 1063 imperator
526 1028 702 1058 Eustathium
727 1031 765 1058 rei
782 1036 847 1059 tunc
863 1031 968 1060 navalis
980 1031 1067 1059 drun-

1155 437 1190 461 κ’,
1205 431 1260 460 Ἦν
1277 432 1305 460 δὲ
1321 431 1383 468 Ζωὴ
1397 432 1414 468 ἡ
1439 433 1556 468 τετάρτη
1573 432 1643 467 γυνὴ
1665 431 1711 459 rei
1727 431 1856 467 βασιλέως
1875 431 1902 459 ἑν

1117 479 1158 515 τῷ
1183 478 1307 514 παλατίῳ
1331 478 1402 513 μετά
1420 477 1468 505 τοῦ
1492 478 1625 512 βασιλέως
1641 478 1773 513 ἀστεφής,
1800 477 1857 504 Τῶν
1876 477 1901 504 δι

1119 524 1312 560 Βουλγαρικῶν
1326 525 1432 560 ἐφόδων
1451 524 1604 559 Ῥωμαίους
1620 523 1827 559 ἐπιτριϐόντων,
1840 525 1862 551 cl
1875 523 1902 556 ιε

1120 571 1211 606 Ἀγαρ
1240 570 1372 606 μαθόντες
1394 569 1475 597 τοῦτο
1494 569 1587 601 στόλος
1611 570 1728 606 ἐξῄεσαν
1752 569 1901 605 ναύμαχος,

1119 616 1318 651 ὲπιστήσαντες
1338 614 1492 650 στρατηγὸν
1513 614 1681 650 Τριπολίτην
1701 614 1820 646 Λέοντα,
1847 615 1904 640 Ἀτ-

1118 662 1201 690 τάλου
1214 662 1264 697 μὶν
1275 660 1474 697 ὲξωρμημένον
1482 661 1534 696 τῆς
1546 661 1662 692 πόλεως,
1676 660 1726 695 τῆς
1737 660 1766 688 δὲ
1780 660 1903 696 Χριστια-

1119 707 1173 734 νῶν
1190 706 1334 738 εὐσεϐείας
1357 706 1550 741 ἁποστήσαντα
1562 706 1597 734 ⁵⁸,
1621 705 1677 733 Καὶ
1705 706 1834 741 Τρίπολις
1857 706 1904 741 μὲν

1119 753 1276 788 ὠνόμασται
1297 753 1314 788 ἡ
1331 751 1403 779 κατὰ
1415 751 1543 787 Φοινίκην
1563 751 1639 787 τρισὶ
1660 751 1827 786 διαιρεθεῖσα
1848 752 1904 782 ταῖς

1119 801 1228 835 γενεαῖς
1257 799 1287 832 ἐξ
1319 798 1452 835 Ἀραδίων
1462 799 1485 815 ⁵⁸
1510 798 1559 825 καὶ
1583 797 1691 833 Τυρίων
1715 798 1762 825 καὶ
1785 796 1904 824 Σιδονίων

1119 847 1253 875 ἀποίκων.
1281 846 1335 872 Τοῦ
1355 845 1384 873 δὲ
1412 845 1544 880 βασιλέως
1572 844 1728 877 ἐξελθόντος
1745 845 1774 871 ὲν
1801 844 1840 879 τῷ
1859 842 1905 870 τοῦ

1120 892 1233 920 Bon-rion
1247 891 1374 927 ἐμπορίῳ
1389 890 1432 927 [Ρ.
1445 889 1510 926 226]
1525 890 1592 926 πρὸς
1604 890 1636 916 τὸ
1648 890 1697 925 τὴν
1717 889 1802 925 μονὴν
1815 890 1906 923 ἔγκαι-

1119 939 1194 966 νὶσαι
1216 938 1263 965 τοῦ
1288 936 1541 974 πρωτοϐιστιαρίου
1566 935 1649 963 αὐτοῦ
1671 935 1873 972 Χριστοφόρου,
1887 936 1907 971 ἡ

1119 985 1237 1020 ἀγγελία
1251 983 1320 1017 αὕτη
1337 983 1488 1011 κατέλαϐεν
1502 983 1539 1015 ὡς
1552 981 1717 1017 Τριπολίτης
1735 982 1804 1017 μετὰ
1816 981 1908 1008 στόλου

1120 1028 1175 1055 τῶν
1192 1027 1361 1064 Σαρακηνῶν
1375 1027 1447 1054 κατὰ
1462 1026 1777 1058 Κωνσταντινουπόλεως
1795 1026 1908 1062 ἀνέρχε-

277 1073 385 1108 garium
397 1081 460 1102 cum
471 1075 562 1103 classe
574 1075 706 1104 adversus
720 1076 892 1112 Tripolitam.
907 1077 953 1112 qui
968 1085 1068 1113 pugnae

1121 1083 1175 1102 ται.
1201 1074 1377 1102 Ἀποστέλλει
1390 1073 1437 1100 οὖν
1451 1074 1465 1101 ό
1485 1073 1614 1109 βασιλεὺς
1629 1073 1676 1101 τὸν
1695 1073 1843 1101 Eundem
1863 1073 1909 1099 τὸν

275 1126 339 1147 cum
352 1119 398 1148 illo
412 1120 499 1156 impar
516 1128 619 1149 vacuus
636 1121 725 1149 rediit.
746 1121 814 1150 Eum
827 1123 968 1151 insecutus
983 1123 1066 1159 367

277 1164 411 1200 'l‘ripolita
426 1166 497 1194 intra
512 1167 636 1202 Abydum
648 1169 802 1203 penetravit
813 1177 847 1197 ac
859 1177 946 1205 usque
957 1169 1068 1198 Parium

277 1211 364 1240 venit.
395 1211 483 1247 llujue
508 1212 546 1240 rei
565 1213 680 1242 nuntius
697 1221 807 1249 gravem
826 1215 983 1251 imperatori
1000 1223 1069 1245 mae-

277 1263 370 1284 rorem
383 1263 416 1284 ac
429 1257 537 1285 consilii
562 1257 684 1293 inopiam
706 1259 807 1287 attulit.
825 1259 920 1295 itaque
943 1259 1070 1288 Hemerio

277 1310 293 1330 a
315 1303 431 1331 secretis
446 1303 579 1338 primario
597 1304 715 1333 classem
745 1305 880 1333 adversus
905 1305 1068 1341 Tripolitam

277 1349 431 1377 ducendam
472 1349 633 1378 committit.
663 1350 689 1379 Is
717 1350 842 1387 Abydum
873 1356 1071 1387 praetervectus

278 1397 352 1430 (qua:
367 1400 410 1424 est
423 1395 451 1423 in
472 1394 662 1432 Hellesponto,
681 1404 765 1432 quam
785 1396 882 1425 Milesii
898 1397 989 1425 coloni
1002 1398 1070 1425 civi-

279 1447 363 1471 tatem
387 1442 583 1471 condiderunt.
605 1443 799 1480 Hellespontus
824 1444 860 1472 ab
876 1444 953 1472 llclla
969 1445 1068 1473 Phrixi

280 1496 377 1517 sorore
393 1488 450 1517 illic
465 1489 563 1524 pelago
578 1496 668 1517 mersa
681 1489 722 1518 sic
738 1490 904 1525 appellatus)
921 1490 1071 1526 [Egaeoquc

280 1534 350 1562 mari
370 1542 484 1562 emenso
498 1535 616 1570 (dictum
643 1535 695 1564 hoc
722 1536 757 1563 ab
775 1544 909 1571 aquarum
924 1536 1003 1571 quasi
1023 1544 1071 1563 ca-

281 1588 394 1616 prarum
422 1588 500 1609 more
523 1581 682 1609 salientium
714 1581 922 1617 inaequalitate),
951 1590 983 1610 ac
1007 1590 1070 1610 cum

277 1627 334 1663 jam
363 1627 397 1655 ad
419 1626 577 1655 Strobelum
595 1628 759 1663 appulisset,
780 1635 840 1663 qua!
857 1632 899 1656 est
917 1629 950 1656 ad
974 1628 1072 1664 Cibyr-

280 1673 358 1700 rham
381 1674 425 1705 (ac
440 1672 588 1702 Strobelus
609 1674 721 1709 quidem
740 1674 781 1702 sic
795 1674 868 1702 dicta
892 1682 906 1702 ο
923 1674 976 1702 loci
1003 1675 1071 1706 situ,

279 1718 414 1754 Cibyrrha
426 1726 491 1746 vero
503 1725 518 1746 a
530 1719 665 1756 Cibyrrho
682 1719 765 1747 fratre
782 1719 866 1748 Marsi
886 1723 914 1748 et
926 1719 1070 1755 Cidrami),

281 1769 364 1801 atque
380 1765 564 1800 Lampsacum
589 1767 738 1809 transisset
757 1766 810 1799 (sic
834 1766 881 1794 illa
902 1767 1037 1802 appellata
1054 1775 1070 1794 a

279 1811 351 1843 luce,
364 1818 425 1846 quas
448 1814 532 1838 noctu
549 1809 739 1839 Pbocensibus
751 1810 928 1838 fundamenta
942 1810 1070 1845 jacienti-

280 1857 332 1886 bus
353 1861 472 1893 votaque
495 1857 715 1893 concipientibus
739 1857 855 1886 coalitus
876 1857 997 1890 ail'ulsit;
1014 1864 1069 1892 quo

280 1903 404 1939 auspicio
430 1904 503 1939 jacta
534 1904 654 1933 civitatis
670 1903 850 1932 fundamenta
877 1903 955 1931 ﬁrma
984 1907 1070 1931 stete-

281 1949 369 1984 runt).
383 1954 478 1985 postea
500 1950 593 1979 Imbro
605 1954 734 1986 superata
750 1950 802 1985 (sic
822 1950 868 1977 illa
881 1949 1014 1985 appellata
1028 1953 1071 1976 est

277 1987 316 2023 λι)
341 1995 432 2024 imbro
452 1996 536 2024 Anuli
553 1996 624 2030 tilio,
641 1996 722 2032 cujus
743 2001 820 2032 pater
836 1996 984 2032 Staphylus
1010 1994 1070 2022 υἱο-

280 2041 351 2077 nysii
371 2049 457 2077 nepos
477 2042 670 2077 charissimus)
691 2042 813 2078 itemque
828 2042 1021 2074 Samothrace,
1037 2048 1070 2069 ac

278 2095 342 2116 cum
364 2087 456 2117 Thaso
475 2088 531 2124 jam
562 2089 721 2117 immineret
738 2088 833 2123 (quam
852 2088 956 2123 antiqui
973 2087 1070 2115 Aureae

278 2134 361 2162 titulo
389 2138 473 2170 atque
499 2135 611 2162 nomine
636 2134 843 2169 insigniebant:
862 2133 1068 2161 Samothracen!

279 2187 345 2207 vero
359 2180 386 2206 in
397 2179 517 2208 Thracia
533 2180 599 2208 olim
612 2179 771 2216 θηριοῦσαν,
784 2179 865 2214 quasi
878 2179 970 2207 bestiis
981 2180 1070 2207 abun-

279 2225 389 2252 dantem
410 2225 500 2260 iisque
511 2226 631 2260 plenam,
643 2225 778 2262 Nymphis
793 2233 912 2259 sacram,
927 2226 1069 2262 peninsulu

279 2278 344 2298 cum
359 2277 444 2303 esset.
455 2271 547 2300 ﬂuxus
564 2277 661 2308 postea
679 2272 807 2300 allisione
827 2272 854 2300 in
869 2272 987 2300 insulam
1005 2281 1070 2301 coa-

281 2318 366 2346 luisse
388 2318 536 2352 direrunt,
564 2327 596 2347 ac
625 2319 782 2348 Samiorum
812 2319 973 2348 colonorum
997 2319 1069 2355 juris

281 2364 380 2392 factam
409 2364 628 2394 Samothraciam
658 2371 846 2403 nuncupatam
871 2367 944 2403 esse)
973 2367 1067 2395 hostes

279 2412 448 2447 assequitur.
465 2412 500 2440 At
516 2420 604 2448 neque
619 2413 702 2449 368
720 2413 836 2442 classem
853 2414 967 2449 pr0pius
991 2413 1068 2441 adire

281 2465 368 2486 ausus
381 2463 436 2486 est.
450 2459 582 2493 Tripolita
596 2467 661 2487 vero
676 2460 736 2495 ipse
751 2468 766 2487 a
780 2468 820 2492 se,
839 2460 885 2487 Dei
901 2459 1021 2495 impulsu
1037 2466 1070 2487 ac

279 2508 360 2537 nutu,
381 2504 576 2539 reﬂectititer;
600 2506 768 2541 veniensque
783 2506 1017 2538 Thessalonicam.
1042 2510 1070 2532 ct

278 2551 476 2586 comprehenso
493 2553 539 2587 qui
563 2553 600 2580 illi
617 2553 740 2588 prclaris
753 2552 816 2588 jure
831 2556 955 2588 praeerat,
974 2553 1068 2580 Leone

280 2602 463 2630 cognomento
480 2599 660 2632 Cataziliaco,
682 2599 817 2634 ingentem
833 2605 950 2635 stragem
972 2606 1005 2626 ac
1018 2606 1068 2626 nc-

279 2648 326 2669 ces
351 2643 484 2677 plurimas
496 2646 564 2680 egit.

313 2777 345 2804 2|
379 2777 497 2810 Quidam
518 2786 583 2808 vero
603 2780 848 2812 cubiculariorum,
869 2779 1066 2816 Rhodophylus

281 2823 401 2857 nomine,
414 2825 448 2853 ob
464 2827 620 2855 necessaria
632 2827 758 2863 quaedam
777 2826 887 2862 negotia
903 2826 929 2853 in
943 2825 1064 2853 Siciliam

1119 1121 1272 1158 τηνικαῦτα
1293 1120 1475 1157 δρουγγάριον
1492 1119 1561 1155 μετά
1577 1120 1673 1146 στόλου
1696 1119 1766 1148 κατά
1782 1119 1829 1147 τοῦ
1844 1120 1910 1155 Τρι-

1120 1167 1231 1195 πολίτου
1242 1175 1250 1183 ·
1275 1167 1305 1200 ὃς
1321 1167 1359 1203 μὴ
1373 1166 1499 1201 δυνηθεὶς
1516 1166 1712 1200 ἀντιτάξασθαι
1737 1166 1826 1202 τούτῳ
1849 1167 1910 1194 ἀντε

1120 1214 1244 1249 εστράφη
1274 1213 1364 1245 κενός.
1392 1212 1517 1240 Κατόπιν
1544 1212 1572 1239 δὲ
1600 1212 1684 1239 αὑτοῦ
1703 1213 1717 1239 ὁ
1744 1212 1910 1248 Τριπολίτης

1120 1260 1207 1287 ἐλθὼν
1222 1260 1298 1292 me;
1317 1259 1430 1286 Ἀϐύδου
1448 1259 1621 1294 είσελήλυθεν
1637 1258 1684 1286 καὶ
1699 1258 1781 1294 μέχρι
1795 1259 1910 1294 Παρείου

1121 1305 1282 1333 κατέλαϐεν.
1299 1304 1386 1332 Τοῦτο
1399 1305 1438 1340 τῷ
1462 1305 1570 1340 βασιλεῖ
1583 1305 1716 1339 ἀγγελθὲν
1731 1305 1773 1337 είς
1791 1304 1912 1340 μεγάλην

1121 1353 1202 1380 αὐτὸν
1218 1353 1338 1388 ἀθυμίαν
1364 1351 1591 1388 καὶεάμηχανίαν
1609 1351 1801 1387 περιέστησεν.
1830 1350 1912 1386 Ἦμε-

1123 1399 1173 1436 ρίῳ
1190 1397 1236 1427 οὖν
1261 1398 1492 1435 πρωτασηκρῆτις
1512 1398 1562 1434 τὴν
1581 1397 1713 1428 ναυτικὴν
1731 1397 1851 1432 δύναμιν
1868 1398 1912 1430 ἑγ-

1122 1446 1245 1482 χειρίσας
1273 1446 1346 1472 κατὰ
1385 1444 1434 1472 τοῦ
1478 1444 1642 1480 Τριπολίτου
1675 1442 1856 1470 ἀπέστειλεν·
1883 1441 1912 1474 δς

1123 1491 1240 1518 ’Ἄϐυδον
1260 1490 1372 1518 διελθὼν
1386 1491 1436 1526 τὴν
1460 1490 1521 1517 καθ’
1542 1490 1756 1524 Ἑλλήσποντον,
1771 1489 1807 1524 ἢν
1824 1488 1912 1522 Μιλη-

1123 1537 1188 1564 σίων
1199 1537 1357 1573 κατῴκισαν
1371 1537 1495 1570 ἄποικες,
1512 1536 1709 1571 Ἑλλήσποντον
1722 1534 1769 1561 τδν
1783 1534 1838 1561 om
1851 1533 1914 1560 ’Ἐλι

1121 1584 1171 1619 λης
1187 1583 1236 1619 τῆς
1249 1583 1348 1618 Φρίξου
1365 1582 1483 1617 ἀδελφῆς
1497 1581 1536 1617 τῷ
1548 1582 1639 1609 ἐκεῖσε
1657 1581 1771 1615 πελάγει
1788 1581 1913 1616 ῥιφείσης

1122 1629 1209 1661 οὕτως
1226 1629 1443 1664 ἀγορευόμενον,
1467 1627 1514 1657 καὶ
1530 1627 1644 1662 Αἰγαῖον
1667 1626 1808 1661 πέλαγος.
1829 1626 1844 1653 ὃ
1865 1626 1913 1661 τὴν

1123 1676 1219 1712 κλῆσιν
1235 1675 1386 1710 ἀπείληφεν
1402 1674 1456 1702 ἀπὸ
1478 1673 1530 1708 τῆς
1544 1674 1600 1701 τῶν
1624 1673 1729 1702 ὑδάτων
1748 1673 1838 1709 φορᾶς
1853 1674 1913 1700 ἀϊσ-

1124 1721 1223 1756 σούσης
1242 1721 1315 1748 κατὰ
1334 1721 1436 1757 τρόπον
1461 1720 1556 1754 αίγδς,
1573 1719 1637 1755 ἑξῆς
1655 1719 1685 1746 δὲ
1709 1717 1914 1754 προσωρμικὼς

1123 1768 1270 1804 Στροϐήλῳ
1292 1768 1326 1803 τῇ
1350 1767 1421 1794 κατὰ
1442 1766 1585 1803 Κιϐύῤῥαν
1604 1765 1672 1802 (καὶΙ
1689 1765 1844 1801 Στρόϐηλος
1866 1765 1915 1800 μὲν

1123 1815 1177 1841 ἀπὸ
1190 1815 1241 1849 τῆς
1256 1814 1372 1850 τοπικῆς
1386 1813 1504 1846 θέσεως,
1521 1812 1649 1848 Κιϐύρῤα
1662 1812 1691 1839 δὲ
1706 1812 1762 1839 ἀπὸ
1774 1810 1915 1848 Κιϐὐρρου

1123 1861 1239 1896 ἀδελφοῦ
1254 1860 1368 1897 Maps-ou
1385 1869 1416 1887 τε
1432 1861 1480 1887 καὶ
1500 1859 1663 1895 Κιδρὰμου)
1684 1859 1733 1886 καὶ
1751 1858 1913 1893 Λαμψάκῳ,

1124 1907 1178 1934 ἀπὸ
1193 1907 1283 1940 φωτὸς
1306 1906 1438 1941 λάμψεως
1458 1905 1660 1942 ὠνομασμένη,
1676 1906 1744 1942 ὅπερ
1761 1905 1843 1932 νυκτὶ
1858 1905 1915 1931 Φω-

1123 1954 1213 1981 καέων
1231 1954 1252 1970 ⁸⁷
1279 1952 1478 1989 θεμελιούντων
1504 1953 1608 1988 ταύτην
1636 1952 1796 1988 εὐξαμένων
1823 1951 1915 1979 θεόθεν

1123 2000 1292 2036 ἐπέλαμψεν,
1309 2001 1356 2027 καὶ
1368 2001 1384 2034 ὴ
1400 1999 1454 2026 τῶν
1466 1998 1601 2034 θεμελίων
1616 1999 1694 2034 βάσις
1708 1998 1801 2030 καλῶς
1812 2006 1914 2033 κεκρα-

1123 2045 1233 2078 ταίωτο,
1248 2046 1318 2081 μετὰ
1328 2044 1415 2072 ταῦτα
1428 2046 1461 2080 τῇ
1479 2045 1585 2080 Ἴμϐρῳ
1598 2044 1776 2080 διεληλυθὼς,
1788 2044 1852 2078 ητις
1862 2042 1914 2070 ἀπὸ

1126 2091 1239 2126 Ἴμϐρου
1254 2090 1387 2126 κέκληται
1401 2089 1460 2116 υἱοῦ
1474 2089 1584 2122 Ἀνθου,
1599 2086 1631 2116 οὗ
1647 2088 1762 2123 γενέτης
1776 2087 1915 2123 Στάφυλος

1124 2134 1252 2161 Διονύσου
1278 2134 1407 2169 φίλτατος
1422 2134 1533 2169 ἔγγονος
1543 2154 1551 2167 ,
1567 2133 1751 2169 Σαμοθρᾴκην
1769 2133 1799 2160 δὲ
1820 2133 1914 2165 διαϐὰς

1124 2180 1171 2207 καὶ
1185 2181 1217 2215 τῇ
1241 2180 1323 2216 Θάσῳ
1338 2180 1544 2216 προσπελάσας,
1559 2180 1593 2216 ἣν
1609 2179 1722 2215 Χρυσῆν
1742 2180 1769 2207 οἱ
1793 2180 1862 2216 πρὶν
1875 2179 1915 2207 δι·

1123 2226 1300 2261 εφημίζοντο.
1318 2226 1502 2262 Σαμοθρᾴκην
1513 2226 1542 2253 δλ
1557 2228 1585 2253 ὲν
1597 2226 1692 2263 Θρᾴκῃ
1707 2226 1857 2262 χερόνησσν
1867 2225 1915 2260 τὴν

1124 2272 1257 2308 πρότερον
1273 2271 1427 2307 Θηριοῦσαν
1449 2272 1494 2299 διὰ
1518 2271 1548 2299 τὸ
1575 2272 1678 2308 θηρίων
1694 2271 1912 2307 πεπληρῶσθαι.

1124 2316 1202 2351 ἱερὰν
1216 2316 1340 2352 Νυμφῶν
1353 2315 1447 2349 οὖσαν,
1465 2317 1614 2351 μετέπειτα
1629 2316 1677 2344 τοῦ
1693 2316 1742 2352 ῥοῦ
1763 2316 1913 2353 συρραγέν-

1122 2369 1168 2392 τος
1180 2361 1220 2393 εῐς
1232 2362 1314 2396 νῆσον
1332 2361 1462 2396 συστῆναι
1475 2362 1522 2389 καὶ
1540 2362 1593 2389 ὑπὸ
1605 2362 1718 2397 Σαμίων
1734 2362 1871 2398 μετοίκων
1886 2363 1913 2387 tv

1123 2407 1287 2442 κατασχέσει
1318 2407 1445 2442 γενέσθαι
1473 2407 1522 2435 καὶ
1550 2408 1734 2444 Σαμοθρᾴκην
1761 2408 1912 2443 κληθῆναι,

1122 2453 1185 2485 τοὺς
1197 2453 1344 2488 πολεμίους
1357 2453 1518 2481 κατέλαϐεν.
1531 2453 1604 2490 Πλὴν
1616 2454 1678 2481 οὐδὲ
1690 2454 1845 2490 πλησιάσαι
1855 2451 1913 2480 τού·

1121 2508 1176 2527 των
1191 2499 1230 2536 τῷ
1245 2500 1331 2535 στόλῳ
1344 2500 1524 2535 τετόλμηκεν.
1538 2500 1719 2536 Δὺθόρμητος
1735 2500 1765 2527 δὲ
1783 2501 1798 2527 ὸ
1813 2500 1913 2535 Τριπο-

1121 2545 1197 2581 λίτης
1212 2545 1280 2572 Θεοῦ
1294 2545 1390 2572 τοῦτον
1405 2544 1606 2578 ἀπελαύνοντος
1618 2545 1807 2582 ἀπεστράφη,
1823 2545 1870 2572 καὶ
1883 2545 1911 2569 ἐν

1120 2591 1315 2628 Θεσσαλονίκῃ,
1341 2590 1502 2618 καταλαϐὼν
1528 2590 1649 2627 ταύτην,
1666 2592 1714 2619 καὶ
1737 2592 1842 2618 Λέοντα
1866 2590 1910 2617 τδν

1119 2639 1223 2674 ταύτης
1237 2638 1400 2674 στρατηγὸν,
1412 2635 1435 2672 ᾧ
1443 2636 1477 2673 ἦν
1491 2638 1637 2674 ἐπώνυμον
1651 2637 1847 2672 Κατζιλάκιος,
1859 2644 1909 2664 κα-

1120 2685 1228 2721 τασχὼν
1238 2705 1245 2718 ,
1261 2685 1369 2721 σφαγὴν
1385 2684 1488 2720 πολλὴν
1502 2684 1549 2712 καὶ
1569 2685 1651 2720 χύσιν
1674 2685 1800 2720 αἷμά-των
1817 2683 1911 2719 εἰργά-

1120 2740 1196 2762 σατο.

1154 2777 1207 2806 κα’.
1227 2777 1391 2813 Ῥοδοφύλης
1411 2777 1440 2805 δέ
1465 2786 1508 2810 τις
1525 2777 1752 2813 κουϐικουλάριος
1767 2777 1858 2812 ἔτυχεν
1876 2775 1907 2801 ιν

1118 2824 1229 2859 Σικελίᾳ
1240 2823 1285 2852 διά⁴
1299 2832 1362 2851 τινα
1377 2823 1472 2860 χρείαν
1492 2823 1671 2856 ἀποσταλεὶς,
1686 2824 1798 2860 χρυσίου
1812 2822 1905 2857 λίτρας

935 2870 1052 2898 νΑΒΙΔΕ
1069 2869 1270 2898 LECTIONES.

322 2913 344 2929 "
356 2915 509 2944 ἀποστάντα
520 2917 530 2943 7
540 2926 572 2945 un
591 2918 838 2953 ἀποστατήσωταῖ
877 2917 899 2932 ³⁸

918 2917 948 2943 ἐκ
967 2915 1105 2950 Σαραδίων
1118 2916 1149 2948 ι»,
1163 2916 1190 2949 ἐξ
1201 2915 1335 2951 Ἀραδίων
1354 2923 1458 2950 tuargu.

1512 2916 1533 2931 "’
1548 2915 1665 2942 Φωκέων
1680 2915 1711 2944 Ρ.
