1997 3167
86 207 131 239 385

585 207 659 238 LID.
681 207 730 238 VI-
749 219 784 224 -
799 205 871 236 Ι,Εο
883 204 1024 235 BASlLlI
1044 204 1182 235 FILIUS.

1645 204 1697 237 386

86 264 267 300 ὶπιςερόμενος
283 265 379 292 ἑκατόν
392 274 398 280 ·
413 264 483 300 νόσῳ
496 264 525 291 δὲ
540 263 697 300 περιπεσὼν
710 264 739 290 ὲν
753 263 859 290 Θεσσας

918 261 1013 289 missus
1032 265 1102 294 erat,
1118 266 1228 288 centum
1261 260 1321 288 auri
1345 259 1429 288 libras
1442 259 1550 295 ferens;
1567 265 1648 296 alque
1670 263 1698 290 iu

86 310 166 346 λονικῃ
177 310 301 346 είσῆλθεν
321 312 392 338 ὥστε
406 311 554 338 λούσασθαι
574 310 622 338 καὶ
646 309 688 346 [1).
703 308 769 345 227]
791 310 858 336 ἁπο-

85 355 170 382 λαῡσει
181 356 310 388 ἀνέσεως.
322 356 423 383 Τοῦτον
434 357 448 383 ὁ
459 356 625 392 Τριπολίτης
640 354 796 390 κατασχὼν,
810 354 858 381 καὶ

86 402 167 436 μαυὼν
190 402 226 434 ὡς
251 403 365 438 χρυσίον
390 402 573 438 ἐπιφέρεται,
592 401 678 428 πολλὰ
708 401 858 436 βασανίσας

85 449 231 476 ἀπέκτεινεν
257 450 340 485 μηδὲν
362 449 435 485 ἔχειν
452 451 654 485 διατεινόμενον
665 457 673 464 ⁸
692 449 788 485 ἔτυχεν
803 450 858 484 γὰρ

85 494 154 520 τοῦτο
166 495 193 520 ὲν
206 496 239 530 τῇ
255 495 307 530 ὁδῷ
323 495 476 527 ἀπολιπὼν,
490 496 559 531 ὅπερ
576 495 690 531 Συμεὼν
705 495 859 530 ἀσηκρῆτις

85 540 245 575 διερχόμενος
263 541 383 568 ἀνείλετο
395 562 401 572 ,
419 541 449 573 ὃς
469 542 537 576 μετὰ
549 541 637 569 ταῦτα
654 541 797 576 πατρίκιος
812 542 859 568 καὶ

84 587 303 622 πρωτασηκρῆτις
318 586 438 621 ἐγένετο.
458 578 512 614 Tali
533 587 562 614 δὲ
583 587 749 623 Τριπολίτου
773 596 859 615 κατα-

85 631 187 667 στρέψαι
202 633 252 668 τὴν
266 633 345 659 πάλιν
362 630 549 669 βουληθέντος,
565 634 641 668 δηλοῖ
657 634 732 669 αὐτῷ
747 634 859 670 Συμεὼν

84 678 182 712 χρυσίον
194 678 286 705 λαϐεῖν
306 679 352 705 καὶ
364 680 415 714 τῆς
431 680 624 715 καταστροφῆς
637 680 805 715 ἀποσχέσθαι
817 689 823 695 ·
845 680 860 707 ὃ

85 723 124 748 καὶ
139 723 252 757 γέγονεν.
273 724 490 760 Ὀπισθόρμητος
504 726 585 753 πάλιν
595 728 609 753 ὁ
623 725 676 753 τῶν
691 726 860 762 Σαρακηνῶν

83 768 166 801 στόλος
179 770 271 806 ἀπῄει.
290 770 319 798 '0
333 771 362 797 δὲ
382 771 510 808 Ίιμέριος
525 773 611 799 ταῦτα
625 773 779 807 διεγνωκὼς
791 773 860 809 πρὸς

82 814 124 848 τὴν
141 816 201 841 κατ’
216 815 306 842 αὐτῶν
319 816 489 844 διανίσταται
501 818 602 852 δίωξιν.
620 819 652 845 Οἱ
667 818 697 845 δὲ
712 820 746 854 τῇ
762 819 860 855 Κρήτῃ

83 860 282 895 προσϐάλλουσι,
295 864 410 895 καὶτοῖς
424 864 453 890 ὲν
469 864 538 900 αὐτῇ
552 865 708 900 ἀπόμοιραν
719 865 770 901 τῆς
786 864 860 897 λείας

81 907 242 942 Δπένειμαν,
272 909 400 936 κάκεῖθεν
425 911 460 945 τῇ
487 910 597 947 πατρίδι
614 912 861 947 παλινοστήσαντες

82 954 223 989 ἀπρακτεῖν
240 955 311 982 κατὰ
324 955 435 992 Λῆμνον
448 957 530 984 ὲῶσιν
546 958 592 985 τὸν
614 957 753 994 ¹Ημέριον.

111 1084 162 1120 ιβ’.
183 1085 211 1112 '0
235 1085 263 1112 δὲ
280 1085 407 1121 βασιλεὺς
421 1085 479 1123 εἶχε
503 1089 558 1115 τῶν
588 1090 769 1118 ’Δνατολικῶν
794 1091 861 1118 ὐπο-

83 1131 226 1167 στράτηγον
239 1132 390 1160 Εὗστάθιον
403 1135 558 1170 πατρίκιον,
572 1135 600 1168 ὃς
613 1137 644 1163 ὲκ
654 1136 704 1172 τῆς
717 1137 862 1173 καλλίστης

84 1180 123 1205 καὶ
136 1178 240 1214 ἀγαθῆς
253 1181 351 1213 γενεᾶς
366 1181 421 1208 τῶν
448 1182 590 1219 Ἀργυρῶν
605 1184 798 1220 ὲκπειρώνηται
810 1193 818 1202 ν
833 1184 863 1217 ὃς

85 1225 322 1260 τοίςῚσμαηλίταις
333 1228 513 1263 κατεστράτει
524 1229 574 1256 καὶ
589 1229 706 1265 ετρεπεν
716 1230 765 1266 οὐχ
776 1230 862 1264 ἅπαξ,

85 1270 145 1297 ἀλλὰ
160 1271 204 1298 καὶ
219 1271 361 1305 πολλάκις,
377 1273 459 1310 ῥώμῃ
474 1275 522 1302 καὶ
535 1275 608 1310 ἰσχύϊ
621 1276 668 1302 καὶ
685 1277 793 1303 συνέσει
813 1277 864 1304 καὶ

84 1316 172 1352 ἀνδρίᾳ
191 1317 240 1344 καὶ
255 1319 387 1353 φρονήσει
404 1320 451 1346 καὶ
467 1320 629 1356 σωφροσύνῃ
644 1321 692 1348 καὶ
705 1321 864 1358 δικαιοσύνῃ

85 1363 256 1398 τετιμημένος
276 1364 322 1390 καὶ
338 1364 540 1400 ἐπειλημμένος
551 1386 558 1399 ,
579 1365 648 1401 ἔχων
663 1367 710 1393 καὶ
731 1366 865 1402 Ἀνδρόνι-

86 1416 121 1433 κον
131 1408 179 1434 τὸν
191 1409 225 1435 ἐκ
235 1408 283 1435 τοῦ
294 1410 405 1442 Δουκός.
418 1410 568 1438 Εὑστάθιον
585 1411 717 1447 Ἀργυρδν
736 1413 761 1439 ol.
781 1413 864 1448 Ἄγα-

85 1455 154 1488 ρηνοὶ
169 1454 309 1482 ἐδεδίεσαν
321 1475 329 1486 .
350 1455 388 1487 ὡς
403 1456 433 1483 τὸ
449 1456 546 1484 τούτου
562 1457 648 1492 ὖνομα
665 1457 797 1493 ἔκπληξιν
816 1459 865 1486 καὶ

85 1499 156 1534 φόϐον
170 1501 266 1532 αὐτοῖς
280 1501 407 1535 λέγεσθαι
419 1502 452 1530 ⁸⁸.
469 1503 603 1538 Σαμωνᾶς
617 1503 644 1531 δὲ
659 1505 866 1540 προφασισάμσ-

84 1554 119 1577 νος
129 1547 159 1573 ἐν
174 1547 209 1582 τῇ
225 1548 293 1583 μονῇ
309 1547 404 1580 αὐτοῦ,
454 1548 598 1584 ἐπώνυμον
613 1549 647 1577 τὰ
660 1550 776 1586 Σπειρὰ,
790 1549 865 1584 ἔξελ-

909 307 1008 334 itinerc
1023 307 1120 334 morbo
1137 311 1293 342 correptus,
1314 307 1435 334 levandas
1448 315 1532 335 causa
1558 309 1698 343 aegritudi-

909 353 952 380 nis
968 353 1133 388 lavandique
1149 361 1181 380 ac
1208 353 1279 380 \ircs
1305 353 1443 380 reficiendi
1472 352 1697 380 Thessalonicam

909 399 1051 434 ingressus
1063 403 1132 428 erat.
1149 399 1227 435 Cepit
1244 400 1317 427 hunc
1330 399 1476 435 Tripolita,
1492 407 1555 427 eum
1573 400 1631 427 auri
1645 400 1698 428 vim

909 445 982 474 ferre
1010 446 1177 482 intelligens,
1206 447 1355 482 multisque
1379 447 1525 474 tormentis
1552 447 1697 475 subactum

909 492 1037 527 peremit,
1059 500 1120 519 cum
1140 492 1185 520 ille
1210 492 1277 519 nihil
1297 500 1327 520 se
1343 493 1443 521 habere
1457 499 1602 521 assereret.
1624 494 1699 521 llcli-

910 543 1007 573 querat
1029 539 1102 566 enim
1134 538 1161 566 iu
1191 538 1245 572 via,
1263 546 1296 566 ac
1319 538 1437 574 Symeou
1464 547 1479 567 a
1508 540 1620 568 secretis
1639 540 1700 567 illac

911 585 1047 612 transiens
1072 585 1233 613 sustulerat.
1257 584 1308 612 Hic
1332 589 1426 620 postea
1441 585 1573 620 patricius
1595 593 1627 613 ac
1651 594 1700 614 eo-

909 638 971 658 rum
1000 631 1048 666 qui
1076 640 1090 658 a
1108 631 1223 659 secretis
1249 632 1354 666 primus
1383 631 1472 660 factus
1493 637 1545 660 est.
1567 631 1699 667 Tripolita

912 676 1008 702 urbem
1024 681 1147 703 evertere
1159 676 1307 711 cogitabat,
1324 673 1386 704 cum
1400 684 1462 704 eum
1477 676 1595 712 Symcou
1608 682 1702 704 monet

911 727 993 757 atque
1014 722 1144 750 hortatur
1166 728 1196 750 ut
1216 724 1275 750 auri
1291 730 1428 751 summam
1450 723 1526 751 tollat
1539 727 1566 751 et
1581 724 1614 751 ab
1624 731 1702 751 ever-

911 767 991 794 tenda
1007 767 1074 794 urbe
1091 768 1246 802 abstineat;
1264 769 1337 803 quod
1357 773 1385 796 et
1404 768 1508 796 factum
1523 775 1574 797 est.
1588 769 1703 797 Recedit

911 813 1003 848 itaque
1019 813 1118 841 iterum
1148 813 1345 842 Thessalonica
1366 814 1566 843 Saracenorum
1592 816 1701 843 classis.

912 857 1055 887 Hemerius
1081 860 1201 887 hostium
1220 868 1330 888 recessu
1353 861 1463 896 cognito
1491 861 1526 889 ad
1552 868 1600 890 eos
1629 862 1703 889 insc-

912 906 1039 941 quendos
1063 913 1124 934 sese
1153 907 1282 941 accingit.
1307 907 1349 934 Ad
1366 907 1476 935 Cretam
1494 915 1560 936 vero
1582 908 1701 944 appulsi,

914 951 1119 987 spoliorumque
1133 957 1211 987 parte
1226 952 1403 982 Cretensibus
1426 953 1488 981 data
1499 974 1507 987 ,
1527 954 1640 982 domum
1660 954 1703 981 in-

913 996 1036 1024 columes
1063 997 1190 1031 redeunt,
1213 998 1310 1026 relicto
1328 998 1355 1026 in
1385 998 1489 1027 Lemno
1506 999 1594 1027 insula
1615 1000 1701 1028 otium

912 1045 1016 1070 tcrentc
1030 1043 1160 1078 nulloque
1174 1043 1273 1071 bellico
1287 1044 1407 1072 facinore
1422 1044 1560 1073 [{emerio.

949 1087 994 1116 22.
1012 1088 1134 1117 Habebat
1157 1089 1213 1118 Leo
1236 1090 1332 1118 Asiani
1347 1091 1484 1119 exercitus
1503 1091 1623 1127 legatum
1649 1092 1704 1119 Eu-

912 1134 1044 1162 stathium
1064 1135 1222 1170 patricium,
1256 1143 1288 1164 ex
1304 1137 1531 1172 prmstautissima
1545 1138 1704 1173 optimaque

912 1181 1082 1216 Argyrorum
1104 1179 1206 1208 familia
1226 1185 1328 1209 ortum.
1343 1181 1393 1210 Hic
1408 1182 1540 1210 adversus
1549 1183 1704 1211 lstnaelitas

913 1227 1074 1263 depugnans
1092 1235 1139 1254 eos
1154 1227 1181 1254 in
1201 1226 1292 1262 fugam
1309 1228 1440 1260 vcrtebal,
1456 1236 1545 1263 neque
1569 1229 1594 1256 id
1618 1229 1704 1257 semel

914 1273 961 1301 sed
976 1278 1003 1300 ct
1017 1273 1153 1305 crebrius,
1170 1273 1253 1309 369
1275 1273 1314 1300 vir
1340 1274 1445 1301 scilicet
1460 1275 1569 1306 robore,
1594 1275 1704 1302 fortitu-

913 1319 1000 1352 dine,
1026 1319 1212 1354 intelligentia:
1242 1319 1267 1346 vi
1282 1339 1289 1351 ,
1319 1319 1403 1346 animi
1419 1320 1528 1353 virtute,
1549 1320 1702 1355 prudentia,

913 1366 1050 1397 castitate.
1062 1365 1169 1400 justitia
1185 1365 1285 1393 eximie
1299 1371 1426 1396 ornatus.
1443 1373 1536 1394 secum
1559 1366 1639 1394 etiam
1655 1375 1705 1394 na-

915 1416 976 1440 ctus
996 1411 1189 1438 Andronicum
1205 1411 1285 1439 ducis
1298 1411 1396 1439 lilium.
1411 1411 1619 1439 Formidolosus
1633 1412 1705 1448 Aga-

915 1457 990 1485 renis
1003 1457 1164 1485 Eustathius
1186 1457 1309 1493 Argyrus
1323 1461 1392 1490 erat,
1414 1458 1450 1484 ita
1478 1462 1507 1484 ut
1521 1458 1563 1485 vel
1580 1458 1640 1492 ejus
1654 1466 1704 1486 au-

915 1502 1003 1531 ditum
1020 1510 1120 1531 nomen
1133 1507 1270 1530 terrorem
1286 1503 1340 1531 illis
1357 1511 1542 1538 pavoremque
1567 1504 1704 1539 injiceret.

917 1549 1053 1577 Samonas
1082 1554 1173 1576 autem
1204 1549 1339 1577 simulans
1368 1557 1398 1577 se
1426 1550 1459 1576 ad
1503 1549 1704 1578 monasterium

84 1589 150 1621 θεῖν,
177 1591 206 1616 ἑν
223 1591 262 1626 τῷ
284 1592 416 1628 Δαματρὺ
441 1593 534 1627 οὖσαν,
556 1595 629 1630 φυγῇ
654 1595 791 1630 ἐχρήσατο
807 1596 866 1631 ἅμα

918 1603 1008 1628 suum,
1024 1595 1067 1622 cui
1084 1602 1185 1623 nomen
1201 1594 1292 1630 Spira,
1305 1595 1339 1622 ad
1354 1594 1511 1631 Dnmatrym
1524 1596 1606 1623 situm
1618 1596 1705 1630 exire,

83 1636 200 1671 χρήμασι
217 1637 265 1663 καὶ
278 1637 373 1669 ῐπποις
389 1637 473 1665 αὑτοῦ
484 1658 492 1671 ,
515 1639 578 1670 τοὺς
594 1639 740 1674 δημοσίους
764 1640 864 1672 ἵππους

82 1683 139 1712 τοὺς
161 1683 192 1708 ὲν
207 1683 311 1718 ἑκάστῃ
329 1683 434 1720 ἀλλαγῇ
458 1684 666 1718 ἀγκυλοκοπῶν.
691 1684 864 1712 ’Δποστέλλει

82 1724 124 1752 οὖν
133 1727 147 1752 ὁ
159 1726 289 1761 βασιλεὺς
304 1727 416 1755 ὄπισθεν
428 1729 510 1755 αὑτοῦ
522 1728 617 1762 διῶξαι
628 1729 709 1757 αὑτὸν
724 1729 866 1758 Βασίλειον

82 1771 271 1808 ἑταιρειάρχην
287 1773 332 1800 τὸν
348 1774 513 1809 Καματερὸν
533 1775 580 1802 κα)⁵
593 1775 639 1801 τὸν
664 1776 805 1812 Κρηνίτην
820 1777 866 1804 τὸν

51 1839 54 1841 λ
83 1817 225 1854 Γεὼργιον.
254 1819 331 1846 Ἐπεὶ
352 1820 381 1846 δὲ
401 1820 447 1847 τὸν
462 1820 546 1849 ’Ἅλυν
562 1823 576 1848 ό
596 1822 729 1857 Σαμωνᾶς
754 1822 867 1858 Εμελλεν

83 1865 178 1899 περᾷν,
193 1864 345 1892 κατέλαϐεν
361 1866 443 1893 αὑτὸν
461 1868 476 1894 ὁ
488 1867 646 1904 Νικηφόρος
658 1868 839 1905 δρουγγάριος
853 1869 868 1896 ὁ

82 1911 226 1945 smmi;
241 1913 289 1940 καὶ
314 1913 457 1950 κατέσχεν.
481 1913 510 1941 '0
528 1914 557 1941 δὲ
573 1914 660 1941 πολλὰ
675 1915 796 1943 ἱκέτευεν
820 1916 868 1943 καὶ

81 1957 236 1993 ὑπισχνεῖτο
249 1959 361 1986 διδόναι.
381 1960 424 1991 Ὠς
434 1960 463 1988 δι
477 1960 530 1987 οὐκ
542 1959 662 1992 ἔπειθεν,
675 1961 715 1992 εις
727 1961 773 1988 τὸν
787 1962 816 1988 ὲν
828 1961 868 1997 τῷ

80 2003 176 2039 Σιριχᾴ
192 2005 361 2040 καταφεύγει
375 2006 503 2042 σταυρὸν,
519 2006 603 2042 εὐχῆς
616 2006 698 2041 δῆθεν
711 2006 791 2042 χάριν
806 2007 869 2043 ἐλη-

80 2048 188 2077 λυθέναι
213 2051 465 2087 προφασισάμενος.
496 2052 666 2080 Καταλαϐὼν
690 2051 737 2081 οὖν
753 2054 768 2080 ό
791 2054 868 2081 Κων-

81 2098 218 2129 eruntve;
231 2099 249 2125 ὸ
260 2097 307 2125 τοῦ
330 2098 500 2133 Ἀνδρονίκου
519 2099 534 2126 ὁ
547 2099 648 2131 Δουκδς
663 2099 721 2132 υίὸς
738 2100 785 2127 καὶ
805 2100 869 2127 τοῦ-

79 2148 125 2166 τον
143 2141 287 2169 ἀναλαϐὼν
302 2143 332 2169 ὲν
351 2144 383 2179 τῇ
403 2143 479 2170 πόλει
495 2143 676 2179 ὑπέστρεψεν.
700 2144 870 2180 Προσεταξεν

79 2186 106 2212 δὲ
128 2188 143 2213 ὸ
157 2187 284 2222 βασιλεὺς
298 2188 380 2216 αὐτὸν
403 2189 452 2224 μὲν
469 2190 499 2216 ὲν
515 2191 550 2226 τῇ
561 2190 609 2217 τοῦ
625 2190 764 2227 Καίσαρος
780 2190 871 2226 Βάρδα

79 2232 154 2268 οίκίᾳ.
173 2233 369 2268 φυλάττεσθαι.
391 2233 550 2270 Ἦρώτησεν
574 2235 603 2262 δὲ
625 2236 829 2263 Κωνσταντῖνον
846 2235 871 2262 ει

918 1641 1009 1677 fugam
1026 1641 1158 1675 arripuit,
1180 1641 1330 1676 exportatis
1347 1649 1440 1669 secum
1458 1642 1583 1677 pecuniis
1609 1642 1704 1677 equis-

918 1695 972 1723 que
988 1687 1046 1715 suis
1055 1687 1187 1719 advectis,
1205 1694 1303 1715 cursus
1326 1686 1430 1722 publici
1447 1686 1526 1722 equis
1543 1694 1594 1722 per
1611 1687 1708 1724 singu-

918 1733 961 1762 las
970 1733 1105 1762 stationes
1121 1733 1256 1769 poplitum
1272 1733 1365 1761 nervis
1376 1732 1502 1762 succisis.
1520 1733 1602 1762 Mittit
1615 1734 1708 1770 itaque

919 1778 985 1810 Leo,
1005 1778 1053 1813 qui
1081 1786 1143 1806 eum
1170 1778 1361 1813 insequantur,
1380 1778 1512 1807 Basilium
1531 1778 1705 1808 Camnterem

919 1822 1127 1851 hetaeriarcham
1153 1826 1182 1849 ct
1206 1822 1354 1858 Georgium
1379 1823 1530 1851 Crenitam.
1558 1823 1707 1852 Samonam

920 1875 1003 1904 porro
1024 1866 1119 1903 Halym
1135 1867 1249 1895 ﬂuvium
1268 1868 1394 1903 trajicere
1409 1872 1552 1903 parantem
1567 1867 1707 1904 Nicepho~

920 1920 970 1940 rus
988 1912 1155 1948 drungarius
1174 1912 1302 1940 Callonas
1324 1913 1535 1948 comprehendit
1554 1914 1706 1950 tenuitque.

921 1957 1044 1994 Rogabat
1066 1958 1110 1986 ille
1130 1958 1210 1985 etiam
1229 1962 1315 1993 atque
1329 1959 1412 1986 etiam
1424 1958 1534 1992 dimitti,
1552 1959 1634 1994 inque
1646 1967 1708 1987 eam

923 2012 981 2033 rem
996 2011 1109 2032 munera
1126 2004 1312 2038 promittebat.
1332 2003 1382 2032 Ubi
1397 2008 1489 2032 autem
1509 2012 1563 2033 non
1588 2005 1706 2040 obtinet,

922 2052 955 2080 ad
973 2058 1084 2089 crucem
1093 2050 1267 2079 Sirichunam
1277 2051 1497 2087 confugit,quasi
1510 2052 1565 2080 voti
1577 2059 1660 2080 causa
1676 2060 1707 2081 se

922 2097 1030 2126 venisse
1045 2101 1209 2133 pratexens.
1226 2097 1327 2125 Verum
1341 2097 1545 2125 Constantinus
1558 2098 1707 2127 Andronici

922 2144 1006 2172 Ducis
1030 2144 1103 2173 filius
1130 2143 1358 2179 comprehensum
1386 2151 1449 2171 eum
1462 2151 1555 2172 secum
1568 2144 1595 2172 in
1613 2144 1710 2172 urbem

924 2191 1042 2220 reduxit.
1067 2190 1124 2219 Leo
1152 2190 1179 2218 in
1195 2189 1290 2218 Bardu
1303 2189 1422 2219 Caesaris
1435 2190 1519 2219 domo
1535 2198 1598 2219 eum
1620 2198 1712 2220 asser—

924 2239 982 2266 vari
994 2238 1094 2272 jussit;
1112 2237 1263 2273 quaeritque
1281 2245 1314 2265 ex
1332 2237 1514 2265 Constantino
1530 2245 1595 2266 num
1610 2237 1634 2266 is
1647 2245 1712 2266 vere

80 2280 191 2316 ἀληθῶς
216 2282 247 2308 ἐν
268 2282 354 2318 Συρίᾳ
378 2282 487 2317 φεύγων
510 2282 679 2318 ἐτύγχανεν·
696 2282 746 2310 καὶ
775 2282 866 2318 μαθὼν

923 2286 950 2313 in
978 2284 1085 2321 Syriam
1113 2284 1227 2320 fugeret.
1245 2283 1297 2311 Ubi
1322 2288 1414 2311 autem
1430 2283 1470 2311 sic
1486 2291 1517 2312 se
1530 2291 1588 2312 rem
1608 2284 1712 2312 habere

81 2327 161 2354 τοῦτο
188 2327 288 2363 ἀληθὲς
311 2326 398 2361 εἶναι,
423 2329 593 2365 παρήγγειλε
610 2329 808 2365 Κωνπαντίνῳ
833 2329 871 2366 μὴ

80 2373 162 2400 τοῦτο
177 2375 266 2402 είπεῖν
290 2375 407 2402 ἐνώπιον
416 2372 482 2411 ’τῆς
505 2375 658 2411 συγκλήτου
680 2376 871 2412 ἐρωτωμένῳ,

81 2419 141 2446 ἀλλ’
171 2421 213 2448 ὅτι
234 2422 264 2448 ἐν
283 2421 323 2457 τις)
356 2422 452 2458 Σιριχᾷ
474 2422 556 2457 χάριν
578 2422 663 2457 εὐχῆς
687 2422 872 2458 παρεγένετο’

82 2465 127 2500 μ’.
145 2466 212 2503 2‘38]
237 2467 318 2502 ἠθελε
339 2468 394 2503 γὰρ
418 2468 432 2494 ὁ
449 2467 575 2502 βασιλεὺς
592 2467 757 2504 συγγνώμης
781 2469 874 2503 τυχεῖν

80 2512 130 2538 τὸν
146 2513 292 2549 Σαμωνᾶν.
308 2513 364 2540 Καὶ
382 2513 641 2549 προσκαλεσάμενος
657 2513 707 2548 τὴν
723 2513 874 2549 σύγκλητον

82 2557 133 2583 καὶ
145 2560 186 2590 εἰς
199 2559 230 2586 τὸ
240 2559 324 2594 μέσον
334 2558 504 2595 παραγαγὼν
514 2558 561 2586 τὸν
573 2559 778 2586 Κωνσταντῖνον
788 2559 875 2592 οὕτως

80 2602 228 2639 ἠρώτησεν
238 2613 244 2620 ·
258 2604 339 2639 Πρὸς
350 2604 405 2632 τοῦ
418 2604 493 2632 Θεοῦ
506 2604 557 2632 καὶ
568 2603 624 2639 τῆς
635 2603 711 2639 ἐμῆς
726 2603 873 2639 κεφαλῆς,

80 2647 216 2684 ἔρευναν
235 2651 271 2678 ἐν
292 2651 385 2686 Συρίᾳ
404 2652 421 2678 ὀ
437 2650 597 2685 Σαμωνᾶςς
617 2649 667 2677 ναι
687 2650 706 2684 ἢ
724 2650 780 2683 οῦς
803 2649 833 2677 '0
846 2650 876 2677 δὲ

81 2695 152 2727 τοὺς
164 2697 263 2731 ὅρκους
280 2697 442 2732 εὐλαϐηθεὶς
457 2695 545 2732 (εἷπεν
556 2697 611 2732 γὰρ
629 2695 763 2733 πρότερον
777 2695 815 2731 μὴ
827 2697 875 2731 ὁρ-

80 2740 250 2776 κιζόμενος,
276 2742 334 2770 ἀλλ’
349 2742 436 2774 οὕτως
454 2742 547 2774 ἁπλῶς
571 2741 764 2778 ἐρωτώμενος,
783 2742 821 2777 μὴ
845 2741 876 2769 τὸ

81 2786 118 2812 ἓν
144 2789 282 2823 ἐξειπεῖν)
305 2789 466 2825 ὡμολόγησε
492 2789 602 2816 πάντων
630 2787 744 2816 ἐνώπιον
767 2788 808 2816 δτι
835 2788 876 2821 εἰς

82 2832 192 2868 Συρίαν
206 2835 329 2871 ἔφευγεν.
344 2835 411 2863 Μετ’
425 2836 510 2872 ὀργῆς
528 2835 556 2863 δὲ
574 2835 669 2863 τοῦτον
681 2834 728 2863 τοῦ
742 2834 875 2870 βασιλέως

926 2338 988 2359 vere
1022 2329 1165 2365 comperit,
1195 2329 1273 2365 jubet
1285 2329 1470 2357 Constantino
1485 2329 1524 2357 uti
1545 2330 1603 2357 haec
1618 2338 1710 2358 coram

924 2381 1023 2405 senatu
1035 2375 1192 2404 dissimulet
1203 2379 1231 2403 et
1254 2382 1318 2403 eum
1334 2374 1472 2403 Siricham
1494 2375 1550 2403 voti
1565 2383 1649 2404 causa
1666 2377 1709 2404 di-

925 2428 970 2452 cat
983 2422 1135 2458 profectum
1146 2430 1216 2450 esse.
1236 2421 1353 2450 Volebat
1375 2421 1449 2450 enim
1468 2421 1618 2457 imperator
1628 2422 1711 2458 quid-

925 2469 991 2504 quid
1017 2476 1097 2496 noxa:
1128 2472 1190 2496 erat
1221 2467 1348 2495 Samonat
1371 2467 1519 2503 indulgeri.
1551 2467 1711 2495 Convocato

926 2514 1019 2550 itaque
1048 2517 1157 2546 senatu.
1181 2513 1408 2542 «Constantino
1430 2513 1459 2541 in
1490 2513 1611 2541 medium
1630 2513 1713 2550 37o

926 2559 1062 2591 adducto,
1097 2559 1126 2587 in
1160 2559 1235 2587 hune
1269 2558 1381 2587 modum
1425 2563 1605 2594 percontatus
1635 2563 1678 2587 est
1704 2569 1712 2588 :

927 2604 982 2632 Per
1005 2604 1090 2632 Deum
1121 2609 1147 2633 et
1178 2609 1258 2640 caput
1273 2612 1370 2637 mm,
1394 2604 1511 2640 fugiebat
1529 2605 1662 2634 Santonus
1687 2607 1714 2634 in

928 2648 1048 2686 Syriam,
1066 2650 1167 2678 necne!
1183 2649 1394 2685 Constantinus
1416 2649 1599 2686 jurisjurandi
1625 2657 1716 2679 motus

927 2696 1060 2732 religione
1093 2696 1182 2732 (prius
1207 2696 1281 2724 enim
1325 2695 1402 2724 nulla
1442 2696 1629 2732 adjuratione.
1666 2698 1714 2725 sed

927 2742 1091 2779 simpliciter
1101 2743 1298 2778 interrogatus,
1317 2749 1347 2771 se
1362 2750 1414 2771 non
1429 2743 1619 2777 evulgaturum
1635 2743 1716 2778 polli-

927 2788 999 2818 citus
1018 2789 1088 2825 erat)
1108 2789 1135 2817 in
1149 2789 1274 2818 omnium
1290 2795 1424 2817 consessu
1444 2789 1592 2816 Samouam
1610 2789 1635 2816 iu
1663 2788 1715 2824 Sy-

926 2835 996 2863 riam
1018 2835 1111 2872 fugam
1125 2835 1276 2872 arripuisse
1294 2835 1448 2871 proﬂtetur.
1467 2834 1650 2868 Quamobrem
1669 2835 1717 2864 illo

722 2881 838 2910 VAIllE
862 2880 1063 2911 LECTIONES.

133 2926 152 2943 "
165 2929 216 2965 leg.
233 2930 357 2965 γενέσθαι
377 2929 501 2958 Comhef.
