  <div class='ocr_page' id='page_1' title='image "/cluster/home/n/w/nwhite01/storage/ocr_20150623/109/njp.32101077772927/215.png"; bbox 0 0 1997 3167; ppageno 0'>
   <div class='ocr_carea' id='block_1_1' title="bbox 272 187 322 221">
    <p class='ocr_par' dir='ltr' id='par_1_1' title="bbox 272 187 322 221">
     <span class='ocr_line' id='line_1_1' title="bbox 272 187 322 221; baseline 0.02 -1"><span class='ocrx_word' id='word_1_1' title='bbox 272 187 322 221; x_wconf 84' lang='lat'><strong>391</strong></span> 
     </span>
    </p>
   </div>
   <div class='ocr_carea' id='block_1_2' title="bbox 819 183 1375 215">
    <p class='ocr_par' dir='ltr' id='par_1_2' title="bbox 819 183 1375 215">
     <span class='ocr_line' id='line_1_2' title="bbox 819 183 1375 215; baseline 0 -1"><span class='ocrx_word' id='word_1_2' title='bbox 819 183 1075 215; x_wconf 74' lang='lat' dir='ltr'><strong>TllEOPIlANES</strong></span> <span class='ocrx_word' id='word_1_3' title='bbox 1094 183 1375 215; x_wconf 74' lang='lat' dir='ltr'><strong>CONTINUATUS.</strong></span> 
     </span>
    </p>
   </div>
   <div class='ocr_carea' id='block_1_3' title="bbox 1856 181 1906 212">
    <p class='ocr_par' dir='ltr' id='par_1_3' title="bbox 1856 181 1906 212">
     <span class='ocr_line' id='line_1_3' title="bbox 1856 181 1906 212; baseline -0.02 0"><span class='ocrx_word' id='word_1_4' title='bbox 1856 181 1906 212; x_wconf 75' lang='lat'><strong>392</strong></span> 
     </span>
    </p>
   </div>
   <div class='ocr_carea' id='block_1_4' title="bbox 273 235 1081 280">
    <p class='ocr_par' dir='ltr' id='par_1_4' title="bbox 273 239 1066 280">
     <span class='ocr_line' id='line_1_4' title="bbox 273 239 1066 280; baseline -0.009 -7"><span class='ocrx_word' id='word_1_5' title='bbox 273 242 415 280; x_wconf 76' lang='lat' dir='ltr'><strong>drungarii</strong></span> <span class='ocrx_word' id='word_1_6' title='bbox 430 249 544 270; x_wconf 87' lang='lat' dir='ltr'><strong>munere</strong></span> <span class='ocrx_word' id='word_1_7' title='bbox 559 245 694 274; x_wconf 84' lang='lat' dir='ltr'><strong>amotum,</strong></span> <span class='ocrx_word' id='word_1_8' title='bbox 710 241 821 268; x_wconf 88' lang='lat' dir='ltr'><strong>domum</strong></span> <span class='ocrx_word' id='word_1_9' title='bbox 839 247 916 268; x_wconf 85' lang='lat' dir='ltr'><strong>suam</strong></span> <span class='ocrx_word' id='word_1_10' title='bbox 935 241 968 267; x_wconf 86' lang='lat' dir='ltr'><strong>ad</strong></span> <span class='ocrx_word' id='word_1_11' title='bbox 980 239 1066 267; x_wconf 84' lang='lat' dir='ltr'><strong>Char-</strong></span> 
     </span>
    </p>
   </div>
   <div class='ocr_carea' id='block_1_5' title="bbox 1136 235 1906 280">
    <p class='ocr_par' dir='ltr' id='par_1_5' title="bbox 1136 235 1906 274">
     <span class='ocr_line' id='line_1_5' title="bbox 1136 235 1906 274; baseline 0 -10"><span class='ocrx_word' id='word_1_12' title='bbox 1136 239 1186 274; x_wconf 86' lang='grc' dir='ltr'><strong>λης</strong></span> <span class='ocrx_word' id='word_1_13' title='bbox 1201 239 1235 266; x_wconf 76' lang='grc' dir='ltr'>δι’</span> <span class='ocrx_word' id='word_1_14' title='bbox 1250 240 1380 267; x_wconf 68' lang='grc' dir='ltr'>ὑπόνοιαν</span> <span class='ocrx_word' id='word_1_15' title='bbox 1392 247 1463 270; x_wconf 86' lang='grc' dir='ltr'>τινα,</span> <span class='ocrx_word' id='word_1_16' title='bbox 1483 239 1529 265; x_wconf 67' lang='grc' dir='ltr'>καὶ</span> <span class='ocrx_word' id='word_1_17' title='bbox 1545 238 1640 265; x_wconf 82' lang='grc' dir='ltr'>τοῦτον</span> <span class='ocrx_word' id='word_1_18' title='bbox 1656 239 1696 270; x_wconf 79' lang='grc' dir='ltr'><strong>εἰς</strong></span> <span class='ocrx_word' id='word_1_19' title='bbox 1707 237 1753 264; x_wconf 78' lang='grc' dir='ltr'>τὸν</span> <span class='ocrx_word' id='word_1_20' title='bbox 1773 235 1846 263; x_wconf 79' lang='grc' dir='ltr'>οἷκον</span> <span class='ocrx_word' id='word_1_21' title='bbox 1861 238 1906 264; x_wconf 75' lang='grc' dir='ltr'><strong>αὺ-</strong></span> 
     </span>
    </p>
   </div>
   <div class='ocr_carea' id='block_1_6' title="bbox 274 285 1069 320">
    <p class='ocr_par' dir='ltr' id='par_1_6' title="bbox 274 285 1069 320">
     <span class='ocr_line' id='line_1_6' title="bbox 274 285 1069 320; baseline -0.01 -1"><span class='ocrx_word' id='word_1_22' title='bbox 274 292 382 319; x_wconf 80' lang='lat' dir='ltr'><strong>sianum</strong></span> <span class='ocrx_word' id='word_1_23' title='bbox 406 289 522 317; x_wconf 77' lang='lat' dir='ltr'><strong>remisit.</strong></span> <span class='ocrx_word' id='word_1_24' title='bbox 543 287 572 315; x_wconf 93' lang='lat' dir='ltr'><strong>ln</strong></span> <span class='ocrx_word' id='word_1_25' title='bbox 587 288 629 315; x_wconf 90' lang='lat' dir='ltr'><strong>via</strong></span> <span class='ocrx_word' id='word_1_26' title='bbox 647 291 738 315; x_wconf 86' lang='lat' dir='ltr'><strong>autem</strong></span> <span class='ocrx_word' id='word_1_27' title='bbox 752 287 786 314; x_wconf 86' lang='lat' dir='ltr'><strong>ad</strong></span> <span class='ocrx_word' id='word_1_28' title='bbox 801 285 887 319; x_wconf 80' lang='lat' dir='ltr'><strong>Aran,</strong></span> <span class='ocrx_word' id='word_1_29' title='bbox 908 290 1019 320; x_wconf 83' lang='lat' dir='ltr'><strong>accepto</strong></span> <span class='ocrx_word' id='word_1_30' title='bbox 1034 285 1069 312; x_wconf 78' lang='lat' dir='ltr'><strong>ab</strong></span> 
     </span>
    </p>
   </div>
   <div class='ocr_carea' id='block_1_7' title="bbox 275 331 1067 367">
    <p class='ocr_par' dir='ltr' id='par_1_7' title="bbox 275 331 1067 367">
     <span class='ocr_line' id='line_1_7' title="bbox 275 331 1067 367; baseline -0.01 -2"><span class='ocrx_word' id='word_1_31' title='bbox 275 345 332 365; x_wconf 90' lang='lat' dir='ltr'><strong>ttuo</strong></span> <span class='ocrx_word' id='word_1_32' title='bbox 348 335 562 364; x_wconf 83' lang='lat' dir='ltr'><strong>domesticorum</strong></span> <span class='ocrx_word' id='word_1_33' title='bbox 576 341 692 365; x_wconf 86' lang='lat' dir='ltr'><strong>veneno,</strong></span> <span class='ocrx_word' id='word_1_34' title='bbox 702 333 855 361; x_wconf 82' lang='lat' dir='ltr'><strong>exstinctus</strong></span> <span class='ocrx_word' id='word_1_35' title='bbox 868 337 910 360; x_wconf 70' lang='lat' dir='ltr'><strong>est</strong></span> <span class='ocrx_word' id='word_1_36' title='bbox 924 353 932 366; x_wconf 93' lang='lat'><strong>,</strong></span> <span class='ocrx_word' id='word_1_37' title='bbox 943 336 1024 367; x_wconf 81' lang='lat' dir='ltr'><strong>alque</strong></span> <span class='ocrx_word' id='word_1_38' title='bbox 1040 331 1067 358; x_wconf 95' lang='lat' dir='ltr'><strong>in</strong></span> 
     </span>
    </p>
   </div>
   <div class='ocr_carea' id='block_1_8' title="bbox 275 378 1069 419">
    <p class='ocr_par' dir='ltr' id='par_1_8' title="bbox 275 378 1069 419">
     <span class='ocr_line' id='line_1_8' title="bbox 275 378 1069 419; baseline -0.011 -7"><span class='ocrx_word' id='word_1_39' title='bbox 275 384 411 419; x_wconf 85' lang='lat' dir='ltr'><strong>Spunino,</strong></span> <span class='ocrx_word' id='word_1_40' title='bbox 439 380 512 416; x_wconf 90' lang='lat' dir='ltr'><strong>quod</strong></span> <span class='ocrx_word' id='word_1_41' title='bbox 538 380 625 415; x_wconf 86' lang='lat' dir='ltr'><strong>ipsius</strong></span> <span class='ocrx_word' id='word_1_42' title='bbox 646 380 719 407; x_wconf 83' lang='lat' dir='ltr'><strong>Aran</strong></span> <span class='ocrx_word' id='word_1_43' title='bbox 741 383 834 408; x_wconf 79' lang='lat' dir='ltr'><strong>vertex</strong></span> <span class='ocrx_word' id='word_1_44' title='bbox 857 383 910 411; x_wconf 87' lang='lat' dir='ltr'><strong>est,</strong></span> <span class='ocrx_word' id='word_1_45' title='bbox 936 378 1069 413; x_wconf 83' lang='lat' dir='ltr'><strong>sepultus.</strong></span> 
     </span>
    </p>
   </div>
   <div class='ocr_carea' id='block_1_9' title="bbox 275 423 1070 465">
    <p class='ocr_par' dir='ltr' id='par_1_9' title="bbox 275 423 1070 465">
     <span class='ocr_line' id='line_1_9' title="bbox 275 423 1070 465; baseline -0.008 -8"><span class='ocrx_word' id='word_1_46' title='bbox 275 430 342 465; x_wconf 82' lang='lat' dir='ltr'><strong>Ejus</strong></span> <span class='ocrx_word' id='word_1_47' title='bbox 367 428 466 456; x_wconf 85' lang='lat' dir='ltr'><strong>deinde</strong></span> <span class='ocrx_word' id='word_1_48' title='bbox 489 434 590 460; x_wconf 88' lang='lat' dir='ltr'><strong>corpus</strong></span> <span class='ocrx_word' id='word_1_49' title='bbox 617 426 705 461; x_wconf 79' lang='lat' dir='ltr'><strong>ipsius</strong></span> <span class='ocrx_word' id='word_1_50' title='bbox 731 425 810 452; x_wconf 84' lang='lat' dir='ltr'><strong>liberi</strong></span> <span class='ocrx_word' id='word_1_51' title='bbox 830 425 916 452; x_wconf 83' lang='lat' dir='ltr'><strong>Potus</strong></span> <span class='ocrx_word' id='word_1_52' title='bbox 942 432 975 452; x_wconf 93' lang='lat' dir='ltr'><strong>ac</strong></span> <span class='ocrx_word' id='word_1_53' title='bbox 1002 423 1070 457; x_wconf 90' lang='lat' dir='ltr'><strong>Leo,</strong></span> 
     </span>
    </p>
   </div>
   <div class='ocr_carea' id='block_1_10' title="bbox 276 470 1071 509">
    <p class='ocr_par' dir='ltr' id='par_1_10' title="bbox 276 470 1071 509">
     <span class='ocr_line' id='line_1_10' title="bbox 276 470 1071 509; baseline -0.009 -6"><span class='ocrx_word' id='word_1_54' title='bbox 276 475 506 509; x_wconf 80' lang='lat' dir='ltr'><strong>manglabitarum</strong></span> <span class='ocrx_word' id='word_1_55' title='bbox 531 473 664 507; x_wconf 75' lang='lat' dir='ltr'><strong>dignitate</strong></span> <span class='ocrx_word' id='word_1_56' title='bbox 691 471 843 507; x_wconf 80' lang='lat' dir='ltr'><strong>fulgentes,</strong></span> <span class='ocrx_word' id='word_1_57' title='bbox 872 470 1011 498; x_wconf 86' lang='lat' dir='ltr'><strong>sublatum</strong></span> <span class='ocrx_word' id='word_1_58' title='bbox 1042 470 1071 496; x_wconf 90' lang='lat' dir='ltr'><strong>in</strong></span> 
     </span>
    </p>
   </div>
   <div class='ocr_carea' id='block_1_11' title="bbox 277 515 1072 552">
    <p class='ocr_par' dir='ltr' id='par_1_11' title="bbox 277 515 1072 552">
     <span class='ocr_line' id='line_1_11' title="bbox 277 515 1072 552; baseline -0.008 -3"><span class='ocrx_word' id='word_1_59' title='bbox 277 523 351 549; x_wconf 85' lang='lat' dir='ltr'><strong>avito</strong></span> <span class='ocrx_word' id='word_1_60' title='bbox 376 519 545 547; x_wconf 73' lang='lat' dir='ltr'><strong>monasterio</strong></span> <span class='ocrx_word' id='word_1_61' title='bbox 571 518 600 546; x_wconf 82' lang='lat' dir='ltr'><strong>S.</strong></span> <span class='ocrx_word' id='word_1_62' title='bbox 623 518 755 550; x_wconf 77' lang='lat' dir='ltr'><strong>Elisalict,</strong></span> <span class='ocrx_word' id='word_1_63' title='bbox 777 517 851 552; x_wconf 92' lang='lat' dir='ltr'><strong>quod</strong></span> <span class='ocrx_word' id='word_1_64' title='bbox 880 517 908 544; x_wconf 91' lang='lat' dir='ltr'><strong>in</strong></span> <span class='ocrx_word' id='word_1_65' title='bbox 926 515 1072 544; x_wconf 83' lang='lat' dir='ltr'><strong>Charsiani</strong></span> 
     </span>
    </p>
   </div>
   <div class='ocr_carea' id='block_1_12' title="bbox 276 564 1073 595">
    <p class='ocr_par' dir='ltr' id='par_1_12' title="bbox 276 564 1073 595">
     <span class='ocr_line' id='line_1_12' title="bbox 276 564 1073 595; baseline -0.006 0"><span class='ocrx_word' id='word_1_66' title='bbox 276 568 395 595; x_wconf 88' lang='lat' dir='ltr'><strong>themate</strong></span> <span class='ocrx_word' id='word_1_67' title='bbox 406 571 447 594; x_wconf 90' lang='lat' dir='ltr'><strong>est</strong></span> <span class='ocrx_word' id='word_1_68' title='bbox 465 570 492 593; x_wconf 85' lang='lat' dir='ltr'><strong>et</strong></span> <span class='ocrx_word' id='word_1_69' title='bbox 504 573 519 593; x_wconf 94' lang='lat' dir='ltr'><strong>a</strong></span> <span class='ocrx_word' id='word_1_70' title='bbox 536 564 627 592; x_wconf 84' lang='lat' dir='ltr'><strong>Leone</strong></span> <span class='ocrx_word' id='word_1_71' title='bbox 641 565 752 592; x_wconf 86' lang='lat' dir='ltr'><strong>tribuno</strong></span> <span class='ocrx_word' id='word_1_72' title='bbox 768 564 878 591; x_wconf 89' lang='lat' dir='ltr'><strong>illorum</strong></span> <span class='ocrx_word' id='word_1_73' title='bbox 895 571 948 591; x_wconf 88' lang='lat' dir='ltr'><strong>avo</strong></span> <span class='ocrx_word' id='word_1_74' title='bbox 961 567 1073 591; x_wconf 83' lang='lat' dir='ltr'><strong>exstru-</strong></span> 
     </span>
    </p>
   </div>
   <div class='ocr_carea' id='block_1_13' title="bbox 276 610 1073 647">
    <p class='ocr_par' dir='ltr' id='par_1_13' title="bbox 276 610 1073 647">
     <span class='ocr_line' id='line_1_13' title="bbox 276 610 1073 647; baseline -0.009 -5"><span class='ocrx_word' id='word_1_75' title='bbox 276 620 351 642; x_wconf 89' lang='lat' dir='ltr'><strong>ctum</strong></span> <span class='ocrx_word' id='word_1_76' title='bbox 375 617 446 645; x_wconf 85' lang='lat' dir='ltr'><strong>erat,</strong></span> <span class='ocrx_word' id='word_1_77' title='bbox 464 611 621 639; x_wconf 73' lang='lat' dir='ltr'><strong>condidere.</strong></span> <span class='ocrx_word' id='word_1_78' title='bbox 648 610 698 638; x_wconf 84' lang='lat' dir='ltr'><strong>Hic</strong></span> <span class='ocrx_word' id='word_1_79' title='bbox 715 611 770 639; x_wconf 86' lang='lat' dir='ltr'><strong>Leo</strong></span> <span class='ocrx_word' id='word_1_80' title='bbox 789 612 957 647; x_wconf 76' lang='lat' dir='ltr'><strong>Argyrorum</strong></span> <span class='ocrx_word' id='word_1_81' title='bbox 978 611 1073 645; x_wconf 87' lang='lat' dir='ltr'><strong>(velut</strong></span> 
     </span>
    </p>
   </div>
   <div class='ocr_carea' id='block_1_14' title="bbox 277 656 1072 694">
    <p class='ocr_par' dir='ltr' id='par_1_14' title="bbox 277 656 1072 694">
     <span class='ocr_line' id='line_1_14' title="bbox 277 656 1072 694; baseline -0.004 -7"><span class='ocrx_word' id='word_1_82' title='bbox 277 660 476 694; x_wconf 73' lang='lat' dir='ltr'><strong>Argenteorum</strong></span> <span class='ocrx_word' id='word_1_83' title='bbox 491 657 577 692; x_wconf 86' lang='lat' dir='ltr'><strong>dicas)</strong></span> <span class='ocrx_word' id='word_1_84' title='bbox 596 664 696 685; x_wconf 89' lang='lat' dir='ltr'><strong>nomen</strong></span> <span class='ocrx_word' id='word_1_85' title='bbox 711 657 738 684; x_wconf 89' lang='lat' dir='ltr'><strong>in</strong></span> <span class='ocrx_word' id='word_1_86' title='bbox 757 657 889 684; x_wconf 76' lang='lat' dir='ltr'><strong>iantiliam</strong></span> <span class='ocrx_word' id='word_1_87' title='bbox 905 657 1012 692; x_wconf 82' lang='lat' dir='ltr'><strong>primus</strong></span> <span class='ocrx_word' id='word_1_88' title='bbox 1029 656 1072 683; x_wconf 86' lang='lat' dir='ltr'><strong>in-</strong></span> 
     </span>
    </p>
   </div>
   <div class='ocr_carea' id='block_1_15' title="bbox 278 702 1074 738">
    <p class='ocr_par' dir='ltr' id='par_1_15' title="bbox 278 702 1074 738">
     <span class='ocr_line' id='line_1_15' title="bbox 278 702 1074 738; baseline -0.003 -6"><span class='ocrx_word' id='word_1_89' title='bbox 278 705 351 736; x_wconf 83' lang='lat' dir='ltr'><strong>tulit.</strong></span> <span class='ocrx_word' id='word_1_90' title='bbox 369 705 426 731; x_wconf 86' lang='lat' dir='ltr'><strong>sive</strong></span> <span class='ocrx_word' id='word_1_91' title='bbox 437 704 472 730; x_wconf 90' lang='lat' dir='ltr'><strong>ob</strong></span> <span class='ocrx_word' id='word_1_92' title='bbox 487 702 611 738; x_wconf 85' lang='lat' dir='ltr'><strong>corporis</strong></span> <span class='ocrx_word' id='word_1_93' title='bbox 628 703 776 737; x_wconf 74' lang='lat' dir='ltr'><strong>puritatem</strong></span> <span class='ocrx_word' id='word_1_94' title='bbox 792 710 825 730; x_wconf 85' lang='lat' dir='ltr'><strong>ac</strong></span> <span class='ocrx_word' id='word_1_95' title='bbox 837 702 1005 734; x_wconf 85' lang='lat' dir='ltr'><strong>castitatem,</strong></span> <span class='ocrx_word' id='word_1_96' title='bbox 1016 703 1074 730; x_wconf 85' lang='lat' dir='ltr'><strong>sive</strong></span> 
     </span>
    </p>
   </div>
   <div class='ocr_carea' id='block_1_16' title="bbox 278 748 1072 786">
    <p class='ocr_par' dir='ltr' id='par_1_16' title="bbox 278 748 1072 786">
     <span class='ocr_line' id='line_1_16' title="bbox 278 748 1072 786; baseline -0.003 -9"><span class='ocrx_word' id='word_1_97' title='bbox 278 754 389 786; x_wconf 79' lang='lat' dir='ltr'><strong>prOpter</strong></span> <span class='ocrx_word' id='word_1_98' title='bbox 399 749 490 776; x_wconf 88' lang='lat' dir='ltr'><strong>vultus</strong></span> <span class='ocrx_word' id='word_1_99' title='bbox 500 749 626 776; x_wconf 87' lang='lat' dir='ltr'><strong>decorem</strong></span> <span class='ocrx_word' id='word_1_100' title='bbox 639 756 671 776; x_wconf 91' lang='lat' dir='ltr'><strong>ac</strong></span> <span class='ocrx_word' id='word_1_101' title='bbox 682 752 848 783; x_wconf 87' lang='lat' dir='ltr'><strong>conspectus</strong></span> <span class='ocrx_word' id='word_1_102' title='bbox 863 748 1072 782; x_wconf 75' lang='lat' dir='ltr'><strong>ingenuitatem,</strong></span> 
     </span>
    </p>
   </div>
   <div class='ocr_carea' id='block_1_17' title="bbox 279 794 1074 832">
    <p class='ocr_par' dir='ltr' id='par_1_17' title="bbox 279 794 1074 832">
     <span class='ocr_line' id='line_1_17' title="bbox 279 794 1074 832; baseline -0.001 -8"><span class='ocrx_word' id='word_1_103' title='bbox 279 798 338 824; x_wconf 81' lang='lat' dir='ltr'><strong>sive</strong></span> <span class='ocrx_word' id='word_1_104' title='bbox 358 800 471 832; x_wconf 77' lang='lat' dir='ltr'><strong>propter</strong></span> <span class='ocrx_word' id='word_1_105' title='bbox 491 795 574 822; x_wconf 89' lang='lat' dir='ltr'><strong>alium</strong></span> <span class='ocrx_word' id='word_1_106' title='bbox 599 795 745 830; x_wconf 77' lang='lat' dir='ltr'><strong>quemdam</strong></span> <span class='ocrx_word' id='word_1_107' title='bbox 762 795 823 830; x_wconf 83' lang='lat' dir='ltr'><strong>ejus</strong></span> <span class='ocrx_word' id='word_1_108' title='bbox 841 794 951 830; x_wconf 75' lang='lat' dir='ltr'><strong>generis</strong></span> <span class='ocrx_word' id='word_1_109' title='bbox 973 795 1074 823; x_wconf 55' lang='lat' dir='ltr'><strong>indolis</strong></span> 
     </span>
    </p>
   </div>
   <div class='ocr_carea' id='block_1_18' title="bbox 280 840 1074 876">
    <p class='ocr_par' dir='ltr' id='par_1_18' title="bbox 280 840 1074 876">
     <span class='ocr_line' id='line_1_18' title="bbox 280 840 1074 876; baseline -0.003 -6"><span class='ocrx_word' id='word_1_110' title='bbox 280 850 312 870; x_wconf 83' lang='lat' dir='ltr'><strong>ac</strong></span> <span class='ocrx_word' id='word_1_111' title='bbox 324 841 496 870; x_wconf 76' lang='lat' dir='ltr'><strong>fortitudinis</strong></span> <span class='ocrx_word' id='word_1_112' title='bbox 511 841 634 869; x_wconf 90' lang='lat' dir='ltr'><strong>modum.</strong></span> <span class='ocrx_word' id='word_1_113' title='bbox 648 841 788 876; x_wconf 83' lang='lat' dir='ltr'><strong>Ejusmodi</strong></span> <span class='ocrx_word' id='word_1_114' title='bbox 803 841 876 869; x_wconf 89' lang='lat' dir='ltr'><strong>enim</strong></span> <span class='ocrx_word' id='word_1_115' title='bbox 893 842 935 868; x_wconf 89' lang='lat' dir='ltr'><strong>vir</strong></span> <span class='ocrx_word' id='word_1_116' title='bbox 951 841 996 869; x_wconf 93' lang='lat' dir='ltr'><strong>ille</strong></span> <span class='ocrx_word' id='word_1_117' title='bbox 1011 840 1074 876; x_wconf 74' lang='lat' dir='ltr'><strong>fuit,</strong></span> 
     </span>
    </p>
   </div>
   <div class='ocr_carea' id='block_1_19' title="bbox 282 887 1072 924">
    <p class='ocr_par' dir='ltr' id='par_1_19' title="bbox 282 887 1072 924">
     <span class='ocr_line' id='line_1_19' title="bbox 282 887 1072 924; baseline 0 -8"><span class='ocrx_word' id='word_1_118' title='bbox 282 893 312 916; x_wconf 89' lang='lat' dir='ltr'><strong>ut</strong></span> <span class='ocrx_word' id='word_1_119' title='bbox 327 887 458 915; x_wconf 84' lang='lat' dir='ltr'><strong>Michaele</strong></span> <span class='ocrx_word' id='word_1_120' title='bbox 483 887 650 923; x_wconf 75' lang='lat' dir='ltr'><strong>imperatore</strong></span> <span class='ocrx_word' id='word_1_121' title='bbox 665 895 746 916; x_wconf 90' lang='lat' dir='ltr'><strong>nemo</strong></span> <span class='ocrx_word' id='word_1_122' title='bbox 762 887 926 916; x_wconf 78' lang='lat' dir='ltr'><strong>bellatorum</strong></span> <span class='ocrx_word' id='word_1_123' title='bbox 944 889 1004 924; x_wconf 88' lang='lat' dir='ltr'><strong>ejus</strong></span> <span class='ocrx_word' id='word_1_124' title='bbox 1017 889 1072 916; x_wconf 89' lang='lat' dir='ltr'><strong>vir-</strong></span> 
     </span>
    </p>
   </div>
   <div class='ocr_carea' id='block_1_20' title="bbox 281 933 1075 969">
    <p class='ocr_par' dir='ltr' id='par_1_20' title="bbox 281 933 1075 969">
     <span class='ocr_line' id='line_1_20' title="bbox 281 933 1075 969; baseline 0.001 -8"><span class='ocrx_word' id='word_1_125' title='bbox 281 939 366 961; x_wconf 86' lang='lat' dir='ltr'><strong>tutem</strong></span> <span class='ocrx_word' id='word_1_126' title='bbox 380 933 540 969; x_wconf 58' lang='lat' dir='ltr'><strong>aequaverit.</strong></span> <span class='ocrx_word' id='word_1_127' title='bbox 555 933 591 960; x_wconf 80' lang='lat' dir='ltr'><strong>ita</strong></span> <span class='ocrx_word' id='word_1_128' title='bbox 603 941 670 961; x_wconf 81' lang='lat' dir='ltr'><strong>sane</strong></span> <span class='ocrx_word' id='word_1_129' title='bbox 686 938 714 960; x_wconf 89' lang='lat' dir='ltr'><strong>ut</strong></span> <span class='ocrx_word' id='word_1_130' title='bbox 727 933 828 969; x_wconf 52' lang='lat' dir='ltr'><strong>saepius</strong></span> <span class='ocrx_word' id='word_1_131' title='bbox 845 942 907 962; x_wconf 89' lang='lat' dir='ltr'><strong>cum</strong></span> <span class='ocrx_word' id='word_1_132' title='bbox 918 934 1075 962; x_wconf 80' lang='lat' dir='ltr'><strong>vernaculis</strong></span> 
     </span>
    </p>
   </div>
   <div class='ocr_carea' id='block_1_21' title="bbox 282 979 1075 1015">
    <p class='ocr_par' dir='ltr' id='par_1_21' title="bbox 282 979 1075 1015">
     <span class='ocr_line' id='line_1_21' title="bbox 282 979 1075 1015; baseline -0.001 -7"><span class='ocrx_word' id='word_1_133' title='bbox 282 981 342 1008; x_wconf 86' lang='lat' dir='ltr'><strong>suis</strong></span> <span class='ocrx_word' id='word_1_134' title='bbox 361 984 489 1007; x_wconf 87' lang='lat' dir='ltr'><strong>conserta</strong></span> <span class='ocrx_word' id='word_1_135' title='bbox 511 987 574 1007; x_wconf 91' lang='lat' dir='ltr'><strong>cum</strong></span> <span class='ocrx_word' id='word_1_136' title='bbox 589 979 723 1014; x_wconf 81' lang='lat' dir='ltr'><strong>Agarenis</strong></span> <span class='ocrx_word' id='word_1_137' title='bbox 738 979 974 1015; x_wconf 81' lang='lat' dir='ltr'><strong>Tepbricensibus</strong></span> <span class='ocrx_word' id='word_1_138' title='bbox 991 988 1075 1008; x_wconf 91' lang='lat' dir='ltr'><strong>manu</strong></span> 
     </span>
    </p>
   </div>
   <div class='ocr_carea' id='block_1_22' title="bbox 281 1025 1076 1061">
    <p class='ocr_par' dir='ltr' id='par_1_22' title="bbox 281 1025 1076 1061">
     <span class='ocr_line' id='line_1_22' title="bbox 281 1025 1076 1061; baseline 0 -7"><span class='ocrx_word' id='word_1_139' title='bbox 281 1035 330 1054; x_wconf 83' lang='lat' dir='ltr'><strong>cos</strong></span> <span class='ocrx_word' id='word_1_140' title='bbox 349 1026 449 1053; x_wconf 81' lang='lat' dir='ltr'><strong>fuderit</strong></span> <span class='ocrx_word' id='word_1_141' title='bbox 466 1033 498 1053; x_wconf 90' lang='lat' dir='ltr'><strong>ac</strong></span> <span class='ocrx_word' id='word_1_142' title='bbox 514 1025 679 1061; x_wconf 76' lang='lat' dir='ltr'><strong>proﬂigarit,</strong></span> <span class='ocrx_word' id='word_1_143' title='bbox 697 1026 841 1061; x_wconf 81' lang='lat' dir='ltr'><strong>ipsamque</strong></span> <span class='ocrx_word' id='word_1_144' title='bbox 862 1027 923 1061; x_wconf 86' lang='lat' dir='ltr'><strong>ejus</strong></span> <span class='ocrx_word' id='word_1_145' title='bbox 953 1026 1076 1055; x_wconf 77' lang='lat' dir='ltr'><strong>nominis</strong></span> 
     </span>
    </p>
   </div>
   <div class='ocr_carea' id='block_1_23' title="bbox 283 1071 932 1107">
    <p class='ocr_par' dir='ltr' id='par_1_23' title="bbox 283 1071 932 1107">
     <span class='ocr_line' id='line_1_23' title="bbox 283 1071 932 1107; baseline 0 -8"><span class='ocrx_word' id='word_1_146' title='bbox 283 1071 451 1099; x_wconf 87' lang='lat' dir='ltr'><strong>mentionem</strong></span> <span class='ocrx_word' id='word_1_147' title='bbox 463 1071 501 1098; x_wconf 93' lang='lat' dir='ltr'><strong>illi</strong></span> <span class='ocrx_word' id='word_1_148' title='bbox 517 1075 650 1107; x_wconf 84' lang='lat' dir='ltr'><strong>paverent</strong></span> <span class='ocrx_word' id='word_1_149' title='bbox 664 1078 698 1099; x_wconf 86' lang='lat' dir='ltr'><strong>ac</strong></span> <span class='ocrx_word' id='word_1_150' title='bbox 711 1072 932 1100; x_wconf 72' lang='lat' dir='ltr'><strong>extimescerent.</strong></span> 
     </span>
    </p>
   </div>
   <div class='ocr_carea' id='block_1_24' title="bbox 318 1117 1078 1153">
    <p class='ocr_par' dir='ltr' id='par_1_24' title="bbox 318 1117 1078 1153">
     <span class='ocr_line' id='line_1_24' title="bbox 318 1117 1078 1153; baseline 0.003 -9"><span class='ocrx_word' id='word_1_151' title='bbox 318 1118 363 1144; x_wconf 70' lang='lat'><strong>28.</strong></span> <span class='ocrx_word' id='word_1_152' title='bbox 378 1118 508 1153; x_wconf 72' lang='lat' dir='ltr'><strong>Captixos</strong></span> <span class='ocrx_word' id='word_1_153' title='bbox 520 1117 706 1145; x_wconf 82' lang='lat' dir='ltr'><strong>commutandi</strong></span> <span class='ocrx_word' id='word_1_154' title='bbox 721 1125 803 1146; x_wconf 85' lang='lat' dir='ltr'><strong>causa</strong></span> <span class='ocrx_word' id='word_1_155' title='bbox 815 1125 831 1145; x_wconf 88' lang='lat' dir='ltr'><strong>a</strong></span> <span class='ocrx_word' id='word_1_156' title='bbox 842 1117 930 1146; x_wconf 86' lang='lat' dir='ltr'><strong>Tarso</strong></span> <span class='ocrx_word' id='word_1_157' title='bbox 944 1122 1078 1147; x_wconf 86' lang='lat' dir='ltr'><strong>venerunt</strong></span> 
     </span>
    </p>
   </div>
   <div class='ocr_carea' id='block_1_25' title="bbox 285 1164 1078 1200">
    <p class='ocr_par' dir='ltr' id='par_1_25' title="bbox 285 1164 1078 1200">
     <span class='ocr_line' id='line_1_25' title="bbox 285 1164 1078 1200; baseline 0.004 -10"><span class='ocrx_word' id='word_1_158' title='bbox 285 1172 347 1191; x_wconf 88' lang='lat' dir='ltr'><strong>cum</strong></span> <span class='ocrx_word' id='word_1_159' title='bbox 364 1164 514 1192; x_wconf 71' lang='lat' dir='ltr'><strong>Abelliaces</strong></span> <span class='ocrx_word' id='word_1_160' title='bbox 529 1164 575 1191; x_wconf 89' lang='lat' dir='ltr'><strong>ille</strong></span> <span class='ocrx_word' id='word_1_161' title='bbox 593 1169 650 1191; x_wconf 84' lang='lat' dir='ltr'><strong>tum</strong></span> <span class='ocrx_word' id='word_1_162' title='bbox 674 1164 800 1192; x_wconf 70' lang='lat' dir='ltr'><strong>Samonte</strong></span> <span class='ocrx_word' id='word_1_163' title='bbox 815 1170 902 1199; x_wconf 88' lang='lat' dir='ltr'><strong>pater.</strong></span> <span class='ocrx_word' id='word_1_164' title='bbox 920 1165 976 1193; x_wconf 86' lang='lat' dir='ltr'><strong>Hos</strong></span> <span class='ocrx_word' id='word_1_165' title='bbox 991 1165 1078 1200; x_wconf 87' lang='lat' dir='ltr'><strong>impe-</strong></span> 
     </span>
    </p>
   </div>
   <div class='ocr_carea' id='block_1_26' title="bbox 285 1209 1076 1246">
    <p class='ocr_par' dir='ltr' id='par_1_26' title="bbox 285 1209 1076 1246">
     <span class='ocr_line' id='line_1_26' title="bbox 285 1209 1076 1246; baseline 0.001 -10"><span class='ocrx_word' id='word_1_166' title='bbox 285 1215 359 1236; x_wconf 84' lang='lat' dir='ltr'><strong>ratur</strong></span> <span class='ocrx_word' id='word_1_167' title='bbox 383 1211 501 1244; x_wconf 81' lang='lat' dir='ltr'><strong>excepit,</strong></span> <span class='ocrx_word' id='word_1_168' title='bbox 526 1209 729 1244; x_wconf 69' lang='lat' dir='ltr'><strong>praemagniliee</strong></span> <span class='ocrx_word' id='word_1_169' title='bbox 756 1214 890 1237; x_wconf 82' lang='lat' dir='ltr'><strong>exornata</strong></span> <span class='ocrx_word' id='word_1_170' title='bbox 914 1209 1076 1246; x_wconf 76' lang='lat' dir='ltr'><strong>Magnaura.</strong></span> 
     </span>
    </p>
   </div>
   <div class='ocr_carea' id='block_1_27' title="bbox 286 1254 1077 1292">
    <p class='ocr_par' dir='ltr' id='par_1_27' title="bbox 286 1254 1077 1292">
     <span class='ocr_line' id='line_1_27' title="bbox 286 1254 1077 1292; baseline 0.004 -11"><span class='ocrx_word' id='word_1_171' title='bbox 286 1255 338 1282; x_wconf 78' lang='lat' dir='ltr'><strong>Sed</strong></span> <span class='ocrx_word' id='word_1_172' title='bbox 354 1259 381 1282; x_wconf 88' lang='lat' dir='ltr'><strong>et</strong></span> <span class='ocrx_word' id='word_1_173' title='bbox 396 1254 523 1290; x_wconf 78' lang='lat' dir='ltr'><strong>Magnam</strong></span> <span class='ocrx_word' id='word_1_174' title='bbox 540 1255 685 1283; x_wconf 84' lang='lat' dir='ltr'><strong>ecclesiam</strong></span> <span class='ocrx_word' id='word_1_175' title='bbox 702 1256 849 1291; x_wconf 75' lang='lat' dir='ltr'><strong>magniﬁco</strong></span> <span class='ocrx_word' id='word_1_176' title='bbox 868 1264 983 1292; x_wconf 85' lang='lat' dir='ltr'><strong>prorsus</strong></span> <span class='ocrx_word' id='word_1_177' title='bbox 1002 1257 1077 1284; x_wconf 88' lang='lat' dir='ltr'><strong>cultu</strong></span> 
     </span>
    </p>
   </div>
   <div class='ocr_carea' id='block_1_28' title="bbox 285 1301 1077 1337">
    <p class='ocr_par' dir='ltr' id='par_1_28' title="bbox 285 1301 1077 1337">
     <span class='ocr_line' id='line_1_28' title="bbox 285 1301 1077 1337; baseline 0.001 -8"><span class='ocrx_word' id='word_1_178' title='bbox 285 1302 442 1334; x_wconf 80' lang='lat' dir='ltr'><strong>decoravit,</strong></span> <span class='ocrx_word' id='word_1_179' title='bbox 457 1301 538 1337; x_wconf 82' lang='lat'><strong>375</strong></span> <span class='ocrx_word' id='word_1_180' title='bbox 563 1306 718 1337; x_wconf 87' lang='lat' dir='ltr'><strong>cunctaque</strong></span> <span class='ocrx_word' id='word_1_181' title='bbox 735 1303 890 1330; x_wconf 88' lang='lat' dir='ltr'><strong>veneranda</strong></span> <span class='ocrx_word' id='word_1_182' title='bbox 908 1310 976 1330; x_wconf 88' lang='lat' dir='ltr'><strong>vasa</strong></span> <span class='ocrx_word' id='word_1_183' title='bbox 988 1301 1077 1331; x_wconf 66' lang='lat' dir='ltr'><strong>Sara:-</strong></span> 
     </span>
    </p>
   </div>
   <div class='ocr_carea' id='block_1_29' title="bbox 285 1347 1079 1381">
    <p class='ocr_par' dir='ltr' id='par_1_29' title="bbox 285 1347 1079 1381">
     <span class='ocr_line' id='line_1_29' title="bbox 285 1347 1079 1381; baseline 0.003 -6"><span class='ocrx_word' id='word_1_184' title='bbox 285 1347 361 1375; x_wconf 87' lang='lat' dir='ltr'><strong>cenis</strong></span> <span class='ocrx_word' id='word_1_185' title='bbox 378 1348 510 1381; x_wconf 87' lang='lat' dir='ltr'><strong>ostendit,</strong></span> <span class='ocrx_word' id='word_1_186' title='bbox 529 1348 602 1375; x_wconf 86' lang='lat' dir='ltr'><strong>haud</strong></span> <span class='ocrx_word' id='word_1_187' title='bbox 613 1355 681 1376; x_wconf 75' lang='lat' dir='ltr'><strong>sane</strong></span> <span class='ocrx_word' id='word_1_188' title='bbox 698 1348 767 1376; x_wconf 81' lang='lat' dir='ltr'><strong>satis</strong></span> <span class='ocrx_word' id='word_1_189' title='bbox 786 1356 802 1376; x_wconf 88' lang='lat' dir='ltr'><strong>e</strong></span> <span class='ocrx_word' id='word_1_190' title='bbox 815 1348 974 1376; x_wconf 82' lang='lat' dir='ltr'><strong>Christiana</strong></span> <span class='ocrx_word' id='word_1_191' title='bbox 994 1349 1079 1377; x_wconf 87' lang='lat' dir='ltr'><strong>disci—</strong></span> 
     </span>
    </p>
   </div>
   <div class='ocr_carea' id='block_1_30' title="bbox 284 1394 1081 1431">
    <p class='ocr_par' dir='ltr' id='par_1_30' title="bbox 284 1394 1081 1431">
     <span class='ocr_line' id='line_1_30' title="bbox 284 1394 1081 1431; baseline 0.005 -11"><span class='ocrx_word' id='word_1_192' title='bbox 284 1394 371 1428; x_wconf 86' lang='lat' dir='ltr'><strong>plina,</strong></span> <span class='ocrx_word' id='word_1_193' title='bbox 391 1398 423 1421; x_wconf 89' lang='lat' dir='ltr'><strong>ut</strong></span> <span class='ocrx_word' id='word_1_194' title='bbox 438 1394 522 1421; x_wconf 85' lang='lat' dir='ltr'><strong>divini</strong></span> <span class='ocrx_word' id='word_1_195' title='bbox 545 1394 692 1422; x_wconf 84' lang='lat' dir='ltr'><strong>ministerii</strong></span> <span class='ocrx_word' id='word_1_196' title='bbox 717 1401 783 1423; x_wconf 81' lang='lat' dir='ltr'><strong>vasa</strong></span> <span class='ocrx_word' id='word_1_197' title='bbox 803 1394 917 1423; x_wconf 74' lang='lat' dir='ltr'><strong>nefariis</strong></span> <span class='ocrx_word' id='word_1_198' title='bbox 934 1395 1081 1431; x_wconf 80' lang='lat' dir='ltr'><strong>impiisque</strong></span> 
     </span>
    </p>
   </div>
   <div class='ocr_carea' id='block_1_31' title="bbox 287 1439 1082 1476">
    <p class='ocr_par' dir='ltr' id='par_1_31' title="bbox 287 1439 1082 1476">
     <span class='ocr_line' id='line_1_31' title="bbox 287 1439 1082 1476; baseline 0.004 -9"><span class='ocrx_word' id='word_1_199' title='bbox 287 1439 445 1467; x_wconf 77' lang='lat' dir='ltr'><strong>hominibus</strong></span> <span class='ocrx_word' id='word_1_200' title='bbox 461 1447 493 1468; x_wconf 88' lang='lat' dir='ltr'><strong>ac</strong></span> <span class='ocrx_word' id='word_1_201' title='bbox 508 1440 671 1476; x_wconf 76' lang='lat' dir='ltr'><strong>alienigenis</strong></span> <span class='ocrx_word' id='word_1_202' title='bbox 686 1440 797 1469; x_wconf 88' lang='lat' dir='ltr'><strong>visenda</strong></span> <span class='ocrx_word' id='word_1_203' title='bbox 809 1445 970 1476; x_wconf 75' lang='lat' dir='ltr'><strong>exponeret.</strong></span> <span class='ocrx_word' id='word_1_204' title='bbox 988 1440 1082 1470; x_wconf 84' lang='lat' dir='ltr'><strong>Voluit</strong></span> 
     </span>
    </p>
   </div>
   <div class='ocr_carea' id='block_1_32' title="bbox 288 1486 1081 1523">
    <p class='ocr_par' dir='ltr' id='par_1_32' title="bbox 288 1486 1081 1523">
     <span class='ocr_line' id='line_1_32' title="bbox 288 1486 1081 1523; baseline 0.003 -10"><span class='ocrx_word' id='word_1_205' title='bbox 288 1486 417 1514; x_wconf 65' lang='lat' dir='ltr'><strong>Samaria:</strong></span> <span class='ocrx_word' id='word_1_206' title='bbox 433 1491 509 1521; x_wconf 88' lang='lat' dir='ltr'><strong>pater</strong></span> <span class='ocrx_word' id='word_1_207' title='bbox 521 1494 583 1514; x_wconf 91' lang='lat' dir='ltr'><strong>eum</strong></span> <span class='ocrx_word' id='word_1_208' title='bbox 600 1487 656 1514; x_wconf 87' lang='lat' dir='ltr'><strong>lilio</strong></span> <span class='ocrx_word' id='word_1_209' title='bbox 669 1494 781 1515; x_wconf 87' lang='lat' dir='ltr'><strong>manere</strong></span> <span class='ocrx_word' id='word_1_210' title='bbox 795 1496 802 1515; x_wconf 90' lang='lat'><strong>:</strong></span> <span class='ocrx_word' id='word_1_211' title='bbox 818 1488 867 1516; x_wconf 87' lang='lat' dir='ltr'><strong>sed</strong></span> <span class='ocrx_word' id='word_1_212' title='bbox 884 1487 930 1516; x_wconf 86' lang='lat' dir='ltr'><strong>ille</strong></span> <span class='ocrx_word' id='word_1_213' title='bbox 943 1495 998 1515; x_wconf 90' lang='lat' dir='ltr'><strong>non</strong></span> <span class='ocrx_word' id='word_1_214' title='bbox 1016 1495 1081 1523; x_wconf 87' lang='lat' dir='ltr'><strong>pas-</strong></span> 
     </span>
    </p>
   </div>
   <div class='ocr_carea' id='block_1_33' title="bbox 288 1532 1082 1567">
    <p class='ocr_par' dir='ltr' id='par_1_33' title="bbox 288 1532 1082 1567">
     <span class='ocr_line' id='line_1_33' title="bbox 288 1532 1082 1567; baseline 0.003 -8"><span class='ocrx_word' id='word_1_215' title='bbox 288 1539 336 1559; x_wconf 79' lang='lat' dir='ltr'><strong>sus</strong></span> <span class='ocrx_word' id='word_1_216' title='bbox 356 1537 408 1565; x_wconf 86' lang='lat' dir='ltr'><strong>est,</strong></span> <span class='ocrx_word' id='word_1_217' title='bbox 429 1532 571 1567; x_wconf 78' lang='lat' dir='ltr'><strong>magisque</strong></span> <span class='ocrx_word' id='word_1_218' title='bbox 586 1533 747 1561; x_wconf 81' lang='lat' dir='ltr'><strong>hortabatur</strong></span> <span class='ocrx_word' id='word_1_219' title='bbox 759 1538 788 1561; x_wconf 89' lang='lat' dir='ltr'><strong>ut</strong></span> <span class='ocrx_word' id='word_1_220' title='bbox 802 1533 915 1561; x_wconf 88' lang='lat' dir='ltr'><strong>domum</strong></span> <span class='ocrx_word' id='word_1_221' title='bbox 935 1534 1038 1562; x_wconf 84' lang='lat' dir='ltr'><strong>rediret</strong></span> <span class='ocrx_word' id='word_1_222' title='bbox 1049 1541 1082 1561; x_wconf 86' lang='lat' dir='ltr'><strong>ac</strong></span> 
     </span>
    </p>
   </div>
   <div class='ocr_carea' id='block_1_34' title="bbox 1120 284 1907 322">
    <p class='ocr_par' dir='ltr' id='par_1_34' title="bbox 1120 284 1907 322">
     <span class='ocr_line' id='line_1_34' title="bbox 1120 284 1907 322; baseline -0.004 -8"><span class='ocrx_word' id='word_1_223' title='bbox 1120 287 1167 314; x_wconf 77' lang='grc' dir='ltr'>τοῦ</span> <span class='ocrx_word' id='word_1_224' title='bbox 1185 287 1345 314; x_wconf 77' lang='grc' dir='ltr'>ἀπέστειλεν</span> <span class='ocrx_word' id='word_1_225' title='bbox 1360 288 1399 318; x_wconf 79' lang='grc' dir='ltr'><strong>εἰς</strong></span> <span class='ocrx_word' id='word_1_226' title='bbox 1427 287 1457 313; x_wconf 79' lang='grc' dir='ltr'><strong>τὺ</strong></span> <span class='ocrx_word' id='word_1_227' title='bbox 1481 286 1641 322; x_wconf 65' lang='grc' dir='ltr'>Χαρσιανόνι</span> <span class='ocrx_word' id='word_1_228' title='bbox 1663 285 1732 312; x_wconf 59' lang='grc' dir='ltr'><strong>ΚΑΘ*</strong></span> <span class='ocrx_word' id='word_1_229' title='bbox 1758 284 1818 311; x_wconf 75' lang='grc' dir='ltr'>ὀδοῦ</span> <span class='ocrx_word' id='word_1_230' title='bbox 1843 285 1864 300; x_wconf 87' lang='grc'><strong>⁶¹</strong></span> <span class='ocrx_word' id='word_1_231' title='bbox 1881 284 1907 311; x_wconf 67' lang='grc' dir='ltr'>δὲ</span> 
     </span>
    </p>
   </div>
   <div class='ocr_carea' id='block_1_35' title="bbox 1121 329 1908 367">
    <p class='ocr_par' dir='ltr' id='par_1_35' title="bbox 1121 329 1908 367">
     <span class='ocr_line' id='line_1_35' title="bbox 1121 329 1908 367; baseline -0.003 -9"><span class='ocrx_word' id='word_1_232' title='bbox 1121 333 1161 364; x_wconf 82' lang='grc' dir='ltr'><strong>είς</strong></span> <span class='ocrx_word' id='word_1_233' title='bbox 1178 332 1208 358; x_wconf 76' lang='grc' dir='ltr'><strong>τὸ</strong></span> <span class='ocrx_word' id='word_1_234' title='bbox 1224 333 1314 367; x_wconf 78' lang='grc' dir='ltr'>’Δραν</span> <span class='ocrx_word' id='word_1_235' title='bbox 1325 333 1471 367; x_wconf 79' lang='grc' dir='ltr'>φάρμακον</span> <span class='ocrx_word' id='word_1_236' title='bbox 1481 332 1557 366; x_wconf 81' lang='grc' dir='ltr'><strong>παρά</strong></span> <span class='ocrx_word' id='word_1_237' title='bbox 1569 332 1713 367; x_wconf 79' lang='grc' dir='ltr'>ἀνθρώπου</span> <span class='ocrx_word' id='word_1_238' title='bbox 1728 330 1810 357; x_wconf 85' lang='grc' dir='ltr'>αὑτοῦ</span> <span class='ocrx_word' id='word_1_239' title='bbox 1821 329 1908 358; x_wconf 78' lang='grc' dir='ltr'>λαϐὼν</span> 
     </span>
    </p>
   </div>
   <div class='ocr_carea' id='block_1_36' title="bbox 1121 376 1909 413">
    <p class='ocr_par' dir='ltr' id='par_1_36' title="bbox 1121 376 1909 413">
     <span class='ocr_line' id='line_1_36' title="bbox 1121 376 1909 413; baseline -0.001 -9"><span class='ocrx_word' id='word_1_240' title='bbox 1121 377 1262 413; x_wconf 77' lang='grc' dir='ltr'>τέθνηκεν,</span> <span class='ocrx_word' id='word_1_241' title='bbox 1277 378 1324 404; x_wconf 82' lang='grc' dir='ltr'>καὶ</span> <span class='ocrx_word' id='word_1_242' title='bbox 1339 377 1473 404; x_wconf 80' lang='grc' dir='ltr'>θάπτεται</span> <span class='ocrx_word' id='word_1_243' title='bbox 1487 378 1527 409; x_wconf 85' lang='grc' dir='ltr'><strong>είς</strong></span> <span class='ocrx_word' id='word_1_244' title='bbox 1546 377 1578 403; x_wconf 74' lang='grc' dir='ltr'>τὸ</span> <span class='ocrx_word' id='word_1_245' title='bbox 1594 376 1695 403; x_wconf 76' lang='grc' dir='ltr'>Σπυνὶν</span> <span class='ocrx_word' id='word_1_246' title='bbox 1711 377 1758 403; x_wconf 73' lang='grc' dir='ltr'><strong>τοῦ</strong></span> <span class='ocrx_word' id='word_1_247' title='bbox 1776 377 1848 411; x_wconf 74' lang='grc' dir='ltr'>’Δρα</span> <span class='ocrx_word' id='word_1_248' title='bbox 1862 376 1909 411; x_wconf 80' lang='grc' dir='ltr'>τὴν</span> 
     </span>
    </p>
   </div>
   <div class='ocr_carea' id='block_1_37' title="bbox 1122 422 1908 460">
    <p class='ocr_par' dir='ltr' id='par_1_37' title="bbox 1122 422 1908 460">
     <span class='ocr_line' id='line_1_37' title="bbox 1122 422 1908 460; baseline -0.003 -9"><span class='ocrx_word' id='word_1_249' title='bbox 1122 425 1256 460; x_wconf 81' lang='grc' dir='ltr'>κορυφήν.</span> <span class='ocrx_word' id='word_1_250' title='bbox 1279 424 1336 451; x_wconf 78' lang='grc' dir='ltr'><strong>Εἶθ’</strong></span> <span class='ocrx_word' id='word_1_251' title='bbox 1349 423 1421 450; x_wconf 75' lang='grc' dir='ltr'>οὕτω</span> <span class='ocrx_word' id='word_1_252' title='bbox 1437 424 1462 450; x_wconf 81' lang='grc' dir='ltr'>οἱ</span> <span class='ocrx_word' id='word_1_253' title='bbox 1481 423 1533 450; x_wconf 72' lang='grc' dir='ltr'>υἱοὶ</span> <span class='ocrx_word' id='word_1_254' title='bbox 1560 422 1644 450; x_wconf 71' lang='grc' dir='ltr'>αὑτοῦ</span> <span class='ocrx_word' id='word_1_255' title='bbox 1668 423 1754 455; x_wconf 81' lang='grc' dir='ltr'>Πόθος</span> <span class='ocrx_word' id='word_1_256' title='bbox 1765 423 1814 450; x_wconf 75' lang='grc' dir='ltr'>καὶ</span> <span class='ocrx_word' id='word_1_257' title='bbox 1827 422 1908 455; x_wconf 81' lang='grc' dir='ltr'>Λέων,</span> 
     </span>
    </p>
   </div>
   <div class='ocr_carea' id='block_1_38' title="bbox 1122 469 1910 506">
    <p class='ocr_par' dir='ltr' id='par_1_38' title="bbox 1122 469 1910 506">
     <span class='ocr_line' id='line_1_38' title="bbox 1122 469 1910 506; baseline -0.001 -10"><span class='ocrx_word' id='word_1_258' title='bbox 1122 471 1147 496; x_wconf 78' lang='lat' dir='ltr'><strong>ot</strong></span> <span class='ocrx_word' id='word_1_259' title='bbox 1163 471 1196 506; x_wconf 85' lang='grc' dir='ltr'>τῇ</span> <span class='ocrx_word' id='word_1_260' title='bbox 1217 469 1264 496; x_wconf 72' lang='grc' dir='ltr'>τοῦ</span> <span class='ocrx_word' id='word_1_261' title='bbox 1289 470 1477 505; x_wconf 75' lang='grc' dir='ltr'>μαγγλαῦίτου</span> <span class='ocrx_word' id='word_1_262' title='bbox 1497 470 1562 505; x_wconf 69' lang='grc' dir='ltr'>ἀξίᾳ.</span> <span class='ocrx_word' id='word_1_263' title='bbox 1585 470 1773 505; x_wconf 72' lang='grc' dir='ltr'><strong>τετιμημένοι,</strong></span> <span class='ocrx_word' id='word_1_264' title='bbox 1798 469 1910 504; x_wconf 74' lang='grc' dir='ltr'>ἄραντες</span> 
     </span>
    </p>
   </div>
   <div class='ocr_carea' id='block_1_39' title="bbox 1123 515 1910 550">
    <p class='ocr_par' dir='ltr' id='par_1_39' title="bbox 1123 515 1910 550">
     <span class='ocr_line' id='line_1_39' title="bbox 1123 515 1910 550; baseline -0.001 -7"><span class='ocrx_word' id='word_1_265' title='bbox 1123 517 1205 543; x_wconf 78' lang='grc' dir='ltr'>αὐτὸν</span> <span class='ocrx_word' id='word_1_266' title='bbox 1216 515 1364 543; x_wconf 73' lang='grc' dir='ltr'><strong>θάπτουσιν</strong></span> <span class='ocrx_word' id='word_1_267' title='bbox 1379 516 1461 543; x_wconf 81' lang='grc' dir='ltr'>αὑτὸν</span> <span class='ocrx_word' id='word_1_268' title='bbox 1479 516 1519 548; x_wconf 80' lang='grc' dir='ltr'>εἰς</span> <span class='ocrx_word' id='word_1_269' title='bbox 1534 517 1564 542; x_wconf 76' lang='grc' dir='ltr'><strong>τὸ</strong></span> <span class='ocrx_word' id='word_1_270' title='bbox 1579 516 1689 550; x_wconf 82' lang='grc' dir='ltr'>γονικὸν</span> <span class='ocrx_word' id='word_1_271' title='bbox 1710 515 1802 542; x_wconf 76' lang='grc' dir='ltr'>αὐτῶν</span> <span class='ocrx_word' id='word_1_272' title='bbox 1828 523 1910 550; x_wconf 81' lang='grc' dir='ltr'>μονα·</span> 
     </span>
    </p>
   </div>
   <div class='ocr_carea' id='block_1_40' title="bbox 1125 561 1911 599">
    <p class='ocr_par' dir='ltr' id='par_1_40' title="bbox 1125 561 1911 599">
     <span class='ocr_line' id='line_1_40' title="bbox 1125 561 1911 599; baseline -0.003 -10"><span class='ocrx_word' id='word_1_273' title='bbox 1125 563 1236 599; x_wconf 85' lang='grc' dir='ltr'>στήριον</span> <span class='ocrx_word' id='word_1_274' title='bbox 1248 562 1278 589; x_wconf 80' lang='grc' dir='ltr'>τὸ</span> <span class='ocrx_word' id='word_1_275' title='bbox 1291 562 1321 589; x_wconf 82' lang='grc' dir='ltr'><strong>ὂν</strong></span> <span class='ocrx_word' id='word_1_276' title='bbox 1335 563 1375 594; x_wconf 86' lang='grc' dir='ltr'><strong>είς</strong></span> <span class='ocrx_word' id='word_1_277' title='bbox 1392 563 1423 589; x_wconf 83' lang='grc' dir='ltr'><strong>τὸ</strong></span> <span class='ocrx_word' id='word_1_278' title='bbox 1443 562 1514 597; x_wconf 81' lang='grc' dir='ltr'>θέμα</span> <span class='ocrx_word' id='word_1_279' title='bbox 1528 562 1575 589; x_wconf 83' lang='grc' dir='ltr'><strong>τοῦ</strong></span> <span class='ocrx_word' id='word_1_280' title='bbox 1591 561 1746 597; x_wconf 81' lang='grc' dir='ltr'>Χαρσιανοῦ</span> <span class='ocrx_word' id='word_1_281' title='bbox 1764 563 1814 597; x_wconf 76' lang='grc' dir='ltr'>τῆς</span> <span class='ocrx_word' id='word_1_282' title='bbox 1834 561 1911 595; x_wconf 80' lang='grc' dir='ltr'>ἀγίας</span> 
     </span>
    </p>
   </div>
   <div class='ocr_carea' id='block_1_41' title="bbox 1130 607 1910 644">
    <p class='ocr_par' dir='ltr' id='par_1_41' title="bbox 1130 607 1910 644">
     <span class='ocr_line' id='line_1_41' title="bbox 1130 607 1910 644; baseline -0.004 -8"><span class='ocrx_word' id='word_1_283' title='bbox 1130 609 1281 641; x_wconf 75' lang='grc' dir='ltr'>Ἐλιζάϐετ,</span> <span class='ocrx_word' id='word_1_284' title='bbox 1299 609 1330 636; x_wconf 73' lang='grc' dir='ltr'>τὸ</span> <span class='ocrx_word' id='word_1_285' title='bbox 1343 608 1494 644; x_wconf 80' lang='grc' dir='ltr'>ἀνιερωθὲν</span> <span class='ocrx_word' id='word_1_286' title='bbox 1514 607 1592 643; x_wconf 84' lang='grc' dir='ltr'><strong>παρά</strong></span> <span class='ocrx_word' id='word_1_287' title='bbox 1608 607 1723 639; x_wconf 75' lang='grc' dir='ltr'>Λέοντος</span> <span class='ocrx_word' id='word_1_288' title='bbox 1739 607 1910 643; x_wconf 78' lang='grc' dir='ltr'>τουρμάρχου</span> 
     </span>
    </p>
   </div>
   <div class='ocr_carea' id='block_1_42' title="bbox 1123 653 1911 690">
    <p class='ocr_par' dir='ltr' id='par_1_42' title="bbox 1123 653 1911 690">
     <span class='ocr_line' id='line_1_42' title="bbox 1123 653 1911 690; baseline -0.003 -8"><span class='ocrx_word' id='word_1_289' title='bbox 1123 655 1171 682; x_wconf 84' lang='grc' dir='ltr'><strong>τοῦ</strong></span> <span class='ocrx_word' id='word_1_290' title='bbox 1191 656 1305 682; x_wconf 78' lang='grc' dir='ltr'>πάππου</span> <span class='ocrx_word' id='word_1_291' title='bbox 1331 655 1421 682; x_wconf 80' lang='grc' dir='ltr'>αὐτῶν</span> <span class='ocrx_word' id='word_1_292' title='bbox 1433 663 1440 670; x_wconf 93' lang='grc'><strong>·</strong></span> <span class='ocrx_word' id='word_1_293' title='bbox 1457 653 1498 690; x_wconf 76' lang='grc' dir='ltr'><strong>[Ρ.</strong></span> <span class='ocrx_word' id='word_1_294' title='bbox 1513 654 1580 690; x_wconf 65' lang='grc' dir='ltr'><strong>25η</strong></span> <span class='ocrx_word' id='word_1_295' title='bbox 1601 654 1630 685; x_wconf 75' lang='grc' dir='ltr'>ὃς</span> <span class='ocrx_word' id='word_1_296' title='bbox 1652 653 1742 681; x_wconf 78' lang='grc' dir='ltr'>καὶτὸ</span> <span class='ocrx_word' id='word_1_297' title='bbox 1754 653 1842 688; x_wconf 78' lang='grc' dir='ltr'>ὄνομα</span> <span class='ocrx_word' id='word_1_298' title='bbox 1861 654 1911 680; x_wconf 79' lang='grc' dir='ltr'>τῶν</span> 
     </span>
    </p>
   </div>
   <div class='ocr_carea' id='block_1_43' title="bbox 1130 699 1912 738">
    <p class='ocr_par' dir='ltr' id='par_1_43' title="bbox 1130 699 1912 738">
     <span class='ocr_line' id='line_1_43' title="bbox 1130 699 1912 738; baseline -0.004 -10"><span class='ocrx_word' id='word_1_299' title='bbox 1130 701 1281 738; x_wconf 33' lang='grc' dir='ltr'>Ἀργυρῶνη</span> <span class='ocrx_word' id='word_1_300' title='bbox 1293 701 1416 737; x_wconf 81' lang='grc' dir='ltr'><strong>εἴληφεν,</strong></span> <span class='ocrx_word' id='word_1_301' title='bbox 1435 700 1492 727; x_wconf 73' lang='grc' dir='ltr'>εἴτε</span> <span class='ocrx_word' id='word_1_302' title='bbox 1514 700 1559 728; x_wconf 82' lang='grc' dir='ltr'><strong>διά</strong></span> <span class='ocrx_word' id='word_1_303' title='bbox 1572 703 1602 728; x_wconf 81' lang='grc' dir='ltr'>τὸ</span> <span class='ocrx_word' id='word_1_304' title='bbox 1623 699 1743 735; x_wconf 62' lang='grc' dir='ltr'>καθαρὸν</span> <span class='ocrx_word' id='word_1_305' title='bbox 1761 699 1809 726; x_wconf 78' lang='grc' dir='ltr'>καὶ</span> <span class='ocrx_word' id='word_1_306' title='bbox 1836 699 1912 734; x_wconf 64' lang='grc' dir='ltr'>ἁγνὸν</span> 
     </span>
    </p>
   </div>
   <div class='ocr_carea' id='block_1_44' title="bbox 1123 745 1914 783">
    <p class='ocr_par' dir='ltr' id='par_1_44' title="bbox 1123 745 1914 783">
     <span class='ocr_line' id='line_1_44' title="bbox 1123 745 1914 783; baseline -0.004 -8"><span class='ocrx_word' id='word_1_307' title='bbox 1123 748 1171 775; x_wconf 81' lang='grc' dir='ltr'>τοῦ</span> <span class='ocrx_word' id='word_1_308' title='bbox 1192 747 1328 783; x_wconf 82' lang='grc' dir='ltr'>σώματος,</span> <span class='ocrx_word' id='word_1_309' title='bbox 1344 748 1399 774; x_wconf 79' lang='grc' dir='ltr'>εἴτε</span> <span class='ocrx_word' id='word_1_310' title='bbox 1423 747 1466 774; x_wconf 83' lang='grc' dir='ltr'><strong>διὰ</strong></span> <span class='ocrx_word' id='word_1_311' title='bbox 1482 747 1513 774; x_wconf 81' lang='grc' dir='ltr'>τὸ</span> <span class='ocrx_word' id='word_1_312' title='bbox 1538 747 1637 779; x_wconf 84' lang='grc' dir='ltr'>κάλλος</span> <span class='ocrx_word' id='word_1_313' title='bbox 1651 746 1699 774; x_wconf 81' lang='grc' dir='ltr'>καὶ</span> <span class='ocrx_word' id='word_1_314' title='bbox 1723 747 1847 781; x_wconf 82' lang='grc' dir='ltr'>γενναῖον</span> <span class='ocrx_word' id='word_1_315' title='bbox 1868 745 1914 780; x_wconf 74' lang='grc' dir='ltr'>τῆς</span> 
     </span>
    </p>
   </div>
   <div class='ocr_carea' id='block_1_45' title="bbox 1124 791 1914 830">
    <p class='ocr_par' dir='ltr' id='par_1_45' title="bbox 1124 791 1914 830">
     <span class='ocr_line' id='line_1_45' title="bbox 1124 791 1914 830; baseline -0.001 -10"><span class='ocrx_word' id='word_1_316' title='bbox 1124 793 1223 829; x_wconf 72' lang='grc' dir='ltr'>ὅψεως,</span> <span class='ocrx_word' id='word_1_317' title='bbox 1239 794 1296 821; x_wconf 79' lang='grc' dir='ltr'>εἴτε</span> <span class='ocrx_word' id='word_1_318' title='bbox 1315 793 1359 821; x_wconf 75' lang='grc' dir='ltr'>διὰ</span> <span class='ocrx_word' id='word_1_319' title='bbox 1372 802 1433 820; x_wconf 88' lang='grc' dir='ltr'>τινα</span> <span class='ocrx_word' id='word_1_320' title='bbox 1448 794 1549 830; x_wconf 82' lang='grc' dir='ltr'>τρόπον</span> <span class='ocrx_word' id='word_1_321' title='bbox 1561 794 1613 829; x_wconf 83' lang='grc' dir='ltr'>τῆς</span> <span class='ocrx_word' id='word_1_322' title='bbox 1633 793 1731 828; x_wconf 79' lang='grc' dir='ltr'>γενεᾶς</span> <span class='ocrx_word' id='word_1_323' title='bbox 1745 792 1794 819; x_wconf 80' lang='grc' dir='ltr'>καὶ</span> <span class='ocrx_word' id='word_1_324' title='bbox 1807 791 1914 827; x_wconf 84' lang='grc' dir='ltr'>ἀνδρίας</span> 
     </span>
    </p>
   </div>
   <div class='ocr_carea' id='block_1_46' title="bbox 1126 837 1914 875">
    <p class='ocr_par' dir='ltr' id='par_1_46' title="bbox 1126 837 1914 875">
     <span class='ocr_line' id='line_1_46' title="bbox 1126 837 1914 875; baseline -0.004 -8"><span class='ocrx_word' id='word_1_325' title='bbox 1126 839 1211 868; x_wconf 80' lang='grc' dir='ltr'>αὐτοῦ</span> <span class='ocrx_word' id='word_1_326' title='bbox 1224 848 1232 856; x_wconf 85' lang='grc'>·</span> <span class='ocrx_word' id='word_1_327' title='bbox 1251 840 1299 866; x_wconf 75' lang='grc' dir='ltr'>καὶ</span> <span class='ocrx_word' id='word_1_328' title='bbox 1313 839 1368 875; x_wconf 87' lang='grc' dir='ltr'><strong>γάρ</strong></span> <span class='ocrx_word' id='word_1_329' title='bbox 1388 839 1510 872; x_wconf 88' lang='grc' dir='ltr'>τοιοῦτος</span> <span class='ocrx_word' id='word_1_330' title='bbox 1524 837 1558 875; x_wconf 75' lang='grc' dir='ltr'>ἦν</span> <span class='ocrx_word' id='word_1_331' title='bbox 1573 840 1588 866; x_wconf 86' lang='lat'><strong>6</strong></span> <span class='ocrx_word' id='word_1_332' title='bbox 1598 838 1668 875; x_wconf 73' lang='grc' dir='ltr'>ἀνὴρ</span> <span class='ocrx_word' id='word_1_333' title='bbox 1680 837 1735 871; x_wconf 74' lang='grc' dir='ltr'>οἷος</span> <span class='ocrx_word' id='word_1_334' title='bbox 1751 838 1848 873; x_wconf 75' lang='grc' dir='ltr'>ἕτερος</span> <span class='ocrx_word' id='word_1_335' title='bbox 1870 838 1914 865; x_wconf 73' lang='grc' dir='ltr'><strong>ἐπὶ</strong></span> 
     </span>
    </p>
   </div>
   <div class='ocr_carea' id='block_1_47' title="bbox 1126 884 1914 923">
    <p class='ocr_par' dir='ltr' id='par_1_47' title="bbox 1126 884 1914 923">
     <span class='ocr_line' id='line_1_47' title="bbox 1126 884 1914 923; baseline -0.004 -10"><span class='ocrx_word' id='word_1_336' title='bbox 1126 886 1239 923; x_wconf 75' lang='grc' dir='ltr'>Μιχαὴλ</span> <span class='ocrx_word' id='word_1_337' title='bbox 1264 886 1397 922; x_wconf 83' lang='grc' dir='ltr'>βασιλέως</span> <span class='ocrx_word' id='word_1_338' title='bbox 1414 887 1464 922; x_wconf 81' lang='grc' dir='ltr'><strong>οὐχ</strong></span> <span class='ocrx_word' id='word_1_339' title='bbox 1477 885 1577 922; x_wconf 83' lang='grc' dir='ltr'>εὑρέθη</span> <span class='ocrx_word' id='word_1_340' title='bbox 1598 884 1780 921; x_wconf 71' lang='grc' dir='ltr'><strong>στρατιώτης,</strong></span> <span class='ocrx_word' id='word_1_341' title='bbox 1795 885 1833 915; x_wconf 83' lang='grc' dir='ltr'>ὡς</span> <span class='ocrx_word' id='word_1_342' title='bbox 1854 884 1914 910; x_wconf 77' lang='grc' dir='ltr'>πολ·</span> 
     </span>
    </p>
   </div>
   <div class='ocr_carea' id='block_1_48' title="bbox 1127 929 1916 968">
    <p class='ocr_par' dir='ltr' id='par_1_48' title="bbox 1127 929 1916 968">
     <span class='ocr_line' id='line_1_48' title="bbox 1127 929 1916 968; baseline -0.006 -8"><span class='ocrx_word' id='word_1_343' title='bbox 1127 932 1207 965; x_wconf 79' lang='grc' dir='ltr'>λάκις</span> <span class='ocrx_word' id='word_1_344' title='bbox 1221 933 1278 966; x_wconf 77' lang='grc' dir='ltr'>τοῖς</span> <span class='ocrx_word' id='word_1_345' title='bbox 1299 932 1460 968; x_wconf 75' lang='grc' dir='ltr'>’Δγαρηνοτς</span> <span class='ocrx_word' id='word_1_346' title='bbox 1473 931 1524 967; x_wconf 86' lang='grc' dir='ltr'>τῆς</span> <span class='ocrx_word' id='word_1_347' title='bbox 1538 931 1679 966; x_wconf 66' lang='grc' dir='ltr'>Τεφρικῆς</span> <span class='ocrx_word' id='word_1_348' title='bbox 1698 929 1767 965; x_wconf 85' lang='grc' dir='ltr'><strong>μετά</strong></span> <span class='ocrx_word' id='word_1_349' title='bbox 1788 930 1852 961; x_wconf 77' lang='grc' dir='ltr'>τοὺς</span> <span class='ocrx_word' id='word_1_350' title='bbox 1872 929 1916 955; x_wconf 85' lang='grc' dir='ltr'>ἀν-</span> 
     </span>
    </p>
   </div>
   <div class='ocr_carea' id='block_1_49' title="bbox 1131 975 1915 1014">
    <p class='ocr_par' dir='ltr' id='par_1_49' title="bbox 1131 975 1915 1014">
     <span class='ocr_line' id='line_1_49' title="bbox 1131 975 1915 1014; baseline -0.008 -8"><span class='ocrx_word' id='word_1_351' title='bbox 1131 978 1259 1014; x_wconf 82' lang='grc' dir='ltr'>θρώπους</span> <span class='ocrx_word' id='word_1_352' title='bbox 1274 977 1357 1005; x_wconf 79' lang='grc' dir='ltr'>αὑτοῦ</span> <span class='ocrx_word' id='word_1_353' title='bbox 1372 977 1538 1014; x_wconf 80' lang='grc' dir='ltr'><strong>μιγνύμενον</strong></span> <span class='ocrx_word' id='word_1_354' title='bbox 1557 978 1598 1009; x_wconf 82' lang='grc' dir='ltr'><strong>είς</strong></span> <span class='ocrx_word' id='word_1_355' title='bbox 1610 977 1716 1013; x_wconf 72' lang='grc' dir='ltr'>τροπὴν</span> <span class='ocrx_word' id='word_1_356' title='bbox 1740 977 1789 1004; x_wconf 79' lang='grc' dir='ltr'>καὶ</span> <span class='ocrx_word' id='word_1_357' title='bbox 1805 975 1915 1011; x_wconf 69' lang='grc' dir='ltr'>φροῦδον</span> 
     </span>
    </p>
   </div>
   <div class='ocr_carea' id='block_1_50' title="bbox 1126 1022 1916 1061">
    <p class='ocr_par' dir='ltr' id='par_1_50' title="bbox 1126 1022 1916 1061">
     <span class='ocr_line' id='line_1_50' title="bbox 1126 1022 1916 1061; baseline -0.005 -9"><span class='ocrx_word' id='word_1_358' title='bbox 1126 1025 1175 1053; x_wconf 68' lang='grc' dir='ltr'>καὶ</span> <span class='ocrx_word' id='word_1_359' title='bbox 1191 1025 1330 1053; x_wconf 80' lang='grc' dir='ltr'>ἀπώλειαν</span> <span class='ocrx_word' id='word_1_360' title='bbox 1343 1024 1487 1061; x_wconf 79' lang='grc' dir='ltr'>παρέχειν,</span> <span class='ocrx_word' id='word_1_361' title='bbox 1508 1024 1556 1052; x_wconf 75' lang='grc' dir='ltr'>καὶ</span> <span class='ocrx_word' id='word_1_362' title='bbox 1572 1024 1605 1051; x_wconf 75' lang='grc' dir='ltr'><strong>τὸ</strong></span> <span class='ocrx_word' id='word_1_363' title='bbox 1621 1023 1707 1059; x_wconf 72' lang='grc' dir='ltr'>ὄνομα</span> <span class='ocrx_word' id='word_1_364' title='bbox 1729 1022 1814 1050; x_wconf 81' lang='grc' dir='ltr'>αὑτοῦ</span> <span class='ocrx_word' id='word_1_365' title='bbox 1833 1031 1916 1058; x_wconf 81' lang='grc' dir='ltr'>φημι-</span> 
     </span>
    </p>
   </div>
   <div class='ocr_carea' id='block_1_51' title="bbox 1127 1071 1663 1110">
    <p class='ocr_par' dir='ltr' id='par_1_51' title="bbox 1127 1071 1663 1110">
     <span class='ocr_line' id='line_1_51' title="bbox 1127 1071 1663 1110; baseline -0.006 -10"><span class='ocrx_word' id='word_1_366' title='bbox 1127 1073 1241 1110; x_wconf 79' lang='grc' dir='ltr'>ζόμενον</span> <span class='ocrx_word' id='word_1_367' title='bbox 1256 1072 1462 1108; x_wconf 77' lang='grc' dir='ltr'><strong>καταπτήσσειν</strong></span> <span class='ocrx_word' id='word_1_368' title='bbox 1476 1071 1524 1099; x_wconf 77' lang='grc' dir='ltr'><strong>καὶ</strong></span> <span class='ocrx_word' id='word_1_369' title='bbox 1538 1071 1663 1107; x_wconf 83' lang='grc' dir='ltr'>τρέμειν.</span> 
     </span>
    </p>
   </div>
   <div class='ocr_carea' id='block_1_52' title="bbox 1162 1115 1917 1155">
    <p class='ocr_par' dir='ltr' id='par_1_52' title="bbox 1162 1115 1917 1155">
     <span class='ocr_line' id='line_1_52' title="bbox 1162 1115 1917 1155; baseline -0.007 -8"><span class='ocrx_word' id='word_1_370' title='bbox 1162 1119 1220 1155; x_wconf 81' lang='grc' dir='ltr'>κη’.</span> <span class='ocrx_word' id='word_1_371' title='bbox 1240 1118 1382 1154; x_wconf 82' lang='grc' dir='ltr'>’Δλλαγίου</span> <span class='ocrx_word' id='word_1_372' title='bbox 1394 1119 1423 1146; x_wconf 78' lang='grc' dir='ltr'>δὲ</span> <span class='ocrx_word' id='word_1_373' title='bbox 1437 1118 1531 1145; x_wconf 76' lang='grc' dir='ltr'>ἕνεκεν</span> <span class='ocrx_word' id='word_1_374' title='bbox 1546 1117 1600 1145; x_wconf 69' lang='grc' dir='ltr'><strong>ἀπὸ</strong></span> <span class='ocrx_word' id='word_1_375' title='bbox 1613 1117 1723 1153; x_wconf 85' lang='grc' dir='ltr'>Ταρσοῦ</span> <span class='ocrx_word' id='word_1_376' title='bbox 1739 1115 1851 1152; x_wconf 77' lang='grc' dir='ltr'>ἐξῆλθεν</span> <span class='ocrx_word' id='word_1_377' title='bbox 1863 1116 1876 1143; x_wconf 83' lang='grc' dir='ltr'>ὂ</span> <span class='ocrx_word' id='word_1_378' title='bbox 1890 1123 1917 1142; x_wconf 81' lang='grc' dir='ltr'>τι</span> 
     </span>
    </p>
   </div>
   <div class='ocr_carea' id='block_1_53' title="bbox 1135 1162 1916 1201">
    <p class='ocr_par' dir='ltr' id='par_1_53' title="bbox 1135 1162 1916 1201">
     <span class='ocr_line' id='line_1_53' title="bbox 1135 1162 1916 1201; baseline -0.006 -8"><span class='ocrx_word' id='word_1_379' title='bbox 1135 1165 1304 1201; x_wconf 78' lang='grc' dir='ltr'>’Δὸελὸἀκης</span> <span class='ocrx_word' id='word_1_380' title='bbox 1324 1166 1429 1197; x_wconf 68' lang='grc' dir='ltr'>ἐκεῖνος</span> <span class='ocrx_word' id='word_1_381' title='bbox 1456 1164 1506 1192; x_wconf 82' lang='grc' dir='ltr'><strong>καὶ</strong></span> <span class='ocrx_word' id='word_1_382' title='bbox 1515 1165 1530 1191; x_wconf 97' lang='lat'><strong>6</strong></span> <span class='ocrx_word' id='word_1_383' title='bbox 1543 1164 1592 1192; x_wconf 81' lang='grc' dir='ltr'>τοῦ</span> <span class='ocrx_word' id='word_1_384' title='bbox 1605 1164 1724 1200; x_wconf 78' lang='grc' dir='ltr'>Σαμωνᾶ</span> <span class='ocrx_word' id='word_1_385' title='bbox 1748 1164 1841 1198; x_wconf 78' lang='grc' dir='ltr'>πατήρ</span> <span class='ocrx_word' id='word_1_386' title='bbox 1853 1170 1861 1178; x_wconf 91' lang='grc'><strong>·</strong></span> <span class='ocrx_word' id='word_1_387' title='bbox 1875 1162 1916 1189; x_wconf 74' lang='grc' dir='ltr'>καὶ</span> 
     </span>
    </p>
   </div>
   <div class='ocr_carea' id='block_1_54' title="bbox 1128 1209 1916 1247">
    <p class='ocr_par' dir='ltr' id='par_1_54' title="bbox 1128 1209 1916 1247">
     <span class='ocr_line' id='line_1_54' title="bbox 1128 1209 1916 1247; baseline -0.005 -8"><span class='ocrx_word' id='word_1_388' title='bbox 1128 1213 1240 1244; x_wconf 82' lang='grc' dir='ltr'><strong>τούτους</strong></span> <span class='ocrx_word' id='word_1_389' title='bbox 1268 1212 1283 1238; x_wconf 88' lang='lat'><strong>6</strong></span> <span class='ocrx_word' id='word_1_390' title='bbox 1311 1211 1440 1247; x_wconf 75' lang='grc' dir='ltr'>βασιλεὺς</span> <span class='ocrx_word' id='word_1_391' title='bbox 1464 1211 1575 1245; x_wconf 75' lang='grc' dir='ltr'><strong>ἐδέξατο</strong></span> <span class='ocrx_word' id='word_1_392' title='bbox 1590 1231 1597 1243; x_wconf 84' lang='lat'><strong>,</strong></span> <span class='ocrx_word' id='word_1_393' title='bbox 1626 1210 1724 1246; x_wconf 82' lang='grc' dir='ltr'>κόσμῳ</span> <span class='ocrx_word' id='word_1_394' title='bbox 1761 1209 1852 1245; x_wconf 84' lang='grc' dir='ltr'>πολλῷ</span> <span class='ocrx_word' id='word_1_395' title='bbox 1872 1209 1916 1244; x_wconf 71' lang='grc' dir='ltr'>τὴν</span> 
     </span>
    </p>
   </div>
   <div class='ocr_carea' id='block_1_55' title="bbox 1128 1254 1917 1294">
    <p class='ocr_par' dir='ltr' id='par_1_55' title="bbox 1128 1254 1917 1294">
     <span class='ocr_line' id='line_1_55' title="bbox 1128 1254 1917 1294; baseline -0.006 -9"><span class='ocrx_word' id='word_1_396' title='bbox 1128 1257 1299 1294; x_wconf 82' lang='grc' dir='ltr'>Μαγναῦραν</span> <span class='ocrx_word' id='word_1_397' title='bbox 1316 1257 1542 1293; x_wconf 84' lang='grc' dir='ltr'>κατακοσμήσας.</span> <span class='ocrx_word' id='word_1_398' title='bbox 1564 1255 1770 1283; x_wconf 83' lang='grc' dir='ltr'>Ἐκαλλώπισεν</span> <span class='ocrx_word' id='word_1_399' title='bbox 1781 1255 1809 1282; x_wconf 85' lang='grc' dir='ltr'>δὲ</span> <span class='ocrx_word' id='word_1_400' title='bbox 1818 1254 1917 1288; x_wconf 56' lang='lat' dir='ltr'><strong>mir-13v</strong></span> 
     </span>
    </p>
   </div>
   <div class='ocr_carea' id='block_1_56' title="bbox 1129 1301 1918 1340">
    <p class='ocr_par' dir='ltr' id='par_1_56' title="bbox 1129 1301 1918 1340">
     <span class='ocr_line' id='line_1_56' title="bbox 1129 1301 1918 1340; baseline -0.006 -8"><span class='ocrx_word' id='word_1_401' title='bbox 1129 1305 1261 1340; x_wconf 81' lang='grc' dir='ltr'><strong>Μεγάλην</strong></span> <span class='ocrx_word' id='word_1_402' title='bbox 1270 1304 1437 1339; x_wconf 80' lang='grc' dir='ltr'><strong>Ἐκκλησίαν</strong></span> <span class='ocrx_word' id='word_1_403' title='bbox 1451 1303 1601 1336; x_wconf 83' lang='grc' dir='ltr'>παντελῶς,</span> <span class='ocrx_word' id='word_1_404' title='bbox 1610 1302 1657 1329; x_wconf 81' lang='grc' dir='ltr'>καὶ</span> <span class='ocrx_word' id='word_1_405' title='bbox 1670 1301 1810 1334; x_wconf 78' lang='grc' dir='ltr'>ὑπέδειξεν</span> <span class='ocrx_word' id='word_1_406' title='bbox 1817 1301 1918 1328; x_wconf 63' lang='grc' dir='ltr'>ᾶπαντα</span> 
     </span>
    </p>
   </div>
   <div class='ocr_carea' id='block_1_57' title="bbox 1130 1345 1917 1386">
    <p class='ocr_par' dir='ltr' id='par_1_57' title="bbox 1130 1345 1917 1386">
     <span class='ocr_line' id='line_1_57' title="bbox 1130 1345 1917 1386; baseline -0.005 -9"><span class='ocrx_word' id='word_1_407' title='bbox 1130 1350 1165 1378; x_wconf 81' lang='grc' dir='ltr'>τὰ</span> <span class='ocrx_word' id='word_1_408' title='bbox 1178 1350 1257 1385; x_wconf 83' lang='grc' dir='ltr'>τίμια</span> <span class='ocrx_word' id='word_1_409' title='bbox 1274 1349 1359 1386; x_wconf 83' lang='grc' dir='ltr'>σκεύη</span> <span class='ocrx_word' id='word_1_410' title='bbox 1377 1350 1433 1381; x_wconf 84' lang='grc' dir='ltr'>τοῖς</span> <span class='ocrx_word' id='word_1_411' title='bbox 1455 1349 1619 1384; x_wconf 78' lang='grc' dir='ltr'>’Δγαρηνοῖς</span> <span class='ocrx_word' id='word_1_412' title='bbox 1638 1356 1645 1364; x_wconf 82' lang='lat'>&#39;</span> <span class='ocrx_word' id='word_1_413' title='bbox 1661 1349 1731 1384; x_wconf 78' lang='grc' dir='ltr'>ὅπερ</span> <span class='ocrx_word' id='word_1_414' title='bbox 1751 1348 1863 1380; x_wconf 79' lang='grc' dir='ltr'>ἀνάξιον</span> <span class='ocrx_word' id='word_1_415' title='bbox 1887 1345 1917 1382; x_wconf 73' lang='grc' dir='ltr'>ἦν</span> 
     </span>
    </p>
   </div>
   <div class='ocr_carea' id='block_1_58' title="bbox 1133 1390 1918 1430">
    <p class='ocr_par' dir='ltr' id='par_1_58' title="bbox 1133 1390 1918 1430">
     <span class='ocr_line' id='line_1_58' title="bbox 1133 1390 1918 1430; baseline -0.008 -8"><span class='ocrx_word' id='word_1_416' title='bbox 1133 1395 1334 1430; x_wconf 81' lang='grc' dir='ltr'>Χριστιανικῆς</span> <span class='ocrx_word' id='word_1_417' title='bbox 1346 1394 1553 1426; x_wconf 81' lang='grc' dir='ltr'><strong>καταστάσεως,</strong></span> <span class='ocrx_word' id='word_1_418' title='bbox 1568 1391 1710 1428; x_wconf 79' lang='grc' dir='ltr'>ἀθεμίτοις</span> <span class='ocrx_word' id='word_1_419' title='bbox 1725 1391 1773 1418; x_wconf 77' lang='grc' dir='ltr'>καὶ</span> <span class='ocrx_word' id='word_1_420' title='bbox 1783 1390 1918 1418; x_wconf 76' lang='grc' dir='ltr'>ἀλλοεθνέ-</span> 
     </span>
    </p>
   </div>
   <div class='ocr_carea' id='block_1_59' title="bbox 1133 1435 1918 1474">
    <p class='ocr_par' dir='ltr' id='par_1_59' title="bbox 1133 1435 1918 1474">
     <span class='ocr_line' id='line_1_59' title="bbox 1133 1435 1918 1474; baseline -0.005 -7"><span class='ocrx_word' id='word_1_421' title='bbox 1133 1449 1176 1467; x_wconf 87' lang='grc' dir='ltr'><strong>σιν</strong></span> <span class='ocrx_word' id='word_1_422' title='bbox 1188 1440 1222 1467; x_wconf 83' lang='grc' dir='ltr'>τὰ</span> <span class='ocrx_word' id='word_1_423' title='bbox 1236 1440 1286 1474; x_wconf 85' lang='grc' dir='ltr'>τῆς</span> <span class='ocrx_word' id='word_1_424' title='bbox 1301 1439 1349 1466; x_wconf 79' lang='grc' dir='ltr'><strong>τοῦ</strong></span> <span class='ocrx_word' id='word_1_425' title='bbox 1363 1438 1432 1466; x_wconf 83' lang='grc' dir='ltr'>θεοῦ</span> <span class='ocrx_word' id='word_1_426' title='bbox 1444 1438 1616 1474; x_wconf 84' lang='grc' dir='ltr'>λειτουργίας</span> <span class='ocrx_word' id='word_1_427' title='bbox 1631 1437 1716 1472; x_wconf 76' lang='grc' dir='ltr'>σκεύη</span> <span class='ocrx_word' id='word_1_428' title='bbox 1743 1435 1918 1464; x_wconf 75' lang='grc' dir='ltr'>καταθέσθαι.</span> 
     </span>
    </p>
   </div>
   <div class='ocr_carea' id='block_1_60' title="bbox 1137 1481 1919 1520">
    <p class='ocr_par' dir='ltr' id='par_1_60' title="bbox 1137 1481 1919 1520">
     <span class='ocr_line' id='line_1_60' title="bbox 1137 1481 1919 1520; baseline -0.006 -8"><span class='ocrx_word' id='word_1_429' title='bbox 1137 1485 1167 1512; x_wconf 89' lang='lat'><strong>&#39;0</strong></span> <span class='ocrx_word' id='word_1_430' title='bbox 1182 1485 1211 1512; x_wconf 82' lang='grc' dir='ltr'>δὲ</span> <span class='ocrx_word' id='word_1_431' title='bbox 1226 1484 1274 1512; x_wconf 83' lang='grc' dir='ltr'><strong>τοῦ</strong></span> <span class='ocrx_word' id='word_1_432' title='bbox 1286 1485 1404 1520; x_wconf 77' lang='grc' dir='ltr'>Σαμωνᾶ</span> <span class='ocrx_word' id='word_1_433' title='bbox 1424 1484 1516 1520; x_wconf 82' lang='grc' dir='ltr'>πατὴρ</span> <span class='ocrx_word' id='word_1_434' title='bbox 1524 1484 1658 1519; x_wconf 74' lang='grc' dir='ltr'>ἠθέλησεν</span> <span class='ocrx_word' id='word_1_435' title='bbox 1669 1484 1792 1510; x_wconf 81' lang='grc' dir='ltr'>συνεῖναι</span> <span class='ocrx_word' id='word_1_436' title='bbox 1806 1481 1846 1517; x_wconf 83' lang='grc' dir='ltr'>τῷ</span> <span class='ocrx_word' id='word_1_437' title='bbox 1858 1481 1919 1516; x_wconf 79' lang='grc' dir='ltr'><strong>υἱῷ·</strong></span> 
     </span>
    </p>
   </div>
   <div class='ocr_carea' id='block_1_61' title="bbox 1133 1527 1920 1565">
    <p class='ocr_par' dir='ltr' id='par_1_61' title="bbox 1133 1527 1920 1565">
     <span class='ocr_line' id='line_1_61' title="bbox 1133 1527 1920 1565; baseline -0.006 -7"><span class='ocrx_word' id='word_1_438' title='bbox 1133 1532 1153 1563; x_wconf 66' lang='grc' dir='ltr'><strong>δ,</strong></span> <span class='ocrx_word' id='word_1_439' title='bbox 1161 1531 1191 1558; x_wconf 63' lang='grc' dir='ltr'>δὲ</span> <span class='ocrx_word' id='word_1_440' title='bbox 1201 1531 1233 1557; x_wconf 84' lang='grc' dir='ltr'>οὺ</span> <span class='ocrx_word' id='word_1_441' title='bbox 1241 1530 1407 1563; x_wconf 76' lang='grc' dir='ltr'>κατεδέξατο</span> <span class='ocrx_word' id='word_1_442' title='bbox 1417 1530 1508 1563; x_wconf 83' lang='grc' dir='ltr'>τοῦτο,</span> <span class='ocrx_word' id='word_1_443' title='bbox 1516 1529 1584 1556; x_wconf 87' lang='grc' dir='ltr'><strong>ἀλλά</strong></span> <span class='ocrx_word' id='word_1_444' title='bbox 1594 1529 1697 1565; x_wconf 83' lang='grc' dir='ltr'>μᾶλλον</span> <span class='ocrx_word' id='word_1_445' title='bbox 1709 1528 1828 1565; x_wconf 76' lang='grc' dir='ltr'>παρῄνει</span> <span class='ocrx_word' id='word_1_446' title='bbox 1845 1537 1855 1554; x_wconf 85' lang='grc' dir='ltr'><strong>ε</strong></span> <span class='ocrx_word' id='word_1_447' title='bbox 1862 1529 1883 1559; x_wconf 85' lang='grc' dir='ltr'>ῖς</span> <span class='ocrx_word' id='word_1_448' title='bbox 1892 1527 1920 1554; x_wconf 69' lang='grc' dir='ltr'>τὰ</span> 
     </span>
    </p>
   </div>
   <div class='ocr_carea' id='block_1_62' title="bbox 289 1575 1081 1616">
    <p class='ocr_par' dir='ltr' id='par_1_62' title="bbox 289 1578 1081 1615">
     <span class='ocr_line' id='line_1_62' title="bbox 289 1578 1081 1615; baseline 0.004 -10"><span class='ocrx_word' id='word_1_449' title='bbox 289 1586 366 1606; x_wconf 84' lang='lat' dir='ltr'><strong>suam</strong></span> <span class='ocrx_word' id='word_1_450' title='bbox 381 1578 461 1606; x_wconf 84' lang='lat' dir='ltr'><strong>ﬁdem</strong></span> <span class='ocrx_word' id='word_1_451' title='bbox 476 1582 600 1607; x_wconf 85' lang='lat' dir='ltr'><strong>teneret:</strong></span> <span class='ocrx_word' id='word_1_452' title='bbox 621 1586 651 1608; x_wconf 87' lang='lat' dir='ltr'><strong>se</strong></span> <span class='ocrx_word' id='word_1_453' title='bbox 665 1586 786 1615; x_wconf 90' lang='lat' dir='ltr'><strong>quoque,</strong></span> <span class='ocrx_word' id='word_1_454' title='bbox 800 1587 864 1608; x_wconf 88' lang='lat' dir='ltr'><strong>cum</strong></span> <span class='ocrx_word' id='word_1_455' title='bbox 882 1580 1001 1615; x_wconf 87' lang='lat' dir='ltr'><strong>primum</strong></span> <span class='ocrx_word' id='word_1_456' title='bbox 1017 1580 1081 1608; x_wconf 78' lang='lat' dir='ltr'><strong>liee-</strong></span> 
     </span>
    </p>
   </div>
   <div class='ocr_carea' id='block_1_63' title="bbox 1136 1575 1919 1616">
    <p class='ocr_par' dir='ltr' id='par_1_63' title="bbox 1136 1575 1919 1613">
     <span class='ocr_line' id='line_1_63' title="bbox 1136 1575 1919 1613; baseline -0.005 -8"><span class='ocrx_word' id='word_1_457' title='bbox 1136 1578 1222 1606; x_wconf 71' lang='grc' dir='ltr'>οἰκεῖα</span> <span class='ocrx_word' id='word_1_458' title='bbox 1237 1577 1420 1613; x_wconf 71' lang='grc' dir='ltr'>ὑποστρέφειν</span> <span class='ocrx_word' id='word_1_459' title='bbox 1445 1578 1494 1605; x_wconf 80' lang='grc' dir='ltr'>καὶ</span> <span class='ocrx_word' id='word_1_460' title='bbox 1518 1577 1568 1613; x_wconf 83' lang='grc' dir='ltr'>τῆς</span> <span class='ocrx_word' id='word_1_461' title='bbox 1595 1577 1665 1608; x_wconf 87' lang='grc' dir='ltr'>ἰδίας</span> <span class='ocrx_word' id='word_1_462' title='bbox 1689 1577 1853 1612; x_wconf 74' lang='grc' dir='ltr'>ἀντέχεσθαι</span> <span class='ocrx_word' id='word_1_463' title='bbox 1879 1575 1919 1601; x_wconf 78' lang='grc' dir='ltr'>πί-</span> 
     </span>
    </p>
   </div>
   <div class='ocr_carea' id='block_1_64' title="bbox 288 1624 879 1661">
    <p class='ocr_par' dir='ltr' id='par_1_64' title="bbox 288 1624 879 1661">
     <span class='ocr_line' id='line_1_64' title="bbox 288 1624 879 1661; baseline 0.005 -10"><span class='ocrx_word' id='word_1_464' title='bbox 288 1628 342 1656; x_wconf 85' lang='lat' dir='ltr'><strong>ret,</strong></span> <span class='ocrx_word' id='word_1_465' title='bbox 354 1624 389 1652; x_wconf 86' lang='lat' dir='ltr'><strong>ad</strong></span> <span class='ocrx_word' id='word_1_466' title='bbox 406 1624 495 1660; x_wconf 88' lang='lat' dir='ltr'><strong>ipsum</strong></span> <span class='ocrx_word' id='word_1_467' title='bbox 509 1632 683 1653; x_wconf 87' lang='lat' dir='ltr'><strong>reversurum</strong></span> <span class='ocrx_word' id='word_1_468' title='bbox 694 1629 879 1661; x_wconf 77' lang='lat' dir='ltr'><strong>exspectaret.</strong></span> 
     </span>
    </p>
   </div>
   <div class='ocr_carea' id='block_1_65' title="bbox 324 1713 1082 1752">
    <p class='ocr_par' dir='ltr' id='par_1_65' title="bbox 324 1713 1082 1752">
     <span class='ocr_line' id='line_1_65' title="bbox 324 1713 1082 1752; baseline 0.004 -11"><span class='ocrx_word' id='word_1_469' title='bbox 324 1713 370 1741; x_wconf 72' lang='lat'><strong>29.</strong></span> <span class='ocrx_word' id='word_1_470' title='bbox 389 1713 473 1743; x_wconf 88' lang='lat' dir='ltr'><strong>Sacro</strong></span> <span class='ocrx_word' id='word_1_471' title='bbox 486 1714 665 1744; x_wconf 82' lang='lat' dir='ltr'><strong>Pentecostes</strong></span> <span class='ocrx_word' id='word_1_472' title='bbox 688 1716 733 1743; x_wconf 90' lang='lat' dir='ltr'><strong>die</strong></span> <span class='ocrx_word' id='word_1_473' title='bbox 749 1714 804 1744; x_wconf 80' lang='lat' dir='ltr'><strong>Leo</strong></span> <span class='ocrx_word' id='word_1_474' title='bbox 821 1716 973 1752; x_wconf 82' lang='lat' dir='ltr'><strong>imperator</strong></span> <span class='ocrx_word' id='word_1_475' title='bbox 996 1715 1082 1744; x_wconf 85' lang='lat' dir='ltr'><strong>ﬁlium</strong></span> 
     </span>
    </p>
   </div>
   <div class='ocr_carea' id='block_1_66' title="bbox 290 1758 1084 1799">
    <p class='ocr_par' dir='ltr' id='par_1_66' title="bbox 290 1758 1084 1799">
     <span class='ocr_line' id='line_1_66' title="bbox 290 1758 1084 1799; baseline 0.005 -12"><span class='ocrx_word' id='word_1_476' title='bbox 290 1758 501 1789; x_wconf 85' lang='lat' dir='ltr'><strong>Constantinum</strong></span> <span class='ocrx_word' id='word_1_477' title='bbox 512 1760 651 1798; x_wconf 82' lang='lat' dir='ltr'><strong>Euthymii</strong></span> <span class='ocrx_word' id='word_1_478' title='bbox 665 1762 827 1797; x_wconf 68' lang='lat' dir='ltr'><strong>patriarchae</strong></span> <span class='ocrx_word' id='word_1_479' title='bbox 838 1769 922 1798; x_wconf 79' lang='lat' dir='ltr'><strong>opera</strong></span> <span class='ocrx_word' id='word_1_480' title='bbox 930 1763 1084 1799; x_wconf 72' lang='lat' dir='ltr'><strong>Augustum</strong></span> 
     </span>
    </p>
   </div>
   <div class='ocr_carea' id='block_1_67' title="bbox 291 1807 1084 1837">
    <p class='ocr_par' dir='ltr' id='par_1_67' title="bbox 291 1807 1084 1837">
     <span class='ocr_line' id='line_1_67' title="bbox 291 1807 1084 1837; baseline 0.005 -4"><span class='ocrx_word' id='word_1_481' title='bbox 291 1811 413 1835; x_wconf 80' lang='lat' dir='ltr'><strong>coronat.</strong></span> <span class='ocrx_word' id='word_1_482' title='bbox 437 1807 572 1835; x_wconf 85' lang='lat' dir='ltr'><strong>Samonas</strong></span> <span class='ocrx_word' id='word_1_483' title='bbox 590 1815 655 1836; x_wconf 91' lang='lat' dir='ltr'><strong>vero</strong></span> <span class='ocrx_word' id='word_1_484' title='bbox 672 1807 882 1836; x_wconf 83' lang='lat' dir='ltr'><strong>Constantinum</strong></span> <span class='ocrx_word' id='word_1_485' title='bbox 902 1809 1084 1837; x_wconf 88' lang='lat' dir='ltr'><strong>domesticum</strong></span> 
     </span>
    </p>
   </div>
   <div class='ocr_carea' id='block_1_68' title="bbox 291 1852 1086 1891">
    <p class='ocr_par' dir='ltr' id='par_1_68' title="bbox 291 1852 1086 1891">
     <span class='ocr_line' id='line_1_68' title="bbox 291 1852 1086 1891; baseline 0.005 -12"><span class='ocrx_word' id='word_1_486' title='bbox 291 1859 385 1884; x_wconf 80' lang='lat' dir='ltr'><strong>suum.</strong></span> <span class='ocrx_word' id='word_1_487' title='bbox 399 1853 446 1888; x_wconf 88' lang='lat' dir='ltr'><strong>qui</strong></span> <span class='ocrx_word' id='word_1_488' title='bbox 472 1853 549 1888; x_wconf 80' lang='lat' dir='ltr'><strong>prius</strong></span> <span class='ocrx_word' id='word_1_489' title='bbox 572 1852 673 1881; x_wconf 82' lang='lat' dir='ltr'><strong>Basilio</strong></span> <span class='ocrx_word' id='word_1_490' title='bbox 689 1853 822 1889; x_wconf 78' lang='lat' dir='ltr'><strong>magistro</strong></span> <span class='ocrx_word' id='word_1_491' title='bbox 836 1862 868 1883; x_wconf 85' lang='lat' dir='ltr'><strong>ac</strong></span> <span class='ocrx_word' id='word_1_492' title='bbox 883 1855 999 1883; x_wconf 84' lang='lat' dir='ltr'><strong>eaniclei</strong></span> <span class='ocrx_word' id='word_1_493' title='bbox 1017 1863 1086 1891; x_wconf 68' lang='lat' dir='ltr'><strong>prat-</strong></span> 
     </span>
    </p>
   </div>
   <div class='ocr_carea' id='block_1_69' title="bbox 292 1898 1086 1936">
    <p class='ocr_par' dir='ltr' id='par_1_69' title="bbox 292 1898 1086 1936">
     <span class='ocr_line' id='line_1_69' title="bbox 292 1898 1086 1936; baseline 0.006 -11"><span class='ocrx_word' id='word_1_494' title='bbox 292 1898 363 1927; x_wconf 87' lang='lat' dir='ltr'><strong>t‘ecto</strong></span> <span class='ocrx_word' id='word_1_495' title='bbox 383 1899 411 1927; x_wconf 90' lang='lat' dir='ltr'><strong>in</strong></span> <span class='ocrx_word' id='word_1_496' title='bbox 430 1900 583 1928; x_wconf 80' lang='lat' dir='ltr'><strong>ministerio</strong></span> <span class='ocrx_word' id='word_1_497' title='bbox 599 1901 704 1933; x_wconf 80' lang='lat' dir='ltr'><strong>fuerat,</strong></span> <span class='ocrx_word' id='word_1_498' title='bbox 721 1901 853 1936; x_wconf 71' lang='lat' dir='ltr'><strong>Augustae</strong></span> <span class='ocrx_word' id='word_1_499' title='bbox 868 1902 952 1930; x_wconf 87' lang='lat' dir='ltr'><strong>tradit</strong></span> <span class='ocrx_word' id='word_1_500' title='bbox 963 1903 989 1930; x_wconf 91' lang='lat' dir='ltr'><strong>in</strong></span> <span class='ocrx_word' id='word_1_501' title='bbox 1006 1902 1086 1930; x_wconf 79' lang='lat' dir='ltr'><strong>obse-</strong></span> 
     </span>
    </p>
   </div>
   <div class='ocr_carea' id='block_1_70' title="bbox 291 1944 1085 1984">
    <p class='ocr_par' dir='ltr' id='par_1_70' title="bbox 291 1944 1085 1984">
     <span class='ocr_line' id='line_1_70' title="bbox 291 1944 1085 1984; baseline 0.005 -12"><span class='ocrx_word' id='word_1_502' title='bbox 291 1945 399 1980; x_wconf 84' lang='lat' dir='ltr'><strong>quium.</strong></span> <span class='ocrx_word' id='word_1_503' title='bbox 433 1944 481 1973; x_wconf 89' lang='lat' dir='ltr'><strong>Sie</strong></span> <span class='ocrx_word' id='word_1_504' title='bbox 503 1953 569 1974; x_wconf 89' lang='lat' dir='ltr'><strong>vero</strong></span> <span class='ocrx_word' id='word_1_505' title='bbox 596 1946 641 1974; x_wconf 87' lang='lat' dir='ltr'><strong>ille</strong></span> <span class='ocrx_word' id='word_1_506' title='bbox 670 1954 733 1974; x_wconf 89' lang='lat' dir='ltr'><strong>cum</strong></span> <span class='ocrx_word' id='word_1_507' title='bbox 760 1946 880 1975; x_wconf 82' lang='lat' dir='ltr'><strong>Leonem</strong></span> <span class='ocrx_word' id='word_1_508' title='bbox 909 1951 966 1975; x_wconf 92' lang='lat' dir='ltr'><strong>tum</strong></span> <span class='ocrx_word' id='word_1_509' title='bbox 997 1949 1085 1984; x_wconf 81' lang='lat' dir='ltr'><strong>ipsam</strong></span> 
     </span>
    </p>
   </div>
   <div class='ocr_carea' id='block_1_71' title="bbox 292 1990 1088 2026">
    <p class='ocr_par' dir='ltr' id='par_1_71' title="bbox 292 1990 1088 2026">
     <span class='ocr_line' id='line_1_71' title="bbox 292 1990 1088 2026; baseline 0.006 -9"><span class='ocrx_word' id='word_1_510' title='bbox 292 1991 443 2026; x_wconf 75' lang='lat' dir='ltr'><strong>Augustam</strong></span> <span class='ocrx_word' id='word_1_511' title='bbox 464 1990 609 2024; x_wconf 85' lang='lat' dir='ltr'><strong>demeruit,</strong></span> <span class='ocrx_word' id='word_1_512' title='bbox 623 1997 653 2019; x_wconf 90' lang='lat' dir='ltr'><strong>ut</strong></span> <span class='ocrx_word' id='word_1_513' title='bbox 667 1996 695 2019; x_wconf 87' lang='lat' dir='ltr'><strong>et</strong></span> <span class='ocrx_word' id='word_1_514' title='bbox 712 1991 849 2021; x_wconf 85' lang='lat' dir='ltr'><strong>Samonas</strong></span> <span class='ocrx_word' id='word_1_515' title='bbox 860 1992 947 2021; x_wconf 77' lang='lat' dir='ltr'><strong>livore</strong></span> <span class='ocrx_word' id='word_1_516' title='bbox 958 1993 1088 2022; x_wconf 76' lang='lat' dir='ltr'><strong>incensus</strong></span> 
     </span>
    </p>
   </div>
   <div class='ocr_carea' id='block_1_72' title="bbox 293 2036 1088 2074">
    <p class='ocr_par' dir='ltr' id='par_1_72' title="bbox 293 2036 1088 2074">
     <span class='ocr_line' id='line_1_72' title="bbox 293 2036 1088 2074; baseline 0.005 -11"><span class='ocrx_word' id='word_1_517' title='bbox 293 2037 453 2064; x_wconf 85' lang='lat' dir='ltr'><strong>secretioris</strong></span> <span class='ocrx_word' id='word_1_518' title='bbox 469 2044 533 2065; x_wconf 90' lang='lat' dir='ltr'><strong>cum</strong></span> <span class='ocrx_word' id='word_1_519' title='bbox 552 2036 674 2074; x_wconf 75' lang='lat' dir='ltr'><strong>Augusta</strong></span> <span class='ocrx_word' id='word_1_520' title='bbox 688 2038 728 2066; x_wconf 88' lang='lat' dir='ltr'><strong>rei</strong></span> <span class='ocrx_word' id='word_1_521' title='bbox 742 2046 804 2066; x_wconf 89' lang='lat' dir='ltr'><strong>eum</strong></span> <span class='ocrx_word' id='word_1_522' title='bbox 823 2038 964 2067; x_wconf 89' lang='lat' dir='ltr'><strong>detulerit.</strong></span> <span class='ocrx_word' id='word_1_523' title='bbox 986 2039 1088 2074; x_wconf 84' lang='lat' dir='ltr'><strong>Sicque</strong></span> 
     </span>
    </p>
   </div>
   <div class='ocr_carea' id='block_1_73' title="bbox 293 2083 1088 2119">
    <p class='ocr_par' dir='ltr' id='par_1_73' title="bbox 293 2083 1088 2119">
     <span class='ocr_line' id='line_1_73' title="bbox 293 2083 1088 2119; baseline 0.004 -8"><span class='ocrx_word' id='word_1_524' title='bbox 293 2091 323 2111; x_wconf 88' lang='lat' dir='ltr'><strong>re</strong></span> <span class='ocrx_word' id='word_1_525' title='bbox 343 2083 402 2119; x_wconf 83' lang='lat' dir='ltr'><strong>ipsa</strong></span> <span class='ocrx_word' id='word_1_526' title='bbox 427 2085 586 2119; x_wconf 83' lang='lat' dir='ltr'><strong>suspicatus</strong></span> <span class='ocrx_word' id='word_1_527' title='bbox 609 2083 665 2113; x_wconf 89' lang='lat' dir='ltr'><strong>Leo</strong></span> <span class='ocrx_word' id='word_1_528' title='bbox 687 2085 715 2112; x_wconf 89' lang='lat' dir='ltr'><strong>in</strong></span> <span class='ocrx_word' id='word_1_529' title='bbox 737 2084 766 2113; x_wconf 88' lang='lat' dir='ltr'><strong>S.</strong></span> <span class='ocrx_word' id='word_1_530' title='bbox 789 2085 895 2113; x_wconf 87' lang='lat' dir='ltr'><strong>Tarasii</strong></span> <span class='ocrx_word' id='word_1_531' title='bbox 921 2086 1088 2114; x_wconf 84' lang='lat' dir='ltr'><strong>monasterio</strong></span> 
     </span>
    </p>
   </div>
   <div class='ocr_carea' id='block_1_74' title="bbox 294 2130 1087 2166">
    <p class='ocr_par' dir='ltr' id='par_1_74' title="bbox 294 2130 1087 2166">
     <span class='ocr_line' id='line_1_74' title="bbox 294 2130 1087 2166; baseline 0.004 -9"><span class='ocrx_word' id='word_1_532' title='bbox 294 2130 406 2158; x_wconf 86' lang='lat' dir='ltr'><strong>mittens</strong></span> <span class='ocrx_word' id='word_1_533' title='bbox 421 2130 541 2158; x_wconf 87' lang='lat' dir='ltr'><strong>totondit</strong></span> <span class='ocrx_word' id='word_1_534' title='bbox 555 2139 563 2164; x_wconf 82' lang='lat'><strong>;</strong></span> <span class='ocrx_word' id='word_1_535' title='bbox 590 2130 673 2166; x_wconf 87' lang='lat' dir='ltr'><strong>idque</strong></span> <span class='ocrx_word' id='word_1_536' title='bbox 689 2131 758 2158; x_wconf 87' lang='lat' dir='ltr'><strong>adeo</strong></span> <span class='ocrx_word' id='word_1_537' title='bbox 775 2131 923 2166; x_wconf 78' lang='lat' dir='ltr'><strong>ipsummet</strong></span> <span class='ocrx_word' id='word_1_538' title='bbox 938 2130 1087 2160; x_wconf 81' lang='lat' dir='ltr'><strong>Samonam</strong></span> 
     </span>
    </p>
   </div>
   <div class='ocr_carea' id='block_1_75' title="bbox 294 2176 1091 2213">
    <p class='ocr_par' dir='ltr' id='par_1_75' title="bbox 294 2176 1091 2213">
     <span class='ocr_line' id='line_1_75' title="bbox 294 2176 1091 2213; baseline 0.004 -10"><span class='ocrx_word' id='word_1_539' title='bbox 294 2181 425 2211; x_wconf 62' lang='lat' dir='ltr'><strong>praestare</strong></span> <span class='ocrx_word' id='word_1_540' title='bbox 436 2177 529 2212; x_wconf 87' lang='lat' dir='ltr'><strong>jussit.</strong></span> <span class='ocrx_word' id='word_1_541' title='bbox 545 2176 624 2204; x_wconf 85' lang='lat' dir='ltr'><strong>Brevi</strong></span> <span class='ocrx_word' id='word_1_542' title='bbox 642 2183 734 2205; x_wconf 89' lang='lat' dir='ltr'><strong>autem</strong></span> <span class='ocrx_word' id='word_1_543' title='bbox 754 2182 827 2213; x_wconf 84' lang='lat' dir='ltr'><strong>post,</strong></span> <span class='ocrx_word' id='word_1_544' title='bbox 840 2185 903 2205; x_wconf 87' lang='lat' dir='ltr'><strong>cum</strong></span> <span class='ocrx_word' id='word_1_545' title='bbox 925 2185 989 2206; x_wconf 91' lang='lat' dir='ltr'><strong>eum</strong></span> <span class='ocrx_word' id='word_1_546' title='bbox 1009 2178 1091 2206; x_wconf 85' lang='lat' dir='ltr'><strong>vellet</strong></span> 
     </span>
    </p>
   </div>
   <div class='ocr_carea' id='block_1_76' title="bbox 295 2220 1090 2257">
    <p class='ocr_par' dir='ltr' id='par_1_76' title="bbox 295 2220 1090 2257">
     <span class='ocr_line' id='line_1_76' title="bbox 295 2220 1090 2257; baseline 0.003 -10"><span class='ocrx_word' id='word_1_547' title='bbox 295 2221 429 2256; x_wconf 83' lang='lat' dir='ltr'><strong>recipere.</strong></span> <span class='ocrx_word' id='word_1_548' title='bbox 447 2220 573 2248; x_wconf 68' lang='lat' dir='ltr'><strong>Samonze</strong></span> <span class='ocrx_word' id='word_1_549' title='bbox 593 2221 671 2257; x_wconf 87' lang='lat' dir='ltr'><strong>jubet</strong></span> <span class='ocrx_word' id='word_1_550' title='bbox 687 2225 718 2249; x_wconf 88' lang='lat' dir='ltr'><strong>ut</strong></span> <span class='ocrx_word' id='word_1_551' title='bbox 735 2221 763 2248; x_wconf 92' lang='lat' dir='ltr'><strong>in</strong></span> <span class='ocrx_word' id='word_1_552' title='bbox 785 2221 929 2256; x_wconf 84' lang='lat' dir='ltr'><strong>Spirarum</strong></span> <span class='ocrx_word' id='word_1_553' title='bbox 950 2226 1090 2249; x_wconf 87' lang='lat' dir='ltr'><strong>monaste—</strong></span> 
     </span>
    </p>
   </div>
   <div class='ocr_carea' id='block_1_77' title="bbox 1137 1622 1921 1660">
    <p class='ocr_par' dir='ltr' id='par_1_77' title="bbox 1137 1622 1921 1660">
     <span class='ocr_line' id='line_1_77' title="bbox 1137 1622 1921 1660; baseline -0.005 -8"><span class='ocrx_word' id='word_1_554' title='bbox 1137 1633 1232 1657; x_wconf 81' lang='grc' dir='ltr'>στεως.</span> <span class='ocrx_word' id='word_1_555' title='bbox 1249 1634 1259 1652; x_wconf 66' lang='grc' dir='ltr'><strong>ι</strong></span> <span class='ocrx_word' id='word_1_556' title='bbox 1273 1624 1360 1660; x_wconf 81' lang='grc' dir='ltr'><strong>Κάγὼ</strong></span> <span class='ocrx_word' id='word_1_557' title='bbox 1373 1624 1412 1658; x_wconf 77' lang='grc' dir='ltr'>δὲ,</span> <span class='ocrx_word' id='word_1_558' title='bbox 1427 1624 1521 1660; x_wconf 79' lang='grc' dir='ltr'>φησὶν,</span> <span class='ocrx_word' id='word_1_559' title='bbox 1536 1624 1615 1660; x_wconf 74' lang='grc' dir='ltr'>εἴπερ</span> <span class='ocrx_word' id='word_1_560' title='bbox 1625 1622 1743 1660; x_wconf 81' lang='grc' dir='ltr'>δυνηθῶ,</span> <span class='ocrx_word' id='word_1_561' title='bbox 1755 1622 1850 1658; x_wconf 75' lang='grc' dir='ltr'>τάχιον</span> <span class='ocrx_word' id='word_1_562' title='bbox 1860 1622 1921 1658; x_wconf 67' lang='grc' dir='ltr'>πρὸς</span> 
     </span>
    </p>
   </div>
   <div class='ocr_carea' id='block_1_78' title="bbox 1136 1671 1434 1706">
    <p class='ocr_par' dir='ltr' id='par_1_78' title="bbox 1136 1671 1434 1706">
     <span class='ocr_line' id='line_1_78' title="bbox 1136 1671 1434 1706; baseline -0.003 -7"><span class='ocrx_word' id='word_1_563' title='bbox 1136 1671 1167 1700; x_wconf 69' lang='grc' dir='ltr'>σὲ</span> <span class='ocrx_word' id='word_1_564' title='bbox 1181 1671 1408 1706; x_wconf 77' lang='grc' dir='ltr'>ὲπανελεύσομαι.</span> <span class='ocrx_word' id='word_1_565' title='bbox 1424 1679 1434 1697; x_wconf 76' lang='grc' dir='ltr'><strong>ι</strong></span> 
     </span>
    </p>
   </div>
   <div class='ocr_carea' id='block_1_79' title="bbox 1172 1716 1922 1754">
    <p class='ocr_par' dir='ltr' id='par_1_79' title="bbox 1172 1716 1922 1754">
     <span class='ocr_line' id='line_1_79' title="bbox 1172 1716 1922 1754; baseline -0.003 -10"><span class='ocrx_word' id='word_1_566' title='bbox 1172 1717 1224 1744; x_wconf 78' lang='grc' dir='ltr'><strong>κθ’.</strong></span> <span class='ocrx_word' id='word_1_567' title='bbox 1244 1716 1285 1752; x_wconf 76' lang='grc' dir='ltr'><strong>Τῇ</strong></span> <span class='ocrx_word' id='word_1_568' title='bbox 1298 1717 1326 1744; x_wconf 73' lang='grc' dir='ltr'>δὲ</span> <span class='ocrx_word' id='word_1_569' title='bbox 1339 1718 1390 1752; x_wconf 80' lang='grc' dir='ltr'>τῆς</span> <span class='ocrx_word' id='word_1_570' title='bbox 1407 1716 1600 1753; x_wconf 80' lang='grc' dir='ltr'>Πεντηκοστῆς</span> <span class='ocrx_word' id='word_1_571' title='bbox 1615 1717 1708 1754; x_wconf 74' lang='grc' dir='ltr'>ἡμέρα</span> <span class='ocrx_word' id='word_1_572' title='bbox 1723 1718 1818 1753; x_wconf 75' lang='grc' dir='ltr'>στέφει</span> <span class='ocrx_word' id='word_1_573' title='bbox 1829 1719 1843 1744; x_wconf 84' lang='grc' dir='ltr'><strong>δ</strong></span> <span class='ocrx_word' id='word_1_574' title='bbox 1854 1716 1922 1743; x_wconf 80' lang='grc' dir='ltr'>Λέων</span> 
     </span>
    </p>
   </div>
   <div class='ocr_carea' id='block_1_80' title="bbox 1137 1763 1923 1798">
    <p class='ocr_par' dir='ltr' id='par_1_80' title="bbox 1137 1763 1923 1798">
     <span class='ocr_line' id='line_1_80' title="bbox 1137 1763 1923 1798; baseline -0.001 -8"><span class='ocrx_word' id='word_1_575' title='bbox 1137 1764 1152 1790; x_wconf 78' lang='lat'><strong>6</strong></span> <span class='ocrx_word' id='word_1_576' title='bbox 1165 1763 1293 1798; x_wconf 82' lang='grc' dir='ltr'>βασιλεὺς</span> <span class='ocrx_word' id='word_1_577' title='bbox 1306 1763 1352 1790; x_wconf 74' lang='grc' dir='ltr'>τὸν</span> <span class='ocrx_word' id='word_1_578' title='bbox 1368 1763 1426 1790; x_wconf 76' lang='grc' dir='ltr'>υἱὸν</span> <span class='ocrx_word' id='word_1_579' title='bbox 1445 1763 1528 1790; x_wconf 81' lang='grc' dir='ltr'>αὐτοῦ</span> <span class='ocrx_word' id='word_1_580' title='bbox 1556 1764 1765 1791; x_wconf 76' lang='grc' dir='ltr'>κωνσταντίνον</span> <span class='ocrx_word' id='word_1_581' title='bbox 1787 1764 1831 1791; x_wconf 76' lang='grc' dir='ltr'><strong>διὰ</strong></span> <span class='ocrx_word' id='word_1_582' title='bbox 1846 1763 1923 1790; x_wconf 61' lang='lat' dir='ltr'><strong>E1361)-</strong></span> 
     </span>
    </p>
   </div>
   <div class='ocr_carea' id='block_1_81' title="bbox 1140 1809 1923 1846">
    <p class='ocr_par' dir='ltr' id='par_1_81' title="bbox 1140 1809 1923 1846">
     <span class='ocr_line' id='line_1_81' title="bbox 1140 1809 1923 1846; baseline 0 -10"><span class='ocrx_word' id='word_1_583' title='bbox 1140 1809 1202 1845; x_wconf 81' lang='grc' dir='ltr'>μίου</span> <span class='ocrx_word' id='word_1_584' title='bbox 1232 1810 1413 1846; x_wconf 81' lang='grc' dir='ltr'>πατριάρχου.</span> <span class='ocrx_word' id='word_1_585' title='bbox 1446 1810 1475 1837; x_wconf 92' lang='grc' dir='ltr'><strong>Ὁ</strong></span> <span class='ocrx_word' id='word_1_586' title='bbox 1504 1810 1532 1837; x_wconf 81' lang='grc' dir='ltr'>δὲ</span> <span class='ocrx_word' id='word_1_587' title='bbox 1555 1810 1697 1846; x_wconf 75' lang='grc' dir='ltr'>,Σαμωνᾶς</span> <span class='ocrx_word' id='word_1_588' title='bbox 1724 1811 1923 1839; x_wconf 75' lang='grc' dir='ltr'>Κωνσταντῖνον</span> 
     </span>
    </p>
   </div>
   <div class='ocr_carea' id='block_1_82' title="bbox 1139 1855 1923 1893">
    <p class='ocr_par' dir='ltr' id='par_1_82' title="bbox 1139 1855 1923 1893">
     <span class='ocr_line' id='line_1_82' title="bbox 1139 1855 1923 1893; baseline 0.003 -11"><span class='ocrx_word' id='word_1_589' title='bbox 1139 1855 1281 1890; x_wconf 71' lang='grc' dir='ltr'>Ενθρωπον</span> <span class='ocrx_word' id='word_1_590' title='bbox 1301 1855 1395 1889; x_wconf 82' lang='grc' dir='ltr'>αὑτοῦ,</span> <span class='ocrx_word' id='word_1_591' title='bbox 1409 1855 1454 1883; x_wconf 74' lang='grc' dir='ltr'><strong>τὸν</strong></span> <span class='ocrx_word' id='word_1_592' title='bbox 1479 1857 1612 1892; x_wconf 83' lang='grc' dir='ltr'>πρότερον</span> <span class='ocrx_word' id='word_1_593' title='bbox 1637 1857 1770 1893; x_wconf 80' lang='grc' dir='ltr'>Βασιλείῳ</span> <span class='ocrx_word' id='word_1_594' title='bbox 1789 1858 1923 1893; x_wconf 71' lang='grc' dir='ltr'>μαγίστρῳ</span> 
     </span>
    </p>
   </div>
   <div class='ocr_carea' id='block_1_83' title="bbox 1139 1901 1924 1941">
    <p class='ocr_par' dir='ltr' id='par_1_83' title="bbox 1139 1901 1924 1941">
     <span class='ocr_line' id='line_1_83' title="bbox 1139 1901 1924 1941; baseline 0.003 -13"><span class='ocrx_word' id='word_1_595' title='bbox 1139 1901 1188 1929; x_wconf 78' lang='grc' dir='ltr'>καὶ</span> <span class='ocrx_word' id='word_1_596' title='bbox 1210 1902 1357 1938; x_wconf 78' lang='grc' dir='ltr'>κανικλείῳ</span> <span class='ocrx_word' id='word_1_597' title='bbox 1378 1903 1572 1936; x_wconf 81' lang='grc' dir='ltr'>δουλεύσαντα,</span> <span class='ocrx_word' id='word_1_598' title='bbox 1589 1905 1622 1940; x_wconf 76' lang='grc' dir='ltr'><strong>τῇ</strong></span> <span class='ocrx_word' id='word_1_599' title='bbox 1640 1904 1785 1941; x_wconf 77' lang='grc' dir='ltr'>Δὺγούστῃ</span> <span class='ocrx_word' id='word_1_600' title='bbox 1803 1904 1924 1932; x_wconf 75' lang='grc' dir='ltr'>ἐπιδέδω-</span> 
     </span>
    </p>
   </div>
   <div class='ocr_carea' id='block_1_84' title="bbox 1141 1949 1923 1986">
    <p class='ocr_par' dir='ltr' id='par_1_84' title="bbox 1141 1949 1923 1986">
     <span class='ocr_line' id='line_1_84' title="bbox 1141 1949 1923 1986; baseline 0.005 -11"><span class='ocrx_word' id='word_1_601' title='bbox 1141 1957 1189 1976; x_wconf 79' lang='grc' dir='ltr'><strong>κεν</strong></span> <span class='ocrx_word' id='word_1_602' title='bbox 1202 1949 1271 1985; x_wconf 71' lang='grc' dir='ltr'>πρὸς</span> <span class='ocrx_word' id='word_1_603' title='bbox 1283 1950 1314 1976; x_wconf 80' lang='grc' dir='ltr'>τὸ</span> <span class='ocrx_word' id='word_1_604' title='bbox 1324 1949 1411 1986; x_wconf 78' lang='grc' dir='ltr'>ταύτῃ</span> <span class='ocrx_word' id='word_1_605' title='bbox 1428 1950 1626 1986; x_wconf 77' lang='grc' dir='ltr'>ὑπηρετεῖσθαι</span> <span class='ocrx_word' id='word_1_606' title='bbox 1640 1959 1646 1966; x_wconf 90' lang='grc'><strong>·</strong></span> <span class='ocrx_word' id='word_1_607' title='bbox 1663 1951 1693 1983; x_wconf 82' lang='grc' dir='ltr'>ὃς</span> <span class='ocrx_word' id='word_1_608' title='bbox 1708 1951 1838 1979; x_wconf 83' lang='grc' dir='ltr'>τοσοῦτον</span> <span class='ocrx_word' id='word_1_609' title='bbox 1859 1952 1923 1986; x_wconf 74' lang='grc' dir='ltr'>ἠγα-</span> 
     </span>
    </p>
   </div>
   <div class='ocr_carea' id='block_1_85' title="bbox 1141 1995 1924 2033">
    <p class='ocr_par' dir='ltr' id='par_1_85' title="bbox 1141 1995 1924 2033">
     <span class='ocr_line' id='line_1_85' title="bbox 1141 1995 1924 2033; baseline 0.003 -11"><span class='ocrx_word' id='word_1_610' title='bbox 1141 1995 1216 2031; x_wconf 79' lang='grc' dir='ltr'>πήθη</span> <span class='ocrx_word' id='word_1_611' title='bbox 1231 1996 1306 2031; x_wconf 80' lang='grc' dir='ltr'>παρά</span> <span class='ocrx_word' id='word_1_612' title='bbox 1321 2003 1351 2022; x_wconf 87' lang='grc' dir='ltr'><strong>τε</strong></span> <span class='ocrx_word' id='word_1_613' title='bbox 1369 1995 1417 2023; x_wconf 77' lang='grc' dir='ltr'><strong>τοῦ</strong></span> <span class='ocrx_word' id='word_1_614' title='bbox 1431 1996 1546 2029; x_wconf 74' lang='grc' dir='ltr'>Λέοντος</span> <span class='ocrx_word' id='word_1_615' title='bbox 1553 1997 1601 2024; x_wconf 72' lang='grc' dir='ltr'>καὶ</span> <span class='ocrx_word' id='word_1_616' title='bbox 1612 1997 1661 2033; x_wconf 81' lang='grc' dir='ltr'>τῆς</span> <span class='ocrx_word' id='word_1_617' title='bbox 1673 1997 1835 2033; x_wconf 80' lang='grc' dir='ltr'>βασιλίσσης</span> <span class='ocrx_word' id='word_1_618' title='bbox 1846 1998 1924 2032; x_wconf 74' lang='grc' dir='ltr'>αὐτῆς</span> 
     </span>
    </p>
   </div>
   <div class='ocr_carea' id='block_1_86' title="bbox 1141 2038 1925 2076">
    <p class='ocr_par' dir='ltr' id='par_1_86' title="bbox 1141 2038 1925 2076">
     <span class='ocr_line' id='line_1_86' title="bbox 1141 2038 1925 2076; baseline 0.005 -10"><span class='ocrx_word' id='word_1_619' title='bbox 1141 2038 1213 2066; x_wconf 81' lang='grc' dir='ltr'>ὥστε</span> <span class='ocrx_word' id='word_1_620' title='bbox 1232 2040 1280 2066; x_wconf 69' lang='grc' dir='ltr'>καὶ</span> <span class='ocrx_word' id='word_1_621' title='bbox 1297 2040 1344 2067; x_wconf 82' lang='grc' dir='ltr'><strong>τδν</strong></span> <span class='ocrx_word' id='word_1_622' title='bbox 1359 2040 1494 2076; x_wconf 82' lang='grc' dir='ltr'>Σαμωνᾶν</span> <span class='ocrx_word' id='word_1_623' title='bbox 1506 2040 1710 2076; x_wconf 80' lang='grc' dir='ltr'>διαφθονεῖσθαι</span> <span class='ocrx_word' id='word_1_624' title='bbox 1726 2042 1810 2070; x_wconf 76' lang='grc' dir='ltr'>αὑτὸν</span> <span class='ocrx_word' id='word_1_625' title='bbox 1824 2043 1870 2070; x_wconf 77' lang='grc' dir='ltr'>καὶ</span> <span class='ocrx_word' id='word_1_626' title='bbox 1877 2042 1925 2069; x_wconf 75' lang='grc' dir='ltr'>λοι-</span> 
     </span>
    </p>
   </div>
   <div class='ocr_carea' id='block_1_87' title="bbox 1141 2085 1926 2124">
    <p class='ocr_par' dir='ltr' id='par_1_87' title="bbox 1141 2085 1926 2124">
     <span class='ocr_line' id='line_1_87' title="bbox 1141 2085 1926 2124; baseline 0.003 -12"><span class='ocrx_word' id='word_1_627' title='bbox 1141 2085 1280 2121; x_wconf 79' lang='grc' dir='ltr'>δορεῖσθαι</span> <span class='ocrx_word' id='word_1_628' title='bbox 1294 2086 1388 2113; x_wconf 74' lang='grc' dir='ltr'>τοῦτον</span> <span class='ocrx_word' id='word_1_629' title='bbox 1403 2086 1442 2119; x_wconf 84' lang='grc' dir='ltr'><strong>ὡς</strong></span> <span class='ocrx_word' id='word_1_630' title='bbox 1462 2088 1496 2123; x_wconf 79' lang='grc' dir='ltr'><strong>τῇ</strong></span> <span class='ocrx_word' id='word_1_631' title='bbox 1515 2087 1659 2124; x_wconf 78' lang='grc' dir='ltr'>Αὐγούστῃ</span> <span class='ocrx_word' id='word_1_632' title='bbox 1680 2088 1795 2116; x_wconf 81' lang='grc' dir='ltr'>συνόντα</span> <span class='ocrx_word' id='word_1_633' title='bbox 1810 2096 1818 2105; x_wconf 84' lang='grc'><strong>”</strong></span> <span class='ocrx_word' id='word_1_634' title='bbox 1836 2089 1901 2123; x_wconf 76' lang='grc' dir='ltr'>ὅπερ</span> <span class='ocrx_word' id='word_1_635' title='bbox 1913 2089 1926 2114; x_wconf 88' lang='grc' dir='ltr'><strong>ό</strong></span> 
     </span>
    </p>
   </div>
   <div class='ocr_carea' id='block_1_88' title="bbox 1143 2130 1926 2170">
    <p class='ocr_par' dir='ltr' id='par_1_88' title="bbox 1143 2130 1926 2170">
     <span class='ocr_line' id='line_1_88' title="bbox 1143 2130 1926 2170; baseline 0.005 -13"><span class='ocrx_word' id='word_1_636' title='bbox 1143 2131 1271 2166; x_wconf 73' lang='grc' dir='ltr'>βασιλεὺς</span> <span class='ocrx_word' id='word_1_637' title='bbox 1294 2131 1393 2168; x_wconf 78' lang='grc' dir='ltr'>ἀληθὲς</span> <span class='ocrx_word' id='word_1_638' title='bbox 1415 2130 1485 2160; x_wconf 76' lang='grc' dir='ltr'>εῖναι</span> <span class='ocrx_word' id='word_1_639' title='bbox 1499 2133 1664 2170; x_wconf 82' lang='grc' dir='ltr'>ὑπονοήσας,</span> <span class='ocrx_word' id='word_1_640' title='bbox 1688 2134 1855 2167; x_wconf 74' lang='grc' dir='ltr'>ἀποστείλας</span> <span class='ocrx_word' id='word_1_641' title='bbox 1876 2136 1926 2162; x_wconf 80' lang='grc' dir='ltr'>ἀπ-</span> 
     </span>
    </p>
   </div>
   <div class='ocr_carea' id='block_1_89' title="bbox 1143 2176 1926 2218">
    <p class='ocr_par' dir='ltr' id='par_1_89' title="bbox 1143 2176 1926 2218">
     <span class='ocr_line' id='line_1_89' title="bbox 1143 2176 1926 2218; baseline 0.005 -15"><span class='ocrx_word' id='word_1_642' title='bbox 1143 2176 1249 2212; x_wconf 80' lang='grc' dir='ltr'>έκειρεν</span> <span class='ocrx_word' id='word_1_643' title='bbox 1263 2177 1345 2204; x_wconf 70' lang='grc' dir='ltr'>αὑτὸν</span> <span class='ocrx_word' id='word_1_644' title='bbox 1356 2178 1384 2204; x_wconf 79' lang='grc' dir='ltr'>ὲν</span> <span class='ocrx_word' id='word_1_645' title='bbox 1392 2179 1425 2213; x_wconf 82' lang='grc' dir='ltr'>τῇ</span> <span class='ocrx_word' id='word_1_646' title='bbox 1439 2178 1487 2205; x_wconf 88' lang='grc' dir='ltr'>τοῦ</span> <span class='ocrx_word' id='word_1_647' title='bbox 1507 2179 1598 2214; x_wconf 81' lang='grc' dir='ltr'>’Δγίου</span> <span class='ocrx_word' id='word_1_648' title='bbox 1614 2181 1753 2216; x_wconf 79' lang='grc' dir='ltr'>Ταρασίου</span> <span class='ocrx_word' id='word_1_649' title='bbox 1767 2183 1846 2218; x_wconf 70' lang='grc' dir='ltr'>μονῇ.</span> <span class='ocrx_word' id='word_1_650' title='bbox 1858 2180 1926 2215; x_wconf 74' lang='grc' dir='ltr'>αὐτῷ</span> 
     </span>
    </p>
   </div>
   <div class='ocr_carea' id='block_1_90' title="bbox 1143 2221 1926 2261">
    <p class='ocr_par' dir='ltr' id='par_1_90' title="bbox 1143 2221 1926 2261">
     <span class='ocr_line' id='line_1_90' title="bbox 1143 2221 1926 2261; baseline 0.005 -13"><span class='ocrx_word' id='word_1_651' title='bbox 1143 2221 1182 2257; x_wconf 87' lang='grc' dir='ltr'>τῷ</span> <span class='ocrx_word' id='word_1_652' title='bbox 1195 2222 1313 2258; x_wconf 72' lang='grc' dir='ltr'>Σαμωνᾲ</span> <span class='ocrx_word' id='word_1_653' title='bbox 1322 2223 1472 2258; x_wconf 72' lang='grc' dir='ltr'>ἐπιτρέψας</span> <span class='ocrx_word' id='word_1_654' title='bbox 1482 2224 1563 2251; x_wconf 81' lang='grc' dir='ltr'>τοῦτο</span> <span class='ocrx_word' id='word_1_655' title='bbox 1578 2225 1702 2261; x_wconf 79' lang='grc' dir='ltr'>ποιῆσαι.</span> <span class='ocrx_word' id='word_1_656' title='bbox 1714 2227 1783 2254; x_wconf 80' lang='grc' dir='ltr'>Μετ’</span> <span class='ocrx_word' id='word_1_657' title='bbox 1799 2226 1887 2261; x_wconf 78' lang='grc' dir='ltr'>ὀλίγον</span> <span class='ocrx_word' id='word_1_658' title='bbox 1901 2225 1926 2252; x_wconf 73' lang='grc' dir='ltr'><strong>α</strong></span> 
     </span>
    </p>
   </div>
   <div class='ocr_carea' id='block_1_91' title="bbox 295 2267 1081 2308">
    <p class='ocr_par' dir='ltr' id='par_1_91' title="bbox 295 2267 1081 2305">
     <span class='ocr_line' id='line_1_91' title="bbox 295 2267 1081 2305; baseline 0.001 -10"><span class='ocrx_word' id='word_1_659' title='bbox 295 2267 369 2295; x_wconf 83' lang='lat' dir='ltr'><strong>rium</strong></span> <span class='ocrx_word' id='word_1_660' title='bbox 386 2275 450 2295; x_wconf 89' lang='lat' dir='ltr'><strong>eum</strong></span> <span class='ocrx_word' id='word_1_661' title='bbox 476 2268 605 2296; x_wconf 85' lang='lat' dir='ltr'><strong>adducat.</strong></span> <span class='ocrx_word' id='word_1_662' title='bbox 628 2267 766 2304; x_wconf 74' lang='lat' dir='ltr'><strong>Egressus</strong></span> <span class='ocrx_word' id='word_1_663' title='bbox 784 2268 875 2304; x_wconf 87' lang='lat' dir='ltr'><strong>itaque</strong></span> <span class='ocrx_word' id='word_1_664' title='bbox 892 2268 1041 2305; x_wconf 83' lang='lat' dir='ltr'><strong>imperator</strong></span> <span class='ocrx_word' id='word_1_665' title='bbox 1057 2277 1081 2297; x_wconf 81' lang='lat' dir='ltr'><strong>at</strong></span> 
     </span>
    </p>
   </div>
   <div class='ocr_carea' id='block_1_92' title="bbox 1136 2267 1926 2308">
    <p class='ocr_par' dir='ltr' id='par_1_92' title="bbox 1145 2267 1926 2308">
     <span class='ocr_line' id='line_1_92' title="bbox 1145 2267 1926 2308; baseline 0.005 -14"><span class='ocrx_word' id='word_1_666' title='bbox 1145 2267 1305 2304; x_wconf 83' lang='grc' dir='ltr'>βουλόμενος</span> <span class='ocrx_word' id='word_1_667' title='bbox 1325 2269 1421 2297; x_wconf 80' lang='grc' dir='ltr'>τοῦτον</span> <span class='ocrx_word' id='word_1_668' title='bbox 1446 2271 1641 2304; x_wconf 72' lang='grc' dir='ltr'>ἀναλαϐέσθαι,</span> <span class='ocrx_word' id='word_1_669' title='bbox 1663 2272 1808 2299; x_wconf 75' lang='grc' dir='ltr'>ἐκέλευσεν</span> <span class='ocrx_word' id='word_1_670' title='bbox 1828 2273 1867 2308; x_wconf 82' lang='grc' dir='ltr'>τῷ</span> <span class='ocrx_word' id='word_1_671' title='bbox 1880 2271 1926 2299; x_wconf 77' lang='grc' dir='ltr'><strong>Σα-</strong></span> 
     </span>
    </p>
   </div>
   <div class='ocr_carea' id='block_1_93' title="bbox 297 2314 1091 2351">
    <p class='ocr_par' dir='ltr' id='par_1_93' title="bbox 297 2314 1091 2351">
     <span class='ocr_line' id='line_1_93' title="bbox 297 2314 1091 2351; baseline 0.001 -9"><span class='ocrx_word' id='word_1_672' title='bbox 297 2314 486 2351; x_wconf 74' lang='lat' dir='ltr'><strong>Damatryum,</strong></span> <span class='ocrx_word' id='word_1_673' title='bbox 507 2319 534 2343; x_wconf 85' lang='lat' dir='ltr'><strong>et</strong></span> <span class='ocrx_word' id='word_1_674' title='bbox 558 2315 586 2343; x_wconf 90' lang='lat' dir='ltr'><strong>in</strong></span> <span class='ocrx_word' id='word_1_675' title='bbox 613 2315 741 2344; x_wconf 71' lang='lat' dir='ltr'><strong>Samonae</strong></span> <span class='ocrx_word' id='word_1_676' title='bbox 764 2322 884 2351; x_wconf 85' lang='lat' dir='ltr'><strong>pransus</strong></span> <span class='ocrx_word' id='word_1_677' title='bbox 909 2315 1091 2350; x_wconf 82' lang='lat' dir='ltr'><strong>monasterio,</strong></span> 
     </span>
    </p>
   </div>
   <div class='ocr_carea' id='block_1_94' title="bbox 297 2362 1092 2391">
    <p class='ocr_par' dir='ltr' id='par_1_94' title="bbox 297 2362 1092 2391">
     <span class='ocr_line' id='line_1_94' title="bbox 297 2362 1092 2391; baseline 0 -2"><span class='ocrx_word' id='word_1_678' title='bbox 297 2362 395 2389; x_wconf 72' lang='lat' dir='ltr'><strong>videns</strong></span> <span class='ocrx_word' id='word_1_679' title='bbox 402 2362 615 2390; x_wconf 80' lang='lat' dir='ltr'><strong>Constantinum</strong></span> <span class='ocrx_word' id='word_1_680' title='bbox 629 2362 702 2391; x_wconf 89' lang='lat' dir='ltr'><strong>illico</strong></span> <span class='ocrx_word' id='word_1_681' title='bbox 714 2362 861 2391; x_wconf 68' lang='lat' dir='ltr'><strong>saeculares</strong></span> <span class='ocrx_word' id='word_1_682' title='bbox 875 2367 966 2391; x_wconf 72' lang='lat' dir='ltr'><strong>vestes</strong></span> <span class='ocrx_word' id='word_1_683' title='bbox 979 2363 1092 2390; x_wconf 85' lang='lat' dir='ltr'><strong>manda-</strong></span> 
     </span>
    </p>
   </div>
   <div class='ocr_carea' id='block_1_95' title="bbox 297 2407 1093 2445">
    <p class='ocr_par' dir='ltr' id='par_1_95' title="bbox 297 2407 1093 2445">
     <span class='ocr_line' id='line_1_95' title="bbox 297 2407 1093 2445; baseline 0.001 -10"><span class='ocrx_word' id='word_1_684' title='bbox 297 2407 338 2436; x_wconf 90' lang='lat' dir='ltr'><strong>vit</strong></span> <span class='ocrx_word' id='word_1_685' title='bbox 355 2407 469 2436; x_wconf 81' lang='lat' dir='ltr'><strong>induere</strong></span> <span class='ocrx_word' id='word_1_686' title='bbox 482 2416 515 2436; x_wconf 87' lang='lat' dir='ltr'><strong>ac</strong></span> <span class='ocrx_word' id='word_1_687' title='bbox 527 2408 702 2444; x_wconf 82' lang='lat' dir='ltr'><strong>imperatoris</strong></span> <span class='ocrx_word' id='word_1_688' title='bbox 716 2409 787 2438; x_wconf 78' lang='lat' dir='ltr'><strong>inter</strong></span> <span class='ocrx_word' id='word_1_689' title='bbox 801 2408 992 2444; x_wconf 88' lang='lat' dir='ltr'><strong>prandendum</strong></span> <span class='ocrx_word' id='word_1_690' title='bbox 1007 2416 1093 2445; x_wconf 90' lang='lat' dir='ltr'><strong>pocu-</strong></span> 
     </span>
    </p>
   </div>
   <div class='ocr_carea' id='block_1_96' title="bbox 298 2452 1091 2491">
    <p class='ocr_par' dir='ltr' id='par_1_96' title="bbox 298 2452 1091 2491">
     <span class='ocr_line' id='line_1_96' title="bbox 298 2452 1091 2491; baseline 0 -8"><span class='ocrx_word' id='word_1_691' title='bbox 298 2455 356 2483; x_wconf 92' lang='lat' dir='ltr'><strong>lum</strong></span> <span class='ocrx_word' id='word_1_692' title='bbox 367 2454 394 2482; x_wconf 90' lang='lat' dir='ltr'><strong>in</strong></span> <span class='ocrx_word' id='word_1_693' title='bbox 406 2463 504 2483; x_wconf 79' lang='lat' dir='ltr'><strong>manus</strong></span> <span class='ocrx_word' id='word_1_694' title='bbox 510 2455 636 2491; x_wconf 85' lang='lat' dir='ltr'><strong>accipere</strong></span> <span class='ocrx_word' id='word_1_695' title='bbox 648 2455 834 2491; x_wconf 86' lang='lat' dir='ltr'><strong>secumquein</strong></span> <span class='ocrx_word' id='word_1_696' title='bbox 848 2452 981 2490; x_wconf 65' lang='lat' dir='ltr'><strong>palatium</strong></span> <span class='ocrx_word' id='word_1_697' title='bbox 991 2455 1091 2483; x_wconf 86' lang='lat' dir='ltr'><strong>redire.</strong></span> 
     </span>
    </p>
   </div>
   <div class='ocr_carea' id='block_1_97' title="bbox 299 2500 1091 2537">
    <p class='ocr_par' dir='ltr' id='par_1_97' title="bbox 299 2500 1091 2537">
     <span class='ocr_line' id='line_1_97' title="bbox 299 2500 1091 2537; baseline 0.001 -9"><span class='ocrx_word' id='word_1_698' title='bbox 299 2500 383 2537; x_wconf 76' lang='lat'><strong>376</strong></span> <span class='ocrx_word' id='word_1_699' title='bbox 414 2500 549 2529; x_wconf 85' lang='lat' dir='ltr'><strong>Samonas</strong></span> <span class='ocrx_word' id='word_1_700' title='bbox 579 2501 753 2536; x_wconf 82' lang='lat' dir='ltr'><strong>imperatoris</strong></span> <span class='ocrx_word' id='word_1_701' title='bbox 781 2509 845 2537; x_wconf 75' lang='lat' dir='ltr'><strong>erga</strong></span> <span class='ocrx_word' id='word_1_702' title='bbox 879 2500 1091 2530; x_wconf 83' lang='lat' dir='ltr'><strong>Constantinum</strong></span> 
     </span>
    </p>
   </div>
   <div class='ocr_carea' id='block_1_98' title="bbox 300 2548 1095 2583">
    <p class='ocr_par' dir='ltr' id='par_1_98' title="bbox 300 2548 1095 2583">
     <span class='ocr_line' id='line_1_98' title="bbox 300 2548 1095 2583; baseline 0.003 -9"><span class='ocrx_word' id='word_1_703' title='bbox 300 2554 466 2583; x_wconf 79' lang='lat' dir='ltr'><strong>propensum</strong></span> <span class='ocrx_word' id='word_1_704' title='bbox 478 2555 600 2576; x_wconf 88' lang='lat' dir='ltr'><strong>amorem</strong></span> <span class='ocrx_word' id='word_1_705' title='bbox 615 2548 711 2576; x_wconf 83' lang='lat' dir='ltr'><strong>videns</strong></span> <span class='ocrx_word' id='word_1_706' title='bbox 730 2555 886 2583; x_wconf 76' lang='lat' dir='ltr'><strong>augescere,</strong></span> <span class='ocrx_word' id='word_1_707' title='bbox 899 2556 929 2576; x_wconf 83' lang='lat' dir='ltr'><strong>re</strong></span> <span class='ocrx_word' id='word_1_708' title='bbox 941 2557 1003 2576; x_wconf 89' lang='lat' dir='ltr'><strong>cum</strong></span> <span class='ocrx_word' id='word_1_709' title='bbox 1015 2549 1095 2576; x_wconf 89' lang='lat' dir='ltr'><strong>cubi-</strong></span> 
     </span>
    </p>
   </div>
   <div class='ocr_carea' id='block_1_99' title="bbox 254 2592 1095 2630">
    <p class='ocr_par' dir='ltr' id='par_1_99' title="bbox 254 2592 1095 2630">
     <span class='ocr_line' id='line_1_99' title="bbox 254 2592 1095 2630; baseline 0.004 -11"><span class='ocrx_word' id='word_1_710' title='bbox 254 2593 259 2598; x_wconf 90' lang='lat'><strong>&#39;</strong></span> <span class='ocrx_word' id='word_1_711' title='bbox 301 2592 469 2620; x_wconf 87' lang='lat' dir='ltr'><strong>culariorum</strong></span> <span class='ocrx_word' id='word_1_712' title='bbox 484 2594 606 2621; x_wconf 75' lang='lat' dir='ltr'><strong>maximo</strong></span> <span class='ocrx_word' id='word_1_713' title='bbox 617 2598 645 2621; x_wconf 86' lang='lat' dir='ltr'><strong>et</strong></span> <span class='ocrx_word' id='word_1_714' title='bbox 657 2593 790 2622; x_wconf 77' lang='lat' dir='ltr'><strong>Micliaele</strong></span> <span class='ocrx_word' id='word_1_715' title='bbox 804 2593 968 2623; x_wconf 82' lang='lat' dir='ltr'><strong>Tzirethone</strong></span> <span class='ocrx_word' id='word_1_716' title='bbox 981 2602 1095 2630; x_wconf 80' lang='lat' dir='ltr'><strong>compo~</strong></span> 
     </span>
    </p>
   </div>
   <div class='ocr_carea' id='block_1_100' title="bbox 303 2638 1096 2672">
    <p class='ocr_par' dir='ltr' id='par_1_100' title="bbox 303 2638 1096 2672">
     <span class='ocr_line' id='line_1_100' title="bbox 303 2638 1096 2672; baseline 0.004 -5"><span class='ocrx_word' id='word_1_717' title='bbox 303 2638 368 2672; x_wconf 80' lang='lat' dir='ltr'><strong>sita,</strong></span> <span class='ocrx_word' id='word_1_718' title='bbox 392 2639 514 2667; x_wconf 86' lang='lat' dir='ltr'><strong>libellum</strong></span> <span class='ocrx_word' id='word_1_719' title='bbox 544 2640 696 2669; x_wconf 78' lang='lat' dir='ltr'><strong>innumeris</strong></span> <span class='ocrx_word' id='word_1_720' title='bbox 724 2641 750 2668; x_wconf 94' lang='lat' dir='ltr'><strong>in</strong></span> <span class='ocrx_word' id='word_1_721' title='bbox 771 2640 891 2669; x_wconf 88' lang='lat' dir='ltr'><strong>Leonem</strong></span> <span class='ocrx_word' id='word_1_722' title='bbox 908 2641 1041 2670; x_wconf 83' lang='lat' dir='ltr'><strong>conviciis</strong></span> <span class='ocrx_word' id='word_1_723' title='bbox 1063 2650 1096 2670; x_wconf 86' lang='lat' dir='ltr'><strong>ac</strong></span> 
     </span>
    </p>
   </div>
   <div class='ocr_carea' id='block_1_101' title="bbox 303 2685 1096 2723">
    <p class='ocr_par' dir='ltr' id='par_1_101' title="bbox 303 2685 1096 2723">
     <span class='ocr_line' id='line_1_101' title="bbox 303 2685 1096 2723; baseline 0.005 -11"><span class='ocrx_word' id='word_1_724' title='bbox 303 2685 467 2715; x_wconf 72' lang='lat' dir='ltr'><strong>criminibus</strong></span> <span class='ocrx_word' id='word_1_725' title='bbox 487 2686 640 2715; x_wconf 83' lang='lat' dir='ltr'><strong>confertum</strong></span> <span class='ocrx_word' id='word_1_726' title='bbox 661 2696 709 2723; x_wconf 85' lang='lat' dir='ltr'><strong>per</strong></span> <span class='ocrx_word' id='word_1_727' title='bbox 721 2687 932 2716; x_wconf 86' lang='lat' dir='ltr'><strong>Constantinum</strong></span> <span class='ocrx_word' id='word_1_728' title='bbox 957 2686 1096 2716; x_wconf 80' lang='lat' dir='ltr'><strong>Rhodium</strong></span> 
     </span>
    </p>
   </div>
   <div class='ocr_carea' id='block_1_102' title="bbox 304 2731 1094 2771">
    <p class='ocr_par' dir='ltr' id='par_1_102' title="bbox 304 2731 1094 2771">
     <span class='ocr_line' id='line_1_102' title="bbox 304 2731 1094 2771; baseline 0.003 -11"><span class='ocrx_word' id='word_1_729' title='bbox 304 2732 379 2761; x_wconf 82' lang='lat' dir='ltr'><strong>illius</strong></span> <span class='ocrx_word' id='word_1_730' title='bbox 394 2733 512 2761; x_wconf 79' lang='lat' dir='ltr'><strong>scribam</strong></span> <span class='ocrx_word' id='word_1_731' title='bbox 527 2735 768 2771; x_wconf 76' lang='lat' dir='ltr'><strong>contexuntinquc</strong></span> <span class='ocrx_word' id='word_1_732' title='bbox 776 2731 921 2762; x_wconf 77' lang='lat' dir='ltr'><strong>Metatorio</strong></span> <span class='ocrx_word' id='word_1_733' title='bbox 935 2734 1094 2770; x_wconf 77' lang='lat' dir='ltr'><strong>projiciunt.</strong></span> 
     </span>
    </p>
   </div>
   <div class='ocr_carea' id='block_1_103' title="bbox 305 2778 1095 2816">
    <p class='ocr_par' dir='ltr' id='par_1_103' title="bbox 305 2778 1095 2816">
     <span class='ocr_line' id='line_1_103' title="bbox 305 2778 1095 2816; baseline 0.001 -9"><span class='ocrx_word' id='word_1_734' title='bbox 305 2778 446 2814; x_wconf 75' lang='lat' dir='ltr'><strong>Ingressus</strong></span> <span class='ocrx_word' id='word_1_735' title='bbox 462 2784 552 2808; x_wconf 84' lang='lat' dir='ltr'><strong>autem</strong></span> <span class='ocrx_word' id='word_1_736' title='bbox 574 2780 721 2816; x_wconf 83' lang='lat' dir='ltr'><strong>imperator</strong></span> <span class='ocrx_word' id='word_1_737' title='bbox 743 2780 771 2807; x_wconf 93' lang='lat' dir='ltr'><strong>in</strong></span> <span class='ocrx_word' id='word_1_738' title='bbox 788 2779 918 2815; x_wconf 80' lang='lat' dir='ltr'><strong>Majorem</strong></span> <span class='ocrx_word' id='word_1_739' title='bbox 940 2782 1095 2814; x_wconf 83' lang='lat' dir='ltr'><strong>ecclesiam,</strong></span> 
     </span>
    </p>
   </div>
   <div class='ocr_carea' id='block_1_104' title="bbox 305 2826 1096 2864">
    <p class='ocr_par' dir='ltr' id='par_1_104' title="bbox 305 2826 1096 2864">
     <span class='ocr_line' id='line_1_104' title="bbox 305 2826 1096 2864; baseline 0.009 -13"><span class='ocrx_word' id='word_1_740' title='bbox 305 2832 366 2852; x_wconf 84' lang='lat' dir='ltr'><strong>cum</strong></span> <span class='ocrx_word' id='word_1_741' title='bbox 383 2826 409 2853; x_wconf 90' lang='lat' dir='ltr'><strong>in</strong></span> <span class='ocrx_word' id='word_1_742' title='bbox 427 2826 599 2855; x_wconf 75' lang='lat' dir='ltr'><strong>Metatorium</strong></span> <span class='ocrx_word' id='word_1_743' title='bbox 618 2835 647 2856; x_wconf 85' lang='lat' dir='ltr'><strong>se</strong></span> <span class='ocrx_word' id='word_1_744' title='bbox 668 2828 827 2863; x_wconf 77' lang='lat' dir='ltr'><strong>recepisset,</strong></span> <span class='ocrx_word' id='word_1_745' title='bbox 853 2836 908 2864; x_wconf 82' lang='lat' dir='ltr'><strong>quo</strong></span> <span class='ocrx_word' id='word_1_746' title='bbox 923 2829 983 2857; x_wconf 75' lang='lat' dir='ltr'><strong>loco</strong></span> <span class='ocrx_word' id='word_1_747' title='bbox 1001 2836 1096 2863; x_wconf 83' lang='lat' dir='ltr'><strong>preces</strong></span> 
     </span>
    </p>
   </div>
   <div class='ocr_carea' id='block_1_105' title="bbox 1145 2315 1925 2354">
    <p class='ocr_par' dir='ltr' id='par_1_105' title="bbox 1145 2315 1925 2354">
     <span class='ocr_line' id='line_1_105' title="bbox 1145 2315 1925 2354; baseline 0.003 -12"><span class='ocrx_word' id='word_1_748' title='bbox 1145 2315 1224 2351; x_wconf 78' lang='grc' dir='ltr'>μωνᾷ</span> <span class='ocrx_word' id='word_1_749' title='bbox 1242 2315 1272 2342; x_wconf 71' lang='grc' dir='ltr'>ιν</span> <span class='ocrx_word' id='word_1_750' title='bbox 1288 2317 1322 2351; x_wconf 83' lang='grc' dir='ltr'><strong>τῇ</strong></span> <span class='ocrx_word' id='word_1_751' title='bbox 1346 2316 1402 2343; x_wconf 84' lang='grc' dir='ltr'><strong>τῶν</strong></span> <span class='ocrx_word' id='word_1_752' title='bbox 1418 2316 1543 2352; x_wconf 84' lang='grc' dir='ltr'>Σπειρῶν</span> <span class='ocrx_word' id='word_1_753' title='bbox 1567 2319 1635 2354; x_wconf 77' lang='grc' dir='ltr'>μονῇ</span> <span class='ocrx_word' id='word_1_754' title='bbox 1658 2317 1754 2346; x_wconf 84' lang='grc' dir='ltr'>τοῦτον</span> <span class='ocrx_word' id='word_1_755' title='bbox 1769 2319 1925 2354; x_wconf 73' lang='grc' dir='ltr'>ἀπαγαγεῖν.</span> 
     </span>
    </p>
   </div>
   <div class='ocr_carea' id='block_1_106' title="bbox 1150 2361 1925 2400">
    <p class='ocr_par' dir='ltr' id='par_1_106' title="bbox 1150 2361 1925 2400">
     <span class='ocr_line' id='line_1_106' title="bbox 1150 2361 1925 2400; baseline 0.006 -12"><span class='ocrx_word' id='word_1_756' title='bbox 1150 2361 1196 2388; x_wconf 84' lang='grc' dir='ltr'>Ἐν</span> <span class='ocrx_word' id='word_1_757' title='bbox 1207 2361 1245 2397; x_wconf 81' lang='grc' dir='ltr'>τῷ</span> <span class='ocrx_word' id='word_1_758' title='bbox 1262 2362 1395 2398; x_wconf 74' lang='grc' dir='ltr'>Δαματρὺ</span> <span class='ocrx_word' id='word_1_759' title='bbox 1408 2361 1456 2390; x_wconf 82' lang='grc' dir='ltr'>οὖν</span> <span class='ocrx_word' id='word_1_760' title='bbox 1471 2365 1485 2390; x_wconf 79' lang='lat'><strong>6</strong></span> <span class='ocrx_word' id='word_1_761' title='bbox 1496 2363 1623 2399; x_wconf 74' lang='grc' dir='ltr'>βασιλεὺς</span> <span class='ocrx_word' id='word_1_762' title='bbox 1649 2365 1779 2399; x_wconf 75' lang='grc' dir='ltr'>ἐξελθὼν,</span> <span class='ocrx_word' id='word_1_763' title='bbox 1795 2367 1840 2393; x_wconf 80' lang='grc' dir='ltr'>καὶ</span> <span class='ocrx_word' id='word_1_764' title='bbox 1855 2367 1882 2393; x_wconf 76' lang='grc' dir='ltr'>ὲν</span> <span class='ocrx_word' id='word_1_765' title='bbox 1897 2366 1925 2400; x_wconf 77' lang='grc' dir='ltr'><strong>τῇ</strong></span> 
     </span>
    </p>
   </div>
   <div class='ocr_carea' id='block_1_107' title="bbox 1144 2407 1928 2447">
    <p class='ocr_par' dir='ltr' id='par_1_107' title="bbox 1144 2407 1928 2447">
     <span class='ocr_line' id='line_1_107' title="bbox 1144 2407 1928 2447; baseline 0.005 -12"><span class='ocrx_word' id='word_1_766' title='bbox 1144 2407 1192 2436; x_wconf 77' lang='grc' dir='ltr'>τοῦ</span> <span class='ocrx_word' id='word_1_767' title='bbox 1205 2408 1326 2444; x_wconf 81' lang='grc' dir='ltr'>Σαμωνᾶ</span> <span class='ocrx_word' id='word_1_768' title='bbox 1349 2409 1549 2445; x_wconf 80' lang='grc' dir='ltr'>ἀριστήσαντος</span> <span class='ocrx_word' id='word_1_769' title='bbox 1565 2412 1644 2447; x_wconf 79' lang='grc' dir='ltr'>μονῇ,</span> <span class='ocrx_word' id='word_1_770' title='bbox 1668 2409 1739 2438; x_wconf 84' lang='grc' dir='ltr'>εἶδεν</span> <span class='ocrx_word' id='word_1_771' title='bbox 1765 2412 1928 2440; x_wconf 80' lang='grc' dir='ltr'>Κωνσταντῖ-</span> 
     </span>
    </p>
   </div>
   <div class='ocr_carea' id='block_1_108' title="bbox 1145 2455 1927 2492">
    <p class='ocr_par' dir='ltr' id='par_1_108' title="bbox 1145 2455 1927 2492">
     <span class='ocr_line' id='line_1_108' title="bbox 1145 2455 1927 2492; baseline 0.004 -11"><span class='ocrx_word' id='word_1_772' title='bbox 1145 2462 1202 2488; x_wconf 83' lang='grc' dir='ltr'>νον,</span> <span class='ocrx_word' id='word_1_773' title='bbox 1221 2455 1269 2482; x_wconf 78' lang='grc' dir='ltr'>καὶ</span> <span class='ocrx_word' id='word_1_774' title='bbox 1281 2455 1405 2492; x_wconf 54' lang='lat' dir='ltr'><strong>«amet:</strong></span> <span class='ocrx_word' id='word_1_775' title='bbox 1422 2456 1624 2492; x_wconf 82' lang='grc' dir='ltr'>διεκελεύσατο,</span> <span class='ocrx_word' id='word_1_776' title='bbox 1643 2459 1689 2486; x_wconf 78' lang='grc' dir='ltr'>καὶ</span> <span class='ocrx_word' id='word_1_777' title='bbox 1703 2459 1833 2488; x_wconf 73' lang='grc' dir='ltr'>ἐνέδυσαν</span> <span class='ocrx_word' id='word_1_778' title='bbox 1854 2458 1927 2486; x_wconf 65' lang='grc' dir='ltr'>αὑτὸν</span> 
     </span>
    </p>
   </div>
   <div class='ocr_carea' id='block_1_109' title="bbox 1147 2501 1928 2543">
    <p class='ocr_par' dir='ltr' id='par_1_109' title="bbox 1147 2501 1928 2543">
     <span class='ocr_line' id='line_1_109' title="bbox 1147 2501 1928 2543; baseline 0.009 -15"><span class='ocrx_word' id='word_1_779' title='bbox 1147 2501 1244 2537; x_wconf 82' lang='grc' dir='ltr'>ἱμάτια</span> <span class='ocrx_word' id='word_1_780' title='bbox 1267 2503 1398 2538; x_wconf 76' lang='grc' dir='ltr'>κοσμικά,</span> <span class='ocrx_word' id='word_1_781' title='bbox 1422 2504 1470 2530; x_wconf 73' lang='grc' dir='ltr'>καὶ</span> <span class='ocrx_word' id='word_1_782' title='bbox 1492 2504 1635 2532; x_wconf 75' lang='grc' dir='ltr'>ἐπέδωκαν</span> <span class='ocrx_word' id='word_1_783' title='bbox 1656 2507 1696 2539; x_wconf 82' lang='grc' dir='ltr'><strong>είς</strong></span> <span class='ocrx_word' id='word_1_784' title='bbox 1716 2507 1811 2543; x_wconf 84' lang='grc' dir='ltr'>χεῖρας</span> <span class='ocrx_word' id='word_1_785' title='bbox 1832 2507 1862 2534; x_wconf 80' lang='grc' dir='ltr'><strong>τδ</strong></span> <span class='ocrx_word' id='word_1_786' title='bbox 1885 2504 1928 2531; x_wconf 65' lang='grc' dir='ltr'>τοῦ</span> 
     </span>
    </p>
   </div>
   <div class='ocr_carea' id='block_1_110' title="bbox 1147 2547 1928 2588">
    <p class='ocr_par' dir='ltr' id='par_1_110' title="bbox 1147 2547 1928 2588">
     <span class='ocr_line' id='line_1_110' title="bbox 1147 2547 1928 2588; baseline 0.006 -14"><span class='ocrx_word' id='word_1_787' title='bbox 1147 2547 1279 2583; x_wconf 73' lang='grc' dir='ltr'>βασιλέως</span> <span class='ocrx_word' id='word_1_788' title='bbox 1297 2549 1428 2585; x_wconf 77' lang='grc' dir='ltr'>ποτήριον</span> <span class='ocrx_word' id='word_1_789' title='bbox 1450 2549 1480 2576; x_wconf 79' lang='grc' dir='ltr'>ὲν</span> <span class='ocrx_word' id='word_1_790' title='bbox 1502 2550 1541 2586; x_wconf 78' lang='grc' dir='ltr'>τῷ</span> <span class='ocrx_word' id='word_1_791' title='bbox 1557 2552 1671 2588; x_wconf 81' lang='grc' dir='ltr'>ἀρίστῳ,</span> <span class='ocrx_word' id='word_1_792' title='bbox 1694 2553 1742 2580; x_wconf 74' lang='grc' dir='ltr'><strong>καὶ</strong></span> <span class='ocrx_word' id='word_1_793' title='bbox 1767 2553 1928 2587; x_wconf 75' lang='grc' dir='ltr'>ὑπέστρεψεν</span> 
     </span>
    </p>
   </div>
   <div class='ocr_carea' id='block_1_111' title="bbox 1149 2593 1930 2635">
    <p class='ocr_par' dir='ltr' id='par_1_111' title="bbox 1149 2593 1930 2635">
     <span class='ocr_line' id='line_1_111' title="bbox 1149 2593 1930 2635; baseline 0.009 -15"><span class='ocrx_word' id='word_1_794' title='bbox 1149 2593 1219 2629; x_wconf 83' lang='grc' dir='ltr'><strong>μετά</strong></span> <span class='ocrx_word' id='word_1_795' title='bbox 1228 2593 1275 2621; x_wconf 88' lang='grc' dir='ltr'>τοῦ</span> <span class='ocrx_word' id='word_1_796' title='bbox 1291 2594 1425 2630; x_wconf 83' lang='grc' dir='ltr'>βασιλέως</span> <span class='ocrx_word' id='word_1_797' title='bbox 1439 2596 1468 2623; x_wconf 79' lang='grc' dir='ltr'><strong>έν</strong></span> <span class='ocrx_word' id='word_1_798' title='bbox 1484 2596 1523 2630; x_wconf 85' lang='grc' dir='ltr'><strong>τῷ</strong></span> <span class='ocrx_word' id='word_1_799' title='bbox 1540 2597 1673 2634; x_wconf 82' lang='grc' dir='ltr'>παλατίῳ.</span> <span class='ocrx_word' id='word_1_800' title='bbox 1698 2599 1785 2635; x_wconf 83' lang='grc' dir='ltr'><strong>ὐρῶν</strong></span> <span class='ocrx_word' id='word_1_801' title='bbox 1798 2600 1825 2627; x_wconf 79' lang='grc' dir='ltr'>δὲ</span> <span class='ocrx_word' id='word_1_802' title='bbox 1840 2600 1930 2634; x_wconf 68' lang='grc' dir='ltr'><strong>Σιμω-</strong></span> 
     </span>
    </p>
   </div>
   <div class='ocr_carea' id='block_1_112' title="bbox 1147 2641 1929 2682">
    <p class='ocr_par' dir='ltr' id='par_1_112' title="bbox 1147 2641 1929 2682">
     <span class='ocr_line' id='line_1_112' title="bbox 1147 2641 1929 2682; baseline 0.001 -13"><span class='ocrx_word' id='word_1_803' title='bbox 1147 2642 1197 2674; x_wconf 78' lang='grc' dir='ltr'>νᾶς</span> <span class='ocrx_word' id='word_1_804' title='bbox 1213 2642 1261 2677; x_wconf 83' lang='grc' dir='ltr'>τὴν</span> <span class='ocrx_word' id='word_1_805' title='bbox 1284 2641 1332 2669; x_wconf 76' lang='grc' dir='ltr'>τοῦ</span> <span class='ocrx_word' id='word_1_806' title='bbox 1349 2642 1483 2678; x_wconf 76' lang='grc' dir='ltr'>βασιλέως</span> <span class='ocrx_word' id='word_1_807' title='bbox 1501 2644 1611 2680; x_wconf 82' lang='grc' dir='ltr'><strong>ἀγάπην</strong></span> <span class='ocrx_word' id='word_1_808' title='bbox 1639 2646 1707 2682; x_wconf 77' lang='grc' dir='ltr'>πρὸς</span> <span class='ocrx_word' id='word_1_809' title='bbox 1733 2646 1929 2674; x_wconf 76' lang='grc' dir='ltr'>Κωνσταντῐνον</span> 
     </span>
    </p>
   </div>
   <div class='ocr_carea' id='block_1_113' title="bbox 1149 2687 1929 2728">
    <p class='ocr_par' dir='ltr' id='par_1_113' title="bbox 1149 2687 1929 2728">
     <span class='ocr_line' id='line_1_113' title="bbox 1149 2687 1929 2728; baseline 0.008 -13"><span class='ocrx_word' id='word_1_810' title='bbox 1149 2687 1356 2724; x_wconf 80' lang='grc' dir='ltr'>αὐξανομένην,</span> <span class='ocrx_word' id='word_1_811' title='bbox 1386 2689 1530 2717; x_wconf 79' lang='grc' dir='ltr'>πιττάκιον</span> <span class='ocrx_word' id='word_1_812' title='bbox 1554 2692 1696 2728; x_wconf 76' lang='grc' dir='ltr'>συντίθησι</span> <span class='ocrx_word' id='word_1_813' title='bbox 1715 2693 1786 2728; x_wconf 82' lang='grc' dir='ltr'>μετὰ</span> <span class='ocrx_word' id='word_1_814' title='bbox 1808 2692 1929 2728; x_wconf 69' lang='grc' dir='ltr'>μεγίστου</span> 
     </span>
    </p>
   </div>
   <div class='ocr_carea' id='block_1_114' title="bbox 1150 2734 1930 2775">
    <p class='ocr_par' dir='ltr' id='par_1_114' title="bbox 1150 2734 1930 2775">
     <span class='ocr_line' id='line_1_114' title="bbox 1150 2734 1930 2775; baseline 0.009 -15"><span class='ocrx_word' id='word_1_815' title='bbox 1150 2734 1308 2762; x_wconf 82' lang='grc' dir='ltr'>κοιτωνίτου</span> <span class='ocrx_word' id='word_1_816' title='bbox 1332 2735 1380 2762; x_wconf 69' lang='grc' dir='ltr'>καὶ</span> <span class='ocrx_word' id='word_1_817' title='bbox 1404 2736 1514 2773; x_wconf 73' lang='grc' dir='ltr'>Μιχαὴλ</span> <span class='ocrx_word' id='word_1_818' title='bbox 1536 2737 1709 2773; x_wconf 76' lang='grc' dir='ltr'>Τζιρήθωνος</span> <span class='ocrx_word' id='word_1_819' title='bbox 1722 2738 1851 2775; x_wconf 73' lang='grc' dir='ltr'>λοιδορίας</span> <span class='ocrx_word' id='word_1_820' title='bbox 1863 2736 1930 2764; x_wconf 67' lang='grc' dir='ltr'>καῖά</span> 
     </span>
    </p>
   </div>
   <div class='ocr_carea' id='block_1_115' title="bbox 1151 2781 1930 2820">
    <p class='ocr_par' dir='ltr' id='par_1_115' title="bbox 1151 2781 1930 2820">
     <span class='ocr_line' id='line_1_115' title="bbox 1151 2781 1930 2820; baseline 0.005 -13"><span class='ocrx_word' id='word_1_821' title='bbox 1151 2781 1283 2817; x_wconf 84' lang='grc' dir='ltr'>βασιλέως</span> <span class='ocrx_word' id='word_1_822' title='bbox 1298 2781 1360 2817; x_wconf 76' lang='grc' dir='ltr'>ἕχον</span> <span class='ocrx_word' id='word_1_823' title='bbox 1381 2781 1423 2818; x_wconf 78' lang='grc' dir='ltr'>ιιι.</span> <span class='ocrx_word' id='word_1_824' title='bbox 1450 2782 1515 2820; x_wconf 65' lang='lat'><strong>232]</strong></span> <span class='ocrx_word' id='word_1_825' title='bbox 1539 2784 1680 2820; x_wconf 77' lang='grc' dir='ltr'>ἀπείρους,</span> <span class='ocrx_word' id='word_1_826' title='bbox 1695 2785 1741 2812; x_wconf 79' lang='grc' dir='ltr'>διὰ</span> <span class='ocrx_word' id='word_1_827' title='bbox 1767 2785 1813 2812; x_wconf 82' lang='grc' dir='ltr'>τοῦ</span> <span class='ocrx_word' id='word_1_828' title='bbox 1834 2783 1930 2812; x_wconf 79' lang='grc' dir='ltr'>Ῥοδίου</span> 
     </span>
    </p>
   </div>
   <div class='ocr_carea' id='block_1_116' title="bbox 1151 2828 1915 2867">
    <p class='ocr_par' dir='ltr' id='par_1_116' title="bbox 1151 2828 1915 2867">
     <span class='ocr_line' id='line_1_116' title="bbox 1151 2828 1915 2867; baseline 0.003 -13"><span class='ocrx_word' id='word_1_829' title='bbox 1151 2828 1358 2855; x_wconf 71' lang='grc' dir='ltr'>Κωνοτα-ιτίνου</span> <span class='ocrx_word' id='word_1_830' title='bbox 1384 2828 1430 2856; x_wconf 79' lang='grc' dir='ltr'>τοῦ</span> <span class='ocrx_word' id='word_1_831' title='bbox 1454 2829 1537 2857; x_wconf 75' lang='grc' dir='ltr'><strong>αὐτοῦ</strong></span> <span class='ocrx_word' id='word_1_832' title='bbox 1552 2830 1736 2867; x_wconf 74' lang='grc' dir='ltr'>ὑπογραφέως</span> <span class='ocrx_word' id='word_1_833' title='bbox 1750 2831 1826 2859; x_wconf 80' lang='grc' dir='ltr'>τοῦτο</span> <span class='ocrx_word' id='word_1_834' title='bbox 1838 2829 1915 2857; x_wconf 71' lang='grc' dir='ltr'>συντά</span> 
     </span>
    </p>
   </div>
   <div class='ocr_carea' id='block_1_117' title="bbox 953 2884 1293 2914">
    <p class='ocr_par' dir='ltr' id='par_1_117' title="bbox 953 2884 1293 2914">
     <span class='ocr_line' id='line_1_117' title="bbox 953 2884 1293 2914; baseline -0.003 0"><span class='ocrx_word' id='word_1_835' title='bbox 953 2885 1068 2914; x_wconf 61' lang='grc' dir='ltr'>νΑιιιίΕ</span> <span class='ocrx_word' id='word_1_836' title='bbox 1090 2884 1293 2913; x_wconf 69' lang='lat' dir='ltr'><strong>LECTIONES.</strong></span> 
     </span>
    </p>
   </div>
   <div class='ocr_carea' id='block_1_118' title="bbox 361 2919 478 2947">
    <p class='ocr_par' dir='ltr' id='par_1_118' title="bbox 361 2919 478 2947">
     <span class='ocr_line' id='line_1_118' title="bbox 361 2919 478 2947; baseline 0.009 -1"><span class='ocrx_word' id='word_1_837' title='bbox 361 2919 384 2935; x_wconf 85' lang='lat'>“</span> <span class='ocrx_word' id='word_1_838' title='bbox 397 2919 456 2946; x_wconf 78' lang='grc' dir='ltr'>ὁδὸν</span> <span class='ocrx_word' id='word_1_839' title='bbox 467 2921 478 2947; x_wconf 74' lang='grc' dir='ltr'><strong>τ’</strong></span> 
     </span>
    </p>
   </div>
  </div>
