1997 3167
267 209 322 242 395

809 205 1061 237 THEOPHANES
1077 206 1291 238 CONTINUAT
1297 207 1352 237 US.

1845 208 1892 240 39$

270 264 413 301 I'Luthytnio
433 270 494 291 eum
510 263 606 290 iterum
623 262 649 289 in
663 261 838 296 patriarrbali
853 262 922 288 solio
937 261 1054 289 colloca-

1107 263 1153 290 τοῦ
1169 264 1365 300 πατριαρχείου
1378 263 1524 298 Εὑθύμιον,
1538 263 1584 290 καὶ
1595 262 1780 299 ὲνεῦρονίασεν
1791 264 1835 291 τὸν
1846 266 1892 292 αὑ-

267 313 315 339 \it.
331 310 428 338 Habito
444 314 532 337 autern
542 307 625 347 378
635 307 663 335 in
674 307 821 344 Magnaura
832 307 957 340 consilio,
969 316 1057 342 exque

267 357 374 394 Agatho
386 356 503 384 deducto
516 354 670 390 Euthymio,
687 362 738 382 una
755 362 817 382 cum
833 353 946 381 Nicolao
959 354 1057 382 sedens

268 404 430 433 sacerdotali
450 411 512 431 eum
541 402 674 438 dignitate
694 403 779 430 exuit.
805 402 867 430 Mox
890 410 953 430 vero
982 402 1057 429 velut

268 453 332 480 fera‘
346 451 439 479 bestiae
455 450 482 477 in
500 449 684 476 venerandum
705 457 870 484 sacrumque
886 449 974 476 virum
989 447 1057 475 insi-

267 499 377 531 lientcs,
405 492 588 525 venerabilem
619 497 731 524 barbam
763 496 942 529 vellicabant,
974 494 1057 530 inque

267 545 399 573 cervicem
416 543 562 578 pellebant,
583 543 699 578 aliisque
712 542 884 578 gravissimis
904 541 994 569 modis
1011 549 1058 568 ex-

266 591 441 622 cruciabant,
467 590 652 618 inscensoreut
675 593 802 616 vocantes
825 593 851 616 et
879 589 1055 620 adulterum,

266 637 368 672 quique
383 635 499 663 alienam
517 635 664 662 invasisset
685 642 810 661 uxorem.
827 634 892 667 Qum
907 634 998 661 omnia
1015 634 1056 660 vir

266 688 378 710 sanctus
391 686 417 708 et
430 681 593 708 venerabilis
608 681 712 715 placide
722 688 753 707 ac
768 680 875 708 silentio
892 679 1053 707 sustinebat.

267 727 371 754 Exsilio
402 728 492 761 itaque
522 726 554 754 ad
583 726 680 761 Agathi
698 726 770 753 ardes
789 725 925 760 relegatus
946 725 1056 760 vitaque

266 773 378 800 {unctus
404 773 431 800 in
457 772 624 800 monasterio
648 779 698 799 suo
719 772 746 798 in
770 771 837 798 urbe
857 771 980 806 sepultus
1001 774 1052 798 est.

266 819 389 847 Clericus
403 819 448 846 ille
464 818 635 854 patriarchae,
650 818 696 853 qui
714 817 740 844 in
758 817 904 853 Magnaura
919 824 980 844 cum
994 816 1057 844 mit—

266 871 370 894 teretur
387 867 413 893 in
423 865 548 892 exsilium
562 872 645 892 cattas
660 864 683 891 ei
696 864 826 897 vulserat,
838 864 949 891 domum
965 870 1056 890 rever-

266 919 314 940 Ius
323 919 353 939 ea
362 912 420 946 ipsa
435 911 502 938 liora
512 910 638 938 incendio
650 910 823 945 absumptam
837 909 951 942 invenit,
960 909 1055 936 liliam~

266 964 320 993 que
339 957 466 984 manibus
482 963 584 990 oreque
601 955 758 990 impeditam
773 955 903 989 omnique
921 955 1056 983 sermonis

267 1003 291 1031 vi
308 1003 464 1031 destitutam
487 1011 495 1036 ',
514 1009 576 1038 quae
598 1005 623 1028 et
645 1001 717 1028 lecto
740 1000 909 1028 decumbens
926 1001 960 1028 ad
975 1000 1056 1028 Nice-

266 1049 346 1085 phori
368 1056 455 1084 usque
476 1048 649 1083 imperatoris
669 1047 816 1083 (magniﬁci
839 1048 910 1076 illius
933 1047 1055 1083 victoris)

267 1099 389 1131 tempora
409 1093 529 1126 duravit,
545 1093 571 1121 in
586 1093 714 1120 diurnum
747 1093 838 1120 cibum
860 1094 956 1128 stipem
985 1101 1058 1121 men-

266 1142 372 1170 dicans.

300 1233 327 1260 2.
343 1231 496 1260 Alexander
511 1231 604 1266 itaque
619 1238 680 1258 cum
697 1234 724 1258 et
740 1230 803 1258 olim
826 1230 866 1257 sic
882 1234 1054 1264 comparatus

265 1283 337 1307 esset
357 1284 385 1306 ut
406 1277 522 1305 molliori
539 1277 603 1304 vitae.
617 1276 794 1312 cupediisque
810 1284 842 1303 ac
865 1276 1056 1305 venationibus

267 1331 374 1361 tempus
391 1331 472 1352 omne
493 1323 642 1356 addiceret,
665 1322 699 1349 ob
716 1321 815 1350 Leonis
838 1322 943 1350 scilicet
963 1322 1056 1350 fratris

267 1373 447 1409 suspiciones,
457 1372 581 1407 nihilque
593 1371 695 1407 regium
712 1370 839 1405 agitaret,
849 1371 894 1398 sed
912 1370 1018 1397 deliciis
1029 1375 1057 1398 et

266 1417 443 1455 impudicitiis
457 1417 635 1448 incumberet,
651 1415 732 1442 etiam
749 1412 823 1442 solus
838 1422 929 1442 rerum
952 1415 1055 1450 potitus

266 1465 371 1493 nullum
383 1470 522 1500 generosa:
534 1461 633 1489 indolis
644 1460 782 1495 specimen
792 1461 875 1489 edidit
883 1465 930 1488 aut
941 1461 1055 1496 dignum

267 1510 398 1539 memoria
413 1508 561 1544 quidquam
578 1507 643 1542 egit.
661 1507 760 1534 Statim
773 1507 846 1535 enim
861 1514 894 1534 ac
910 1506 1054 1542 imperium

267 1557 344 1584 solus
371 1554 535 1590 capessivit,
559 1552 692 1580 Joannem
717 1553 846 1580 clericum
873 1557 1054 1589 cognomento

268 1601 402 1628 Lazancm
425 1603 558 1627 rectorem
575 1598 658 1634 379
674 1597 738 1625 fecit
754 1607 761 1631 ;
787 1598 833 1632 qui
849 1603 876 1626 et
890 1599 971 1634 paulo
993 1604 1055 1635 post

266 1646 394 1675 defuncto
409 1645 573 1678 Alexandro,
590 1645 616 1672 in
633 1644 772 1672 Hebdomo
788 1644 842 1680 pila
859 1645 967 1678 ludens,
984 1646 1054 1673 male

266 1694 356 1729 periit.

302 1738 328 1765 ἤ.
341 1737 472 1765 Similiter
488 1745 596 1772 quoque
613 1736 838 1773 Gabrielopulum
857 1742 885 1766 et
898 1738 1053 1766 Basilittcm

268 1784 459 1812 Sciatinorum
481 1789 571 1811 ortum
594 1791 691 1819 genere
706 1783 883 1812 vehementer
895 1784 1002 1817 ditavit,
1022 1793 1054 1812 ac

267 1829 360 1866 palatii
372 1837 420 1857 eos
431 1829 531 1863 opibus
546 1829 707 1856 cumulavit.
729 1828 832 1857 Ferunt
845 1830 944 1865 saepius
962 1831 1054 1859 animo

265 1876 387 1912 agitasse
403 1878 432 1902 ut
448 1875 575 1902 eumdem
591 1874 746 1902 Basilitzent
770 1875 964 1911 imperatorem
981 1884 1053 1911 prte-

268 1921 359 1950 tlceret
378 1929 410 1950 ac
421 1920 603 1949 Constantino
619 1921 719 1949 Leonis
730 1921 786 1949 ﬁlio
799 1921 886 1949 virilia
899 1928 1053 1955 exsecaret;

266 1966 339 2003 quod
359 1967 431 1995 illius
452 1967 597 1995 consilium
616 1966 784 2003 dissiparunt
805 1968 856 1994 viri
879 1967 906 1994 in
935 1967 1053 1995 Leonem

267 2013 446 2049 propensiore
458 2013 563 2046 animo,
578 2013 642 2040 dum
660 2013 742 2040 modo
755 2017 856 2040 tenerae
875 2014 964 2041 aetatis
985 2021 1055 2048 pue-

267 2067 339 2093 rum,
355 2060 437 2087 modo
455 2059 571 2087 infirma:
589 2059 757 2087 valetudinis
773 2067 835 2087 esse
858 2065 1051 2087 causarentur.

268 2104 306 2132 Eo
322 2106 473 2140 imperante
489 2105 567 2132 stella
582 2109 703 2132 cometes
721 2105 755 2132 ab
769 2105 912 2133 occidente
926 2107 1055 2141 apparuit

266 2151 400 2187 (viphiam
424 2151 565 2186 appellant
591 2151 627 2179 ob
642 2151 724 2186 gladii
751 2151 969 2185 similitudinem)
990 2161 1054 2180 san-

266 2197 413 2232 guinisque
439 2196 601 2224 eﬁ‘usionem
619 2197 646 2223 in
667 2197 777 2224 civitate
806 2198 971 2232 portendere
997 2199 1054 2226 aie-

266 2246 342 2270 bant.

1107 311 1154 338 τὸν
1171 311 1302 338 Νικόλαον
1317 311 1347 337 τὺ
1363 310 1499 346 δεύτερον.
1515 310 1635 346 Ποιήσας
1660 310 1688 337 δὲ
1705 310 1840 337 σελέντιον
1865 311 1892 338 ὲν

1107 359 1140 394 τῇ
1153 357 1308 394 Μαγναύρᾳ
1321 357 1494 393 Ἀλέξανδρος
1503 358 1661 392 κατήγαγεν
1675 356 1729 384 ἀπὺ
1742 357 1797 384 τῶν
1817 357 1893 391 Ἀγα.

1108 405 1155 432 θοῦ
1170 405 1317 440 Εὑθύμιον,
1329 404 1376 431 καὶ
1396 404 1452 439 ἃμα
1464 403 1591 437 Νικολάῳ
1620 402 1763 434 καθεσθεὶς
1778 402 1829 436 τὴν
1847 402 1893 428 αὑ-

1106 450 1153 477 τοῦ
1164 451 1325 486 καθαίρεσιν
1338 449 1513 485 ἐποιήσαντο.
1533 448 1623 481 Εὐθὺς
1640 448 1669 475 δὲ
1686 447 1781 484 ὥσπερ
1792 448 1894 483 ἀνήμε-

1109 506 1150 533 ροι
1176 497 1258 532 Θῆρες
1287 495 1513 531 ἐμπεπηδηκὸτες
1536 494 1583 522 τοῦ
1597 494 1777 530 ἱεροπρεποῦς
1801 493 1894 528 ἀνδρὸς

1106 544 1156 580 τὴν
1172 543 1325 579 σεϐασμίαν
1339 542 1467 577 γενειάδα
1478 541 1623 569 ἁπέτιλλον
1639 541 1687 567 καὶ
1699 540 1748 567 ἐπὶ
1758 540 1892 576 τράχηλον

1107 591 1194 619 ὤθουν
1207 591 1255 618 καὶ
1274 590 1356 622 ἄλλας
1372 589 1552 618 ἀνυποίστους
1576 587 1671 619 ποινὰς
1693 587 1784 623 τούτῳ
1795 587 1894 621 ἐπέφε-

1109 646 1164 673 ρον,
1179 637 1311 673 ἐπιϐάτην
1324 634 1525 666 ἀποκαλοῦντες
1540 634 1587 661 καὶ
1603 634 1696 669 μοιχδν
1707 634 1754 661 καὶ
1767 633 1895 668 ἀλλοτρίᾳ

1107 685 1313 720 ἐπιπηδήσαντα
1325 684 1446 717 γυναικί.
1468 683 1497 708 '0
1513 682 1540 709 δὲ
1558 681 1629 717 ίερδς
1645 682 1749 712 ἐκεῖνος
1761 679 1833 715 ἀνὴρ
1852 679 1895 706 καὶ

1108 731 1248 766 αἰδέσιμος
1257 730 1351 765 πράως
1363 730 1450 756 πάντα
1462 729 1510 755 καὶ.
1522 728 1630 763 ἡσύχως
1646 727 1792 762 ὑπέφερεν.
1801 726 1895 760 ’Υπερι

1106 777 1181 812 όριος
1206 774 1252 803 οὗν
1265 778 1294 803 ὲν
1304 776 1360 807 τοῖς
1381 775 1496 809 Ἀγαθοῦ
1507 774 1624 806 σταλεὶς,
1634 774 1682 800 καὶ
1693 772 1764 799 τέλει
1774 771 1822 799 τοῦ
1840 771 1894 807 βίον

1107 823 1288 858 χρησάμενος,
1298 823 1326 849 ὲν
1337 823 1370 857 τῇ
1379 822 1456 849 πόλει
1463 821 1594 848 θάπτεται
1601 821 1640 852 είς
1654 819 1702 855 τὴν
1710 818 1792 846 αὐτοῦ
1801 818 1892 854 μονήν.

1112 870 1140 897 '0
1149 869 1177 896 δὲ
1189 868 1237 896 τοῦ
1249 868 1418 904 πατριάρχου
1431 867 1581 903 κληρικὺςὸ
1590 866 1639 898 τὰς
1654 865 1749 897 πολιὰς
1759 864 1846 892 αὐτοῦ
1856 865 1894 892 τί·

1107 916 1155 948 λας
1165 917 1204 947 είς
1213 915 1262 950 τὴν
1269 914 1385 949 Μαγναῠ
1390 923 1440 949 ραν
1456 914 1483 940 ὲν
1496 913 1534 948 τῷ
1544 912 1713 948 ὲξορίζεσθαι
1726 911 1819 943 αὑτὸν,
1830 910 1894 937 ὐπο-

1110 960 1234 996 στρέψας
1249 960 1289 992 είς
1299 959 1347 995 τὴν
1361 959 1450 986 οἰκίαν
1465 958 1557 990 αὑτοῦ,
1573 957 1621 993 τὴν
1633 957 1717 992 αὐτὴν
1731 956 1781 992 τὴν
1796 956 1871 991 ὤραν
1881 956 1894 982 ὁ

1107 1005 1181 1037 οἶκος
1200 1005 1282 1032 αὑτοῦ
1300 1005 1423 1040 πυρκαῖᾷ
1431 1003 1566 1039 παρεδόθη
1581 1002 1701 1038 ἀοράτῳ.
1716 999 1788 1037 Εὗρε
1810 1001 1840 1027 δὲ
1851 1001 1893 1028 καὶ

1107 1051 1156 1087 τὴν
1176 1049 1312 1085 θυγατέρα
1326 1049 1409 1076 αὑτοῦ
1424 1048 1628 1084 ἐπειλημμένην
1642 1048 1689 1074 καὶ
1710 1046 1893 1083 κρατηθεῖσαν

1107 1098 1154 1124 καὶ
1169 1097 1217 1129 τὰς
1231 1097 1325 1133 χεῖρας
1338 1096 1383 1122 καὶ
1407 1095 1437 1122 τὺ
1461 1095 1547 1130 στόμα
1572 1093 1620 1121 καὶ
1638 1093 1686 1129 τὴν
1699 1091 1795 1119 λαλιάν
1811 1098 1820 1106 °
1837 1092 1894 1127 ἥτις

1107 1143 1154 1171 καὶ
1170 1143 1300 1179 κλινήρης
1321 1142 1388 1169 οὖσα
1408 1142 1535 1177 διήρκεσε
1558 1140 1607 1176 τὴν
1633 1140 1773 1175 ἐφήμερον
1793 1138 1894 1174 τροφὴν

1107 1190 1225 1225 ζητοῦσα
1242 1190 1324 1225 μέχρι
1337 1188 1496 1224 Νικηφόρου
1509 1187 1641 1223 βασιλέως
1660 1186 1706 1214 τοῦ
1720 1186 1858 1221 Νικητοῦ.

1143 1235 1175 1271 β’.
1186 1237 1214 1263 '0
1222 1234 1268 1262 οὖν
1281 1235 1454 1270 Ἀλέξανδρος
1465 1235 1511 1261 καὶ
1522 1233 1607 1261 πάλαι
1621 1233 1699 1260 τοῦτο
1719 1232 1801 1268 ἔργον
1818 1232 1893 1267 ἔχων,

1107 1282 1137 1309 τὸ
1163 1281 1332 1317 ἀῦροδίαιτος
1347 1280 1415 1308 εἶναι
1428 1281 1476 1308 καὶ
1498 1281 1554 1312 τοῖς
1568 1279 1739 1314 κυνηγεσίοις
1752 1278 1895 1314 προσέχειν

1106 1327 1150 1355 διὰ
1164 1327 1213 1359 τὰς
1231 1327 1382 1362 ὑπεροψίας
1404 1326 1452 1353 τοῦ
1475 1326 1590 1361 ἀδελφοῦ
1609 1324 1690 1352 αὑτοῦ
1708 1325 1834 1357 Λέοντος,
1851 1324 1895 1351 καὶ

1109 1374 1191 1409 μηδὲν
1208 1373 1339 1408 βασιλέως
1364 1373 1444 1409 ἔργον
1462 1372 1687 1408 διαπράττεσθαι,
1704 1371 1774 1398 ἀλλὰ
1787 1371 1819 1398 τδ
1832 1379 1895 1406 τρν-

1107 1421 1160 1455 φᾷν
1175 1420 1222 1446 καὶ
1238 1419 1394 1453 ἀσελγείαις
1408 1418 1549 1454 σχολάζειν
1559 1417 1722 1454 ἠγαπηκὼς,
1742 1416 1895 1453 μονώτατος

1107 1465 1192 1500 ἄρξας
1216 1465 1291 1492 οὐδὲν
1309 1465 1463 1500 γενναῖονῆ
1488 1465 1568 1499 λόγου
1592 1465 1667 1497 ἄξιον
1691 1463 1893 1499 κατεπράξατο.

1107 1512 1140 1539 Ἀ
1146 1521 1183 1547 μα
1194 1511 1248 1547 γὰρ
1265 1511 1304 1546 τῷ
1318 1511 1445 1545 γενέσθαι
1458 1511 1636 1546 μονοκράτωρ
1653 1510 1781 1545 Ἰωάννην
1796 1509 1890 1536 παπᾶν

1108 1557 1246 1593 (Λαζάνης
1266 1558 1354 1593 τούτῳ
1371 1557 1525 1593 ἐπώνυμον)
1553 1557 1694 1592 ραἰκτωρα
1718 1556 1870 1590 πεποίηκεν
1887 1563 1894 1571 ⁸

1068 1613 1090 1643 c
1106 1602 1136 1634 ’ὸς
1151 1603 1198 1630 καὶ
1212 1602 1304 1635 κακῶς
1318 1603 1348 1629 τὸ
1363 1603 1413 1638 ζῇν
1427 1601 1582 1638 ἀπέρρηξεν
1596 1601 1666 1636 μετὰ
1678 1600 1795 1628 θάνατον
1822 1599 1894 1627 Ἀλε·

1108 1647 1220 1684 ξάνδρου
1235 1649 1262 1676 ἐν
1276 1649 1314 1683 τῷ
1334 1649 1456 1684 Ἑϐδόμῳ
1471 1647 1633 1684 σφαιρίζων.

1145 1740 1175 1775 γ’.
1185 1740 1320 1772 Ὡσαύτως
1328 1739 1375 1767 οὖν
1383 1739 1429 1767 καὶ
1438 1739 1674 1776 Γαὸριηλόπουλον
1682 1738 1730 1766 καὶ
1736 1737 1896 1772 Βασιλίτζην

1106 1787 1150 1814 τὸν
1164 1787 1219 1814 ἀπὸ
1231 1786 1398 1814 Σκλαὸισίαν
1412 1785 1534 1822 σφοδρῶς
1545 1784 1762 1812 κατεπλούτισεν
1775 1783 1823 1812 καὶ
1840 1785 1895 1814 τοίς

1106 1832 1152 1860 τοῦ
1169 1832 1300 1860 παλατίου
1318 1831 1500 1868 περιήντλησε
1516 1831 1649 1866 χρήμασι.
1663 1831 1731 1858 Φασὶ
1746 1830 1775 1857 δὲ
1788 1830 1836 1856 καὶ
1852 1829 1896 1864 βε-

1106 1877 1265 1904 ϐουλεῦσθαι
1280 1876 1361 1904 αὑτὸν
1378 1876 1507 1908 πολλάκις
1519 1876 1560 1912 [Ρ.
1578 1875 1642 1911 254]
1655 1875 1700 1902 τδν
1715 1875 1798 1902 αὑτὸν
1811 1874 1894 1902 Βασι-

1105 1924 1199 1959 λίτζην
1220 1924 1259 1957 είς
1291 1923 1403 1959 βασιλέα
1429 1922 1735 1959 προχειρίσασθαι,τδν
1761 1921 1790 1949 δὲ
1817 1921 1894 1948 Κων-

1106 1971 1243 1997 σταντϊνον
1271 1969 1318 1996 τοῦ
1334 1970 1448 2001 Λέοντος
1458 1969 1515 1995 υίὺν
1537 1968 1692 2003 εὐνουχίσαι
1708 1975 1716 1984 ⁸
1732 1967 1794 2002 ἥτις
1815 1966 1895 2002 βουλὴ

1105 2016 1153 2043 καὶ
1167 2015 1341 2051 διεσκεδάσθη
1369 2015 1443 2050 παρὰ
1460 2015 1512 2041 τῶν
1540 2014 1702 2041 εὐνοούντων
1730 2013 1769 2047 τῷ
1789 2012 1893 2041 Λέοντι.

1105 2062 1171 2098 ποτε
1185 2062 1233 2096 μὲν
1243 2061 1280 2093 ὡς
1293 2061 1388 2096 νήπιός
1405 2062 1473 2094 ἐστι,
1489 2060 1555 2087 ποτὲ
1567 2060 1596 2086 δὲ
1608 2059 1646 2091 ὡς
1661 2058 1780 2092 ἀσθενὴς
1799 2058 1894 2084 ὑποτι-

1106 2107 1242 2143 Θεμένων.
1261 2107 1322 2133 Ἐπὶ
1335 2107 1431 2133 τούτου
1452 2106 1540 2141 ἀστὴρ
1555 2107 1640 2141 ἐφάνη
1655 2105 1779 2140 κομήτης
1795 2105 1826 2130 ὲκ
1848 2103 1893 2129 δύ-

1107 2162 1175 2184 σεως
1192 2162 1199 2168 ·
1216 2153 1307 2187 ξιφίαν
1319 2153 1531 2183 αὐτὸνὲκάλουν,
1550 2152 1564 2178 ὃ
1611 2151 1718 2187 ίμάτων
1736 2149 1815 2187 χύσιν
1830 2157 1895 2184 προ-

1107 2197 1249 2233 σημαίνειν
1272 2199 1301 2225 tv
1316 2199 1349 2233 τῇ
1372 2198 1448 2224 πόλει
1461 2197 1590 2233 γενέσθαι
1608 2197 1724 2232 ἔφασαν.

300 2287 327 2315 ι.
348 2288 484 2316 Caeterum
510 2288 664 2316 Alexander
688 2296 718 2316 se
732 2289 790 2323 ipse
805 2289 1004 2324 imposloribus
1020 2298 1052 2318 ac

1141 2286 1171 2314 δ’.
1184 2283 1269 2317 οὗτος
1302 2285 1475 2321 Ἀλέξανδρος
1490 2286 1601 2318 πλάνοις
1616 2285 1714 2312 ἑαυτὸν
1740 2284 1787 2312 καὶ
1800 2284 1894 2319 γόησιν

265 2334 510 2370 praestigiatoribns
529 2334 633 2363 dedens
647 2335 682 2362 ab
697 2335 738 2362 eis
751 2335 779 2362 in
790 2342 850 2362 eam
866 2340 984 2363 utentem
1000 2337 1053 2364 atl-

268 2381 368 2409 tluctus
395 2384 448 2412 est,
465 2385 496 2408 ut
520 2387 615 2416 aprum
643 2387 748 2409 aeneum
773 2381 799 2408 in
823 2381 904 2409 Circo
931 2386 1053 2410 erectum

265 2433 347 2454 suum
366 2425 412 2453 ille
427 2424 538 2460 signum
558 2431 620 2452 esse
634 2425 820 2453 existimaret.
835 2425 953 2453 Aiebant
979 2426 1052 2453 enim

264 2471 350 2499 Leoni
366 2469 446 2498 lratri
462 2470 611 2503 adversari,
621 2470 681 2506 ejus
692 2477 840 2505 porcorum
850 2470 956 2498 amnem
969 2471 1051 2498 vitam

264 2524 410 2552 ultoresque
434 2516 617 2544 insinuantes.
648 2515 706 2543 lloc
722 2524 787 2551 ergo
803 2516 932 2552 deceptus
956 2525 1051 2545 errore

264 2563 390 2598 pudenda
411 2563 561 2598 dentesque
577 2569 672 2598 porco,
690 2563 736 2597 qui
753 2562 990 2597 desiderabantur,
1007 2565 1050 2591 in-

264 2608 382 2637 staurari
410 2611 528 2637 curavit.
559 2609 660 2636 Eadem
677 2609 780 2636 erroris
796 2609 916 2642 fallacia,
930 2611 1050 2646 equestri

264 2654 339 2682 edito
351 2655 514 2689 certamine,
532 2656 618 2683 sacris
633 2655 813 2683 ecclesiarum
835 2656 929 2683 aulaeis
944 2662 971 2684 et
984 2663 1050 2684 can-

263 2700 382 2729 delabri:
419 2700 530 2729 Circum
569 2702 697 2736 ornavit,
728 2701 777 2729 Dei
809 2701 941 2730 honorem
969 2704 1052 2731 miser

264 2744 345 2773 idolis
358 2745 494 2773 tribuens.
506 2743 584 2773 Unde
597 2750 624 2773 et
635 2746 691 2774 cito
700 2746 791 2774 divina
804 2747 908 2775 ultione
921 2748 1050 2776 honorem

262 2791 365 2819 amisit.

298 2837 326 2865 5.
346 2837 504 2866 Hemerium
532 2838 700 2876 logothetam
729 2839 763 2866 ab
792 2840 942 2875 Agarenica
974 2841 1051 2869 clade
1074 2843 1083 2853 '

263 2891 404 2912 reversum
420 2885 448 2911 in
469 2885 562 2920 palatii
577 2886 660 2921 380
679 2886 877 2913 monasterium
893 2886 994 2922 Czltnpa
1007 2887 1050 2915 di-

262 2932 339 2957 cmm
360 2928 500 2964 relegavit,
527 2929 552 2956 ei
575 2930 728 2962 minitatus,
759 2935 786 2957 nt
807 2931 852 2966 qui
874 2929 962 2958 Leone
990 2931 1049 2967 ejus

1103 2333 1259 2364 ἐκδεδωκὼς
1278 2332 1391 2368 ἐπείσθη
1422 2333 1468 2359 ὑπ’
1494 2332 1583 2359 αὐτῶν
1599 2332 1637 2364 ὡς
1661 2333 1675 2358 ὁ
1691 2332 1721 2358 ὲν
1735 2331 1774 2366 τῷ
1791 2328 1894 2364 ἱππικῷ

1104 2378 1222 2413 σύαγρος
1247 2377 1365 2413 χαλκοῦς
1394 2377 1518 2413 ἑστηκὼς
1551 2378 1684 2412 στοιχεῖον
1716 2376 1800 2404 αὺτοῦ
1830 2375 1891 2409 είη·

1102 2425 1190 2452 λέοντι
1204 2424 1258 2460 γὰρ
1273 2424 1313 2458 τῷ
1330 2424 1426 2456 αὑτοῦ.
1443 2425 1535 2458 φασὶν,
1565 2423 1673 2460 ἀδελφῷ
1699 2422 1892 2458 ἀντιμάχεται.

1102 2470 1237 2506 χοιρίδιον
1254 2471 1300 2497 τὸν
1315 2471 1430 2506 ἀνόητον
1444 2471 1674 2506 ὺπεμφαίνοντες.
1695 2471 1724 2497 '(I
1739 2469 1768 2496 δὲ
1790 2468 1894 2498 τούτοις

1103 2517 1255 2552 ἀπατηθεὶς
1283 2517 1372 2544 αἰδοῖα
1397 2517 1445 2544 καὶ
1459 2516 1569 2548 ὀδόντας
1600 2517 1640 2552 τῷ
1665 2516 1750 2551 χοίρῳ
1777 2522 1894 2550 προσαν-

1103 2564 1219 2590 ενέωσεν
1234 2563 1271 2595 ὡς
1284 2563 1459 2599 λειπομένους
1472 2563 1554 2598 αὐτῷ.
1568 2563 1608 2599 Τῇ
1622 2563 1735 2599 τοιαύτῃ
1745 2562 1791 2589 οὖν
1805 2560 1894 2594 πλάνῃ

1104 2608 1242 2641 πεποιθὼς
1257 2609 1368 2636 ίππικδν
1397 2609 1557 2644 πεποίηκεν,
1586 2609 1633 2636 καὶ
1650 2609 1713 2640 τοὺς
1732 2608 1820 2644 ἱεροὺς
1834 2605 1893 2631 τῶν

1104 2656 1256 2691 ἐκκλησιῶν
1273 2655 1392 2687 πέπλους
1408 2656 1454 2683 καὶ
1483 2657 1547 2688 τοὺς
1564 2655 1730 2690 λαμπτῆρας
1750 2651 1892 2681 ἀναλαϐὼν

1104 2702 1135 2729 τὸ
1149 2702 1263 2729 ίππικδν
1278 2701 1497 2738 κατεκόσμησεν,
1514 2702 1564 2737 τὴν
1583 2701 1631 2728 τοῦ
1646 2700 1716 2728 Θεοῦ
1734 2701 1814 2736 τιμήν
1832 2699 1893 2729 τοῖς

1106 2747 1225 2779 είὸώλοις
1246 2749 1260 2774 ὁ
1282 2748 1399 2780 δείλαιος
1424 2747 1584 2783 παρασχών.
1611 2747 1657 2774 Διδ
1672 2746 1719 2774 καὶ
1737 2748 1786 2782 τὴν
1809 2742 1893 2779 τιμὴν

1107 2793 1181 2828 παρὰ
1195 2792 1263 2819 Θεοῦ
1278 2793 1404 2829 ἀφῃρέθη
1423 2794 1460 2825 ὡς
1484 2794 1610 2829 τάχιστα.

1141 2839 1170 2865 ε’.
1193 2839 1322 2875 Ἦμερίου
1337 2839 1365 2866 δὲ
1375 2839 1515 2874 λογοθέτου
1533 2841 1565 2868 ἐκ
1578 2840 1627 2876 τῆς
1640 2840 1727 2876 ἥττης
1740 2839 1791 2866 τῶν
1808 2837 1893 2869 Ἀγα-

1106 2884 1196 2921 ρηνῶν
1211 2886 1443 2922 ὑποστρέψαντος,
1456 2886 1620 2919 ἀποστείλας
1633 2886 1796 2922 περιώρισεν
1808 2882 1892 2910 αὒτῖν

1106 2933 1134 2959 ἐν
1148 2934 1180 2968 τῇ
1198 2933 1265 2970 μονῇ
1285 2932 1332 2959 τοῦ
1347 2933 1478 2960 nautico
1537 2932 1683 2968 ἐπώνυμον
1717 2930 1825 2968 Καμπᾶν
1841 2928 1891 2954 δι’
