1997 3167
110 194 157 226 397

475 192 548 223 LIB.
567 192 617 224 VI.
629 205 664 211 -
680 190 968 223 CONSTANTINUS
986 189 1371 222 PURPHYROGENITUS.

1683 194 1734 225 398

108 246 326 283 απειλησάμενος
338 245 420 273 αὐτὸν
428 244 466 278 ὡς
473 245 569 281 ἐχθρὸν
584 246 702 281 φανέντα
714 246 743 272 ιν
753 246 813 277 ταῖς
826 245 894 280 ήμέ-

959 250 1031 272 ratre
1049 245 1216 280 imperatore
1231 244 1353 280 iniquior
1377 245 1428 279 ipsi
1457 245 1600 281 hostisque
1612 247 1736 276 exstitis-

110 303 166 331 ραις
183 295 233 327 τῆς
246 293 383 329 βασιλείας
411 291 457 320 τοῦ
470 292 585 327 ἀδελφοῦ
599 292 681 319 αὑτοῦ
693 292 808 324 Λέοντος
821 300 828 308 ·
844 291 898 318 ὀῦὲ

107 341 324 377 περιωρισμένος
339 341 384 366 ὲπὶ
401 339 488 375 μῆνας
500 338 529 371 ἒξ
543 339 719 375 ἐτελεύτησεν
734 339 829 370 δεινῶς
846 338 898 365 ὑπὸ

108 387 224 423 “idem;
242 386 451 422 κατεργασθείς.

141 435 180 466 ς’.
205 433 235 460 '0
253 433 283 460 δὲ
313 433 405 468 ἄρχων
430 432 598 468 Βουλγαρίας
626 431 740 467 Συμεὼν
768 432 898 468 πρέσϐεις

107 480 175 516 πρὸς
195 479 372 514 Ἀλέξανδρον
398 478 590 512 ἐξαπέστειλεν
613 479 678 513 περὶ
699 479 748 513 τῆς
775 478 897 513 εἰρήνης,

108 526 219 562 μηνύων
230 526 267 558 ὼς
278 525 380 559 ταύτην
388 525 549 556 ἀσπάζοιτο,
559 524 606 551 καὶ
618 524 665 551 τοῦ
678 524 898 559 φιλοφρονεῖσθαι

106 574 187 601 αὑτὸν
203 573 250 600 καὶ
265 572 411 607 τιμᾶσθαι,
429 571 523 608 ὥσπερ
539 572 572 607 δὴ
583 572 628 598 καὶ
641 571 688 597 ἐπὶ
704 570 750 597 τοῦ
767 570 899 605 βασιλέως

106 619 232 649 Λέοντος.
252 618 281 644 'O
298 617 326 644 δὲ
344 617 422 652 ἀνοίᾳ
446 617 492 643 καὶ
515 616 657 652 ἀφροσύνῃ
674 615 822 652 κρατηθεὶς
836 616 899 648 τοὺς

107 665 238 701 πρὲσΰεις
246 663 351 699 ἀτίμως
367 662 531 698 ἐξέπεμψεν,
542 662 668 694 ἀπειλαῖς
677 661 818 697 χρώμενος
828 661 899 689 κατὰ

106 710 220 746 Συμεὼν
234 710 281 737 καὶ
295 708 497 744 καταπλήττειν
511 702 716 743 οἰόμενος.’Τῆς
731 704 777 734 οὖν
788 707 900 742 εἰρήνης

105 755 278 789 διαλυθείσης
299 753 369 780 ὅπλα
387 753 459 780 κατὰ
472 751 644 788 Χριστιανῶν
659 752 770 787 κινῆσαι
785 750 900 786 Συμεὼν

105 800 276 827 ἐϐουλεύετο.

139 845 174 878 ξ’.
193 845 369 880 Ἀλέξανδρος
385 845 412 871 δὲ
429 844 582 880 ἀριστήσας
598 843 646 870 καὶ
657 842 780 874 οἰνωθεὶς
798 842 827 868 ὲν
842 842 899 873 τοῖς

104 891 158 917 ῠπὺ
172 890 243 917 κύνα
260 889 398 925 καύμασιν
412 889 548 924 κατῆλθεν
570 889 603 924 τῇ
630 889 679 923 τῆς
695 887 815 922 σφαίρας
828 887 897 922 χρή-

105 937 206 964 σασθαι
233 936 338 971 παιδιᾷ.
361 935 500 970 Ῥομφαίᾳ
517 935 545 961 δὲ
564 933 689 970 Θεηλάτῳ
705 933 820 967 πληγεὶς
849 933 896 958 καὶ

104 982 237 1016 ἀνελθὼν,
253 982 366 1018 αἳματος
382 981 464 1008 αὐτοῦ
479 980 577 1007 πολλοῦ
591 982 623 1006 ὲκ
636 979 690 1006 τῶν
701 979 781 1014 ῥινῶν
793 979 838 1005 καὶ
852 979 896 1004 αἰ-

104 1029 186 1055 δοίων
203 1027 439 1063 καταφερομένου,
457 1025 527 1061 μετὰ
534 1025 580 1052 δύο
592 1026 700 1061 ἡμέρας
711 1023 897 1058 ἐτελεύτησεν,

107 1075 174 1109 μηνὶ
193 1073 297 1108 Ἰουνίῳ
310 1071 348 1105 ς’,
366 1073 458 1108 ἡμέρᾳ
474 1072 613 1106 κυριακῇ,
641 1069 806 1101 ίνδικτιῶνος
824 1068 900 1104 πρώ-

106 1128 166 1155 της,
179 1119 344 1155 ἐπιτρόπους
353 1117 512 1145 καταλιπὼν
523 1117 656 1144 Νικόλαον
669 1115 842 1150 πατριάρχην
855 1114 902 1141 καὶ

107 1166 245 1200 Στέφανον
276 1165 425 1200 μάγιστρον
441 1163 490 1190 καὶ
523 1163 651 1198 Ἰωάννην
678 1162 829 1196 μάγιστρον
856 1160 902 1186 τὸν

113 1212 228 1238 Ἐλαδᾶν
245 1212 294 1238 καὶ
319 1211 445 1246 Ἰωάννην
474 1210 615 1246 ραίκτωρα
634 1208 681 1234 καὶ
698 1207 832 1242 Εὐθύμιον
855 1206 903 1233 καὶ

112 1258 158 1284 τὸν
170 1257 338 1292 Βασιλίτζην
352 1256 400 1283 καὶ
414 1256 462 1282 τὸν
485 1253 734 1291 Γαϐριηλόπουλον,
754 1253 803 1288 τὴν
826 1253 903 1288 βασι-

109 1304 181 1331 λειαν
193 1303 235 1338 τῷ
253 1303 306 1339 υἰῷ
319 1303 432 1334 Λέοντος
447 1300 648 1337 Κωνσταντίνῳ
664 1300 812 1335 παραδούς.
837 1299 903 1325 Ἀπ-

108 1349 202 1376 (Orno
213 1349 243 1376 δὲ
263 1348 436 1383 Ἀλέξανδρον
452 1348 481 1374 ὲν
497 1348 555 1378 τοῖς
569 1347 664 1380 τάφοις
684 1345 738 1372 τῶν
759 1344 901 1380 βασιλέων,

108 1395 156 1422 καὶ
167 1395 251 1429 ἐτέθη
265 1396 334 1430 μετὰ
347 1394 393 1421 τοῦ
408 1393 510 1429 πατρὸς
522 1392 604 1420 αὑτοῦ
622 1391 773 1419 Βασιλείου.

949 294 1000 318 set.
1018 291 1076 323 Qua
1090 290 1135 318 ille
1150 298 1198 325 per
1216 298 1326 318 menses
1342 298 1387 318 sex
1402 291 1634 324 sequestratioue,
1650 293 1737 321 nimio

949 345 1066 365 mterore
1088 345 1120 364 ex
1139 345 1220 365 casus
1242 337 1385 364 atrocitate
1401 337 1546 365 confectus
1558 357 1566 371 ,
1584 338 1737 368 exstinctus

948 387 1001 410 est.

990 429 1017 456 6.
1041 429 1158 465 Symeon
1174 428 1310 463 Bulgaria;
1324 428 1462 464 princeps,
1472 429 1565 457 missis
1576 429 1610 457 ad
1620 429 1739 458 Alexan-

949 476 1028 503 drum
1043 476 1153 510 legatis,
1169 475 1202 502 de
1213 483 1280 510 pace
1297 475 1450 510 signiﬁcat,
1469 475 1506 502 illi
1526 483 1555 503 se
1571 476 1692 510 studere,
1712 481 1738 504 et

950 527 979 549 ut
993 530 1023 549 se
1037 521 1082 549 ille
1096 522 1270 549 demereatur
1285 529 1318 549 ac
1331 521 1415 554 colat,
1432 521 1506 549 velut
1520 521 1612 549 Leone
1623 522 1740 556 impera-

950 573 1019 596 tore.
1046 567 1202 595 Alexander
1219 567 1358 595 dementia
1373 575 1406 596 ac
1423 568 1580 603 insipientia
1600 573 1680 596 actus
1697 568 1739 596 le-

949 618 1025 648 gatos
1051 613 1250 641 contumeliose
1275 613 1400 647 dimittit,
1426 613 1564 649 minisque
1596 613 1740 647 adhibitis.

949 659 1051 694 quibus
1066 659 1245 687 incussurum
1258 667 1287 687 se
1302 658 1432 695 Symeoni
1447 663 1583 687 terrorem
1596 659 1741 687 existima-

949 705 1028 733 verit.
1055 704 1149 733 Soluta
1163 713 1229 741 ergo
1246 713 1313 741 pace
1333 705 1452 743 Symeon
1468 713 1546 733 artua
1562 712 1673 734 movere
1688 705 1738 733 ad-

949 759 1046 779 \‘ersus
1057 751 1230 780 Christianos
1243 752 1379 787 cogitaba'

986 840 1012 866 7.
1042 838 1177 866 Caeterum
1203 838 1358 867 Alexander
1380 838 1455 874 large
1479 846 1596 874 pransus
1623 839 1742 874 vinoque

952 884 1136 920 ingurgitatus
1158 884 1209 912 sub
1223 885 1355 912 canicula:
1375 885 1530 918 ardoribus,
1550 892 1611 912 cum
1632 885 1666 912 ad
1686 884 1742 920 pila

952 931 1100 959 ludendum
1130 929 1336 963 descendisset,
1369 930 1424 958 Deo
1461 930 1549 958 ultore
1579 938 1740 965 percussus.

951 978 1094 1012 multoque
1112 984 1159 1012 per
1171 984 1251 1004 nares
1264 981 1293 1004 et
1315 981 1453 1004 veretrum
1470 983 1572 1003 cruore
1588 975 1660 1008 fuso.
1681 979 1742 1010 post

952 1024 1065 1052 biduum
1075 1024 1145 1051 vivis
1157 1023 1285 1055 excessit,
1299 1023 1401 1051 mensis
1413 1021 1486 1050 Junii
1497 1022 1524 1054 6,
1535 1022 1578 1049 die
1589 1022 1741 1055 Dominica,

952 1070 1103 1098 indictione
1125 1070 1225 1105 prima,
1242 1069 1382 1097 tutoribus
1404 1068 1508 1096 relictis
1528 1067 1641 1096 Nicolao
1653 1068 1740 1103 patri—

952 1117 1034 1145 archa
1064 1120 1091 1144 et
1121 1115 1260 1151 Stephano
1283 1115 1415 1150 magistro
1430 1113 1590 1150 Joanneque
1609 1113 1741 1149 magistro

953 1163 1038 1191 Elatia
1050 1168 1077 1190 et
1090 1161 1196 1190 Joanne
1212 1166 1318 1190 rectare
1329 1165 1356 1189 et
1369 1161 1515 1197 Eutltymio
1530 1165 1555 1189 et
1572 1159 1700 1188 Basilitze
1715 1165 1743 1188 et

952 1208 1148 1244 Gabrielopulo
1162 1227 1170 1241 ,
1187 1209 1322 1236 translato
1350 1207 1378 1235 in
1401 1207 1614 1235 Constantinum
1642 1205 1743 1233 Leonis

952 1256 1038 1282 ﬁlium
1056 1254 1180 1289 imperio.
1203 1253 1298 1282 lllatus
1318 1253 1471 1281 Alexander
1484 1253 1682 1288 imperatorum
1698 1259 1742 1280 se-

952 1301 1054 1337 pulcris
1071 1307 1103 1328 ac
1116 1307 1180 1328 cum
1193 1299 1295 1328 Basilio
1306 1304 1383 1335 patre
1395 1299 1525 1327 conditus
1535 1303 1588 1327 est.

111 1492 1732 1514 κη’-Μ

560 1589 810 1633 ΒΑΣΙΛΕΙΑ
857 1585 1295 1632 ΚΩΝΣΤΑΝΤΙΝΟΥ

803 1683 884 1710 ΥΙΟΥ
899 1682 1070 1709 ΛΕΟΝΤΟΣ.

905 1775 940 1782 ..-

304 1865 711 1914 CONSTANTINI
767 1860 984 1907 LEONIS
1012 1858 1164 1903 FILII
1221 1853 1552 1900 IMPERIUM.

151 2043 194 2081 [P.
211 2041 277 2078 255]
292 2040 326 2068 α’.
345 2039 548 2070 Κωνσταντῖνος
572 2037 601 2064 δὲ
626 2037 674 2063 τοῦ
693 2035 795 2072 πατρὸς
817 2035 899 2062 αὑτοῦ

989 2033 1069 2070 381
1088 2033 1113 2060 i.
1127 2030 1326 2060 Constantinus
1336 2028 1426 2056 Leone
1438 2030 1515 2062 patre
1530 2029 1638 2053 mortuo
1657 2023 1748 2052 adhuc

1053 2079 1056 2081 -
1119 2078 1125 2081 .
1267 2076 1274 2081 .
1404 2074 1410 2081 .
1441 2079 1446 2081 ,
1581 2070 1691 2081 ῌ-,ὡι
1716 2071 1746 2081 ,ι

112 2088 327 2124 τελευτήσαντος
347 2086 460 2117 Λέοντος
480 2085 544 2115 παῖς
561 2082 601 2109 ἔτι
622 2082 766 2118 τυγχάνων
779 2081 904 2116 (ἕϐδομον

114 2134 171 2170 γὰρ
184 2131 257 2169 εῖχεν
273 2132 323 2167 τῆς
349 2131 457 2166 ἡλικίας
472 2129 542 2162 ἔτος)
559 2127 610 2154 ὑπὸ
627 2124 804 2162 Ἀλεξάνδρου
831 2125 904 2152 θείου

115 2180 200 2208 αὐτοῦ
215 2181 244 2206 ἐν
261 2180 292 2214 τῇ
310 2177 433 2213 βασιλείᾳ
447 2174 654 2206 καταλέλειπτο,
672 2172 724 2199 ὑπὸ
739 2171 906 2207 ἐπιτρόπους

115 2226 213 2253 τελῶν.
236 2224 427 2252 Ἐϐασίλευσεν
439 2220 486 2249 οὖν
510 2221 563 2247 ὐπδ
578 2220 631 2247 τῶν
651 2218 734 2247 αὑτοῦ
750 2218 907 2253 ἔπιτρόπων

116 2273 166 2300 καὶ
177 2273 226 2300 σὺν
241 2273 273 2307 τῇ
291 2271 375 2306 μητρὶ
389 2269 436 2305 ἔτη
449 2267 529 2301 ἑπτὰ,
542 2267 600 2302 ἃμα
612 2266 641 2292 δὲ
661 2264 795 2301 Ῥωμανῷ
811 2263 909 2291 πενθε-

118 2318 159 2355 ρῷ
176 2318 270 2350 αὐτοῦ,
287 2317 325 2344 ὣν
339 2318 368 2343 ἐν
384 2315 520 2350 ὑποταγῇ,
535 2313 618 2348 ἕτερα
641 2312 688 2348 ἔτη
703 2310 759 2344 σις’,
775 2309 909 2346 μονοκρά-

117 2373 176 2401 τωρ
193 2364 222 2391 δὲ
236 2363 284 2398 ἔτη
299 2360 506 2392 πεντεκαίδεκα,
519 2359 556 2391 ὼς
571 2356 640 2385 εἶναι
650 2358 695 2384 τὸν
709 2357 798 2384 πάντα
813 2356 910 2392 χρόνον

117 2411 168 2445 τῆς
184 2409 325 2445 βασιλείας
341 2406 426 2434 αὐτοῦ
442 2406 490 2442 ἔτη
502 2408 548 2432 νε’.
564 2405 720 2439 Λαῦόμενος
735 2401 781 2430 οὖν
796 2402 845 2438 τῆς
861 2401 909 2429 τοῦ

120 2455 252 2482 παλατίου
267 2454 391 2487 ἐξουσίας
407 2452 420 2479 ὁ
436 2450 607 2486 πατριάρχης
623 2449 766 2480 Νικόλαος,
781 2448 851 2476 ὥστε
864 2447 912 2475 καὶ

120 2501 200 2533 αὐτὸς
214 2500 361 2535 ἐπίτροπος
375 2497 413 2525 ὢν
434 2498 482 2525 σὺν
501 2496 540 2532 τῷ
559 2496 705 2532 μαγίστρῳ
721 2495 850 2530 Στεφάνῳ
866 2494 912 2520 καὶ

120 2546 159 2584 τῷ
180 2545 280 2582 Ἐλαδᾷ
302 2545 416 2581 Ἰωάννῃ
437 2543 581 2579 μαγίστρῳ
608 2543 656 2569 καὶ
684 2541 770 2576 αὐτῷ,
788 2540 838 2576 τὴν
865 2540 913 2567 τοῦ

122 2591 212 2620 κοινοῦ
228 2591 358 2628 πρόνοιαν
373 2591 492 2617 ἐποιεῖτο
507 2589 554 2616 καὶ
565 2588 614 2624 τὴν
629 2587 758 2624 φροντίδα
772 2586 845 2623 εἶχεν
860 2586 914 2614 τῶν

123 2639 153 2674 τῇ
167 2636 293 2673 βασιλείᾳ
308 2635 479 2672 πραγμάτων
491 2634 647 2670 ἀνηκόντων
660 2632 805 2669 ὁσημίραι,

157 2682 191 2718 β’.
215 2682 262 2710 Ἐν
275 2682 382 2713 τούτοις
394 2680 441 2708 οὖν
458 2681 507 2716 τῆς
522 2680 658 2715 βασιλείας
676 2679 769 2714 οὗσης,
787 2677 914 2715 δηλοῦται

956 2088 1022 2116 puer
1048 2078 1204 2114 (septimum
1229 2076 1329 2111 quippe
1353 2074 1450 2109 agebat
1472 2073 1559 2100 aetatis
1579 2070 1693 2105 annum)
1715 2071 1749 2097 ab

957 2126 1112 2154 Alexandro
1138 2127 1237 2159 patruo
1260 2122 1286 2149 in
1303 2120 1418 2156 imperio
1435 2119 1487 2148 sub
1509 2117 1644 2146 tutoribus
1667 2116 1750 2144 relin-

958 2173 1061 2208 quitur.
1078 2170 1136 2198 Sub
1152 2169 1206 2198 illis
1221 2170 1314 2203 itaque
1336 2175 1369 2194 ac
1383 2174 1445 2194 cum
1464 2171 1551 2192 matre
1564 2171 1614 2192 sua
1632 2164 1751 2197 impera-

959 2217 997 2246 vit
1020 2225 1105 2245 annos
1138 2219 1256 2251 septem,
1290 2220 1353 2241 cum
1383 2213 1509 2240 Romano
1533 2217 1629 2238 socero
1656 2208 1752 2243 illique

959 2263 1100 2299 subjectus
1117 2269 1206 2290 annos
1221 2261 1289 2288 alios
1310 2267 1357 2288 sex
1375 2265 1459 2294 supra
1476 2256 1590 2292 viginti;
1609 2255 1685 2283 solus
1701 2254 1749 2281 dc-

961 2311 1044 2346 uique
1070 2308 1215 2345 imperium
1239 2306 1310 2335 rexit
1339 2312 1427 2333 annos
1455 2302 1623 2340 quindecim.
1661 2302 1752 2336 Atque

961 2359 1030 2387 adeo
1045 2357 1105 2393 ejus
1121 2355 1228 2391 imperii
1254 2358 1363 2388 tempus
1376 2360 1459 2381 omne
1475 2357 1609 2378 annorum
1630 2348 1752 2384 quinque

962 2411 1044 2440 supra
1080 2401 1282 2438 quinquaginta
1307 2399 1397 2435 spatio
1419 2398 1603 2427 concluditur.
1636 2396 1751 2429 Arrepta

963 2451 1054 2486 itaque
1069 2448 1197 2477 Nicolaus
1222 2446 1378 2482 patriarcha
1398 2445 1467 2473 aulze
1483 2447 1618 2486 potestate
1644 2441 1686 2477 (ut
1701 2440 1766 2476 qui'

964 2484 1022 2530 ipse
1035 2499 1109 2523 tutor
1122 2501 1185 2522 cum
1198 2492 1332 2528 magistro
1343 2491 1483 2526 Stephano
1498 2494 1525 2516 et
1540 2484 1647 2518 Joanne
1655 2484 1752 2518 Elatia,

965 2541 1023 2577 ipso
1038 2540 1140 2575 pariter
1153 2539 1294 2574 magistro,
1304 2536 1374 2571 erat)
1387 2534 1545 2570 reipublicae
1556 2530 1752 2569 prospiciebat.

965 2587 1142 2623 quotidieque
1152 2585 1235 2613 rebus
1250 2583 1284 2611 ad
1298 2582 1443 2618 imperium
1456 2579 1645 2616 spectantibus
1658 2577 1753 2606 sedulo

966 2641 1077 2669 operam
1094 2631 1222 2661 navabat.

1001 2678 1028 2706 2.
1042 2677 1082 2705 Eo
1097 2676 1179 2712 igitur
1194 2674 1352 2710 reipublicae
1367 2677 1452 2704 statu,
1468 2679 1501 2699 ac
1515 2678 1576 2698 cum
1593 2669 1635 2697 sic
1650 2667 1756 2697 Bouia—

126 2714 322 2763 Κωνσταντίνῳ
335 2727 375 2763 τῷ
397 2714 490 2760 δουκὶξ
510 2726 662 2762 δομεστίχῳ
686 2714 846 2762 τυγχάνοντι
860 2725 904 2751 τῶ·

967 2733 1032 2754 num
1058 2723 1299 2752 administraretur
1320 2719 1480 2755 imperium.
1509 2716 1622 2752 quidam
1638 2715 1673 2742 ab
1689 2714 1756 2741 urbe

128 2774 239 2812 σχολῶν,
253 2774 332 2809 παρά
342 2781 425 2800 τινων
438 2773 492 2800 τῶν
502 2774 530 2800 ὲν
545 2773 578 2808 τῇ
592 2772 668 2799 πόλει
685 2772 856 2807 μεγιστάνων
873 2780 916 2805 φι-

125 2822 241 2849 λούντων
261 2820 343 2848 αὑτὸν
360 2820 398 2852 ὡς
422 2820 545 2855 ἀνδρεῖον
563 2820 612 2846 καὶ
633 2818 747 2854 νουνιχῆ
764 2818 811 2845 καὶ
825 2816 917 2848 καλῶς

128 2867 274 2904 δυνάμενον
288 2866 339 2904 τὴν
361 2866 501 2902 βασιλείαν
515 2865 660 2902 κυϐερνᾷν,
680 2864 723 2902 [Ρ.
737 2863 802 2901 236]
829 2863 917 2890 εἰσελ-

131 2913 184 2942 οιίν
208 2914 256 2942 καὶ
270 2913 372 2949 ταύτης
387 2912 525 2948 ἐγκρατὴς
539 2912 666 2946 γενέσθαι
681 2910 805 2945 ἀπονητί.
826 2909 871 2940 Ὦς
888 2908 916 2935 δέ

966 2770 1148 2799 Constantino
1174 2767 1242 2796 Duci
1257 2766 1417 2795 scholarum
1440 2763 1610 2794 domestico,
1627 2768 1708 2796 quem
1725 2764 1756 2787 ut

966 2818 1054 2846 virum
1071 2815 1169 2845 fortem
1196 2822 1229 2842 ac
1242 2817 1331 2841 catum
1349 2811 1487 2848 probeque
1503 2807 1622 2844 gerendo
1639 2806 1757 2842 imperio

966 2870 1059 2900 parem
1085 2867 1261 2898 guavumquo
1279 2858 1437 2894 diligerent.
1467 2860 1497 2883 ut
1520 2854 1629 2882 adesset
1653 2851 1757 2900 signiﬁ—

967 2898 1030 2936 eant
1045 2915 1052 2933 :
1069 2908 1126 2935 fore
1146 2906 1278 2934 nimirum
1297 2908 1327 2931 ut
1355 2902 1430 2930 nullo
1455 2901 1550 2929 labore
1567 2906 1658 2927 rerum
1680 2898 1707 2925 in
1728 2904 1757 2924 se
