1997 3167
280 221 330 255 ιιι

825 219 1079 250 THEOPHANES
1093 206 1374 250 communes.

1861 213 1904 245 ii!

282 285 346 305 nem
370 275 470 303 veniat.
495 275 532 303 Re
548 274 641 310 itaque
665 281 727 302 eum
748 274 806 303 suis
832 275 982 303 deliberata
999 275 1073 312 (nam

1135 273 1228 306 ταντδς
1244 273 1325 309 μέχρι
1339 273 1386 300 τοῦ
1417 271 1619 303 Βουκολέοντος.
1634 271 1682 303 ⁸ος
1700 270 1769 306 μετὰ
1786 270 1839 297 τῶν
1864 272 1905 300 σὺν

282 321 397 358 urgebat
412 321 521 356 fatum),
543 321 604 356 ipso
628 321 879 349 intem'eratissimaa
895 322 1015 357 Virginis
1040 329 1073 349 ac

284 369 332 396 Dei
357 367 503 396 Genitricis
527 367 751 394 Annuntiationis
779 366 896 394 solemni
921 367 974 400 die,
1006 365 1072 395 feria

283 415 390 451 quinta,
421 421 503 441 manu
529 417 636 440 armata
655 420 718 440 cum
733 413 816 448 395,
837 414 966 441 universa
986 413 1073 441 classe

285 461 319 489 ad
333 460 515 488 Bucoleonem
533 459 627 493 venit;
647 458 796 494 statimque
812 459 942 494 magister
957 458 1074 494 Stepha-

285 514 337 534 nus
350 507 412 534 aula
429 505 553 533 discedit.
581 504 691 533 Nicetes
708 509 798 532 autem
811 505 943 540 patricius
959 505 1074 532 Romani

284 559 417 579 consocer
433 552 460 578 in
473 550 603 586 palatium
612 551 725 578 veniens
736 550 878 578 Nicolaum
889 551 1073 586 patriarcham

286 598 350 626 inde
375 597 503 626 extrusit.
528 597 689 625 Aulicorum
729 604 795 632 ergo
826 597 926 624 animis
956 596 1074 624 Romani

284 644 464 680 jurejurando
487 643 616 675 firmatis,
643 642 791 678 pretiosam
817 650 850 671 ac
876 642 1011 670 viviﬁcam
1040 642 1074 670 ad

284 696 349 716 eum
368 689 503 717 miserunt
519 695 649 722 erucem,
675 696 757 723 quam
780 689 824 716 ille
841 692 1005 722 veneratus,
1025 689 1076 715 ite-

286 742 405 769 rumque
421 740 594 762 sacramento
609 734 772 769 interposito
788 733 869 761 ﬁdem
889 734 1076 769 obstringens,

288 788 352 808 cum
367 780 408 808 eis
420 780 570 815 paucisque
582 781 712 808 comitum
728 779 923 814 imperatorem
941 780 1079 808 salutatu-

288 834 337 854 ηις
352 826 379 853 in
391 826 522 853 palatium
534 826 687 854 adscendit.
710 825 906 860 Ingressusque
917 833 979 853 cum
996 833 1029 854 eo
1049 826 1077 854 in

286 872 419 907 templum
431 873 504 908 quod
521 877 562 900 est
578 873 604 899 in
620 871 718 905 Pharo,
734 871 854 906 dataque
871 872 906 899 ibi
923 877 951 899 et
966 877 1078 908 accepta

289 919 447 946 securitatis
464 919 527 950 fide,
546 918 693 946 confestim
710 919 840 954 magister
856 923 882 946 et
899 926 1015 954 magnus
1028 919 1079 947 he-

288 965 431 992 taeriarclia
447 965 606 1000 praeficitur.
636 964 735 993 Statim
754 972 820 1001 ergo
835 971 914 993 sacra
932 965 1022 1001 jussio
1045 967 1079 995 ad

291 1012 409 1041 Leonem
425 1012 545 1040 Phocam
562 1012 657 1044 missa,
676 1018 730 1046 qua
744 1011 768 1038 is
788 1011 823 1038 ab
837 1012 912 1039 omni
931 1011 1081 1041 conflandte

289 1058 435 1086 seditionis
463 1057 605 1092 proposito
632 1057 844 1084 absterreretur.
880 1057 1081 1086 Constantinus

288 1109 401 1137 quoque
422 1100 564 1129 accubitor
585 1101 612 1127 in
635 1100 759 1127 eamdem
782 1101 946 1128 sententiam
959 1101 1081 1130 scribere

288 1147 394 1182 iussus,
414 1150 441 1174 et
457 1150 486 1174 ut
507 1146 575 1173 nihil
592 1145 620 1173 in
636 1145 781 1173 adversum
803 1146 942 1180 moliatur,
959 1147 1006 1175 sed
1019 1155 1082 1183 per-

290 1196 396 1221 severet
419 1191 579 1228 imperatori
595 1191 782 1219 Constantino
802 1193 926 1220 subesse.
949 1195 1082 1229 Acceptas

291 1245 387 1267 sacras
407 1238 531 1265 Andreas
553 1236 621 1273 regii
646 1237 767 1265 vestiarii
784 1238 957 1273 primicerius
972 1239 1006 1266 ad
1018 1246 1082 1267 eum

289 1287 358 1310 tunc
375 1284 402 1310 in
422 1282 595 1318 Cappadocia
620 1287 774 1311 versantem
797 1283 900 1316 defert;
917 1284 1018 1319 quibus
1035 1284 1083 1313 ille

290 1330 410 1365 acceptis
435 1330 570 1366 lectisque
593 1338 624 1359 se
654 1331 767 1359 domum
797 1330 935 1367 recipiens
958 1331 1083 1367 privatus

291 1377 356 1413 egit.

328 1466 372 1494 l5.
400 1466 504 1500 Quinta
526 1472 686 1496 sanctorum
707 1467 877 1503 ieiuniorum
900 1468 1083 1502 hebdomada,

291 1520 386 1540 mense
397 1513 495 1547 Aprili,
516 1513 579 1541 data
593 1521 608 1541 a
626 1513 808 1542 Constantino
823 1514 989 1549 imperatore
1005 1514 1085 1543 Hele-

293 1565 334 1586 na
354 1558 469 1586 Romani
498 1559 561 1586 [Iliae
587 1560 679 1595 (quam
695 1565 794 1595 praeter
816 1561 944 1596 corporis
965 1561 1083 1596 speciem

1122 321 1198 356 αὐτῷ
1212 319 1428 357 βουλευσάμενος
1445 318 1494 355 (τὸ
1507 318 1563 354 γὰρ
1580 318 1645 353 ἄγον
1659 315 1726 354 ἦγεν
1740 317 1822 344 αὐτὸν
1835 317 1858 351 ),
1877 321 1904 354 τῇ

1123 367 1216 403 ἡμέρᾳ
1235 366 1282 393 τοῦ
1300 364 1510 400 Εὑαγγελισμοΰ
1526 364 1576 399 τῆς
1603 363 1794 399 ὑπεραμώμου
1810 363 1907 398 Παρθέ-

1124 405 1168 440 νου
1185 412 1233 440 καὶ
1260 412 1392 438 Θεοτόκου
1411 411 1541 447 (πέμπτη
1566 410 1597 437 δὲ
1616 408 1671 445 ἦν)
1697 408 1780 446 metu
1808 409 1908 443 ἔνοπλος

1125 458 1183 494 ἁμα
1196 458 1235 493 τῷ
1255 458 1340 493 στόλῳ
1357 458 1440 484 παντὶ
1455 458 1484 484 ὲν
1499 457 1539 493 τῷ
1560 456 1745 484 Βουκολέοντι.
1767 456 1822 483 Καὶ
1848 464 1910 491 παρ-

1125 504 1190 532 ευθὺ
1219 505 1355 540 Στέφανος
1382 505 1431 540 μὲν
1455 504 1606 540 μάγιστρος
1636 502 1732 538 ἐξῆλθε
1760 503 1807 529 τοῦ
1834 502 1909 530 παλα-

1124 551 1194 585 τίου,
1209 551 1331 586 Νικήτας
1360 550 1389 577 δὲ
1416 550 1560 585 πατρίκιος
1575 551 1589 576 ό
1603 549 1791 585 συμπενθερδς
1813 549 1909 584 Ῥωμα-

1126 597 1176 626 νοῦ
1190 596 1310 624 ἀνελθὼν
1333 597 1363 624 ὲν
1387 596 1427 631 τῷ
1442 595 1567 631 παλατίῳ
1593 596 1729 630 ἐξήγαγεν
1746 595 1853 622 ἐκεῖθεν
1873 597 1909 622 τὸν

1127 643 1301 679 πατριάρχην
1325 641 1468 670 Νικόλαον.
1483 641 1600 677 ’Ὀρκοις
1624 639 1672 668 οὖν
1687 641 1879 676 βεδαιωθέντες
1892 643 1910 668 o!

1130 690 1178 717 τοῦ
1191 689 1325 717 παλατίου
1335 689 1411 725 παρὰ
1431 688 1573 722 Ῥωμανοῦ
1593 689 1761 716 ἀπέστειλαν
1778 688 1847 724 πρὸς
1873 689 1912 715 αὐ-

1127 737 1172 764 τδν
1182 736 1228 764 τὸν
1242 736 1282 769 ξω
1287 736 1378 763 οποιὺν
1388 735 1436 763 καὶ
1445 735 1536 771 τίμιον
1550 735 1664 770 σταυρὸν
1673 736 1720 763 καὶ
1730 735 1912 771 προσκυνήσας

1128 782 1211 809 αὐτὸν
1225 782 1273 809 καὶ
1297 781 1391 816 ὅρκοις
1420 780 1575 816 βεδαιὼσας
1607 781 1706 813 αὐτοὺς
1732 780 1837 816 ἀνῆλθε
1865 781 1912 816 μετ’

1128 828 1220 856 αὐτῶν
1239 828 1268 855 ὲν
1283 827 1323 864 τῷ
1343 827 1466 862 παλατίῳ
1479 826 1528 854 καὶ
1541 826 1640 861 ὀλίγων
1653 827 1746 859 τινῶν,
1764 828 1913 862 προσκυνή-

1129 882 1186 901 σων
1198 874 1246 900 τδν
1262 873 1385 907 βασιλέα.
1397 873 1453 900 Καὶ
1469 872 1599 900 εἰσελθὼν
1612 872 1761 908 μετάὑτοῦ
1773 874 1802 899 ὲν
1814 872 1854 908 τῷ
1868 873 1914 908 ναῷ

1129 919 1168 955 τῷ
1176 920 1205 946 ὲν
1213 919 1253 955 τῷ
1261 919 1353 955 Φάρῳ,
1360 920 1408 946 καὶ
1416 919 1521 951 πίστεις
1530 918 1605 955 αὗτῷ
1614 919 1675 951 δοὺς
1684 921 1730 947 καὶ
1742 918 1844 953 λαϐὼν,
1854 928 1903 954 παρ

1131 965 1196 992 ευθὺ
1217 965 1422 1002 προχειρίζεται
1443 966 1509 1001 παρ’
1517 965 1601 992 αὐτοῦ
1621 965 1769 1001 μάγιο-ιρος
1780 967 1827 992 καὶ
1839 966 1915 1001 μέγας

1135 1011 1340 1048 έταιρειάρχης.
1375 1011 1480 1039 Αὐτίκα
1510 1012 1575 1045 γοῦν
1607 1011 1668 1039 θεία
1699 1011 1825 1044 κέλευσις
1857 1012 1913 1047 πρὸς

1131 1057 1236 1086 Λέοντα
1252 1057 1298 1083 τὸν
1314 1057 1421 1089 Φωκᾶν,
1438 1057 1663 1092 παρεγγυωμένη
1680 1057 1816 1092 μηδαμῶς
1832 1058 1915 1084 στάσιν

1131 1103 1193 1130 τινὰ
1204 1103 1342 1138 ἐννοῆσαι.
1359 1102 1498 1135 Ὡσαύτως
1525 1103 1573 1130 καὶ
1592 1103 1745 1138 γράμματα
1773 1102 1913 1138 ἐκελεύσθη

1131 1149 1338 1180 Κωνσταντῖνος
1368 1147 1621 1184 παρακοιμώμενος
1650 1148 1766 1183 γράψαι,
1779 1148 1816 1176 τὰ
1839 1149 1913 1183 ὃμοια

1130 1195 1222 1222 αὐτῶν
1238 1194 1464 1230 παραγγέλλοντα
1480 1194 1526 1222 καὶ
1555 1194 1639 1230 μηδὲν
1666 1195 1788 1222 ἐναντίον
1812 1195 1913 1230 βουλεύ-

1132 1240 1242 1274 σασθαι,
1258 1240 1316 1268 ἀλλ’
1331 1241 1361 1268 ὲν
1376 1241 1499 1276 ὑποταγῇ
1514 1238 1583 1268 εἶναι
1599 1240 1732 1276 βασιλέως
1740 1241 1911 1268 Κωνσταντί-

1133 1295 1192 1314 νου.
1214 1286 1429 1322 ’Δναλαὸόμενος
1454 1285 1501 1313 οὖν
1516 1285 1604 1313 ταῦτα
1631 1286 1761 1321 Ἀνδρέας
1788 1288 1916 1322 πριμικὴ-

1134 1340 1191 1368 ριος
1204 1330 1252 1359 τοῦ
1270 1331 1411 1367 βασιλικοῦ
1427 1331 1583 1367 βεστιαρίου
1593 1331 1762 1367 ἀπεκόμισεν
1774 1331 1849 1367 αὖτῷ
1862 1332 1918 1359 ταῦ·

1135 1387 1171 1406 τα
1187 1378 1215 1405 ὲν
1229 1377 1415 1414 Καππαδοκίᾳ
1433 1378 1490 1404 ὄντι
1505 1385 1512 1393 ·
1529 1377 1576 1404 καὶ
1600 1377 1748 1414 δεξάμενος
1775 1377 1862 1405 ταῦτα
1877 1379 1919 1404 νιὶ

1135 1425 1283 1459 ἅναγνοὺς,
1300 1422 1425 1451 ἀπελθὼν
1442 1424 1471 1450 ὲν
1483 1423 1522 1459 τῷ
1538 1423 1596 1460 ίδίῳ
1609 1423 1678 1460 οἴκῳ
1694 1423 1842 1459 ἡσύχαζεν.

1169 1469 1213 1505 [Ρ.
1225 1468 1290 1505 244]
1307 1471 1352 1504 ιγ’.
1363 1468 1403 1505 Τῇ
1430 1468 1460 1495 δὲ
1474 1469 1586 1505 πέμπτῃ
1609 1469 1736 1504 ἑϐδομάσι
1763 1470 1819 1496 τῶν
1842 1469 1920 1503 ἁγίων

1133 1514 1287 1551 Νηστειῶν,
1309 1515 1457 1550 Ἀπριλλίῳ
1475 1515 1551 1550 μηνὶ,
1572 1515 1674 1542 δίδοται
1696 1515 1827 1552 ἀρραϐὼν
1845 1525 1922 1551 γαμι-

1135 1559 1183 1587 κοῦ
1210 1559 1434 1595 συναλλάγματος
1452 1560 1526 1595 παρὰ
1555 1560 1764 1588 Κωνσταντίνου
1795 1561 1922 1597 βασιλέως

292 1604 378 1631 animi
389 1611 499 1640 quoque
511 1605 656 1640 prudentia
668 1606 846 1641 spectabilem
862 1606 1003 1642 reddebat)
1017 1615 1082 1635 con-

1143 1605 1237 1642 Ἐλένῃ
1252 1607 1286 1642 τῇ
1305 1607 1422 1642 θυγατρὶ
1441 1606 1594 1642 Ῥωμανοῦ,
1642 1606 1710 1643 πρὸς
1725 1607 1824 1639 κάλλος
1837 1616 1922 1643 σωμα-

292 1655 398 1678 tractus
420 1651 552 1686 nuptialis
574 1652 675 1684 arrlia,
704 1653 838 1687 tertiaque
861 1651 974 1681 Paselue
995 1654 1088 1688 (quant

294 1696 414 1724 Galilaaae
435 1698 551 1731 vocant)
576 1697 751 1726 benedicitur
781 1706 890 1734 tutaque
915 1706 978 1727 cum
1005 1700 1050 1727 illa
1074 1708 1088 1728 a

294 1743 405 1771 Nicolao
425 1744 582 1778 patriarcha
600 1744 712 1773 corollis
733 1745 902 1780 nuptialibus
927 1746 1088 1774 redimitur:

294 1790 375 1826 395
396 1791 505 1826 quando
529 1795 557 1818 et
581 1789 735 1818 Romanum
761 1792 887 1826 provehit
915 1792 1089 1827 imperatoris

296 1841 412 1872 patrem,
441 1836 500 1870 ejus
524 1836 579 1865 filio
610 1836 810 1872 Christophoro
834 1837 861 1865 in
890 1839 976 1873 patris
998 1839 1087 1867 locum

297 1883 475 1910 lietzeriarclia
501 1888 637 1918 promoto.
664 1882 719 1911 Nec
731 1884 847 1912 multum
870 1885 1001 1919 temporis
1021 1886 1086 1914 abs-

293 1933 428 1962 cesserat,
451 1937 514 1957 cum
543 1928 596 1958 Leo
618 1929 734 1962 Phocas.
750 1932 930 1966 quorumdam
942 1938 1086 1966 procerum

295 1983 328 2003 ac
345 1976 517 2004 tribunomm
534 1983 619 2004 suasu
641 1976 885 2012 subjectarumque
904 1978 928 2005 ei
947 1978 1085 2013 legionum

294 2022 417 2054 hortatu,
432 2029 476 2049 res
490 2029 575 2049 novas
591 2022 720 2056 molitur;
744 2024 889 2059 accitoque
904 2023 1088 2053 Constantino

295 2069 453 2097 accubitore
469 2069 705 2104 Constantinoque
727 2073 754 2097 et
774 2070 923 2098 Anastasio
942 2069 1087 2106 Gonguliis

294 2115 433 2149 germanis
450 2114 594 2147 fratribus,
610 2123 660 2142 nec
675 2123 730 2142 non
747 2115 930 2143 Constantino
943 2116 1087 2144 Maleliauo

295 2168 312 2187 a
327 2161 440 2189 secretis
458 2162 557 2196 primo,
570 2161 678 2188 cunctis
693 2162 858 2196 persuadere
873 2163 970 2190 nititur
983 2164 1010 2190 in
1025 2172 1087 2198 gra—

297 2206 362 2233 tiam
386 2207 561 2234 Conslantini
585 2208 762 2242 imperatoris
785 2215 846 2235 eam
877 2215 906 2236 se
936 2211 1084 2237 motionem

294 2251 398 2279 facere.
417 2250 558 2279 Romanus
575 2260 639 2279 vero
652 2252 826 2288 imperatoris
846 2258 922 2288 pater
937 2254 1019 2282 bullis
1033 2264 1083 2283 au-

1140 1653 1216 1680 τικὸν
1239 1653 1436 1689 προσήκμαζεν
1458 1652 1506 1681 καὶ
1520 1653 1646 1685 σύνεσις·
1662 1654 1710 1681 καὶ
1729 1656 1765 1689 τῇ
1779 1655 1857 1690 τρίτῃ
1880 1654 1921 1681 τοῦ

1141 1699 1248 1735 Πάσχα,
1268 1699 1404 1736 λεγομένῃ
1433 1699 1482 1735 τῆς
1508 1699 1675 1732 Γαλιλαίας,
1700 1699 1853 1734 εὐλογεῖται
1879 1699 1920 1726 καὶ

1141 1745 1320 1780 στεφανοῦται
1341 1745 1400 1781 ἅμα
1414 1745 1484 1779 αὕτη
1498 1746 1573 1781 παρὰ
1591 1746 1728 1773 Νικολαου
1747 1746 1921 1782 πατριάρχου,

1144 1791 1284 1826 Ῥωμανδν
1328 1790 1547 1826 βασιλεοπάτορα
1592 1790 1800 1826 προϐαλόμενος
1827 1798 1834 1805 ’
1872 1790 1922 1816 ἀντ’

1139 1835 1222 1862 αὑτοῦ
1249 1836 1277 1863 δὲ
1310 1837 1495 1872 Χρισιοφόρον
1531 1836 1588 1863 υίδν
1621 1835 1705 1863 αὑτοῦ
1736 1836 1923 1872 ἑταιρειάρχην

1138 1882 1302 1918 κατέστησε.
1333 1883 1400 1909 Μετ’
1419 1882 1450 1909 οὐ
1467 1881 1534 1909 πολὺ
1558 1882 1587 1908 δὲ
1602 1881 1680 1909 Λέων
1695 1883 1710 1909 ό
1735 1883 1834 1914 Φωκᾶς
1855 1883 1922 1909 ἁπα-

1140 1928 1233 1964 τηθεὶς
1267 1929 1342 1964 παρά
1371 1928 1401 1955 τέ
1430 1936 1511 1955 τινων
1540 1927 1678 1963 ἀρχόντων
1703 1929 1753 1955 καὶ
1777 1928 1832 1955 τῶν
1847 1928 1923 1955 αὐτοῦ

1138 1975 1285 2010 ταγμάτων
1300 1975 1367 2010 πρὸς
1390 1974 1538 2010 ἀνταρσίαν
1554 1976 1680 2002 κινεῖται.
1698 1975 1755 2001 Καὶ
1786 1974 1924 2002 ἁνελάὁετο

1139 2022 1189 2048 σὺν
1216 2021 1292 2057 αὐτῷ
1312 2022 1359 2048 τόν
1379 2030 1409 2048 τε
1434 2021 1686 2057 παρακοιμώμενον
1715 2021 1923 2053 Κωνσταντίνον,

1138 2068 1187 2094 καὶ
1205 2068 1411 2094 κωνσταντῖνον
1424 2067 1470 2094 καὶ
1494 2067 1673 2094 ’Λναστάσιον
1690 2067 1752 2099 τοὺς
1765 2066 1924 2102 Γογγυλίους

1137 2113 1185 2139 καὶ
1199 2112 1393 2148 αὑταδέλφους,
1416 2112 1463 2140 καὶ
1477 2113 1685 2140 Κωνσταντϊνον
1700 2113 1924 2148 πρωτασηκρῆτιν

1139 2158 1187 2184 τὸν
1201 2158 1350 2190 Μαλελίας⁷
1364 2158 1548 2194 πληροφορῶν
1563 2158 1687 2191 ἅπαντας
1699 2159 1748 2185 καὶ
1764 2159 1878 2194 βεϐαιῶν
1891 2158 1925 2189 ὡς

1137 2204 1207 2240 ὑπὲρ
1218 2203 1265 2230 τοῦ
1294 2203 1426 2239 βασιλέως
1443 2205 1649 2231 Κωνσταντίνου
1678 2204 1729 2240 τὴν
1744 2205 1832 2240 αὐτὴν
1848 2205 1924 2231 ποιεῖ-

1136 2257 1180 2276 ται
1192 2250 1307 2285 κίνησιν.
1329 2249 1503 2283 Ῥωμανὺςδὲ
1515 2250 1530 2277 ό
1547 2250 1756 2286 βασιλεοπάτωρ
1784 2249 1924 2286 χρυσοὸοὑ-

297 2297 352 2325 reis
366 2305 396 2325 ac
412 2297 569 2332 diplomatis
584 2298 788 2334 subscriptione
810 2300 936 2332 munitis,
952 2303 1032 2336 quasi
1052 2310 1082 2329 ex

1138 2295 1185 2322 λια
1202 2296 1319 2331 ποιήσας
1337 2297 1515 2332 ὲνυπόγραφα
1531 2297 1569 2329 ὡς
1592 2298 1624 2323 ὲκ
1644 2296 1793 2332 προσώπου
1814 2296 1859 2324 τοῦ
1882 2295 1925 2331 βω

295 2344 468 2371 Constantini
481 2346 654 2379 imperatoris
671 2354 799 2381 persona,
817 2347 917 2381 quibus
936 2355 968 2374 ea
981 2348 1086 2376 molitio

296 2390 482 2423 uertebatur,
508 2398 612 2426 eosque
629 2392 676 2427 qui
694 2391 785 2420 Plioca
801 2393 897 2420 relicto
918 2393 952 2421 ad
965 2393 1087 2429 impera-

296 2443 384 2466 torem
405 2437 585 2473 confugerent
602 2438 636 2465 ah
661 2438 835 2473 imperatoris
862 2444 936 2467 stare
959 2441 1087 2475 partibus

295 2484 513 2520 signiﬁcabatur.
528 2484 620 2517 editis,
637 2485 800 2520 mulierique
814 2485 923 2513 etfronti
944 2494 977 2514 ac
996 2491 1084 2515 teme-

297 2531 378 2558 rariae
395 2530 482 2558 Anna
499 2530 610 2558 nomine
627 2530 720 2566 (quam
747 2535 774 2559 et
797 2531 945 2560 Basilicam
964 2534 1087 2568 appella-

297 2579 374 2607 runt,
388 2582 420 2602 ac
437 2576 460 2603 si
476 2575 681 2611 imperatoriam
699 2576 786 2609 dicas)
809 2585 841 2604 ac
857 2577 958 2606 clerico
975 2579 1086 2607 cuidam

299 2620 426 2648 Mirbaeli
445 2622 619 2655 eontraditls,
644 2623 671 2650 in
692 2622 790 2651 Leonis
813 2630 903 2652 castra
924 2626 1027 2654 emisit.
1053 2626 1087 2654 Hi

298 2672 410 2702 accepta
436 2667 585 2702 diplomata
613 2674 670 2697 toto
695 2670 750 2698 late
774 2672 897 2699 exercitu
929 2672 1085 2700 clanculum

299 2718 472 2751 sparserunt.
491 2713 531 2742 Ac
543 2714 659 2743 Michael
671 2716 780 2751 quidem
798 2724 813 2744 a
829 2717 921 2745 Phoca
937 2719 1088 2754 deprehen-

298 2766 364 2793 sus,
395 2760 556 2788 verberibus
573 2760 633 2789 dire
653 2767 805 2796 contusus,
826 2771 893 2791 naso
919 2765 1089 2799 auribustlue

298 2806 431 2834 multatus
455 2810 508 2834 est.
538 2805 638 2835 Verum
662 2808 686 2836 is
706 2813 800 2843 postea
817 2815 832 2835 a
848 2808 972 2836 Romano
986 2817 1088 2837 conve-

300 2852 420 2880 nientem
436 2854 522 2882 vicem
537 2860 704 2884 consecutus
717 2859 770 2888 est,
790 2855 946 2891 pariterque
961 2864 1023 2884 cum
1043 2858 1088 2885 illo

300 2898 438 2927 submissa
458 2901 568 2928 mulier.
595 2901 705 2930 Primus
731 2902 824 2937 itaque
839 2902 1038 2930 Constantinus
1049 2903 1088 2931 lc-

299 2944 391 2980 gionis
411 2944 583 2975 lcanatorum
613 2948 686 2980 dux.
717 2948 931 2977 Barvmichaelis
959 2949 1048 2978 ﬁlius.
1074 2960 1087 2978 a

1141 2341 1237 2374 σιλέως
1257 2342 1476 2374 Κωνσταντίνου,
1488 2343 1539 2377 τῆς
1560 2343 1690 2377 τοιαύτης
1703 2343 1854 2379 ἐπιϐουλῆς
1864 2343 1921 2369 ἀνα-

1139 2388 1244 2423 τροπὴν
1260 2388 1434 2423 περιέχοντα,
1461 2388 1509 2416 δια)⁸
1523 2388 1561 2420 ὡς
1576 2389 1601 2415 οἱ
1611 2389 1658 2416 τὸν
1678 2389 1778 2416 Φωκᾶν
1802 2388 1921 2422 καταλιμ-

1140 2434 1283 2467 πάνοντες,
1300 2432 1339 2468 τῷ
1364 2432 1470 2468 βασιλεῖ
1493 2433 1522 2459 δὲ
1548 2433 1772 2469 προσφεύγοντες
1792 2434 1864 2470 ὑπὲρ
1883 2431 1925 2458 τοῦ

1142 2478 1274 2514 βασιλέως
1303 2479 1389 2512 εἰσὶν,
1411 2479 1473 2511 δοὺς
1492 2479 1564 2506 αὐτὰ
1586 2480 1672 2516 Ἀννῃ
1691 2480 1805 2514 γυναικὶ
1834 2478 1927 2507 ἀναιδεῖ

1142 2526 1188 2552 καὶ
1202 2525 1327 2561 θρασείᾳ,
1343 2525 1376 2561 ἠν
1387 2525 1435 2552 καὶ
1454 2525 1604 2560 Βασιλικὴν
1619 2526 1862 2561 προσηγόρευσαν,
1885 2523 1927 2550 καὶ

1141 2571 1266 2607 κληρικῷ
1284 2580 1338 2598 τινι
1354 2571 1476 2607 Μιχαὴλ,
1492 2571 1522 2598 ὲν
1533 2571 1572 2606 τῷ
1591 2571 1674 2598 αὑτοῦ
1690 2571 1868 2608 στρατοπέδῳ
1890 2569 1926 2601 ἐξα

1142 2618 1276 2653 ἐπεμψεν.
1287 2618 1319 2644 Οί
1331 2617 1360 2644 δὲ
1375 2617 1460 2644 ταῦτα
1470 2617 1669 2653 ἀναλαϐόμενοι
1682 2617 1772 2655 λάθρα
1779 2617 1926 2651 διέσπειραν

1142 2664 1227 2690 παντὶ
1262 2662 1302 2698 τῷ
1328 2663 1447 2698 στρατῷ.
1472 2663 1528 2690 Kal.
1553 2664 1568 2690 ὁ
1587 2664 1637 2700 μὲν
1669 2665 1780 2700 Μιχαὴλ
1799 2661 1925 2699 φωραθεὶς

1143 2709 1220 2745 παρὰ
1251 2708 1299 2735 τοῦ
1327 2710 1421 2742 “hand,
1445 2709 1567 2745 ἀνηλεῶς
1594 2710 1718 2745 τυφθεὶς,
1747 2711 1800 2745 τήν
1826 2718 1855 2736 τε
1872 2709 1925 2744 ῥῖνα

1142 2756 1189 2782 καὶ
1204 2754 1238 2782 τὰ
1251 2752 1309 2782 ὦτα
1325 2755 1471 2791 ἀπετμήθη
1482 2764 1488 2771 ·
1503 2755 1533 2788 ὃς
1548 2756 1617 2791 μετὰ
1631 2756 1719 2783 ταῦτα
1735 2757 1814 2793 παρὰ
1827 2757 1925 2789 Ῥωμα-

1141 2801 1188 2827 νοῦ
1213 2801 1263 2836 τῆς
1295 2800 1489 2837 προσηκούσης
1511 2801 1606 2837 ἔτυχεν
1637 2802 1774 2837 ἀμοιϐῆς·
1803 2801 1925 2829 ὡσαύτως

1143 2847 1189 2874 καὶ
1211 2847 1228 2883 ὴ
1253 2847 1303 2875 σὺν
1313 2847 1387 2883 αὐτῷ
1408 2847 1537 2875 σταλετσα
1556 2847 1637 2883 γυνὴ.
1668 2849 1778 2883 Πρῶτος
1797 2847 1843 2875 οὖν
1854 2844 1922 2874 ὁ·τοῦ

1143 2894 1320 2930 Βαρυμιγαὴλ
1344 2894 1400 2926 υίὸς
1419 2894 1634 2926 Κωνσταντίνος,
1650 2895 1697 2922 τοῦ
1722 2896 1858 2931 τάγματος
1879 2892 1922 2927 ἄρ’

1144 2950 1198 2977 χων
1211 2940 1418 2975 τὼνίκανάτων,
1437 2939 1595 2968 καταλιπὼν
1610 2940 1760 2967 τὸνφωκᾶν
1772 2941 1808 2976 τῷ
1825 2941 1923 2972 Ῥωμα-
