1997 3167
270 197 324 228 419

833 192 1089 224 THEOPHANES
1107 191 1385 224 CONTINUATUS.

1847 190 1901 221 420

271 251 408 280 Photinus
432 249 589 286 Platypodis
609 249 681 277 lilius
696 247 757 284 ejus
781 248 875 276 tuendi
899 255 984 276 causa
1005 256 1069 275 con-

1123 257 1207 284 κτωρ,
1222 249 1369 283 σφάττεται
1383 248 1412 276 δὲ
1432 247 1501 283 ὑπὶρ
1516 247 1612 274 τούτου
1624 245 1825 282 ἀγωνιζόμενος
1846 246 1902 273 Φω-

273 297 405 326 certando
422 301 547 329 necatur,
567 296 668 331 aliique
684 295 773 322 multi.
792 294 893 321 ltector
904 293 987 328 igitur
997 300 1069 327 aegre

273 348 398 372 servatus
415 343 440 370 in
457 342 575 370 celocem
592 341 693 368 evadit.
715 339 794 368 Venit
814 347 877 367 vero
891 343 918 366 et
934 339 992 374 ipse
1006 338 1069 374 fuga

273 391 397 425 dilapsus
413 389 499 416 armis
516 388 606 422 gravis
635 386 748 414 Alexius
769 385 938 420 drungarius
954 385 1067 412 Musele’

274 444 325 463 nec
352 443 415 462 cum
432 434 472 461 cis
493 433 594 461 celocis
610 433 712 460 scalam
729 433 873 459 commode
897 431 965 459 satis
987 438 1069 458 scan-

274 483 337 509 dere
349 481 452 513 valens,
468 487 522 507 una
534 486 596 505 cum
613 485 663 506 suo
681 477 935 512 protomandatore,
949 483 1069 511 pratcrps

274 528 305 561 in,
320 534 394 554 mare
407 530 497 557 actus,
513 524 593 559 aquis
611 523 761 551 suﬂ‘ocatus
775 527 827 550 est.
853 522 941 550 Ambo
960 521 1068 557 Argyri,

273 581 335 600 cum
351 572 457 600 scilicet
472 570 577 597 Pothus
595 575 649 596 tum
668 568 721 596 Leo
735 568 815 605 402
842 568 983 602 patricius,
1006 567 1068 601 fuga

273 610 301 647 in
318 619 459 647 castellum
477 621 633 645 evaserunt.
654 614 770 643 Navalcs
793 623 825 642 ac
840 615 951 650 reliquie
973 621 1069 641 omnes

274 666 358 701 copim
393 665 490 700 partitn
522 663 641 690 hostium
663 669 761 689 manus
793 660 912 696 eﬂ'ugere
928 660 1069 687 studentes

274 713 302 739 in
328 712 397 738 mari
423 710 565 738 exstincta:
588 713 662 741 sunt,
683 708 782 743 partim
814 707 884 734 l'erro
910 707 1067 741 perierunt,

273 758 372 794 partim
407 756 478 791 capti
505 764 519 783 a
547 755 672 791 Bulgaris
708 759 783 782 sunt.
816 754 929 780 Demum
958 752 1068 788 Bulgari

274 805 384 833 nemine
395 804 447 831 illis
458 803 606 831 obsistente
616 802 704 837 regias
711 800 843 836 Pegarum
856 800 927 827 tedes
942 798 1070 827 incende-

275 855 340 878 runt
362 855 503 884 totumque
517 847 630 875 Stenum
646 847 701 882 igni
717 850 904 874 vastaverunt.
923 844 969 872 Sic
988 844 1070 871 nitui-

275 906 336 926 rum
346 897 447 934 grande
460 897 559 924 malum
569 895 676 924 consilii
693 894 782 930 inopia
797 901 943 927 rerumque
958 892 1069 927 imperi-

276 944 324 976 tia,
336 944 379 971 cui
391 943 504 971 audacia
517 950 547 969 ac
560 942 699 968 temeritas
718 943 817 975 prmsto
835 944 876 967 est
897 946 929 966 ac
944 938 1025 965 favet.
1049 942 1056 945 ‘

310 991 338 1018 9.
368 989 469 1017 Mensis
499 987 645 1016 Februarii
676 987 721 1014 die
751 986 893 1018 vicesimo,
923 984 1072 1011 indictione

275 1037 395 1069 decima,
420 1034 566 1062 Theodora
592 1032 711 1060 Romani
736 1032 835 1066 conjux
862 1031 988 1058 moritur.
1005 1030 1072 1064 Ejus

275 1082 392 1111 cadaver
409 1081 436 1108 in
452 1080 567 1108 Romani
593 1079 682 1114 ipsius
704 1079 796 1110 domo,
817 1085 900 1113 quam
924 1078 951 1104 in
977 1084 1072 1104 mona-

277 1127 389 1156 sterium
421 1131 551 1157 mutarat,
579 1124 735 1160 depositum
761 1129 813 1151 est.
847 1123 949 1150 Eodem
978 1130 1071 1150 mense

276 1178 426 1202 coronatur
453 1171 555 1207 Sophia
572 1171 763 1205 Christophori
789 1169 965 1204 imperatoris
989 1176 1070 1196 uxor.

277 1219 380 1247 Eodem
409 1223 530 1253 tempore
555 1217 614 1243 lber
634 1216 792 1250 curopalata
822 1215 848 1241 in
874 1214 969 1242 urbem
985 1214 1070 1244 venit.

276 1273 378 1301 perque
394 1264 513 1291 medium
529 1262 618 1290 forum
630 1261 764 1289 deductus
780 1260 926 1297 magniﬁco
939 1266 1070 1295 apparatu

276 1316 403 1339 ornatum
419 1318 482 1338 cum
498 1317 596 1344 magna
613 1309 736 1336 claritate
757 1312 784 1335 et
805 1308 908 1334 honore
928 1310 1072 1340 susceptus

275 1355 599 1385 est.lmluxeruntetiam
616 1355 693 1381 illum
711 1355 737 1381 in
755 1353 784 1380 S.
799 1353 919 1388 Sophim,
936 1357 966 1381 ut
983 1361 1070 1381 sacra:

277 1404 338 1438 ejus
354 1403 421 1430 aedis
435 1401 667 1437 pulchritudinem
693 1407 718 1427 et
741 1401 939 1428 immanitatem
956 1407 988 1427 ac
1011 1407 1072 1434 pre-

279 1448 462 1476 tiosissimum
479 1447 582 1475 cultum
594 1446 683 1474 oculis
696 1446 754 1480 ipse
770 1446 910 1473 lustraret.
925 1444 1071 1480 Splendide

278 1501 396 1529 namque
415 1498 557 1525 ornantes,
584 1499 706 1527 auroque
723 1492 805 1519 textis
832 1492 926 1519 aulaeis
954 1491 1071 1526 parietes

278 1539 531 1566 circumvestientes
547 1537 691 1572 omnisque
714 1537 821 1571 generis
842 1536 916 1564 cultu
937 1537 1071 1564 decoran-

277 1590 328 1618 tes,
346 1585 386 1611 sic
402 1592 464 1611 eum
488 1583 669 1611 admiserunt.
685 1582 731 1609 Ille
749 1582 902 1609 mirandam
926 1582 1070 1610 immanis«

277 1616 332 1665 que
367 1629 448 1656 molis
485 1628 578 1664 templi
611 1627 743 1655 fabricam
778 1632 901 1662 stupens,
934 1616 1105 1662 supraqueC

277 1675 389 1704 modum
413 1675 568 1702 admiratus
591 1673 665 1701 illius
689 1674 922 1709 pretiosissimum
951 1675 1069 1706 cultum,

277 1729 311 1748 ac
334 1729 396 1749 cum
413 1722 526 1749 dixisset
542 1729 651 1749 sacrum
675 1721 748 1748 hunc
767 1721 858 1748 locum
878 1727 942 1748 vere
955 1719 1001 1747 Dei
1018 1719 1069 1747 ha-

278 1767 428 1795 bitaculum
445 1775 515 1800 esse,
532 1766 644 1794 domum
673 1774 801 1794 reversus
828 1771 880 1794 est.

315 1811 359 1840 10.
376 1811 483 1840 Rursus
496 1820 561 1839 vero
575 1819 589 1838 a
607 1811 732 1847 Bulgaris
751 1817 877 1846 suscepta
895 1810 1068 1846 expeditione

277 1862 304 1885 et
320 1866 383 1885 cum
403 1857 440 1884 illi
456 1857 579 1892 adusque
594 1856 624 1884 S.
638 1856 788 1884 Theodorae
812 1856 901 1891 regias
925 1855 997 1882 aedes
1021 1863 1069 1882 ve-

280 1905 385 1932 nissent
406 1911 507 1939 easque
521 1904 576 1940 igni
603 1903 798 1936 incendissent,
817 1902 898 1939 403
923 1902 1072 1937 imperator

279 1950 420 1978 Romanus
434 1949 548 1985 prandio
560 1950 632 1976 laute
643 1949 777 1976 instructo
792 1949 929 1984 agminum
944 1948 1071 1975 ductores

280 1996 414 2029 invitavit,
437 2003 499 2022 cum
522 2000 559 2027 et,
575 2003 657 2031 quem
680 1999 788 2027 vocant,
810 1994 932 2022 Sactices
953 1994 1006 2022 illis
1025 2001 1072 2021 eo-

279 2050 337 2070 mes
354 2047 436 2069 esset.
449 2041 579 2068 Hortatur
598 2049 663 2077 ergo
678 2041 811 2075 jubctquc
830 2040 962 2068 adversus
978 2040 1072 2067 hostes

277 2089 353 2115 exire
379 2096 412 2115 ac
431 2096 481 2123 pro
500 2088 595 2123 patriae
607 2087 798 2115 incolumitate
821 2094 954 2122 pugnare.
970 2085 1072 2113 Assen-

279 2136 374 2161 serunt
391 2133 442 2164 illi,
458 2137 540 2168 atque
559 2133 665 2159 alacres
679 2132 767 2166 ipsius
791 2132 944 2166 majestatis
961 2132 1069 2159 tuenda

278 2187 361 2206 causa
374 2187 405 2206 ac
416 2179 590 2207 Christianos
602 2177 752 2205 ulciscendi
769 2178 939 2213 oppetituros
952 2185 981 2205 se
996 2185 1072 2205 mor-

279 2231 332 2254 tem
348 2226 375 2253 in
391 2234 420 2254 se
437 2229 608 2260 receperunt.
627 2224 761 2252 Postridie
784 2225 876 2260 igitur,
902 2232 982 2261 quem
1000 2226 1072 2253 dixi-

280 2280 353 2305 mus,
380 2271 512 2302 Sactices.
540 2271 574 2298 ab
601 2271 766 2305 imperatore
795 2270 879 2299 armis
907 2271 1068 2303 instructus,

281 2327 372 2346 veram
397 2318 431 2346 ab
457 2317 517 2352 ipso
531 2317 621 2344 datam
639 2317 718 2344 tidem
738 2325 769 2344 ac
784 2324 866 2352 quam
878 2317 994 2352 jactarat
1014 2317 1070 2344 for-

279 2364 424 2392 titudinem
451 2363 586 2391 ostendit:
609 2363 741 2398 Bulgaros
765 2363 865 2399 quippe
891 2370 906 2390 a
926 2367 1000 2398 tergo
1022 2371 1070 2398 ag-

279 2418 401 2447 gressus,
428 2410 510 2445 inque
538 2418 632 2437 eorum
659 2414 749 2437 castra
773 2410 910 2442 insiliens,
942 2418 1011 2445 quos
1034 2410 1070 2438 ibi

280 2458 400 2493 reperit,
418 2464 514 2485 omnes
540 2457 697 2484 trucidavit.
713 2456 823 2491 Bulgari
841 2457 925 2492 igitur
938 2457 984 2485 ubi
1000 2457 1072 2485 didi-

279 2511 342 2532 cere
377 2503 449 2540 quod
482 2503 520 2531 ita
551 2507 688 2535 evenerat,
715 2503 741 2530 in
768 2507 857 2531 castra
897 2508 1072 2531 revertuntur

279 2554 463 2585 consertaque
483 2550 540 2577 acie
565 2548 698 2577 Sacticem
721 2551 815 2584 paucis
838 2550 968 2584 stipatum
996 2554 1071 2585 terga

281 2599 387 2622 vertere
402 2599 514 2630 cogunt.
537 2594 562 2622 is
574 2594 666 2630 itaque
692 2599 803 2622 strenue
819 2594 950 2622 desudata
966 2596 1070 2630 przelio.

281 2639 408 2675 factaque
430 2640 550 2668 hostium
566 2640 667 2675 ingenti
687 2643 787 2675 strage.
803 2648 864 2668 cum
882 2645 963 2669 tanta
975 2648 1071 2669 eorum

280 2686 448 2714 multitudini
479 2686 645 2714 sustinendae
675 2694 724 2721 par
753 2686 871 2722 amplius
900 2694 955 2714 non
986 2692 1070 2720 esset,

280 2733 377 2761 laxatis
393 2732 508 2760 habenis
523 2740 622 2767 equum
634 2732 666 2760 ad
681 2732 771 2767 fugam
787 2732 912 2768 impellit.
929 2732 958 2760 In
975 2733 1071 2768 cujus-

279 2779 341 2807 dam
360 2786 450 2807 autem
471 2779 561 2807 amnis
574 2779 701 2813 transitu,
717 2786 789 2815 equo
804 2779 832 2806 in
847 2786 928 2807 emno
940 2779 1069 2811 haerente.

280 2825 379 2853 vulnus
402 2825 429 2852 in
454 2831 536 2852 anum
565 2827 592 2852 et
620 2823 709 2852 femur
737 2824 852 2859 accepit.
869 2822 970 2851 Verum
997 2832 1069 2860 equo

283 2877 352 2905 agre
372 2870 481 2898 tandem
513 2877 627 2898 suorum
655 2877 721 2897 cura
745 2874 771 2897 et
792 2870 925 2898 industria
946 2878 961 2898 e
991 2878 1071 2898 emno

281 2917 376 2944 evulso
393 2916 426 2944 ad
440 2916 605 2945 Blaclternas
632 2925 719 2952 usque
739 2917 843 2945 evasit:
857 2923 938 2953 atque
953 2917 979 2946 in
993 2926 1070 2947 sacra

1119 295 1208 326 τεινὺς
1219 297 1233 322 ό
1247 295 1295 322 τοῦ
1312 295 1471 330 Πλατυπόδη
1484 295 1542 326 υίὸς
1554 295 1600 321 καὶ
1614 293 1706 320 πολλοὶ
1724 293 1826 328 ἕτεροι.
1849 293 1904 320 Μό-

1119 340 1161 372 λις
1174 339 1221 368 οὖν
1239 342 1252 368 ό
1269 341 1392 377 ραίκτωρ
1405 340 1552 371 διασωθεὶς
1570 340 1694 374 εἰσῆλθεν
1717 341 1758 371 είς
1777 339 1824 366 τὸν
1847 340 1905 374 δρό-

1121 395 1208 421 μωνα.
1224 384 1326 413 Ἦλθεν
1343 386 1371 414 δὲ
1383 386 1491 421 φεύγων
1504 385 1614 416 ἔνοπλος
1626 385 1674 412 καὶ
1683 384 1802 417 ’Λλὲξιος
1813 385 1906 420 δρουγ-

1119 433 1215 468 γάριος
1228 433 1242 459 ὁ
1266 432 1399 464 Μουσελὲ,
1425 433 1472 458 καὶ
1489 431 1526 467 μὴ
1542 431 1655 466 ἰσχύσας
1670 431 1763 458 τέλεον
1787 430 1907 457 ἀνελθεῖν

1119 481 1148 507 ὲν
1163 482 1196 515 τῇ
1210 478 1256 506 τοῦ
1273 479 1411 514 δρόμωνος
1423 478 1577 512 ἀποϐάθρᾳ,
1590 477 1682 503 πεσὼν
1700 478 1727 503 ὲν
1739 478 1772 512 τῇ
1787 477 1907 512 Θαλάσσῃ

1122 526 1170 552 σὺν
1186 525 1224 560 τῷ
1240 524 1324 552 αὑτοῦ
1343 525 1585 560 πρωτομανδάτορι
1612 523 1762 557 ἀπεπνίγη.
1780 523 1909 559 Ἃργυροὶ

1120 572 1157 605 δὲ,
1175 573 1188 598 ὃ
1200 581 1229 598 τε
1246 571 1331 602 Πόθος
1344 571 1391 598 καὶ
1401 571 1477 598 Λέων
1495 570 1656 605 πατρίκιος,
1674 570 1703 596 ὲν
1732 568 1771 604 τῷ
1799 569 1910 596 καστιλ-

1120 618 1170 653 λίῳ
1187 615 1325 652 φυγόντες·
1333 617 1513 652 διεσώθησαν.
1529 616 1651 651 Πλώϊμοι
1667 616 1754 642 δὲκαὶ
1777 614 1808 641 τὸ
1838 614 1909 642 ᾶπαν

1121 663 1233 699 πλῆθος,
1251 664 1276 689 οἱ
1295 663 1344 698 μὲν
1353 663 1404 694 τὰς
1418 663 1473 689 τῶν
1490 662 1627 698 πολεμίων
1644 663 1739 697 χεῖρας
1753 661 1909 695 φεύγοντες

1120 710 1149 736 ὲν
1163 710 1195 744 τῇ
1215 709 1337 744 θαλάσσῃ
1351 709 1555 744 ἀπεπνίγησαν,
1576 707 1651 744 γριθ]
1663 708 1687 734 οι
1700 708 1727 734 δὲ
1741 707 1854 742 σιδήρου
1865 715 1909 741 γε·

1120 755 1215 790 γόνασι
1228 755 1428 790 παρανάλωμα,
1444 755 1468 780 οἱ
1479 754 1507 781 δὲ
1523 755 1602 790 χερσὶ
1624 754 1822 788 Βουλγαρικαῖς
1852 761 1909 779 σονς

1119 798 1286 834 ελήφθησαν.
1303 799 1334 826 οι
1351 799 1378 826 δὲ
1401 799 1553 835 Βούλγαροι
1573 799 1674 834 μηδένα
1689 799 1735 826 τὸν
1749 799 1910 825 διακωλύον-

1119 853 1154 871 τα
1168 844 1276 879 ἔχοντες
1291 844 1325 870 τά
1339 852 1368 870 τε
1380 843 1434 870 τῶν
1455 843 1556 878 Πηγῶν
1576 843 1697 870 παλάτια
1718 842 1910 878 ἐπυρπόλησαν

1121 889 1167 916 καὶ
1182 889 1212 916 τδ
1226 889 1322 916 Στενὺν
1336 890 1408 916 ἅπαν
1427 890 1612 917 κατέκαυσαν.
1645 888 1739 922 Οὕτως
1758 889 1814 924 ἄρα
1827 889 1909 917 δεινὸν

1085 932 1105 959 Β
1120 935 1233 963 ἀϐουλία
1248 937 1294 963 καὶ
1309 936 1420 972 ἀπειρία
1436 936 1593 972 θρασύτητα
1607 935 1751 971 σύμμαχον
1765 935 1878 971 ἔχουσα.

1158 981 1295 1009 θ¹.Είκάδι
1311 982 1339 1008 δὲ
1349 981 1525 1016 Φεόρουαρίῳ
1543 982 1618 1017 μηνὶ,
1638 981 1807 1012 ίνδικτιῶνος
1835 981 1910 1008 δεκά-

1121 1036 1181 1061 της,
1193 1027 1319 1063 Θεοδώρα
1333 1027 1449 1062 σύμϐιος
1474 1026 1616 1062 Ῥωμανοῧ
1632 1027 1756 1062 τελευτᾷ,
1773 1027 1824 1053 καὶ
1850 1035 1910 1054 κατ-

1122 1072 1201 1108 ετέθη
1215 1073 1245 1099 τὸ
1256 1073 1335 1108 σῶμα
1348 1073 1434 1107 αὐτῆς
1449 1073 1477 1098 ὲν
1492 1072 1531 1108 τῷ
1543 1072 1611 1106 οἴκῳ
1623 1072 1706 1099 αὐτοῦ
1718 1072 1764 1098 τοῦ
1780 1072 1908 1107 βασιλέως

1127 1119 1266 1154 Ῥωμανοῦ
1280 1119 1319 1155 τῷ
1337 1119 1381 1146 ὑπ’
1393 1118 1476 1145 αὑτοῦ
1493 1118 1675 1154 μοναστὴριον
1686 1119 1861 1153 ὰμειφθέντι.
1870 1118 1909 1152 Τῷ

1120 1165 1149 1192 δὲ
1161 1164 1234 1200 αὐτῷ
1250 1165 1315 1200 μηνὶ
1332 1165 1461 1198 στέφεται
1475 1164 1560 1199 Σοφία
1573 1164 1589 1199 ἡ
1604 1163 1651 1191 τοῦ
1678 1163 1813 1199 βασιλέως
1847 1165 1910 1200 Χρι-

1122 1210 1252 1246 στοφόρου
1264 1210 1344 1244 γυνή.
1382 1209 1539 1244 Τηνικαῦτα
1552 1208 1581 1235 δὲ
1599 1209 1646 1234 καὶ
1666 1209 1679 1235 ὁ
1706 1209 1909 1246 κουροπαλάτης

1123 1255 1201 1290 Ἴϐηρ
1222 1256 1251 1282 ἐν
1272 1256 1305 1291 τῇ
1333 1256 1411 1282 πόλει
1430 1255 1608 1291 παρεγένετο,
1636 1255 1683 1281 xui.
1696 1254 1741 1281 διὰ
1761 1255 1852 1290 μέσης
1867 1255 1910 1290 τῆς

1121 1302 1222 1337 ἀγορᾶς
1236 1301 1358 1333 διελθὼν,
1371 1301 1585 1337 κεκοσμημένης
1594 1300 1742 1337 λαμπρῶς,
1753 1301 1825 1336 μετὰ
1836 1301 1908 1336 δόξης

1122 1349 1222 1384 πολλῆς
1253 1348 1300 1375 καὶ
1323 1348 1405 1384 τιμῆς
1431 1348 1567 1384 ὑπεδέχθη
1581 1357 1588 1364 ·
1607 1348 1636 1374 ὃν
1650 1348 1698 1375 καὶ
1717 1349 1748 1375 ὲν
1778 1349 1814 1383 τῇ
1835 1347 1909 1383 ’Δγίᾳ

1121 1395 1167 1422 τοῦ
1183 1394 1251 1422 Θεοῦ
1268 1395 1353 1430 Σοφίᾳ
1363 1395 1521 1429 ἀπήγαγον,
1537 1394 1568 1421 τὺ
1582 1394 1680 1426 κάλλος
1702 1394 1790 1430 αὐτῆς
1815 1394 1865 1421 καὶ
1884 1393 1910 1420 τδ

1123 1440 1237 1476 μέγεθος
1253 1439 1419 1475 θεασόμενον
1432 1441 1479 1467 καὶ
1490 1440 1535 1466 τὸν
1552 1440 1685 1476 πολυτελῆ
1699 1440 1816 1474 κόσμον.
1842 1439 1910 1467 Καλ-

1121 1486 1288 1518 λωπίσαντες
1303 1487 1357 1522 γὰρ
1371 1487 1473 1523 ταύτην
1486 1488 1534 1514 καὶ
1555 1487 1780 1523 περιστείλαντες
1796 1487 1907 1517 πέπλοις

1121 1534 1286 1568 χρυσοῦφέσι
1317 1533 1365 1560 καὶ
1380 1533 1477 1569 κόσμῳ
1489 1533 1620 1568 παντοίῳ,
1644 1533 1730 1564 οὕτως
1750 1533 1833 1560 αὑτὸν
1860 1533 1911 1560 εἰσι

1121 1580 1225 1615 ήγαγον
1239 1579 1267 1606 ἐν
1278 1579 1357 1615 αὐτῇ.
1377 1579 1406 1607 '0
1418 1579 1447 1607 δὲ
1458 1580 1488 1606 τὸ
1499 1579 1655 1615 θαυμαστὸν
1667 1579 1714 1606 καὶ
1727 1579 1911 1615 ὑπερμέγεθες

1121 1626 1168 1652 τοῦ
1182 1625 1246 1652 ναοῦ
1258 1625 1338 1660 ἔργον
1350 1625 1537 1659 καταπλαγεὶς
1548 1625 1597 1652 καὶ
1605 1626 1652 1652 τδν
1667 1625 1805 1661 πολυτελῆ
1814 1626 1911 1661 κόσμον

1121 1671 1349 1707 ὑπερθαυμάσας,
1375 1672 1422 1698 καὶ
1446 1671 1556 1707 άληθῶς
1585 1671 1652 1698 Θεοῦ
1678 1672 1823 1699 κατοικίαν
1847 1670 1910 1699 εἶναι

1119 1717 1166 1744 τον
1181 1718 1253 1753 ἱερὸν
1267 1717 1356 1753 χῶρον
1372 1717 1467 1745 τοῦτον
1487 1717 1583 1752 εἰπὼν,
1598 1715 1676 1750 αὖθις
1691 1718 1866 1753 ὑπέστρεψεν
1876 1719 1909 1750 εἰς

1120 1763 1155 1790 τὰ
1169 1763 1234 1790 ἴδια.

1158 1813 1184 1838 ι’.
1201 1809 1261 1836 Τῶν
1280 1810 1308 1836 δὲ
1323 1809 1487 1844 Βουλγάρων
1499 1810 1582 1838 πάλιν
1595 1810 1857 1846 ἐκστρατευσάντων
1869 1811 1912 1837 καὶ

1123 1857 1204 1892 μέχρι
1216 1857 1265 1890 τῆς
1283 1856 1382 1892 Ἀγίας
1403 1857 1544 1894 Θεοδώρας
1567 1857 1700 1884 ἐλθόντων
1714 1858 1857 1885 παλατίων
1869 1858 1912 1885 καὶ

1120 1903 1206 1930 ταῦτα
1231 1903 1299 1938 πυρὶ
1323 1903 1537 1938 παραδιδόντων,
1570 1904 1610 1934 είς
1623 1903 1764 1938 ἇριστονό
1789 1902 1912 1937 βασιλεὺς

1127 1949 1266 1985 Ῥωμανδς
1291 1949 1347 1976 τῶν
1369 1949 1519 1985 ταγμάτων
1554 1949 1688 1985 ἄρχοντας
1713 1950 1912 1980 συνεκάλεσεν,

1122 1996 1247 2027 συνόντος
1273 1996 1364 2027 αὐτοῖς
1389 1996 1436 2023 καὶ
1465 1995 1512 2022 τοῦ
1537 1995 1684 2030 λεγομένου
1705 1995 1840 2031 Σακτικη.
1863 1995 1912 2022 Καὶ

1121 2042 1238 2078 παρῄνει
1249 2042 1353 2074 τούτοις
1366 2042 1413 2069 καὶ
1426 2041 1615 2077 προύτρέπετο
1625 2042 1697 2068 κατὰ
1710 2042 1766 2068 τῶν
1784 2042 1911 2070 ἐναντίων

1122 2088 1240 2121 ἐξελθεῖν
1256 2089 1304 2115 καὶ
1326 2089 1375 2123 τῆς
1393 2088 1522 2124 πατρίδος
1535 2088 1814 2123 ιύπεραγωνίσασθαι.
1834 2088 1867 2115 Οἱ
1888 2087 1912 2114 δὲ

1122 2134 1265 2161 συνέθεντο
1293 2133 1413 2169 ἑτοίμως
1440 2134 1490 2169 τῆς
1516 2133 1600 2160 αὑτοῦ
1627 2133 1770 2168 βασιλείας
1793 2133 1844 2159 καὶ
1857 2132 1911 2159 τῶν

1121 2180 1292 2216 Χριστιανῶν
1324 2179 1592 2215 ὑπεραποθνήσκειν.
1625 2180 1665 2215 Τῇ
1700 2177 1749 2206 οὖν
1781 2179 1912 2214 ἐπαύριον

1121 2226 1315 2257 καθοπλισθεὶς
1325 2226 1401 2260 παρὰ
1416 2225 1464 2252 τοῦ
1481 2225 1614 2261 βασιλέως
1627 2226 1642 2252 ὁ
1656 2225 1805 2260 εἰρημένος
1818 2224 1912 2252 Exani-

1122 2281 1173 2307 κης
1184 2271 1271 2306 ἀληθῆ
1286 2271 1369 2298 οὖσαν
1387 2270 1435 2307 τὴν
1447 2271 1530 2298 αὑτοῦ
1547 2272 1640 2298 πίστιν
1655 2271 1704 2298 καὶ
1720 2271 1834 2307 ἀνδρίαν
1865 2270 1913 2297 as.

1123 2317 1223 2350 ἔδειξεν
1241 2325 1247 2332 ·
1263 2317 1377 2344 ὄπισθεν
1393 2318 1448 2352 γὰρ
1460 2317 1514 2344 τῶν
1531 2317 1697 2352 Βουλγάρων
1710 2317 1859 2352 γενόμενος
1870 2315 1913 2343 καὶ

1122 2364 1163 2395 εἰς
1189 2363 1219 2390 τὸ
1248 2363 1433 2398 στρατόπεδον
1453 2363 1544 2390 αὐτῶν
1570 2363 1702 2390 εἰσελθὼν
1730 2363 1838 2394 πάντας
1853 2362 1912 2392 τοὺς

1122 2409 1181 2435 ὲκεῑ
1196 2408 1357 2443 εὑρεθέντας
1371 2409 1553 2443 κατέσφαξεν.
1572 2408 1714 2440 Μαθόντες
1728 2407 1777 2435 οὖν
1790 2407 1816 2435 οἱ
1830 2406 1912 2435 Βούλ-

1122 2463 1204 2491 γαροι
1221 2455 1252 2481 τδ
1265 2454 1378 2489 γεγονὸς
1390 2455 1611 2489 ὑποστρέφουσιν
1630 2454 1659 2481 ὲν
1674 2454 1714 2489 τῷ
1728 2453 1912 2489 στρατοπέδῳ,

1123 2501 1170 2529 καὶ
1187 2501 1307 2536 πολέμου
1328 2501 1562 2537 συγκροτηθέντος
1574 2501 1707 2536 τρέπουσι
1717 2501 1764 2527 τὸν
1780 2499 1913 2533 Sanitth

1124 2551 1172 2577 σὺν
1187 2550 1286 2584 ὀλίγων
1302 2550 1473 2586 ὑπάρχοντα.
1498 2548 1527 2576 '0
1542 2548 1571 2575 δι
1584 2548 1680 2583 ἐπειδὴ
1695 2547 1828 2582 γενναίως
1842 2547 1914 2579 ἀγωη

1123 2597 1267 2632 νισάμενος
1284 2596 1331 2623 καὶ,
1341 2596 1456 2627 πολλοὺς
1470 2594 1574 2622 ἀνελὼν
1589 2595 1681 2622 οὐκέτι
1698 2595 1823 2630 ἀντέχειν
1851 2591 1913 2627 ἡδύς

1123 2649 1189 2668 νατο
1203 2641 1272 2676 πρὸς
1289 2640 1319 2668 τὸ
1339 2640 1443 2676 πλῆθος
1468 2640 1523 2667 τῶν
1542 2639 1694 2675 πολεμίων,
1724 2639 1835 2674 μεθίησι
1866 2636 1911 2663 τοῦ

1124 2686 1208 2713 ἵππου
1225 2686 1270 2713 τὸν
1287 2685 1394 2722 χαλινὸν
1409 2685 1456 2712 καὶ
1477 2685 1517 2717 είς
1532 2685 1624 2721 φυγὴν
1648 2684 1690 2721 [Ρ.
1706 2684 1772 2721 250]
1802 2683 1911 2718 ἤλαυνε.

1123 2731 1250 2767 Ποταμὸν
1268 2732 1298 2758 δέ
1314 2740 1376 2758 τινα
1392 2731 1585 2769 παραρρέοντα
1599 2731 1748 2767 διαπιιρῶν,
1769 2729 1815 2758 τοῦ
1828 2729 1914 2756 fama

1123 2777 1206 2805 αὑτοῦ
1220 2778 1249 2804 ιν
1272 2779 1305 2813 τῇ
1320 2779 1415 2805 τούτου
1437 2779 1490 2805 ἰλὺῖ
1516 2777 1703 2814 ἐμπαγέντος,
1731 2775 1912 2813 τιτρώσκεται

1123 2822 1195 2849 κατὰ
1207 2822 1257 2858 τῆς
1281 2823 1364 2858 ἕδρας
1393 2822 1442 2849 καὶ
1459 2823 1506 2850 τοῦ
1520 2822 1620 2859 μηροῦ,
1633 2822 1719 2854 Μόλις
1734 2819 1781 2849 οὖν
1797 2820 1844 2848 τοῦ
1872 2819 1913 2846 Ii:-

1123 2878 1174 2896 που
1202 2870 1234 2896 ὲκ
1262 2869 1311 2904 τῆς
1336 2869 1408 2902 ἰλύος
1432 2869 1655 2901 ἀνασπασθέντος
1686 2867 1830 2905 συνεργεία
1858 2865 1913 2891 τῶν

1123 2916 1175 2942 ὑπὸ
1189 2917 1268 2952 χεῖρα
1282 2916 1446 2949 διασώζεται
1463 2917 1544 2952 μέχρι
1573 2916 1627 2943 τῶν
1644 2913 1803 2951 Βλαχερνῶν
1823 2921 1829 2928 ’
1862 2911 1913 2938 καὶ
