  <div class='ocr_page' id='page_1' title='image "/cluster/home/n/w/nwhite01/storage/ocr_20150623/109/njp.32101077772927/233.png"; bbox 0 0 1997 3167; ppageno 0'>
   <div class='ocr_carea' id='block_1_1' title="bbox 249 174 301 209">
    <p class='ocr_par' dir='ltr' id='par_1_1' title="bbox 249 174 301 209">
     <span class='ocr_line' id='line_1_1' title="bbox 249 174 301 209; baseline -0.019 0"><span class='ocrx_word' id='word_1_1' title='bbox 249 174 301 209; x_wconf 62' lang='lat'><strong>127</strong></span> 
     </span>
    </p>
   </div>
   <div class='ocr_carea' id='block_1_2' title="bbox 794 167 1340 201">
    <p class='ocr_par' dir='ltr' id='par_1_2' title="bbox 794 167 1340 201">
     <span class='ocr_line' id='line_1_2' title="bbox 794 167 1340 201; baseline -0.005 0"><span class='ocrx_word' id='word_1_2' title='bbox 794 169 1048 201; x_wconf 82' lang='lat' dir='ltr'><strong>THEOPI—IANES</strong></span> <span class='ocrx_word' id='word_1_3' title='bbox 1063 167 1340 200; x_wconf 78' lang='lat' dir='ltr'><strong>CONTINUATUS.</strong></span> 
     </span>
    </p>
   </div>
   <div class='ocr_carea' id='block_1_3' title="bbox 1824 166 1878 198">
    <p class='ocr_par' dir='ltr' id='par_1_3' title="bbox 1824 166 1878 198">
     <span class='ocr_line' id='line_1_3' title="bbox 1824 166 1878 198; baseline 0.019 -1"><span class='ocrx_word' id='word_1_4' title='bbox 1824 166 1878 198; x_wconf 70' lang='lat'><strong>428</strong></span> 
     </span>
    </p>
   </div>
   <div class='ocr_carea' id='block_1_4' title="bbox 249 224 1037 271">
    <p class='ocr_par' dir='ltr' id='par_1_4' title="bbox 249 229 1037 271">
     <span class='ocr_line' id='line_1_4' title="bbox 249 229 1037 271; baseline -0.009 -8"><span class='ocrx_word' id='word_1_5' title='bbox 249 236 355 271; x_wconf 83' lang='lat' dir='ltr'><strong>vn-iqnc</strong></span> <span class='ocrx_word' id='word_1_6' title='bbox 378 232 496 269; x_wconf 67' lang='lat' dir='ltr'><strong>speciem</strong></span> <span class='ocrx_word' id='word_1_7' title='bbox 523 235 549 259; x_wconf 91' lang='lat' dir='ltr'><strong>et</strong></span> <span class='ocrx_word' id='word_1_8' title='bbox 566 230 650 258; x_wconf 79' lang='lat' dir='ltr'><strong>robur</strong></span> <span class='ocrx_word' id='word_1_9' title='bbox 684 229 886 264; x_wconf 75' lang='lat' dir='ltr'><strong>infractumquc</strong></span> <span class='ocrx_word' id='word_1_10' title='bbox 915 230 1037 257; x_wconf 86' lang='lat' dir='ltr'><strong>animum</strong></span> 
     </span>
    </p>
   </div>
   <div class='ocr_carea' id='block_1_5' title="bbox 1092 224 1877 271">
    <p class='ocr_par' dir='ltr' id='par_1_5' title="bbox 1093 224 1877 264">
     <span class='ocr_line' id='line_1_5' title="bbox 1093 224 1877 264; baseline -0.001 -10"><span class='ocrx_word' id='word_1_11' title='bbox 1093 228 1237 264; x_wconf 77' lang='grc' dir='ltr'><strong>μεγιστᾶσι</strong></span> <span class='ocrx_word' id='word_1_12' title='bbox 1253 227 1303 262; x_wconf 82' lang='grc' dir='ltr'><strong>τὴν</strong></span> <span class='ocrx_word' id='word_1_13' title='bbox 1317 226 1364 253; x_wconf 75' lang='grc' dir='ltr'><strong>τοῦ</strong></span> <span class='ocrx_word' id='word_1_14' title='bbox 1385 224 1518 261; x_wconf 75' lang='grc' dir='ltr'><strong>βασιλέως</strong></span> <span class='ocrx_word' id='word_1_15' title='bbox 1533 224 1684 260; x_wconf 75' lang='grc' dir='ltr'><strong>ἀπήγγειλε</strong></span> <span class='ocrx_word' id='word_1_16' title='bbox 1701 225 1810 252; x_wconf 77' lang='grc' dir='ltr'><strong>σύνεσιν</strong></span> <span class='ocrx_word' id='word_1_17' title='bbox 1830 229 1877 253; x_wconf 68' lang='grc' dir='ltr'><strong>καὶ</strong></span> 
     </span>
    </p>
   </div>
   <div class='ocr_carea' id='block_1_6' title="bbox 250 277 686 310">
    <p class='ocr_par' dir='ltr' id='par_1_6' title="bbox 250 277 686 310">
     <span class='ocr_line' id='line_1_6' title="bbox 250 277 686 310; baseline -0.014 0"><span class='ocrx_word' id='word_1_18' title='bbox 250 281 393 310; x_wconf 84' lang='lat' dir='ltr'><strong>immensis</strong></span> <span class='ocrx_word' id='word_1_19' title='bbox 408 279 537 307; x_wconf 86' lang='lat' dir='ltr'><strong>laudibus</strong></span> <span class='ocrx_word' id='word_1_20' title='bbox 555 277 686 305; x_wconf 86' lang='lat' dir='ltr'><strong>celebrat.</strong></span> 
     </span>
    </p>
   </div>
   <div class='ocr_carea' id='block_1_7' title="bbox 286 364 1038 400">
    <p class='ocr_par' dir='ltr' id='par_1_7' title="bbox 286 364 1038 400">
     <span class='ocr_line' id='line_1_7' title="bbox 286 364 1038 400; baseline -0.011 -2"><span class='ocrx_word' id='word_1_21' title='bbox 286 370 329 398; x_wconf 82' lang='grc' dir='ltr'><strong>Π.</strong></span> <span class='ocrx_word' id='word_1_22' title='bbox 343 369 443 397; x_wconf 84' lang='lat' dir='ltr'><strong>Mensis</strong></span> <span class='ocrx_word' id='word_1_23' title='bbox 463 365 618 395; x_wconf 74' lang='lat' dir='ltr'><strong>Decembris</strong></span> <span class='ocrx_word' id='word_1_24' title='bbox 629 365 671 392; x_wconf 91' lang='lat' dir='ltr'><strong>die</strong></span> <span class='ocrx_word' id='word_1_25' title='bbox 685 364 814 400; x_wconf 80' lang='lat' dir='ltr'><strong>vigesima</strong></span> <span class='ocrx_word' id='word_1_26' title='bbox 831 364 926 399; x_wconf 88' lang='lat' dir='ltr'><strong>quinta</strong></span> <span class='ocrx_word' id='word_1_27' title='bbox 939 364 1038 391; x_wconf 79' lang='lat' dir='ltr'><strong>Roma-</strong></span> 
     </span>
    </p>
   </div>
   <div class='ocr_carea' id='block_1_8' title="bbox 250 410 1037 448">
    <p class='ocr_par' dir='ltr' id='par_1_8' title="bbox 250 410 1037 448">
     <span class='ocr_line' id='line_1_8' title="bbox 250 410 1037 448; baseline -0.013 -3"><span class='ocrx_word' id='word_1_28' title='bbox 250 425 302 445; x_wconf 87' lang='lat' dir='ltr'><strong>nus</strong></span> <span class='ocrx_word' id='word_1_29' title='bbox 321 417 391 444; x_wconf 86' lang='lat' dir='ltr'><strong>lilios</strong></span> <span class='ocrx_word' id='word_1_30' title='bbox 411 422 477 443; x_wconf 90' lang='lat' dir='ltr'><strong>suos</strong></span> <span class='ocrx_word' id='word_1_31' title='bbox 494 413 662 448; x_wconf 81' lang='lat' dir='ltr'><strong>Stephanum</strong></span> <span class='ocrx_word' id='word_1_32' title='bbox 688 415 713 438; x_wconf 91' lang='lat' dir='ltr'><strong>et</strong></span> <span class='ocrx_word' id='word_1_33' title='bbox 729 410 940 438; x_wconf 88' lang='lat' dir='ltr'><strong>Constantinum</strong></span> <span class='ocrx_word' id='word_1_34' title='bbox 955 416 1037 437; x_wconf 85' lang='lat' dir='ltr'><strong>coro-</strong></span> 
     </span>
    </p>
   </div>
   <div class='ocr_carea' id='block_1_9' title="bbox 250 453 1038 495">
    <p class='ocr_par' dir='ltr' id='par_1_9' title="bbox 250 453 1038 495">
     <span class='ocr_line' id='line_1_9' title="bbox 250 453 1038 495; baseline -0.013 -5"><span class='ocrx_word' id='word_1_35' title='bbox 250 467 297 490; x_wconf 90' lang='lat' dir='ltr'><strong>nat</strong></span> <span class='ocrx_word' id='word_1_36' title='bbox 320 462 346 489; x_wconf 94' lang='lat' dir='ltr'><strong>in</strong></span> <span class='ocrx_word' id='word_1_37' title='bbox 368 460 462 495; x_wconf 76' lang='lat' dir='ltr'><strong>Magna</strong></span> <span class='ocrx_word' id='word_1_38' title='bbox 475 457 593 486; x_wconf 80' lang='lat' dir='ltr'><strong>Ecclesia</strong></span> <span class='ocrx_word' id='word_1_39' title='bbox 611 464 616 483; x_wconf 92' lang='lat'><strong><em>:</em></strong></span> <span class='ocrx_word' id='word_1_40' title='bbox 629 455 676 484; x_wconf 87' lang='lat' dir='ltr'><strong>sed</strong></span> <span class='ocrx_word' id='word_1_41' title='bbox 691 459 719 483; x_wconf 87' lang='lat' dir='ltr'><strong>et</strong></span> <span class='ocrx_word' id='word_1_42' title='bbox 732 454 967 490; x_wconf 84' lang='lat' dir='ltr'><strong>Theophylactum</strong></span> <span class='ocrx_word' id='word_1_43' title='bbox 979 453 1038 488; x_wconf 82' lang='lat' dir='ltr'><strong>ejus</strong></span> 
     </span>
    </p>
   </div>
   <div class='ocr_carea' id='block_1_10' title="bbox 249 500 1039 539">
    <p class='ocr_par' dir='ltr' id='par_1_10' title="bbox 249 500 1039 539">
     <span class='ocr_line' id='line_1_10' title="bbox 249 500 1039 539; baseline -0.013 -4"><span class='ocrx_word' id='word_1_44' title='bbox 249 508 335 535; x_wconf 85' lang='lat' dir='ltr'><strong>ﬁlium</strong></span> <span class='ocrx_word' id='word_1_45' title='bbox 357 505 484 533; x_wconf 77' lang='lat' dir='ltr'><strong>Nico’laus</strong></span> <span class='ocrx_word' id='word_1_46' title='bbox 511 503 667 539; x_wconf 75' lang='lat' dir='ltr'><strong>patriarcha</strong></span> <span class='ocrx_word' id='word_1_47' title='bbox 699 501 829 529; x_wconf 88' lang='lat' dir='ltr'><strong>detondet</strong></span> <span class='ocrx_word' id='word_1_48' title='bbox 857 500 986 527; x_wconf 86' lang='lat' dir='ltr'><strong>clericum</strong></span> <span class='ocrx_word' id='word_1_49' title='bbox 1011 503 1039 526; x_wconf 81' lang='lat' dir='ltr'><strong>et</strong></span> 
     </span>
    </p>
   </div>
   <div class='ocr_carea' id='block_1_11' title="bbox 251 547 1038 587">
    <p class='ocr_par' dir='ltr' id='par_1_11' title="bbox 251 547 1038 587">
     <span class='ocr_line' id='line_1_11' title="bbox 251 547 1038 587; baseline -0.011 -6"><span class='ocrx_word' id='word_1_50' title='bbox 251 553 449 582; x_wconf 84' lang='lat' dir='ltr'><strong>subdiaconum</strong></span> <span class='ocrx_word' id='word_1_51' title='bbox 464 550 547 587; x_wconf 68' lang='grc'><strong>410</strong></span> <span class='ocrx_word' id='word_1_52' title='bbox 573 549 702 581; x_wconf 77' lang='lat' dir='ltr'><strong>ordinat,</strong></span> <span class='ocrx_word' id='word_1_53' title='bbox 728 555 760 575; x_wconf 87' lang='lat' dir='ltr'><strong>ac</strong></span> <span class='ocrx_word' id='word_1_54' title='bbox 773 547 883 574; x_wconf 80' lang='lat' dir='ltr'><strong>tandem</strong></span> <span class='ocrx_word' id='word_1_55' title='bbox 896 551 1038 580; x_wconf 83' lang='lat' dir='ltr'><strong>promovet</strong></span> 
     </span>
    </p>
   </div>
   <div class='ocr_carea' id='block_1_12' title="bbox 250 591 1037 636">
    <p class='ocr_par' dir='ltr' id='par_1_12' title="bbox 250 591 1037 636">
     <span class='ocr_line' id='line_1_12' title="bbox 250 591 1037 636; baseline -0.011 -9"><span class='ocrx_word' id='word_1_56' title='bbox 250 599 411 636; x_wconf 80' lang='lat' dir='ltr'><strong>syncellum,</strong></span> <span class='ocrx_word' id='word_1_57' title='bbox 427 604 489 625; x_wconf 91' lang='lat' dir='ltr'><strong>cum</strong></span> <span class='ocrx_word' id='word_1_58' title='bbox 504 596 527 623; x_wconf 88' lang='lat' dir='ltr'><strong>is</strong></span> <span class='ocrx_word' id='word_1_59' title='bbox 545 596 622 631; x_wconf 88' lang='lat' dir='ltr'><strong>prius</strong></span> <span class='ocrx_word' id='word_1_60' title='bbox 649 594 675 622; x_wconf 92' lang='lat' dir='ltr'><strong>in</strong></span> <span class='ocrx_word' id='word_1_61' title='bbox 701 593 935 621; x_wconf 87' lang='lat' dir='ltr'><strong>subdiaconorum</strong></span> <span class='ocrx_word' id='word_1_62' title='bbox 950 591 1037 627; x_wconf 78' lang='lat' dir='ltr'><strong>gradu</strong></span> 
     </span>
    </p>
   </div>
   <div class='ocr_carea' id='block_1_13' title="bbox 250 643 596 678">
    <p class='ocr_par' dir='ltr' id='par_1_13' title="bbox 250 643 596 678">
     <span class='ocr_line' id='line_1_13' title="bbox 250 643 596 678; baseline -0.014 -4"><span class='ocrx_word' id='word_1_63' title='bbox 250 647 277 674; x_wconf 91' lang='lat' dir='ltr'><strong>in</strong></span> <span class='ocrx_word' id='word_1_64' title='bbox 293 650 388 674; x_wconf 85' lang='lat' dir='ltr'><strong>sancta</strong></span> <span class='ocrx_word' id='word_1_65' title='bbox 403 643 596 678; x_wconf 73' lang='lat' dir='ltr'><strong>processisset.</strong></span> 
     </span>
    </p>
   </div>
   <div class='ocr_carea' id='block_1_14' title="bbox 286 686 1037 726">
    <p class='ocr_par' dir='ltr' id='par_1_14' title="bbox 286 686 1037 726">
     <span class='ocr_line' id='line_1_14' title="bbox 286 686 1037 726; baseline -0.011 -5"><span class='ocrx_word' id='word_1_66' title='bbox 286 694 330 721; x_wconf 79' lang='lat'><strong>18.</strong></span> <span class='ocrx_word' id='word_1_67' title='bbox 357 691 459 720; x_wconf 87' lang='lat' dir='ltr'><strong>Mensis</strong></span> <span class='ocrx_word' id='word_1_68' title='bbox 477 690 580 726; x_wconf 86' lang='lat' dir='ltr'><strong>Aprilis</strong></span> <span class='ocrx_word' id='word_1_69' title='bbox 599 689 643 717; x_wconf 90' lang='lat' dir='ltr'><strong>die</strong></span> <span class='ocrx_word' id='word_1_70' title='bbox 666 688 867 718; x_wconf 75' lang='lat' dir='ltr'><strong>decimanona</strong></span> <span class='ocrx_word' id='word_1_71' title='bbox 895 686 1037 714; x_wconf 81' lang='lat' dir='ltr'><strong>Romanus</strong></span> 
     </span>
    </p>
   </div>
   <div class='ocr_carea' id='block_1_15' title="bbox 249 733 1039 774">
    <p class='ocr_par' dir='ltr' id='par_1_15' title="bbox 249 733 1039 774">
     <span class='ocr_line' id='line_1_15' title="bbox 249 733 1039 774; baseline -0.011 -6"><span class='ocrx_word' id='word_1_72' title='bbox 249 741 381 768; x_wconf 82' lang='lat' dir='ltr'><strong>Joannem</strong></span> <span class='ocrx_word' id='word_1_73' title='bbox 398 738 546 774; x_wconf 89' lang='lat' dir='ltr'><strong>mysticum</strong></span> <span class='ocrx_word' id='word_1_74' title='bbox 563 743 711 771; x_wconf 81' lang='lat' dir='ltr'><strong>rerumque</strong></span> <span class='ocrx_word' id='word_1_75' title='bbox 725 734 906 770; x_wconf 77' lang='lat' dir='ltr'><strong>gerendarum</strong></span> <span class='ocrx_word' id='word_1_76' title='bbox 923 733 1039 761; x_wconf 86' lang='lat' dir='ltr'><strong>admini-</strong></span> 
     </span>
    </p>
   </div>
   <div class='ocr_carea' id='block_1_16' title="bbox 250 778 1036 818">
    <p class='ocr_par' dir='ltr' id='par_1_16' title="bbox 250 778 1036 818">
     <span class='ocr_line' id='line_1_16' title="bbox 250 778 1036 818; baseline -0.011 -4"><span class='ocrx_word' id='word_1_77' title='bbox 250 793 336 814; x_wconf 86' lang='lat' dir='ltr'><strong>strum</strong></span> <span class='ocrx_word' id='word_1_78' title='bbox 371 792 404 812; x_wconf 90' lang='lat' dir='ltr'><strong>ac</strong></span> <span class='ocrx_word' id='word_1_79' title='bbox 433 783 621 818; x_wconf 14' lang='lat' dir='ltr'><strong>subadjuvam»</strong></span> <span class='ocrx_word' id='word_1_80' title='bbox 646 781 763 817; x_wconf 87' lang='lat' dir='ltr'><strong>patricia</strong></span> <span class='ocrx_word' id='word_1_81' title='bbox 792 787 824 807; x_wconf 89' lang='lat' dir='ltr'><strong>ac</strong></span> <span class='ocrx_word' id='word_1_82' title='bbox 849 778 1036 814; x_wconf 80' lang='lat' dir='ltr'><strong>proconsulari</strong></span> 
     </span>
    </p>
   </div>
   <div class='ocr_carea' id='block_1_17' title="bbox 249 823 1037 866">
    <p class='ocr_par' dir='ltr' id='par_1_17' title="bbox 249 823 1037 866">
     <span class='ocr_line' id='line_1_17' title="bbox 249 823 1037 866; baseline -0.01 -8"><span class='ocrx_word' id='word_1_83' title='bbox 249 831 378 866; x_wconf 69' lang='lat' dir='ltr'><strong>dignitate</strong></span> <span class='ocrx_word' id='word_1_84' title='bbox 386 828 549 866; x_wconf 68' lang='lat' dir='ltr'><strong>ornavit,ita</strong></span> <span class='ocrx_word' id='word_1_85' title='bbox 563 834 629 855; x_wconf 83' lang='lat' dir='ltr'><strong>sane</strong></span> <span class='ocrx_word' id='word_1_86' title='bbox 642 826 743 854; x_wconf 85' lang='lat' dir='ltr'><strong>uthinc</strong></span> <span class='ocrx_word' id='word_1_87' title='bbox 756 825 795 853; x_wconf 88' lang='lat' dir='ltr'><strong>illi</strong></span> <span class='ocrx_word' id='word_1_88' title='bbox 807 824 925 853; x_wconf 75' lang='lat' dir='ltr'><strong>conflata</strong></span> <span class='ocrx_word' id='word_1_89' title='bbox 937 823 1037 852; x_wconf 79' lang='lat' dir='ltr'><strong>invidia</strong></span> 
     </span>
    </p>
   </div>
   <div class='ocr_carea' id='block_1_18' title="bbox 249 873 780 910">
    <p class='ocr_par' dir='ltr' id='par_1_18' title="bbox 249 873 780 910">
     <span class='ocr_line' id='line_1_18' title="bbox 249 873 780 910; baseline -0.011 -5"><span class='ocrx_word' id='word_1_90' title='bbox 249 884 276 905; x_wconf 82' lang='lat' dir='ltr'><strong>et</strong></span> <span class='ocrx_word' id='word_1_91' title='bbox 293 878 396 904; x_wconf 86' lang='lat' dir='ltr'><strong>illatum</strong></span> <span class='ocrx_word' id='word_1_92' title='bbox 412 883 426 903; x_wconf 90' lang='lat' dir='ltr'><strong>a</strong></span> <span class='ocrx_word' id='word_1_93' title='bbox 443 874 606 910; x_wconf 80' lang='lat' dir='ltr'><strong>quibusdam</strong></span> <span class='ocrx_word' id='word_1_94' title='bbox 618 873 722 901; x_wconf 89' lang='lat' dir='ltr'><strong>crimen</strong></span> <span class='ocrx_word' id='word_1_95' title='bbox 735 873 780 900; x_wconf 90' lang='lat' dir='ltr'><strong>sit.</strong></span> 
     </span>
    </p>
   </div>
   <div class='ocr_carea' id='block_1_19' title="bbox 287 912 1037 955">
    <p class='ocr_par' dir='ltr' id='par_1_19' title="bbox 287 912 1037 955">
     <span class='ocr_line' id='line_1_19' title="bbox 287 912 1037 955; baseline -0.009 -5"><span class='ocrx_word' id='word_1_96' title='bbox 287 924 328 950; x_wconf 88' lang='lat' dir='ltr'><strong>l9.</strong></span> <span class='ocrx_word' id='word_1_97' title='bbox 343 923 403 949; x_wconf 81' lang='lat' dir='ltr'><strong>Maii</strong></span> <span class='ocrx_word' id='word_1_98' title='bbox 414 921 515 949; x_wconf 87' lang='lat' dir='ltr'><strong>mensis</strong></span> <span class='ocrx_word' id='word_1_99' title='bbox 524 921 567 948; x_wconf 88' lang='lat' dir='ltr'><strong>die</strong></span> <span class='ocrx_word' id='word_1_100' title='bbox 576 920 671 955; x_wconf 87' lang='lat' dir='ltr'><strong>quinta</strong></span> <span class='ocrx_word' id='word_1_101' title='bbox 681 912 798 950; x_wconf 67' lang='lat' dir='ltr'><strong>decima,</strong></span> <span class='ocrx_word' id='word_1_102' title='bbox 816 917 969 945; x_wconf 86' lang='lat' dir='ltr'><strong>indictione</strong></span> <span class='ocrx_word' id='word_1_103' title='bbox 980 920 1037 944; x_wconf 73' lang='lat' dir='ltr'><strong>ter—</strong></span> 
     </span>
    </p>
   </div>
   <div class='ocr_carea' id='block_1_20' title="bbox 249 965 1040 1000">
    <p class='ocr_par' dir='ltr' id='par_1_20' title="bbox 249 965 1040 1000">
     <span class='ocr_line' id='line_1_20' title="bbox 249 965 1040 1000; baseline -0.009 -5"><span class='ocrx_word' id='word_1_104' title='bbox 249 970 285 995; x_wconf 77' lang='lat' dir='ltr'><strong>tia</strong></span> <span class='ocrx_word' id='word_1_105' title='bbox 297 969 412 999; x_wconf 80' lang='lat' dir='ltr'><strong>decima.</strong></span> <span class='ocrx_word' id='word_1_106' title='bbox 422 967 536 994; x_wconf 90' lang='lat' dir='ltr'><strong>moritur</strong></span> <span class='ocrx_word' id='word_1_107' title='bbox 543 965 672 993; x_wconf 81' lang='lat' dir='ltr'><strong>Nicolaus</strong></span> <span class='ocrx_word' id='word_1_108' title='bbox 680 965 845 1000; x_wconf 85' lang='lat' dir='ltr'><strong>patriarcha,</strong></span> <span class='ocrx_word' id='word_1_109' title='bbox 854 971 914 990; x_wconf 91' lang='lat' dir='ltr'><strong>cum</strong></span> <span class='ocrx_word' id='word_1_110' title='bbox 922 971 935 990; x_wconf 88' lang='lat' dir='ltr'><strong>a</strong></span> <span class='ocrx_word' id='word_1_111' title='bbox 945 970 1040 990; x_wconf 65' lang='lat' dir='ltr'><strong>secuti.</strong></span> 
     </span>
    </p>
   </div>
   <div class='ocr_carea' id='block_1_21' title="bbox 249 1008 1037 1047">
    <p class='ocr_par' dir='ltr' id='par_1_21' title="bbox 249 1008 1037 1047">
     <span class='ocr_line' id='line_1_21' title="bbox 249 1008 1037 1047; baseline -0.009 -7"><span class='ocrx_word' id='word_1_112' title='bbox 249 1011 283 1041; x_wconf 81' lang='lat' dir='ltr'><strong>da</strong></span> <span class='ocrx_word' id='word_1_113' title='bbox 300 1011 476 1047; x_wconf 80' lang='lat' dir='ltr'><strong>prorectione</strong></span> <span class='ocrx_word' id='word_1_114' title='bbox 491 1017 579 1037; x_wconf 89' lang='lat' dir='ltr'><strong>annos</strong></span> <span class='ocrx_word' id='word_1_115' title='bbox 589 1009 718 1036; x_wconf 89' lang='lat' dir='ltr'><strong>tredecim</strong></span> <span class='ocrx_word' id='word_1_116' title='bbox 728 1009 828 1036; x_wconf 90' lang='lat' dir='ltr'><strong>throno</strong></span> <span class='ocrx_word' id='word_1_117' title='bbox 836 1008 940 1043; x_wconf 90' lang='lat' dir='ltr'><strong>potitus</strong></span> <span class='ocrx_word' id='word_1_118' title='bbox 955 1012 1037 1034; x_wconf 85' lang='lat' dir='ltr'><strong>esset.</strong></span> 
     </span>
    </p>
   </div>
   <div class='ocr_carea' id='block_1_22' title="bbox 251 1054 1039 1093">
    <p class='ocr_par' dir='ltr' id='par_1_22' title="bbox 251 1054 1039 1093">
     <span class='ocr_line' id='line_1_22' title="bbox 251 1054 1039 1093; baseline -0.006 -8"><span class='ocrx_word' id='word_1_119' title='bbox 251 1058 315 1093; x_wconf 74' lang='lat' dir='ltr'><strong>Ejus</strong></span> <span class='ocrx_word' id='word_1_120' title='bbox 333 1065 432 1093; x_wconf 80' lang='lat' dir='ltr'><strong>corpus</strong></span> <span class='ocrx_word' id='word_1_121' title='bbox 451 1057 477 1083; x_wconf 93' lang='lat' dir='ltr'><strong>in</strong></span> <span class='ocrx_word' id='word_1_122' title='bbox 495 1056 670 1088; x_wconf 73' lang='lat' dir='ltr'><strong>ufonastcrio,</strong></span> <span class='ocrx_word' id='word_1_123' title='bbox 689 1055 761 1089; x_wconf 92' lang='lat' dir='ltr'><strong>quod</strong></span> <span class='ocrx_word' id='word_1_124' title='bbox 774 1054 818 1081; x_wconf 88' lang='lat' dir='ltr'><strong>ille</strong></span> <span class='ocrx_word' id='word_1_125' title='bbox 836 1054 992 1081; x_wconf 83' lang='lat' dir='ltr'><strong>condiderat</strong></span> <span class='ocrx_word' id='word_1_126' title='bbox 1007 1061 1039 1081; x_wconf 84' lang='lat' dir='ltr'><strong>ac</strong></span> 
     </span>
    </p>
   </div>
   <div class='ocr_carea' id='block_1_23' title="bbox 249 1100 1039 1136">
    <p class='ocr_par' dir='ltr' id='par_1_23' title="bbox 249 1100 1039 1136">
     <span class='ocr_line' id='line_1_23' title="bbox 249 1100 1039 1136; baseline -0.008 -4"><span class='ocrx_word' id='word_1_127' title='bbox 249 1105 414 1133; x_wconf 82' lang='lat' dir='ltr'><strong>Galacrenas</strong></span> <span class='ocrx_word' id='word_1_128' title='bbox 423 1107 532 1135; x_wconf 74' lang='lat' dir='ltr'><strong>vocant,</strong></span> <span class='ocrx_word' id='word_1_129' title='bbox 543 1102 683 1130; x_wconf 79' lang='lat' dir='ltr'><strong>canditum</strong></span> <span class='ocrx_word' id='word_1_130' title='bbox 693 1105 745 1129; x_wconf 83' lang='lat' dir='ltr'><strong>est.</strong></span> <span class='ocrx_word' id='word_1_131' title='bbox 756 1100 848 1129; x_wconf 86' lang='lat' dir='ltr'><strong>Mense</strong></span> <span class='ocrx_word' id='word_1_132' title='bbox 856 1101 978 1136; x_wconf 79' lang='lat' dir='ltr'><strong>Angusto</strong></span> <span class='ocrx_word' id='word_1_133' title='bbox 989 1107 1039 1135; x_wconf 75' lang='lat' dir='ltr'><strong>pa-</strong></span> 
     </span>
    </p>
   </div>
   <div class='ocr_carea' id='block_1_24' title="bbox 250 1147 1038 1183">
    <p class='ocr_par' dir='ltr' id='par_1_24' title="bbox 250 1147 1038 1183">
     <span class='ocr_line' id='line_1_24' title="bbox 250 1147 1038 1183; baseline -0.008 -5"><span class='ocrx_word' id='word_1_134' title='bbox 250 1151 369 1178; x_wconf 83' lang='lat' dir='ltr'><strong>triarcha</strong></span> <span class='ocrx_word' id='word_1_135' title='bbox 381 1149 522 1177; x_wconf 78' lang='lat' dir='ltr'><strong>sufﬁcitur</strong></span> <span class='ocrx_word' id='word_1_136' title='bbox 540 1149 696 1183; x_wconf 81' lang='lat' dir='ltr'><strong>Stephanus</strong></span> <span class='ocrx_word' id='word_1_137' title='bbox 715 1147 837 1175; x_wconf 78' lang='lat' dir='ltr'><strong>Amaseae</strong></span> <span class='ocrx_word' id='word_1_138' title='bbox 853 1147 1038 1181; x_wconf 88' lang='lat' dir='ltr'><strong>metropolita,</strong></span> 
     </span>
    </p>
   </div>
   <div class='ocr_carea' id='block_1_25' title="bbox 251 1193 1039 1228">
    <p class='ocr_par' dir='ltr' id='par_1_25' title="bbox 251 1193 1039 1228">
     <span class='ocr_line' id='line_1_25' title="bbox 251 1193 1039 1228; baseline -0.008 -5"><span class='ocrx_word' id='word_1_139' title='bbox 251 1197 405 1224; x_wconf 82' lang='lat' dir='ltr'><strong>enimchns.</strong></span> <span class='ocrx_word' id='word_1_140' title='bbox 415 1194 507 1222; x_wconf 87' lang='lat' dir='ltr'><strong>Mense</strong></span> <span class='ocrx_word' id='word_1_141' title='bbox 517 1193 628 1221; x_wconf 89' lang='lat' dir='ltr'><strong>Octobri</strong></span> <span class='ocrx_word' id='word_1_142' title='bbox 638 1193 757 1221; x_wconf 81' lang='lat' dir='ltr'><strong>Joannes</strong></span> <span class='ocrx_word' id='word_1_143' title='bbox 765 1193 895 1228; x_wconf 83' lang='lat' dir='ltr'><strong>mysticus</strong></span> <span class='ocrx_word' id='word_1_144' title='bbox 905 1200 937 1220; x_wconf 91' lang='lat' dir='ltr'><strong>ac</strong></span> <span class='ocrx_word' id='word_1_145' title='bbox 953 1193 1039 1227; x_wconf 79' lang='lat' dir='ltr'><strong>impe-</strong></span> 
     </span>
    </p>
   </div>
   <div class='ocr_carea' id='block_1_26' title="bbox 252 1237 1038 1274">
    <p class='ocr_par' dir='ltr' id='par_1_26' title="bbox 252 1237 1038 1274">
     <span class='ocr_line' id='line_1_26' title="bbox 252 1237 1038 1274; baseline -0.006 -5"><span class='ocrx_word' id='word_1_146' title='bbox 252 1241 336 1269; x_wconf 87' lang='lat' dir='ltr'><strong>ratori</strong></span> <span class='ocrx_word' id='word_1_147' title='bbox 347 1248 438 1268; x_wconf 87' lang='lat' dir='ltr'><strong>rerum</strong></span> <span class='ocrx_word' id='word_1_148' title='bbox 465 1239 646 1274; x_wconf 79' lang='lat' dir='ltr'><strong>gerendarum</strong></span> <span class='ocrx_word' id='word_1_149' title='bbox 669 1238 777 1273; x_wconf 84' lang='lat' dir='ltr'><strong>adjutor</strong></span> <span class='ocrx_word' id='word_1_150' title='bbox 795 1237 913 1265; x_wconf 67' lang='lat' dir='ltr'><strong>affectati</strong></span> <span class='ocrx_word' id='word_1_151' title='bbox 929 1237 1038 1273; x_wconf 86' lang='lat' dir='ltr'><strong>imperii</strong></span> 
     </span>
    </p>
   </div>
   <div class='ocr_carea' id='block_1_27' title="bbox 250 1283 1039 1320">
    <p class='ocr_par' dir='ltr' id='par_1_27' title="bbox 250 1283 1039 1320">
     <span class='ocr_line' id='line_1_27' title="bbox 250 1283 1039 1320; baseline -0.003 -6"><span class='ocrx_word' id='word_1_152' title='bbox 250 1288 382 1320; x_wconf 75' lang='lat' dir='ltr'><strong>defertur,</strong></span> <span class='ocrx_word' id='word_1_153' title='bbox 393 1287 418 1313; x_wconf 93' lang='lat' dir='ltr'><strong>in</strong></span> <span class='ocrx_word' id='word_1_154' title='bbox 433 1294 489 1314; x_wconf 88' lang='lat' dir='ltr'><strong>rem</strong></span> <span class='ocrx_word' id='word_1_155' title='bbox 500 1285 646 1312; x_wconf 87' lang='lat' dir='ltr'><strong>inducente</strong></span> <span class='ocrx_word' id='word_1_156' title='bbox 654 1283 755 1312; x_wconf 88' lang='lat' dir='ltr'><strong>Cosma</strong></span> <span class='ocrx_word' id='word_1_157' title='bbox 768 1284 884 1320; x_wconf 87' lang='lat' dir='ltr'><strong>patricio</strong></span> <span class='ocrx_word' id='word_1_158' title='bbox 896 1291 927 1312; x_wconf 89' lang='lat' dir='ltr'><strong>ac</strong></span> <span class='ocrx_word' id='word_1_159' title='bbox 941 1291 1039 1312; x_wconf 88' lang='lat' dir='ltr'><strong>cursus</strong></span> 
     </span>
    </p>
   </div>
   <div class='ocr_carea' id='block_1_28' title="bbox 250 1330 1037 1368">
    <p class='ocr_par' dir='ltr' id='par_1_28' title="bbox 250 1330 1037 1368">
     <span class='ocr_line' id='line_1_28' title="bbox 250 1330 1037 1368; baseline -0.006 -7"><span class='ocrx_word' id='word_1_160' title='bbox 250 1333 510 1368; x_wconf 77' lang='lat' dir='ltr'><strong>publicilogothcta,</strong></span> <span class='ocrx_word' id='word_1_161' title='bbox 537 1331 584 1366; x_wconf 90' lang='lat' dir='ltr'><strong>qui</strong></span> <span class='ocrx_word' id='word_1_162' title='bbox 604 1331 687 1359; x_wconf 87' lang='lat' dir='ltr'><strong>ﬁliam</strong></span> <span class='ocrx_word' id='word_1_163' title='bbox 707 1330 732 1358; x_wconf 89' lang='lat' dir='ltr'><strong>ei</strong></span> <span class='ocrx_word' id='word_1_164' title='bbox 750 1337 864 1358; x_wconf 83' lang='lat' dir='ltr'><strong>uxorem</strong></span> <span class='ocrx_word' id='word_1_165' title='bbox 890 1330 1037 1358; x_wconf 83' lang='lat' dir='ltr'><strong>locaverat.</strong></span> 
     </span>
    </p>
   </div>
   <div class='ocr_carea' id='block_1_29' title="bbox 251 1376 1038 1413">
    <p class='ocr_par' dir='ltr' id='par_1_29' title="bbox 251 1376 1038 1413">
     <span class='ocr_line' id='line_1_29' title="bbox 251 1376 1038 1413; baseline -0.003 -7"><span class='ocrx_word' id='word_1_166' title='bbox 251 1381 316 1406; x_wconf 83' lang='lat' dir='ltr'><strong>Eam</strong></span> <span class='ocrx_word' id='word_1_167' title='bbox 328 1379 361 1405; x_wconf 92' lang='lat' dir='ltr'><strong>ob</strong></span> <span class='ocrx_word' id='word_1_168' title='bbox 370 1386 426 1406; x_wconf 90' lang='lat' dir='ltr'><strong>rem</strong></span> <span class='ocrx_word' id='word_1_169' title='bbox 436 1378 540 1413; x_wconf 85' lang='lat' dir='ltr'><strong>cjectus</strong></span> <span class='ocrx_word' id='word_1_170' title='bbox 548 1378 594 1405; x_wconf 87' lang='lat' dir='ltr'><strong>ille</strong></span> <span class='ocrx_word' id='word_1_171' title='bbox 604 1377 715 1412; x_wconf 87' lang='lat' dir='ltr'><strong>quidem</strong></span> <span class='ocrx_word' id='word_1_172' title='bbox 726 1377 788 1404; x_wconf 88' lang='lat' dir='ltr'><strong>aula</strong></span> <span class='ocrx_word' id='word_1_173' title='bbox 799 1380 861 1405; x_wconf 90' lang='lat' dir='ltr'><strong>est:</strong></span> <span class='ocrx_word' id='word_1_174' title='bbox 874 1376 1038 1412; x_wconf 89' lang='lat' dir='ltr'><strong>permissum</strong></span> 
     </span>
    </p>
   </div>
   <div class='ocr_carea' id='block_1_30' title="bbox 250 1422 1037 1459">
    <p class='ocr_par' dir='ltr' id='par_1_30' title="bbox 250 1422 1037 1459">
     <span class='ocr_line' id='line_1_30' title="bbox 250 1422 1037 1459; baseline -0.004 -6"><span class='ocrx_word' id='word_1_175' title='bbox 250 1430 342 1453; x_wconf 86' lang='lat' dir='ltr'><strong>tamen</strong></span> <span class='ocrx_word' id='word_1_176' title='bbox 353 1424 545 1459; x_wconf 85' lang='lat' dir='ltr'><strong>imperatorem</strong></span> <span class='ocrx_word' id='word_1_177' title='bbox 556 1423 631 1450; x_wconf 85' lang='lat' dir='ltr'><strong>adire</strong></span> <span class='ocrx_word' id='word_1_178' title='bbox 650 1423 731 1457; x_wconf 85' lang='lat' dir='ltr'><strong>eique</strong></span> <span class='ocrx_word' id='word_1_179' title='bbox 754 1422 922 1456; x_wconf 79' lang='lat' dir='ltr'><strong>ministrare,</strong></span> <span class='ocrx_word' id='word_1_180' title='bbox 934 1429 966 1450; x_wconf 89' lang='lat' dir='ltr'><strong>ac</strong></span> <span class='ocrx_word' id='word_1_181' title='bbox 976 1430 1037 1450; x_wconf 91' lang='lat' dir='ltr'><strong>cum</strong></span> 
     </span>
    </p>
   </div>
   <div class='ocr_carea' id='block_1_31' title="bbox 249 1467 1039 1503">
    <p class='ocr_par' dir='ltr' id='par_1_31' title="bbox 249 1467 1039 1503">
     <span class='ocr_line' id='line_1_31' title="bbox 249 1467 1039 1503; baseline -0.004 -5"><span class='ocrx_word' id='word_1_182' title='bbox 249 1478 283 1498; x_wconf 88' lang='lat' dir='ltr'><strong>eo</strong></span> <span class='ocrx_word' id='word_1_183' title='bbox 292 1469 502 1497; x_wconf 82' lang='lat' dir='ltr'><strong>communicatis</strong></span> <span class='ocrx_word' id='word_1_184' title='bbox 510 1468 642 1500; x_wconf 76' lang='lat' dir='ltr'><strong>consiliis,</strong></span> <span class='ocrx_word' id='word_1_185' title='bbox 653 1467 724 1502; x_wconf 88' lang='lat' dir='ltr'><strong>quod</strong></span> <span class='ocrx_word' id='word_1_186' title='bbox 737 1475 828 1503; x_wconf 65' lang='lat' dir='ltr'><strong>opera:</strong></span> <span class='ocrx_word' id='word_1_187' title='bbox 835 1467 952 1502; x_wconf 90' lang='lat' dir='ltr'><strong>pretium</strong></span> <span class='ocrx_word' id='word_1_188' title='bbox 961 1468 1039 1495; x_wconf 82' lang='lat' dir='ltr'><strong>vide-</strong></span> 
     </span>
    </p>
   </div>
   <div class='ocr_carea' id='block_1_32' title="bbox 250 1512 1039 1547">
    <p class='ocr_par' dir='ltr' id='par_1_32' title="bbox 250 1512 1039 1547">
     <span class='ocr_line' id='line_1_32' title="bbox 250 1512 1039 1547; baseline -0.003 -5"><span class='ocrx_word' id='word_1_189' title='bbox 250 1520 336 1546; x_wconf 90' lang='lat' dir='ltr'><strong>retur,</strong></span> <span class='ocrx_word' id='word_1_190' title='bbox 350 1518 478 1540; x_wconf 87' lang='lat' dir='ltr'><strong>tractare.</strong></span> <span class='ocrx_word' id='word_1_191' title='bbox 504 1512 710 1547; x_wconf 80' lang='lat' dir='ltr'><strong>lngensqnippe</strong></span> <span class='ocrx_word' id='word_1_192' title='bbox 733 1512 761 1539; x_wconf 92' lang='lat' dir='ltr'><strong>in</strong></span> <span class='ocrx_word' id='word_1_193' title='bbox 784 1520 846 1539; x_wconf 89' lang='lat' dir='ltr'><strong>entn</strong></span> <span class='ocrx_word' id='word_1_194' title='bbox 865 1512 1039 1547; x_wconf 81' lang='lat' dir='ltr'><strong>imperatoris</strong></span> 
     </span>
    </p>
   </div>
   <div class='ocr_carea' id='block_1_33' title="bbox 1088 269 1876 307">
    <p class='ocr_par' dir='ltr' id='par_1_33' title="bbox 1088 269 1876 307">
     <span class='ocr_line' id='line_1_33' title="bbox 1088 269 1876 307; baseline 0 -7"><span class='ocrx_word' id='word_1_195' title='bbox 1088 274 1264 304; x_wconf 76' lang='grc' dir='ltr'><strong>ταπείνωσιν.</strong></span> <span class='ocrx_word' id='word_1_196' title='bbox 1289 272 1443 306; x_wconf 66' lang='grc' dir='ltr'><strong>ἱξεθείαζεν</strong></span> <span class='ocrx_word' id='word_1_197' title='bbox 1459 272 1488 298; x_wconf 77' lang='grc' dir='ltr'><strong>δὲ</strong></span> <span class='ocrx_word' id='word_1_198' title='bbox 1503 272 1586 299; x_wconf 66' lang='grc' dir='ltr'><strong>αὑτοῦ</strong></span> <span class='ocrx_word' id='word_1_199' title='bbox 1600 271 1631 298; x_wconf 84' lang='grc' dir='ltr'><strong>τό</strong></span> <span class='ocrx_word' id='word_1_200' title='bbox 1651 280 1680 299; x_wconf 85' lang='grc' dir='ltr'><strong>τε</strong></span> <span class='ocrx_word' id='word_1_201' title='bbox 1698 269 1767 304; x_wconf 73' lang='grc' dir='ltr'><strong>εἶδος</strong></span> <span class='ocrx_word' id='word_1_202' title='bbox 1781 273 1833 307; x_wconf 84' lang='grc' dir='ltr'><strong>τήν</strong></span> <span class='ocrx_word' id='word_1_203' title='bbox 1845 280 1876 300; x_wconf 72' lang='grc' dir='ltr'><strong>τί</strong></span> 
     </span>
    </p>
   </div>
   <div class='ocr_carea' id='block_1_34' title="bbox 1089 317 1786 355">
    <p class='ocr_par' dir='ltr' id='par_1_34' title="bbox 1089 317 1786 355">
     <span class='ocr_line' id='line_1_34' title="bbox 1089 317 1786 355; baseline -0.003 -9"><span class='ocrx_word' id='word_1_204' title='bbox 1089 319 1186 355; x_wconf 76' lang='grc' dir='ltr'><strong>ῥώμην</strong></span> <span class='ocrx_word' id='word_1_205' title='bbox 1202 321 1250 346; x_wconf 74' lang='grc' dir='ltr'><strong>καὶ</strong></span> <span class='ocrx_word' id='word_1_206' title='bbox 1261 319 1292 346; x_wconf 75' lang='grc' dir='ltr'><strong>τδ</strong></span> <span class='ocrx_word' id='word_1_207' title='bbox 1307 319 1519 353; x_wconf 81' lang='grc' dir='ltr'><strong>ἀκατάπληκτον</strong></span> <span class='ocrx_word' id='word_1_208' title='bbox 1537 317 1584 344; x_wconf 79' lang='grc' dir='ltr'><strong>τοῦ</strong></span> <span class='ocrx_word' id='word_1_209' title='bbox 1600 318 1786 353; x_wconf 78' lang='grc' dir='ltr'><strong>φρονήματος.</strong></span> 
     </span>
    </p>
   </div>
   <div class='ocr_carea' id='block_1_35' title="bbox 1125 363 1878 400">
    <p class='ocr_par' dir='ltr' id='par_1_35' title="bbox 1125 363 1878 400">
     <span class='ocr_line' id='line_1_35' title="bbox 1125 363 1878 400; baseline -0.003 -8"><span class='ocrx_word' id='word_1_210' title='bbox 1125 366 1169 397; x_wconf 79' lang='grc' dir='ltr'><strong>ιζ’.</strong></span> <span class='ocrx_word' id='word_1_211' title='bbox 1187 365 1348 400; x_wconf 82' lang='grc' dir='ltr'><strong>Δεκεμϐρίῳ</strong></span> <span class='ocrx_word' id='word_1_212' title='bbox 1363 365 1392 391; x_wconf 77' lang='grc' dir='ltr'><strong>δὲ</strong></span> <span class='ocrx_word' id='word_1_213' title='bbox 1409 365 1475 400; x_wconf 84' lang='grc' dir='ltr'><strong>μηνὶ</strong></span> <span class='ocrx_word' id='word_1_214' title='bbox 1488 363 1527 390; x_wconf 84' lang='grc' dir='ltr'><strong>κε’</strong></span> <span class='ocrx_word' id='word_1_215' title='bbox 1542 363 1638 398; x_wconf 70' lang='grc' dir='ltr'><strong>ἔστεψε</strong></span> <span class='ocrx_word' id='word_1_216' title='bbox 1657 363 1800 399; x_wconf 75' lang='grc' dir='ltr'><strong>Ῥωμανδς</strong></span> <span class='ocrx_word' id='word_1_217' title='bbox 1813 364 1878 396; x_wconf 81' lang='grc' dir='ltr'><strong>τοὺς</strong></span> 
     </span>
    </p>
   </div>
   <div class='ocr_carea' id='block_1_36' title="bbox 1089 410 1878 447">
    <p class='ocr_par' dir='ltr' id='par_1_36' title="bbox 1089 410 1878 447">
     <span class='ocr_line' id='line_1_36' title="bbox 1089 410 1878 447; baseline 0 -9"><span class='ocrx_word' id='word_1_218' title='bbox 1089 412 1164 444; x_wconf 79' lang='grc' dir='ltr'><strong>υἱοὺς</strong></span> <span class='ocrx_word' id='word_1_219' title='bbox 1180 411 1263 438; x_wconf 66' lang='grc' dir='ltr'><strong>αὑτοῦ</strong></span> <span class='ocrx_word' id='word_1_220' title='bbox 1289 413 1317 438; x_wconf 77' lang='grc' dir='ltr'><strong>ἐν</strong></span> <span class='ocrx_word' id='word_1_221' title='bbox 1333 412 1366 446; x_wconf 81' lang='grc' dir='ltr'><strong>τῇ</strong></span> <span class='ocrx_word' id='word_1_222' title='bbox 1383 411 1497 447; x_wconf 80' lang='grc' dir='ltr'><strong>Μεγάλῃ</strong></span> <span class='ocrx_word' id='word_1_223' title='bbox 1524 410 1668 445; x_wconf 73' lang='grc' dir='ltr'><strong>ἐκκλησία,</strong></span> <span class='ocrx_word' id='word_1_224' title='bbox 1688 410 1826 444; x_wconf 81' lang='grc' dir='ltr'><strong>Στέφανόν</strong></span> <span class='ocrx_word' id='word_1_225' title='bbox 1847 418 1878 438; x_wconf 76' lang='grc' dir='ltr'><strong>τι</strong></span> 
     </span>
    </p>
   </div>
   <div class='ocr_carea' id='block_1_37' title="bbox 1090 455 1879 490">
    <p class='ocr_par' dir='ltr' id='par_1_37' title="bbox 1090 455 1879 490">
     <span class='ocr_line' id='line_1_37' title="bbox 1090 455 1879 490; baseline -0.001 -7"><span class='ocrx_word' id='word_1_226' title='bbox 1090 457 1137 483; x_wconf 81' lang='grc' dir='ltr'><strong>καὶ</strong></span> <span class='ocrx_word' id='word_1_227' title='bbox 1164 458 1370 484; x_wconf 74' lang='grc' dir='ltr'><strong>Κωνσταντῐνον</strong></span> <span class='ocrx_word' id='word_1_228' title='bbox 1384 464 1391 471; x_wconf 91' lang='grc'><strong>·</strong></span> <span class='ocrx_word' id='word_1_229' title='bbox 1431 456 1500 483; x_wconf 79' lang='grc' dir='ltr'>ἀλλὰ</span> <span class='ocrx_word' id='word_1_230' title='bbox 1527 456 1574 482; x_wconf 80' lang='grc' dir='ltr'><strong>καὶ</strong></span> <span class='ocrx_word' id='word_1_231' title='bbox 1593 455 1782 490; x_wconf 74' lang='grc' dir='ltr'><strong>Θεοφύλακτον</strong></span> <span class='ocrx_word' id='word_1_232' title='bbox 1821 456 1879 482; x_wconf 76' lang='grc' dir='ltr'><strong>υιδν</strong></span> 
     </span>
    </p>
   </div>
   <div class='ocr_carea' id='block_1_38' title="bbox 1090 502 1881 539">
    <p class='ocr_par' dir='ltr' id='par_1_38' title="bbox 1090 502 1881 539">
     <span class='ocr_line' id='line_1_38' title="bbox 1090 502 1881 539; baseline -0.003 -9"><span class='ocrx_word' id='word_1_233' title='bbox 1090 503 1171 530; x_wconf 80' lang='grc' dir='ltr'><strong>αὑτοῦ</strong></span> <span class='ocrx_word' id='word_1_234' title='bbox 1186 504 1199 530; x_wconf 87' lang='grc' dir='ltr'>ὁ</span> <span class='ocrx_word' id='word_1_235' title='bbox 1215 502 1391 539; x_wconf 76' lang='grc' dir='ltr'><strong>πατριάρχης</strong></span> <span class='ocrx_word' id='word_1_236' title='bbox 1416 502 1458 539; x_wconf 91' lang='lat' dir='ltr'><strong>|P.</strong></span> <span class='ocrx_word' id='word_1_237' title='bbox 1483 502 1548 537; x_wconf 71' lang='grc'><strong>254]</strong></span> <span class='ocrx_word' id='word_1_238' title='bbox 1570 502 1706 533; x_wconf 78' lang='grc' dir='ltr'><strong>Νικόλαος</strong></span> <span class='ocrx_word' id='word_1_239' title='bbox 1730 502 1881 537; x_wconf 75' lang='grc' dir='ltr'><strong>ἀπέκειρεν</strong></span> 
     </span>
    </p>
   </div>
   <div class='ocr_carea' id='block_1_39' title="bbox 1089 546 1877 585">
    <p class='ocr_par' dir='ltr' id='par_1_39' title="bbox 1089 546 1877 585">
     <span class='ocr_line' id='line_1_39' title="bbox 1089 546 1877 585; baseline -0.004 -9"><span class='ocrx_word' id='word_1_240' title='bbox 1089 549 1231 585; x_wconf 77' lang='grc' dir='ltr'><strong>κληρικὸν,</strong></span> <span class='ocrx_word' id='word_1_241' title='bbox 1255 549 1450 585; x_wconf 79' lang='grc' dir='ltr'><strong>χειροτονήσας</strong></span> <span class='ocrx_word' id='word_1_242' title='bbox 1479 547 1656 575; x_wconf 82' lang='grc' dir='ltr'><strong>ὐποδιάκονον</strong></span> <span class='ocrx_word' id='word_1_243' title='bbox 1684 546 1832 582; x_wconf 79' lang='grc' dir='ltr'><strong>σύγκελλόν</strong></span> <span class='ocrx_word' id='word_1_244' title='bbox 1848 555 1877 573; x_wconf 84' lang='grc' dir='ltr'><strong>τι</strong></span> 
     </span>
    </p>
   </div>
   <div class='ocr_carea' id='block_1_40' title="bbox 1089 593 1881 630">
    <p class='ocr_par' dir='ltr' id='par_1_40' title="bbox 1089 593 1881 630">
     <span class='ocr_line' id='line_1_40' title="bbox 1089 593 1881 630; baseline -0.003 -8"><span class='ocrx_word' id='word_1_245' title='bbox 1089 595 1349 630; x_wconf 80' lang='grc' dir='ltr'><strong>προχειρισάμενος,</strong></span> <span class='ocrx_word' id='word_1_246' title='bbox 1360 594 1499 622; x_wconf 82' lang='grc' dir='ltr'><strong>διελθόντα</strong></span> <span class='ocrx_word' id='word_1_247' title='bbox 1516 593 1651 630; x_wconf 79' lang='grc' dir='ltr'><strong>πρότερον</strong></span> <span class='ocrx_word' id='word_1_248' title='bbox 1663 594 1693 622; x_wconf 77' lang='grc' dir='ltr'><strong>ὲν</strong></span> <span class='ocrx_word' id='word_1_249' title='bbox 1703 593 1742 629; x_wconf 79' lang='grc' dir='ltr'><strong>τῷ</strong></span> <span class='ocrx_word' id='word_1_250' title='bbox 1750 593 1805 620; x_wconf 85' lang='grc' dir='ltr'><strong>τῶν</strong></span> <span class='ocrx_word' id='word_1_251' title='bbox 1814 593 1881 620; x_wconf 79' lang='grc' dir='ltr'><strong>ὑπο-</strong></span> 
     </span>
    </p>
   </div>
   <div class='ocr_carea' id='block_1_41' title="bbox 1088 641 1555 678">
    <p class='ocr_par' dir='ltr' id='par_1_41' title="bbox 1088 641 1555 678">
     <span class='ocr_line' id='line_1_41' title="bbox 1088 641 1555 678; baseline -0.004 -8"><span class='ocrx_word' id='word_1_252' title='bbox 1088 643 1222 670; x_wconf 81' lang='grc' dir='ltr'><strong>διακόνων</strong></span> <span class='ocrx_word' id='word_1_253' title='bbox 1239 643 1360 678; x_wconf 80' lang='grc' dir='ltr'><strong>τάγματι</strong></span> <span class='ocrx_word' id='word_1_254' title='bbox 1376 643 1416 674; x_wconf 81' lang='grc' dir='ltr'><strong>εἰς</strong></span> <span class='ocrx_word' id='word_1_255' title='bbox 1431 642 1466 669; x_wconf 87' lang='grc' dir='ltr'><strong>τὰ</strong></span> <span class='ocrx_word' id='word_1_256' title='bbox 1478 641 1555 675; x_wconf 77' lang='grc' dir='ltr'><strong>ἅγια.</strong></span> 
     </span>
    </p>
   </div>
   <div class='ocr_carea' id='block_1_42' title="bbox 1126 686 1879 725">
    <p class='ocr_par' dir='ltr' id='par_1_42' title="bbox 1126 686 1879 725">
     <span class='ocr_line' id='line_1_42' title="bbox 1126 686 1879 725; baseline -0.005 -9"><span class='ocrx_word' id='word_1_257' title='bbox 1126 689 1170 725; x_wconf 86' lang='grc' dir='ltr'><strong>ιη’.</strong></span> <span class='ocrx_word' id='word_1_258' title='bbox 1195 689 1344 724; x_wconf 74' lang='grc' dir='ltr'><strong>Ἀπριλλίῳ</strong></span> <span class='ocrx_word' id='word_1_259' title='bbox 1364 689 1392 716; x_wconf 80' lang='grc' dir='ltr'><strong>δὲ</strong></span> <span class='ocrx_word' id='word_1_260' title='bbox 1418 689 1493 724; x_wconf 76' lang='grc' dir='ltr'><strong>μηνὶ,</strong></span> <span class='ocrx_word' id='word_1_261' title='bbox 1509 686 1541 715; x_wconf 89' lang='grc' dir='ltr'><strong>ιθ¹</strong></span> <span class='ocrx_word' id='word_1_262' title='bbox 1556 686 1603 715; x_wconf 79' lang='grc' dir='ltr'><strong>τοῦ</strong></span> <span class='ocrx_word' id='word_1_263' title='bbox 1626 686 1721 723; x_wconf 78' lang='grc' dir='ltr'><strong>μηνὸς,</strong></span> <span class='ocrx_word' id='word_1_264' title='bbox 1746 687 1879 721; x_wconf 73' lang='grc' dir='ltr'><strong>ἐτίμησεν</strong></span> 
     </span>
    </p>
   </div>
   <div class='ocr_carea' id='block_1_43' title="bbox 1095 732 1877 771">
    <p class='ocr_par' dir='ltr' id='par_1_43' title="bbox 1095 732 1877 771">
     <span class='ocr_line' id='line_1_43' title="bbox 1095 732 1877 771; baseline -0.006 -8"><span class='ocrx_word' id='word_1_265' title='bbox 1095 736 1236 771; x_wconf 79' lang='grc' dir='ltr'><strong>Ῥωμανὸς</strong></span> <span class='ocrx_word' id='word_1_266' title='bbox 1253 735 1378 770; x_wconf 84' lang='grc' dir='ltr'><strong>Ἰωάννην</strong></span> <span class='ocrx_word' id='word_1_267' title='bbox 1393 734 1526 770; x_wconf 79' lang='grc' dir='ltr'><strong>μυστικὸν</strong></span> <span class='ocrx_word' id='word_1_268' title='bbox 1538 734 1585 761; x_wconf 77' lang='grc' dir='ltr'><strong>καὶ</strong></span> <span class='ocrx_word' id='word_1_269' title='bbox 1601 732 1877 769; x_wconf 75' lang='grc' dir='ltr'><strong>παραδυναστεύοντα</strong></span> 
     </span>
    </p>
   </div>
   <div class='ocr_carea' id='block_1_44' title="bbox 1089 778 1880 818">
    <p class='ocr_par' dir='ltr' id='par_1_44' title="bbox 1089 778 1880 818">
     <span class='ocr_line' id='line_1_44' title="bbox 1089 778 1880 818; baseline -0.006 -9"><span class='ocrx_word' id='word_1_270' title='bbox 1089 783 1234 818; x_wconf 80' lang='grc' dir='ltr'><strong>πατρίκιον</strong></span> <span class='ocrx_word' id='word_1_271' title='bbox 1249 782 1297 808; x_wconf 74' lang='grc' dir='ltr'><strong>καὶ</strong></span> <span class='ocrx_word' id='word_1_272' title='bbox 1322 781 1488 813; x_wconf 77' lang='grc' dir='ltr'><strong>ἀνθύπατον,</strong></span> <span class='ocrx_word' id='word_1_273' title='bbox 1514 780 1585 807; x_wconf 80' lang='grc' dir='ltr'><strong>ὥστε</strong></span> <span class='ocrx_word' id='word_1_274' title='bbox 1601 780 1649 807; x_wconf 73' lang='grc' dir='ltr'><strong>καὶ</strong></span> <span class='ocrx_word' id='word_1_275' title='bbox 1665 779 1700 806; x_wconf 76' lang='grc' dir='ltr'><strong>δι’</strong></span> <span class='ocrx_word' id='word_1_276' title='bbox 1717 779 1784 806; x_wconf 82' lang='grc' dir='ltr'><strong>αὺτδ</strong></span> <span class='ocrx_word' id='word_1_277' title='bbox 1800 778 1880 805; x_wconf 77' lang='grc' dir='ltr'><strong>τοῦτο</strong></span> 
     </span>
    </p>
   </div>
   <div class='ocr_carea' id='block_1_45' title="bbox 1090 824 1879 864">
    <p class='ocr_par' dir='ltr' id='par_1_45' title="bbox 1090 824 1879 864">
     <span class='ocr_line' id='line_1_45' title="bbox 1090 824 1879 864; baseline -0.005 -9"><span class='ocrx_word' id='word_1_278' title='bbox 1090 828 1188 863; x_wconf 79' lang='grc' dir='ltr'>φθόνον</span> <span class='ocrx_word' id='word_1_279' title='bbox 1214 827 1361 864; x_wconf 78' lang='grc' dir='ltr'><strong>κινηθῆναι</strong></span> <span class='ocrx_word' id='word_1_280' title='bbox 1389 826 1464 862; x_wconf 82' lang='grc' dir='ltr'><strong>αὐτῷ</strong></span> <span class='ocrx_word' id='word_1_281' title='bbox 1492 827 1539 853; x_wconf 81' lang='grc' dir='ltr'><strong>καὶ</strong></span> <span class='ocrx_word' id='word_1_282' title='bbox 1566 825 1789 861; x_wconf 77' lang='grc' dir='ltr'><strong>κατηγορηθῆναι</strong></span> <span class='ocrx_word' id='word_1_283' title='bbox 1824 824 1879 851; x_wconf 79' lang='grc' dir='ltr'><strong>ἀπό</strong></span> 
     </span>
    </p>
   </div>
   <div class='ocr_carea' id='block_1_46' title="bbox 1088 882 1183 901">
    <p class='ocr_par' dir='ltr' id='par_1_46' title="bbox 1088 882 1183 901">
     <span class='ocr_line' id='line_1_46' title="bbox 1088 882 1183 901; baseline -0.011 0"><span class='ocrx_word' id='word_1_284' title='bbox 1088 882 1183 901; x_wconf 85' lang='grc' dir='ltr'><strong>τινων.</strong></span> 
     </span>
    </p>
   </div>
   <div class='ocr_carea' id='block_1_47' title="bbox 1127 917 1879 955">
    <p class='ocr_par' dir='ltr' id='par_1_47' title="bbox 1127 917 1879 955">
     <span class='ocr_line' id='line_1_47' title="bbox 1127 917 1879 955; baseline -0.005 -8"><span class='ocrx_word' id='word_1_285' title='bbox 1127 919 1171 947; x_wconf 75' lang='grc' dir='ltr'><strong>ιθ⁷,</strong></span> <span class='ocrx_word' id='word_1_286' title='bbox 1189 919 1266 955; x_wconf 82' lang='grc' dir='ltr'><strong>Μαΐῳ</strong></span> <span class='ocrx_word' id='word_1_287' title='bbox 1289 919 1317 946; x_wconf 77' lang='grc' dir='ltr'><strong>δὲ</strong></span> <span class='ocrx_word' id='word_1_288' title='bbox 1334 919 1398 954; x_wconf 76' lang='grc' dir='ltr'><strong>μηνὶ</strong></span> <span class='ocrx_word' id='word_1_289' title='bbox 1420 921 1461 951; x_wconf 78' lang='grc' dir='ltr'><strong>ιε’,</strong></span> <span class='ocrx_word' id='word_1_290' title='bbox 1483 917 1650 950; x_wconf 85' lang='grc' dir='ltr'><strong>ίνδικτιῶνος</strong></span> <span class='ocrx_word' id='word_1_291' title='bbox 1674 920 1719 952; x_wconf 83' lang='grc' dir='ltr'><strong>ιγ’,</strong></span> <span class='ocrx_word' id='word_1_292' title='bbox 1736 917 1851 952; x_wconf 76' lang='grc' dir='ltr'><strong>τελευτᾷ</strong></span> <span class='ocrx_word' id='word_1_293' title='bbox 1864 917 1879 943; x_wconf 83' lang='grc' dir='ltr'><strong><em>ὁ</em></strong></span> 
     </span>
    </p>
   </div>
   <div class='ocr_carea' id='block_1_48' title="bbox 1090 963 1877 1002">
    <p class='ocr_par' dir='ltr' id='par_1_48' title="bbox 1090 963 1877 1002">
     <span class='ocr_line' id='line_1_48' title="bbox 1090 963 1877 1002; baseline -0.005 -9"><span class='ocrx_word' id='word_1_294' title='bbox 1090 965 1266 1002; x_wconf 72' lang='grc' dir='ltr'><strong>πατριάρχης</strong></span> <span class='ocrx_word' id='word_1_295' title='bbox 1279 965 1424 998; x_wconf 79' lang='grc' dir='ltr'><strong>Νικόλαος,</strong></span> <span class='ocrx_word' id='word_1_296' title='bbox 1437 965 1579 1000; x_wconf 80' lang='grc' dir='ltr'><strong>κρατήσας</strong></span> <span class='ocrx_word' id='word_1_297' title='bbox 1594 964 1623 991; x_wconf 80' lang='grc' dir='ltr'><strong>ὲν</strong></span> <span class='ocrx_word' id='word_1_298' title='bbox 1635 965 1668 999; x_wconf 84' lang='grc' dir='ltr'><strong>τῇ</strong></span> <span class='ocrx_word' id='word_1_299' title='bbox 1682 963 1798 999; x_wconf 75' lang='grc' dir='ltr'><strong>δευτέρᾳ</strong></span> <span class='ocrx_word' id='word_1_300' title='bbox 1812 963 1877 990; x_wconf 82' lang='grc' dir='ltr'><strong>ἀνα-</strong></span> 
     </span>
    </p>
   </div>
   <div class='ocr_carea' id='block_1_49' title="bbox 1090 1009 1878 1047">
    <p class='ocr_par' dir='ltr' id='par_1_49' title="bbox 1090 1009 1878 1047">
     <span class='ocr_line' id='line_1_49' title="bbox 1090 1009 1878 1047; baseline -0.005 -8"><span class='ocrx_word' id='word_1_301' title='bbox 1090 1012 1169 1040; x_wconf 78' lang='grc' dir='ltr'><strong>ϐάσει</strong></span> <span class='ocrx_word' id='word_1_302' title='bbox 1187 1011 1235 1039; x_wconf 82' lang='grc' dir='ltr'><strong>τοῦ</strong></span> <span class='ocrx_word' id='word_1_303' title='bbox 1253 1011 1452 1047; x_wconf 82' lang='grc' dir='ltr'><strong>πατριαρχείου</strong></span> <span class='ocrx_word' id='word_1_304' title='bbox 1475 1010 1531 1046; x_wconf 68' lang='grc' dir='ltr'><strong>εττι¹</strong></span> <span class='ocrx_word' id='word_1_305' title='bbox 1543 1009 1722 1045; x_wconf 79' lang='grc' dir='ltr'><strong>τριακαίδεκα</strong></span> <span class='ocrx_word' id='word_1_306' title='bbox 1737 1017 1746 1024; x_wconf 91' lang='grc'><strong>·</strong></span> <span class='ocrx_word' id='word_1_307' title='bbox 1760 1010 1809 1036; x_wconf 81' lang='grc' dir='ltr'><strong>καὶ</strong></span> <span class='ocrx_word' id='word_1_308' title='bbox 1825 1009 1878 1036; x_wconf 82' lang='grc' dir='ltr'><strong>ἀπ-</strong></span> 
     </span>
    </p>
   </div>
   <div class='ocr_carea' id='block_1_50' title="bbox 1090 1053 1876 1093">
    <p class='ocr_par' dir='ltr' id='par_1_50' title="bbox 1090 1053 1876 1093">
     <span class='ocr_line' id='line_1_50' title="bbox 1090 1053 1876 1093; baseline -0.006 -8"><span class='ocrx_word' id='word_1_309' title='bbox 1090 1057 1171 1093; x_wconf 81' lang='grc' dir='ltr'><strong>ετέθη</strong></span> <span class='ocrx_word' id='word_1_310' title='bbox 1185 1055 1216 1084; x_wconf 58' lang='lat' dir='ltr'><strong>ib</strong></span> <span class='ocrx_word' id='word_1_311' title='bbox 1228 1057 1308 1091; x_wconf 83' lang='grc' dir='ltr'><strong>σῶμα</strong></span> <span class='ocrx_word' id='word_1_312' title='bbox 1317 1055 1400 1083; x_wconf 82' lang='grc' dir='ltr'><strong>αὐτοῦ</strong></span> <span class='ocrx_word' id='word_1_313' title='bbox 1410 1056 1439 1082; x_wconf 75' lang='grc' dir='ltr'><strong>ὲν</strong></span> <span class='ocrx_word' id='word_1_314' title='bbox 1450 1056 1483 1091; x_wconf 87' lang='grc' dir='ltr'><strong>τῇ</strong></span> <span class='ocrx_word' id='word_1_315' title='bbox 1496 1055 1542 1082; x_wconf 80' lang='grc' dir='ltr'><strong>ὑπ’</strong></span> <span class='ocrx_word' id='word_1_316' title='bbox 1556 1053 1640 1082; x_wconf 80' lang='grc' dir='ltr'><strong>αὐτοῦ</strong></span> <span class='ocrx_word' id='word_1_317' title='bbox 1653 1054 1796 1089; x_wconf 78' lang='grc' dir='ltr'><strong>κτισθείσῃ</strong></span> <span class='ocrx_word' id='word_1_318' title='bbox 1811 1054 1876 1089; x_wconf 85' lang='grc' dir='ltr'><strong>μονῇ</strong></span> 
     </span>
    </p>
   </div>
   <div class='ocr_carea' id='block_1_51' title="bbox 1089 1100 1880 1138">
    <p class='ocr_par' dir='ltr' id='par_1_51' title="bbox 1089 1100 1880 1138">
     <span class='ocr_line' id='line_1_51' title="bbox 1089 1100 1880 1138; baseline -0.001 -9"><span class='ocrx_word' id='word_1_319' title='bbox 1089 1103 1143 1130; x_wconf 84' lang='grc' dir='ltr'><strong>τῶν</strong></span> <span class='ocrx_word' id='word_1_320' title='bbox 1164 1102 1361 1138; x_wconf 81' lang='grc' dir='ltr'><strong>Γαλακρηνῶν.</strong></span> <span class='ocrx_word' id='word_1_321' title='bbox 1388 1101 1538 1137; x_wconf 77' lang='grc' dir='ltr'><strong>Αὐγούστῳ</strong></span> <span class='ocrx_word' id='word_1_322' title='bbox 1561 1101 1589 1128; x_wconf 75' lang='grc' dir='ltr'><strong>δὲ</strong></span> <span class='ocrx_word' id='word_1_323' title='bbox 1615 1100 1681 1137; x_wconf 72' lang='grc' dir='ltr'><strong>μηνὶ</strong></span> <span class='ocrx_word' id='word_1_324' title='bbox 1706 1101 1880 1135; x_wconf 73' lang='grc' dir='ltr'><strong>πατριάρχης</strong></span> 
     </span>
    </p>
   </div>
   <div class='ocr_carea' id='block_1_52' title="bbox 1089 1146 1876 1183">
    <p class='ocr_par' dir='ltr' id='par_1_52' title="bbox 1089 1146 1876 1183">
     <span class='ocr_line' id='line_1_52' title="bbox 1089 1146 1876 1183; baseline -0.005 -7"><span class='ocrx_word' id='word_1_325' title='bbox 1089 1149 1251 1176; x_wconf 81' lang='grc' dir='ltr'><strong>καθίσταται</strong></span> <span class='ocrx_word' id='word_1_326' title='bbox 1279 1149 1415 1183; x_wconf 83' lang='grc' dir='ltr'><strong>Στέφανος</strong></span> <span class='ocrx_word' id='word_1_327' title='bbox 1435 1149 1449 1174; x_wconf 84' lang='grc' dir='ltr'><strong>ὁ</strong></span> <span class='ocrx_word' id='word_1_328' title='bbox 1477 1147 1626 1182; x_wconf 79' lang='grc' dir='ltr'><strong>Ἀμασείας</strong></span> <span class='ocrx_word' id='word_1_329' title='bbox 1655 1146 1876 1183; x_wconf 78' lang='grc' dir='ltr'><strong>μητροπολξτης,</strong></span> 
     </span>
    </p>
   </div>
   <div class='ocr_carea' id='block_1_53' title="bbox 1089 1193 1878 1232">
    <p class='ocr_par' dir='ltr' id='par_1_53' title="bbox 1089 1193 1878 1232">
     <span class='ocr_line' id='line_1_53' title="bbox 1089 1193 1878 1232; baseline -0.006 -9"><span class='ocrx_word' id='word_1_330' title='bbox 1089 1196 1218 1232; x_wconf 81' lang='grc' dir='ltr'><strong>εὐνοῦχος</strong></span> <span class='ocrx_word' id='word_1_331' title='bbox 1235 1196 1377 1231; x_wconf 81' lang='grc' dir='ltr'><strong>ὑπάρχων.</strong></span> <span class='ocrx_word' id='word_1_332' title='bbox 1400 1195 1559 1230; x_wconf 79' lang='grc' dir='ltr'><strong>Ὀκτωὸρίῳ</strong></span> <span class='ocrx_word' id='word_1_333' title='bbox 1575 1194 1641 1230; x_wconf 81' lang='grc' dir='ltr'><strong>μηνὶ</strong></span> <span class='ocrx_word' id='word_1_334' title='bbox 1669 1193 1850 1228; x_wconf 74' lang='grc' dir='ltr'><strong>κατηγορήθη</strong></span> <span class='ocrx_word' id='word_1_335' title='bbox 1864 1194 1878 1218; x_wconf 83' lang='grc' dir='ltr'><strong>ό</strong></span> 
     </span>
    </p>
   </div>
   <div class='ocr_carea' id='block_1_54' title="bbox 1091 1239 1878 1278">
    <p class='ocr_par' dir='ltr' id='par_1_54' title="bbox 1091 1239 1878 1278">
     <span class='ocr_line' id='line_1_54' title="bbox 1091 1239 1878 1278; baseline -0.006 -8"><span class='ocrx_word' id='word_1_336' title='bbox 1091 1243 1222 1278; x_wconf 81' lang='grc' dir='ltr'><strong>μυστικὸς</strong></span> <span class='ocrx_word' id='word_1_337' title='bbox 1259 1242 1386 1277; x_wconf 79' lang='grc' dir='ltr'><strong>Ἰωάννης</strong></span> <span class='ocrx_word' id='word_1_338' title='bbox 1415 1241 1463 1268; x_wconf 81' lang='grc' dir='ltr'><strong>καὶ</strong></span> <span class='ocrx_word' id='word_1_339' title='bbox 1490 1239 1741 1276; x_wconf 81' lang='grc' dir='ltr'><strong>παραδυναστεύων</strong></span> <span class='ocrx_word' id='word_1_340' title='bbox 1766 1239 1806 1271; x_wconf 84' lang='grc' dir='ltr'><strong>ὡς</strong></span> <span class='ocrx_word' id='word_1_341' title='bbox 1831 1239 1878 1273; x_wconf 78' lang='grc' dir='ltr'><strong>τῆς</strong></span> 
     </span>
    </p>
   </div>
   <div class='ocr_carea' id='block_1_55' title="bbox 1091 1285 1878 1325">
    <p class='ocr_par' dir='ltr' id='par_1_55' title="bbox 1091 1285 1878 1325">
     <span class='ocr_line' id='line_1_55' title="bbox 1091 1285 1878 1325; baseline -0.006 -9"><span class='ocrx_word' id='word_1_342' title='bbox 1091 1288 1230 1325; x_wconf 81' lang='grc' dir='ltr'><strong>βασιλείας</strong></span> <span class='ocrx_word' id='word_1_343' title='bbox 1246 1288 1391 1324; x_wconf 72' lang='grc' dir='ltr'><strong>ὶφιέμενος</strong></span> <span class='ocrx_word' id='word_1_344' title='bbox 1410 1287 1536 1323; x_wconf 82' lang='grc' dir='ltr'><strong>ὑποθήκῃ</strong></span> <span class='ocrx_word' id='word_1_345' title='bbox 1553 1286 1600 1314; x_wconf 79' lang='grc' dir='ltr'><strong>τοῦ</strong></span> <span class='ocrx_word' id='word_1_346' title='bbox 1616 1285 1762 1322; x_wconf 78' lang='grc' dir='ltr'><strong>πατρικίου</strong></span> <span class='ocrx_word' id='word_1_347' title='bbox 1780 1286 1878 1320; x_wconf 79' lang='grc' dir='ltr'><strong>Κοσμᾶ</strong></span> 
     </span>
    </p>
   </div>
   <div class='ocr_carea' id='block_1_56' title="bbox 1090 1332 1877 1370">
    <p class='ocr_par' dir='ltr' id='par_1_56' title="bbox 1090 1332 1877 1370">
     <span class='ocr_line' id='line_1_56' title="bbox 1090 1332 1877 1370; baseline -0.006 -7"><span class='ocrx_word' id='word_1_348' title='bbox 1090 1336 1137 1364; x_wconf 70' lang='grc' dir='ltr'><strong>καὶ</strong></span> <span class='ocrx_word' id='word_1_349' title='bbox 1150 1335 1306 1370; x_wconf 81' lang='grc' dir='ltr'><strong>λογοθὲτου,</strong></span> <span class='ocrx_word' id='word_1_350' title='bbox 1334 1335 1451 1366; x_wconf 81' lang='grc' dir='ltr'><strong>διδόντος</strong></span> <span class='ocrx_word' id='word_1_351' title='bbox 1474 1335 1519 1366; x_wconf 79' lang='grc' dir='ltr'><strong>είς</strong></span> <span class='ocrx_word' id='word_1_352' title='bbox 1539 1334 1658 1368; x_wconf 81' lang='grc' dir='ltr'><strong>γυναῖκα</strong></span> <span class='ocrx_word' id='word_1_353' title='bbox 1672 1333 1723 1368; x_wconf 83' lang='grc' dir='ltr'><strong>τὴν</strong></span> <span class='ocrx_word' id='word_1_354' title='bbox 1739 1332 1877 1368; x_wconf 79' lang='grc' dir='ltr'><strong>θυγατέρα</strong></span> 
     </span>
    </p>
   </div>
   <div class='ocr_carea' id='block_1_57' title="bbox 1090 1377 1877 1417">
    <p class='ocr_par' dir='ltr' id='par_1_57' title="bbox 1090 1377 1877 1417">
     <span class='ocr_line' id='line_1_57' title="bbox 1090 1377 1877 1417; baseline -0.008 -8"><span class='ocrx_word' id='word_1_355' title='bbox 1090 1381 1176 1417; x_wconf 74' lang='grc' dir='ltr'><strong>αὐτῷ.</strong></span> <span class='ocrx_word' id='word_1_356' title='bbox 1190 1381 1293 1409; x_wconf 83' lang='grc' dir='ltr'><strong>Τούτου</strong></span> <span class='ocrx_word' id='word_1_357' title='bbox 1318 1381 1412 1408; x_wconf 76' lang='grc' dir='ltr'><strong>ἕνεκεν</strong></span> <span class='ocrx_word' id='word_1_358' title='bbox 1427 1379 1644 1411; x_wconf 76' lang='grc' dir='ltr'><strong>καταϐιϐάζεται</strong></span> <span class='ocrx_word' id='word_1_359' title='bbox 1658 1378 1708 1414; x_wconf 66' lang='grc' dir='ltr'><strong>μὲν</strong></span> <span class='ocrx_word' id='word_1_360' title='bbox 1726 1377 1775 1404; x_wconf 83' lang='grc' dir='ltr'><strong>τοῦ</strong></span> <span class='ocrx_word' id='word_1_361' title='bbox 1790 1377 1877 1404; x_wconf 79' lang='grc' dir='ltr'><strong>παλα-</strong></span> 
     </span>
    </p>
   </div>
   <div class='ocr_carea' id='block_1_58' title="bbox 1089 1423 1879 1463">
    <p class='ocr_par' dir='ltr' id='par_1_58' title="bbox 1089 1423 1879 1463">
     <span class='ocr_line' id='line_1_58' title="bbox 1089 1423 1879 1463; baseline -0.008 -8"><span class='ocrx_word' id='word_1_362' title='bbox 1089 1429 1158 1461; x_wconf 83' lang='grc' dir='ltr'><strong>τίου,</strong></span> <span class='ocrx_word' id='word_1_363' title='bbox 1177 1428 1362 1463; x_wconf 82' lang='grc' dir='ltr'><strong>συγχωρείται</strong></span> <span class='ocrx_word' id='word_1_364' title='bbox 1379 1426 1408 1453; x_wconf 70' lang='grc' dir='ltr'><strong>δὲ</strong></span> <span class='ocrx_word' id='word_1_365' title='bbox 1422 1426 1452 1453; x_wconf 79' lang='grc' dir='ltr'><strong>τὸ</strong></span> <span class='ocrx_word' id='word_1_366' title='bbox 1467 1425 1670 1461; x_wconf 84' lang='grc' dir='ltr'><strong>προσέρχεσθαι</strong></span> <span class='ocrx_word' id='word_1_367' title='bbox 1684 1423 1734 1452; x_wconf 78' lang='grc' dir='ltr'><strong>καὶ</strong></span> <span class='ocrx_word' id='word_1_368' title='bbox 1746 1423 1786 1459; x_wconf 83' lang='grc' dir='ltr'><strong>τῷ</strong></span> <span class='ocrx_word' id='word_1_369' title='bbox 1803 1423 1879 1458; x_wconf 82' lang='grc' dir='ltr'><strong>βασι-</strong></span> 
     </span>
    </p>
   </div>
   <div class='ocr_carea' id='block_1_59' title="bbox 1089 1470 1877 1510">
    <p class='ocr_par' dir='ltr' id='par_1_59' title="bbox 1089 1470 1877 1510">
     <span class='ocr_line' id='line_1_59' title="bbox 1089 1470 1877 1510; baseline -0.008 -9"><span class='ocrx_word' id='word_1_370' title='bbox 1089 1474 1130 1501; x_wconf 77' lang='grc' dir='ltr'><strong>λεῖ</strong></span> <span class='ocrx_word' id='word_1_371' title='bbox 1140 1474 1288 1510; x_wconf 82' lang='grc' dir='ltr'><strong>ὑπηρετεῖν</strong></span> <span class='ocrx_word' id='word_1_372' title='bbox 1301 1474 1324 1490; x_wconf 81' lang='grc'><strong>⁷³</strong></span> <span class='ocrx_word' id='word_1_373' title='bbox 1335 1493 1342 1507; x_wconf 89' lang='grc'><strong><em>,</em></strong></span> <span class='ocrx_word' id='word_1_374' title='bbox 1355 1473 1403 1499; x_wconf 74' lang='grc' dir='ltr'><strong>καὶ</strong></span> <span class='ocrx_word' id='word_1_375' title='bbox 1412 1473 1460 1499; x_wconf 73' lang='grc' dir='ltr'><strong>σὺν</strong></span> <span class='ocrx_word' id='word_1_376' title='bbox 1473 1471 1547 1507; x_wconf 80' lang='grc' dir='ltr'><strong>αὐτῷ</strong></span> <span class='ocrx_word' id='word_1_377' title='bbox 1559 1471 1594 1498; x_wconf 84' lang='grc' dir='ltr'><strong>τὰ</strong></span> <span class='ocrx_word' id='word_1_378' title='bbox 1607 1471 1744 1507; x_wconf 84' lang='grc' dir='ltr'><strong>ἀνήκοντα</strong></span> <span class='ocrx_word' id='word_1_379' title='bbox 1756 1470 1877 1497; x_wconf 74' lang='grc' dir='ltr'><strong>διοικιϊνο</strong></span> 
     </span>
    </p>
   </div>
   <div class='ocr_carea' id='block_1_60' title="bbox 1091 1515 1877 1555">
    <p class='ocr_par' dir='ltr' id='par_1_60' title="bbox 1091 1515 1877 1555">
     <span class='ocr_line' id='line_1_60' title="bbox 1091 1515 1877 1555; baseline -0.005 -9"><span class='ocrx_word' id='word_1_380' title='bbox 1091 1519 1209 1555; x_wconf 79' lang='grc' dir='ltr'><strong>στοργήν</strong></span> <span class='ocrx_word' id='word_1_381' title='bbox 1226 1519 1281 1554; x_wconf 85' lang='grc' dir='ltr'><strong>γὰρ</strong></span> <span class='ocrx_word' id='word_1_382' title='bbox 1302 1518 1344 1545; x_wconf 81' lang='grc' dir='ltr'><strong>ὅτι</strong></span> <span class='ocrx_word' id='word_1_383' title='bbox 1360 1519 1491 1554; x_wconf 83' lang='grc' dir='ltr'><strong>πλείστην</strong></span> <span class='ocrx_word' id='word_1_384' title='bbox 1517 1517 1650 1552; x_wconf 73' lang='grc' dir='ltr'><strong>ἐκέκτητο</strong></span> <span class='ocrx_word' id='word_1_385' title='bbox 1675 1516 1746 1552; x_wconf 75' lang='grc' dir='ltr'><strong>πρὸς</strong></span> <span class='ocrx_word' id='word_1_386' title='bbox 1768 1515 1849 1542; x_wconf 75' lang='grc' dir='ltr'><strong>αὐτὸν</strong></span> <span class='ocrx_word' id='word_1_387' title='bbox 1863 1517 1877 1541; x_wconf 81' lang='grc' dir='ltr'><strong>ό</strong></span> 
     </span>
    </p>
   </div>
   <div class='ocr_carea' id='block_1_61' title="bbox 249 1557 1037 1600">
    <p class='ocr_par' dir='ltr' id='par_1_61' title="bbox 249 1557 1036 1593">
     <span class='ocr_line' id='line_1_61' title="bbox 249 1557 1036 1593; baseline -0.003 -6"><span class='ocrx_word' id='word_1_388' title='bbox 249 1560 291 1587; x_wconf 74' lang='lat' dir='ltr'><strong>vis</strong></span> <span class='ocrx_word' id='word_1_389' title='bbox 311 1559 412 1586; x_wconf 86' lang='lat' dir='ltr'><strong>amoris</strong></span> <span class='ocrx_word' id='word_1_390' title='bbox 435 1563 493 1585; x_wconf 86' lang='lat' dir='ltr'><strong>erat</strong></span> <span class='ocrx_word' id='word_1_391' title='bbox 510 1578 517 1590; x_wconf 92' lang='lat'><strong>,</strong></span> <span class='ocrx_word' id='word_1_392' title='bbox 547 1557 620 1593; x_wconf 80' lang='lat' dir='ltr'><strong>quod</strong></span> <span class='ocrx_word' id='word_1_393' title='bbox 650 1557 780 1593; x_wconf 87' lang='lat' dir='ltr'><strong>mysticus</strong></span> <span class='ocrx_word' id='word_1_394' title='bbox 808 1557 835 1584; x_wconf 92' lang='lat' dir='ltr'><strong>in</strong></span> <span class='ocrx_word' id='word_1_395' title='bbox 860 1558 988 1585; x_wconf 89' lang='lat' dir='ltr'><strong>omnibus</strong></span> <span class='ocrx_word' id='word_1_396' title='bbox 1012 1558 1036 1586; x_wconf 88' lang='lat' dir='ltr'><strong>ei</strong></span> 
     </span>
    </p>
   </div>
   <div class='ocr_carea' id='block_1_62' title="bbox 1092 1557 1877 1600">
    <p class='ocr_par' dir='ltr' id='par_1_62' title="bbox 1092 1561 1877 1600">
     <span class='ocr_line' id='line_1_62' title="bbox 1092 1561 1877 1600; baseline -0.004 -9"><span class='ocrx_word' id='word_1_397' title='bbox 1092 1564 1219 1600; x_wconf 78' lang='grc' dir='ltr'><strong>βασιλεὺς</strong></span> <span class='ocrx_word' id='word_1_398' title='bbox 1243 1562 1383 1598; x_wconf 80' lang='grc' dir='ltr'><strong>Ῥωμανὸς</strong></span> <span class='ocrx_word' id='word_1_399' title='bbox 1397 1562 1436 1595; x_wconf 85' lang='grc' dir='ltr'><strong>ὡς</strong></span> <span class='ocrx_word' id='word_1_400' title='bbox 1450 1563 1479 1589; x_wconf 83' lang='grc' dir='ltr'><strong>ὲν</strong></span> <span class='ocrx_word' id='word_1_401' title='bbox 1496 1563 1580 1589; x_wconf 79' lang='grc' dir='ltr'><strong>πᾶσιν</strong></span> <span class='ocrx_word' id='word_1_402' title='bbox 1607 1561 1690 1588; x_wconf 79' lang='grc' dir='ltr'><strong>αὐτὸν</strong></span> <span class='ocrx_word' id='word_1_403' title='bbox 1714 1561 1877 1597; x_wconf 82' lang='grc' dir='ltr'><strong>θεραπεύειν</strong></span> 
     </span>
    </p>
   </div>
   <div class='ocr_carea' id='block_1_63' title="bbox 249 1603 1037 1638">
    <p class='ocr_par' dir='ltr' id='par_1_63' title="bbox 249 1603 1037 1638">
     <span class='ocr_line' id='line_1_63' title="bbox 249 1603 1037 1638; baseline -0.004 -5"><span class='ocrx_word' id='word_1_404' title='bbox 249 1605 349 1633; x_wconf 78' lang='lat' dir='ltr'><strong>blande</strong></span> <span class='ocrx_word' id='word_1_405' title='bbox 375 1608 572 1634; x_wconf 84' lang='lat' dir='ltr'><strong>assentarctur,</strong></span> <span class='ocrx_word' id='word_1_406' title='bbox 597 1610 647 1630; x_wconf 89' lang='lat' dir='ltr'><strong>nec</strong></span> <span class='ocrx_word' id='word_1_407' title='bbox 673 1606 703 1629; x_wconf 89' lang='lat' dir='ltr'><strong>ut</strong></span> <span class='ocrx_word' id='word_1_408' title='bbox 720 1610 733 1629; x_wconf 95' lang='lat' dir='ltr'><strong>a</strong></span> <span class='ocrx_word' id='word_1_409' title='bbox 752 1610 781 1630; x_wconf 87' lang='lat' dir='ltr'><strong>se</strong></span> <span class='ocrx_word' id='word_1_410' title='bbox 797 1603 908 1637; x_wconf 86' lang='lat' dir='ltr'><strong>penitus</strong></span> <span class='ocrx_word' id='word_1_411' title='bbox 928 1603 1037 1638; x_wconf 77' lang='lat' dir='ltr'><strong>ablega-</strong></span> 
     </span>
    </p>
   </div>
   <div class='ocr_carea' id='block_1_64' title="bbox 249 1649 1039 1684">
    <p class='ocr_par' dir='ltr' id='par_1_64' title="bbox 249 1649 1039 1684">
     <span class='ocr_line' id='line_1_64' title="bbox 249 1649 1039 1684; baseline -0.004 -6"><span class='ocrx_word' id='word_1_412' title='bbox 249 1655 292 1678; x_wconf 84' lang='lat' dir='ltr'><strong>ret</strong></span> <span class='ocrx_word' id='word_1_413' title='bbox 315 1651 341 1677; x_wconf 91' lang='lat' dir='ltr'><strong>in</strong></span> <span class='ocrx_word' id='word_1_414' title='bbox 372 1651 494 1677; x_wconf 87' lang='lat' dir='ltr'><strong>animum</strong></span> <span class='ocrx_word' id='word_1_415' title='bbox 526 1649 655 1676; x_wconf 88' lang='lat' dir='ltr'><strong>inducere</strong></span> <span class='ocrx_word' id='word_1_416' title='bbox 679 1653 798 1684; x_wconf 85' lang='lat' dir='ltr'><strong>poterat.</strong></span> <span class='ocrx_word' id='word_1_417' title='bbox 824 1649 1039 1676; x_wconf 82' lang='lat' dir='ltr'><strong>Accusatoribus</strong></span> 
     </span>
    </p>
   </div>
   <div class='ocr_carea' id='block_1_65' title="bbox 250 1695 1033 1730">
    <p class='ocr_par' dir='ltr' id='par_1_65' title="bbox 250 1695 1033 1730">
     <span class='ocr_line' id='line_1_65' title="bbox 250 1695 1033 1730; baseline -0.005 -5"><span class='ocrx_word' id='word_1_418' title='bbox 250 1702 341 1725; x_wconf 88' lang='lat' dir='ltr'><strong>tamen</strong></span> <span class='ocrx_word' id='word_1_419' title='bbox 364 1697 553 1730; x_wconf 84' lang='lat' dir='ltr'><strong>imperatorem</strong></span> <span class='ocrx_word' id='word_1_420' title='bbox 576 1695 747 1730; x_wconf 81' lang='lat' dir='ltr'><strong>urgentibus,</strong></span> <span class='ocrx_word' id='word_1_421' title='bbox 763 1702 881 1729; x_wconf 82' lang='lat' dir='ltr'><strong>veraque</strong></span> <span class='ocrx_word' id='word_1_422' title='bbox 904 1703 965 1723; x_wconf 88' lang='lat' dir='ltr'><strong>esse</strong></span> <span class='ocrx_word' id='word_1_423' title='bbox 981 1696 1033 1722; x_wconf 88' lang='lat' dir='ltr'><strong>cri-</strong></span> 
     </span>
    </p>
   </div>
   <div class='ocr_carea' id='block_1_66' title="bbox 249 1741 1035 1777">
    <p class='ocr_par' dir='ltr' id='par_1_66' title="bbox 249 1741 1035 1777">
     <span class='ocr_line' id='line_1_66' title="bbox 249 1741 1035 1777; baseline -0.003 -7"><span class='ocrx_word' id='word_1_424' title='bbox 249 1743 324 1770; x_wconf 85' lang='lat' dir='ltr'><strong>mina</strong></span> <span class='ocrx_word' id='word_1_425' title='bbox 341 1742 450 1777; x_wconf 79' lang='lat' dir='ltr'><strong>objecta</strong></span> <span class='ocrx_word' id='word_1_426' title='bbox 466 1741 684 1774; x_wconf 87' lang='lat' dir='ltr'><strong>ostendentibus,</strong></span> <span class='ocrx_word' id='word_1_427' title='bbox 700 1741 746 1768; x_wconf 90' lang='lat' dir='ltr'><strong>ille</strong></span> <span class='ocrx_word' id='word_1_428' title='bbox 762 1749 819 1768; x_wconf 90' lang='lat' dir='ltr'><strong>rem</strong></span> <span class='ocrx_word' id='word_1_429' title='bbox 837 1745 1035 1776; x_wconf 80' lang='lat' dir='ltr'><strong>perscrutatus,</strong></span> 
     </span>
    </p>
   </div>
   <div class='ocr_carea' id='block_1_67' title="bbox 249 1787 1035 1822">
    <p class='ocr_par' dir='ltr' id='par_1_67' title="bbox 249 1787 1035 1822">
     <span class='ocr_line' id='line_1_67' title="bbox 249 1787 1035 1822; baseline -0.003 -6"><span class='ocrx_word' id='word_1_430' title='bbox 249 1797 311 1817; x_wconf 77' lang='lat' dir='ltr'><strong>cum</strong></span> <span class='ocrx_word' id='word_1_431' title='bbox 346 1796 399 1815; x_wconf 92' lang='lat' dir='ltr'><strong>non</strong></span> <span class='ocrx_word' id='word_1_432' title='bbox 426 1787 507 1815; x_wconf 84' lang='lat' dir='ltr'><strong>aliter</strong></span> <span class='ocrx_word' id='word_1_433' title='bbox 533 1795 562 1815; x_wconf 87' lang='lat' dir='ltr'><strong>se</strong></span> <span class='ocrx_word' id='word_1_434' title='bbox 585 1787 687 1815; x_wconf 83' lang='lat' dir='ltr'><strong>habere</strong></span> <span class='ocrx_word' id='word_1_435' title='bbox 712 1787 935 1822; x_wconf 83' lang='lat' dir='ltr'><strong>deprehendisset</strong></span> <span class='ocrx_word' id='word_1_436' title='bbox 953 1795 1035 1822; x_wconf 83' lang='lat' dir='ltr'><strong>quam</strong></span> 
     </span>
    </p>
   </div>
   <div class='ocr_carea' id='block_1_68' title="bbox 249 1833 1034 1869">
    <p class='ocr_par' dir='ltr' id='par_1_68' title="bbox 249 1833 1034 1869">
     <span class='ocr_line' id='line_1_68' title="bbox 249 1833 1034 1869; baseline -0.003 -8"><span class='ocrx_word' id='word_1_437' title='bbox 249 1835 286 1862; x_wconf 89' lang='lat' dir='ltr'><strong>illi</strong></span> <span class='ocrx_word' id='word_1_438' title='bbox 317 1834 476 1866; x_wconf 80' lang='lat' dir='ltr'><strong>retulerant,</strong></span> <span class='ocrx_word' id='word_1_439' title='bbox 500 1833 663 1868; x_wconf 86' lang='lat' dir='ltr'><strong>capiendum</strong></span> <span class='ocrx_word' id='word_1_440' title='bbox 679 1833 825 1868; x_wconf 86' lang='lat' dir='ltr'><strong>mysticum</strong></span> <span class='ocrx_word' id='word_1_441' title='bbox 846 1833 940 1861; x_wconf 84' lang='lat' dir='ltr'><strong>statuit</strong></span> <span class='ocrx_word' id='word_1_442' title='bbox 954 1833 1034 1869; x_wconf 59' lang='grc' dir='ltr'><strong>ιιι</strong></span> 
     </span>
    </p>
   </div>
   <div class='ocr_carea' id='block_1_69' title="bbox 249 1877 1037 1914">
    <p class='ocr_par' dir='ltr' id='par_1_69' title="bbox 249 1877 1037 1914">
     <span class='ocr_line' id='line_1_69' title="bbox 249 1877 1037 1914; baseline -0.003 -8"><span class='ocrx_word' id='word_1_443' title='bbox 249 1887 282 1907; x_wconf 85' lang='lat' dir='ltr'><strong>ac</strong></span> <span class='ocrx_word' id='word_1_444' title='bbox 300 1878 499 1914; x_wconf 65' lang='lat' dir='ltr'><strong>quaestionibus</strong></span> <span class='ocrx_word' id='word_1_445' title='bbox 522 1878 733 1913; x_wconf 87' lang='lat' dir='ltr'><strong>subjiciendum.</strong></span> <span class='ocrx_word' id='word_1_446' title='bbox 755 1877 813 1905; x_wconf 81' lang='lat' dir='ltr'><strong>Hoc</strong></span> <span class='ocrx_word' id='word_1_447' title='bbox 835 1878 881 1906; x_wconf 86' lang='lat' dir='ltr'><strong>ille</strong></span> <span class='ocrx_word' id='word_1_448' title='bbox 899 1878 946 1907; x_wconf 91' lang='lat' dir='ltr'><strong>ubi</strong></span> <span class='ocrx_word' id='word_1_449' title='bbox 969 1885 1037 1913; x_wconf 82' lang='lat' dir='ltr'><strong>prae-</strong></span> 
     </span>
    </p>
   </div>
   <div class='ocr_carea' id='block_1_70' title="bbox 249 1923 1036 1960">
    <p class='ocr_par' dir='ltr' id='par_1_70' title="bbox 249 1923 1036 1960">
     <span class='ocr_line' id='line_1_70' title="bbox 249 1923 1036 1960; baseline -0.001 -7"><span class='ocrx_word' id='word_1_450' title='bbox 249 1925 347 1956; x_wconf 68' lang='lat' dir='ltr'><strong>sen‘sit,</strong></span> <span class='ocrx_word' id='word_1_451' title='bbox 369 1924 434 1960; x_wconf 76' lang='lat' dir='ltr'><strong>fuga</strong></span> <span class='ocrx_word' id='word_1_452' title='bbox 456 1933 486 1951; x_wconf 84' lang='lat' dir='ltr'><strong>se</strong></span> <span class='ocrx_word' id='word_1_453' title='bbox 502 1924 535 1951; x_wconf 86' lang='lat' dir='ltr'><strong>ad</strong></span> <span class='ocrx_word' id='word_1_454' title='bbox 562 1923 818 1952; x_wconf 80' lang='lat' dir='ltr'><strong>Monoeastanorum</strong></span> <span class='ocrx_word' id='word_1_455' title='bbox 839 1925 1036 1952; x_wconf 85' lang='lat' dir='ltr'><strong>monasterium</strong></span> 
     </span>
    </p>
   </div>
   <div class='ocr_carea' id='block_1_71' title="bbox 250 1967 1039 2005">
    <p class='ocr_par' dir='ltr' id='par_1_71' title="bbox 250 1967 1039 2005">
     <span class='ocr_line' id='line_1_71' title="bbox 250 1967 1039 2005; baseline -0.004 -8"><span class='ocrx_word' id='word_1_456' title='bbox 250 1970 383 2005; x_wconf 80' lang='lat' dir='ltr'><strong>recipiens</strong></span> <span class='ocrx_word' id='word_1_457' title='bbox 401 1969 437 1996; x_wconf 78' lang='lat' dir='ltr'><strong>ibi</strong></span> <span class='ocrx_word' id='word_1_458' title='bbox 468 1968 595 1996; x_wconf 83' lang='lat' dir='ltr'><strong>monarhi</strong></span> <span class='ocrx_word' id='word_1_459' title='bbox 620 1968 672 1995; x_wconf 92' lang='lat' dir='ltr'><strong>ritu</strong></span> <span class='ocrx_word' id='word_1_460' title='bbox 696 1975 803 1995; x_wconf 87' lang='lat' dir='ltr'><strong>comam</strong></span> <span class='ocrx_word' id='word_1_461' title='bbox 824 1968 926 2002; x_wconf 86' lang='lat' dir='ltr'><strong>posuit.</strong></span> <span class='ocrx_word' id='word_1_462' title='bbox 957 1967 1039 2002; x_wconf 80' lang='lat' dir='ltr'><strong>Fugit</strong></span> 
     </span>
    </p>
   </div>
   <div class='ocr_carea' id='block_1_72' title="bbox 249 2014 1038 2049">
    <p class='ocr_par' dir='ltr' id='par_1_72' title="bbox 249 2014 1038 2049">
     <span class='ocr_line' id='line_1_72' title="bbox 249 2014 1038 2049; baseline -0.001 -6"><span class='ocrx_word' id='word_1_463' title='bbox 249 2024 314 2044; x_wconf 78' lang='lat' dir='ltr'><strong>mro</strong></span> <span class='ocrx_word' id='word_1_464' title='bbox 333 2021 360 2043; x_wconf 89' lang='lat' dir='ltr'><strong>ct</strong></span> <span class='ocrx_word' id='word_1_465' title='bbox 383 2015 579 2044; x_wconf 86' lang='lat' dir='ltr'><strong>Constantinus</strong></span> <span class='ocrx_word' id='word_1_466' title='bbox 603 2014 686 2042; x_wconf 71' lang='lat' dir='ltr'><strong>Bulla:</strong></span> <span class='ocrx_word' id='word_1_467' title='bbox 706 2015 789 2047; x_wconf 86' lang='lat' dir='ltr'><strong>ﬁlius,</strong></span> <span class='ocrx_word' id='word_1_468' title='bbox 810 2022 913 2042; x_wconf 73' lang='lat' dir='ltr'><strong>mensa:</strong></span> <span class='ocrx_word' id='word_1_469' title='bbox 942 2014 1038 2049; x_wconf 77' lang='lat' dir='ltr'><strong>praefe-</strong></span> 
     </span>
    </p>
   </div>
   <div class='ocr_carea' id='block_1_73' title="bbox 250 2060 1038 2095">
    <p class='ocr_par' dir='ltr' id='par_1_73' title="bbox 250 2060 1038 2095">
     <span class='ocr_line' id='line_1_73' title="bbox 250 2060 1038 2095; baseline -0.003 -6"><span class='ocrx_word' id='word_1_470' title='bbox 250 2068 321 2095; x_wconf 80' lang='lat' dir='ltr'><strong>clns,</strong></span> <span class='ocrx_word' id='word_1_471' title='bbox 348 2062 447 2090; x_wconf 87' lang='lat' dir='ltr'><strong>timens</strong></span> <span class='ocrx_word' id='word_1_472' title='bbox 467 2061 583 2093; x_wconf 83' lang='lat' dir='ltr'><strong>scilicet,</strong></span> <span class='ocrx_word' id='word_1_473' title='bbox 603 2065 633 2087; x_wconf 90' lang='lat' dir='ltr'><strong>ut</strong></span> <span class='ocrx_word' id='word_1_474' title='bbox 648 2060 694 2095; x_wconf 86' lang='lat' dir='ltr'><strong>qui</strong></span> <span class='ocrx_word' id='word_1_475' title='bbox 712 2065 740 2088; x_wconf 89' lang='lat' dir='ltr'><strong>et</strong></span> <span class='ocrx_word' id='word_1_476' title='bbox 754 2060 810 2095; x_wconf 86' lang='lat' dir='ltr'><strong>ipse</strong></span> <span class='ocrx_word' id='word_1_477' title='bbox 833 2060 941 2095; x_wconf 81' lang='lat' dir='ltr'><strong>mystici</strong></span> <span class='ocrx_word' id='word_1_478' title='bbox 962 2067 1038 2095; x_wconf 77' lang='lat' dir='ltr'><strong>sym-</strong></span> 
     </span>
    </p>
   </div>
   <div class='ocr_carea' id='block_1_74' title="bbox 250 2105 1038 2142">
    <p class='ocr_par' dir='ltr' id='par_1_74' title="bbox 250 2105 1038 2142">
     <span class='ocr_line' id='line_1_74' title="bbox 250 2105 1038 2142; baseline -0.001 -9"><span class='ocrx_word' id='word_1_479' title='bbox 250 2112 337 2142; x_wconf 82' lang='lat' dir='ltr'><strong>niysta</strong></span> <span class='ocrx_word' id='word_1_480' title='bbox 358 2113 431 2134; x_wconf 86' lang='lat' dir='ltr'><strong>esset</strong></span> <span class='ocrx_word' id='word_1_481' title='bbox 450 2105 567 2141; x_wconf 76' lang='lat' dir='ltr'><strong>eiusque</strong></span> <span class='ocrx_word' id='word_1_482' title='bbox 585 2110 754 2133; x_wconf 88' lang='lat' dir='ltr'><strong>secretorum</strong></span> <span class='ocrx_word' id='word_1_483' title='bbox 783 2105 930 2138; x_wconf 82' lang='lat' dir='ltr'><strong>conscius;</strong></span> <span class='ocrx_word' id='word_1_484' title='bbox 955 2105 1038 2140; x_wconf 84' lang='lat' dir='ltr'><strong>inque</strong></span> 
     </span>
    </p>
   </div>
   <div class='ocr_carea' id='block_1_75' title="bbox 249 2150 1037 2188">
    <p class='ocr_par' dir='ltr' id='par_1_75' title="bbox 249 2150 1037 2188">
     <span class='ocr_line' id='line_1_75' title="bbox 249 2150 1037 2188; baseline -0.001 -9"><span class='ocrx_word' id='word_1_485' title='bbox 249 2152 393 2188; x_wconf 70' lang='lat' dir='ltr'><strong>Olympum</strong></span> <span class='ocrx_word' id='word_1_486' title='bbox 410 2152 552 2179; x_wconf 88' lang='lat' dir='ltr'><strong>discedens</strong></span> <span class='ocrx_word' id='word_1_487' title='bbox 575 2150 740 2178; x_wconf 87' lang='lat' dir='ltr'><strong>monachum</strong></span> <span class='ocrx_word' id='word_1_488' title='bbox 763 2150 862 2178; x_wconf 82' lang='lat' dir='ltr'><strong>induit.</strong></span> <span class='ocrx_word' id='word_1_489' title='bbox 888 2150 1037 2178; x_wconf 83' lang='lat' dir='ltr'><strong>Patricium</strong></span> 
     </span>
    </p>
   </div>
   <div class='ocr_carea' id='block_1_76' title="bbox 229 2195 1037 2231">
    <p class='ocr_par' dir='ltr' id='par_1_76' title="bbox 229 2195 1037 2231">
     <span class='ocr_line' id='line_1_76' title="bbox 229 2195 1037 2231; baseline -0.001 -6"><span class='ocrx_word' id='word_1_490' title='bbox 229 2199 376 2228; x_wconf 62' lang='lat' dir='ltr'><strong>_t.‘o:tnam</strong></span> <span class='ocrx_word' id='word_1_491' title='bbox 407 2197 441 2224; x_wconf 90' lang='lat' dir='ltr'><strong>ad</strong></span> <span class='ocrx_word' id='word_1_492' title='bbox 473 2196 565 2230; x_wconf 90' lang='lat' dir='ltr'><strong>palatii</strong></span> <span class='ocrx_word' id='word_1_493' title='bbox 591 2195 763 2231; x_wconf 69' lang='lat' dir='ltr'><strong>horologium</strong></span> <span class='ocrx_word' id='word_1_494' title='bbox 796 2196 955 2224; x_wconf 82' lang='lat' dir='ltr'><strong>verberibus</strong></span> <span class='ocrx_word' id='word_1_495' title='bbox 973 2198 1037 2224; x_wconf 49' lang='lat' dir='ltr'><strong>sub.</strong></span> 
     </span>
    </p>
   </div>
   <div class='ocr_carea' id='block_1_77' title="bbox 1091 1607 1876 1645">
    <p class='ocr_par' dir='ltr' id='par_1_77' title="bbox 1091 1607 1876 1645">
     <span class='ocr_line' id='line_1_77' title="bbox 1091 1607 1876 1645; baseline -0.004 -8"><span class='ocrx_word' id='word_1_496' title='bbox 1091 1610 1251 1645; x_wconf 78' lang='grc' dir='ltr'><strong>δυνάμενον,</strong></span> <span class='ocrx_word' id='word_1_497' title='bbox 1269 1610 1318 1636; x_wconf 80' lang='grc' dir='ltr'><strong>καὶ</strong></span> <span class='ocrx_word' id='word_1_498' title='bbox 1331 1609 1431 1641; x_wconf 75' lang='grc' dir='ltr'><strong>τελέως</strong></span> <span class='ocrx_word' id='word_1_499' title='bbox 1444 1608 1539 1635; x_wconf 83' lang='grc' dir='ltr'><strong>τοῦτον</strong></span> <span class='ocrx_word' id='word_1_500' title='bbox 1551 1607 1716 1635; x_wconf 78' lang='grc' dir='ltr'><strong>ἀπώσασθαι</strong></span> <span class='ocrx_word' id='word_1_501' title='bbox 1731 1609 1783 1635; x_wconf 73' lang='grc' dir='ltr'><strong>οὐκ</strong></span> <span class='ocrx_word' id='word_1_502' title='bbox 1796 1607 1876 1643; x_wconf 74' lang='grc' dir='ltr'><strong>ἠϐού-</strong></span> 
     </span>
    </p>
   </div>
   <div class='ocr_carea' id='block_1_78' title="bbox 1091 1653 1876 1691">
    <p class='ocr_par' dir='ltr' id='par_1_78' title="bbox 1091 1653 1876 1691">
     <span class='ocr_line' id='line_1_78' title="bbox 1091 1653 1876 1691; baseline -0.005 -8"><span class='ocrx_word' id='word_1_503' title='bbox 1091 1657 1162 1684; x_wconf 85' lang='grc' dir='ltr'><strong>λετο.</strong></span> <span class='ocrx_word' id='word_1_504' title='bbox 1173 1656 1233 1683; x_wconf 83' lang='grc' dir='ltr'><strong>Τῶν</strong></span> <span class='ocrx_word' id='word_1_505' title='bbox 1245 1655 1408 1691; x_wconf 82' lang='grc' dir='ltr'><strong>κατηγόρων</strong></span> <span class='ocrx_word' id='word_1_506' title='bbox 1418 1653 1464 1682; x_wconf 78' lang='grc' dir='ltr'><strong>οὖν</strong></span> <span class='ocrx_word' id='word_1_507' title='bbox 1476 1655 1696 1689; x_wconf 81' lang='grc' dir='ltr'><strong>κατεπειγόντων</strong></span> <span class='ocrx_word' id='word_1_508' title='bbox 1706 1653 1752 1680; x_wconf 82' lang='grc' dir='ltr'><strong>τδν</strong></span> <span class='ocrx_word' id='word_1_509' title='bbox 1768 1653 1876 1689; x_wconf 82' lang='grc' dir='ltr'><strong>βασιλέα</strong></span> 
     </span>
    </p>
   </div>
   <div class='ocr_carea' id='block_1_79' title="bbox 1091 1700 1876 1737">
    <p class='ocr_par' dir='ltr' id='par_1_79' title="bbox 1091 1700 1876 1737">
     <span class='ocr_line' id='line_1_79' title="bbox 1091 1700 1876 1737; baseline -0.004 -8"><span class='ocrx_word' id='word_1_510' title='bbox 1091 1703 1138 1730; x_wconf 71' lang='grc' dir='ltr'><strong>καὶ</strong></span> <span class='ocrx_word' id='word_1_511' title='bbox 1155 1702 1227 1737; x_wconf 78' lang='grc' dir='ltr'><strong>σαφῆ</strong></span> <span class='ocrx_word' id='word_1_512' title='bbox 1251 1701 1470 1729; x_wconf 75' lang='grc' dir='ltr'><strong>ἀποδεικνύντων</strong></span> <span class='ocrx_word' id='word_1_513' title='bbox 1484 1700 1519 1727; x_wconf 80' lang='grc' dir='ltr'><strong>τὰ</strong></span> <span class='ocrx_word' id='word_1_514' title='bbox 1538 1701 1783 1736; x_wconf 78' lang='grc' dir='ltr'><strong>κατηγορούμενα,</strong></span> <span class='ocrx_word' id='word_1_515' title='bbox 1801 1701 1876 1734; x_wconf 59' lang='lat' dir='ltr'><strong>ipso-</strong></span> 
     </span>
    </p>
   </div>
   <div class='ocr_carea' id='block_1_80' title="bbox 1090 1745 1874 1783">
    <p class='ocr_par' dir='ltr' id='par_1_80' title="bbox 1090 1745 1874 1783">
     <span class='ocr_line' id='line_1_80' title="bbox 1090 1745 1874 1783; baseline -0.004 -9"><span class='ocrx_word' id='word_1_516' title='bbox 1090 1749 1174 1783; x_wconf 83' lang='grc' dir='ltr'><strong>νήσας</strong></span> <span class='ocrx_word' id='word_1_517' title='bbox 1190 1748 1203 1774; x_wconf 82' lang='grc' dir='ltr'><strong>ὁ</strong></span> <span class='ocrx_word' id='word_1_518' title='bbox 1219 1747 1346 1782; x_wconf 80' lang='grc' dir='ltr'><strong>βασιλεὺς</strong></span> <span class='ocrx_word' id='word_1_519' title='bbox 1368 1747 1416 1773; x_wconf 76' lang='grc' dir='ltr'><strong>καὶ</strong></span> <span class='ocrx_word' id='word_1_520' title='bbox 1432 1746 1519 1782; x_wconf 78' lang='grc' dir='ltr'><strong>ἀληθῆ</strong></span> <span class='ocrx_word' id='word_1_521' title='bbox 1537 1747 1624 1773; x_wconf 81' lang='grc' dir='ltr'><strong>ταῦτα</strong></span> <span class='ocrx_word' id='word_1_522' title='bbox 1638 1745 1711 1773; x_wconf 77' lang='grc' dir='ltr'><strong>εἶναι</strong></span> <span class='ocrx_word' id='word_1_523' title='bbox 1725 1745 1874 1781; x_wconf 78' lang='grc' dir='ltr'><strong>ἀναμαθὼν</strong></span> 
     </span>
    </p>
   </div>
   <div class='ocr_carea' id='block_1_81' title="bbox 1091 1791 1876 1828">
    <p class='ocr_par' dir='ltr' id='par_1_81' title="bbox 1091 1791 1876 1828">
     <span class='ocr_line' id='line_1_81' title="bbox 1091 1791 1876 1828; baseline -0.001 -9"><span class='ocrx_word' id='word_1_524' title='bbox 1091 1793 1202 1828; x_wconf 74' lang='grc' dir='ltr'><strong>ἱμελλεν</strong></span> <span class='ocrx_word' id='word_1_525' title='bbox 1225 1792 1318 1821; x_wconf 76' lang='grc' dir='ltr'><strong>τοῦτον</strong></span> <span class='ocrx_word' id='word_1_526' title='bbox 1344 1792 1489 1827; x_wconf 64' lang='grc' dir='ltr'><strong>κατασχὼν</strong></span> <span class='ocrx_word' id='word_1_527' title='bbox 1518 1792 1669 1824; x_wconf 76' lang='grc' dir='ltr'><strong>ἐξετάζειν.</strong></span> <span class='ocrx_word' id='word_1_528' title='bbox 1696 1793 1726 1818; x_wconf 87' lang='lat'><strong>&#39;0</strong></span> <span class='ocrx_word' id='word_1_529' title='bbox 1749 1791 1781 1818; x_wconf 69' lang='grc' dir='ltr'><strong>δὲ</strong></span> <span class='ocrx_word' id='word_1_530' title='bbox 1801 1791 1876 1819; x_wconf 81' lang='grc' dir='ltr'><strong>τοῦτο</strong></span> 
     </span>
    </p>
   </div>
   <div class='ocr_carea' id='block_1_82' title="bbox 1091 1838 1876 1874">
    <p class='ocr_par' dir='ltr' id='par_1_82' title="bbox 1091 1838 1876 1874">
     <span class='ocr_line' id='line_1_82' title="bbox 1091 1838 1876 1874; baseline -0.004 -8"><span class='ocrx_word' id='word_1_531' title='bbox 1091 1839 1225 1874; x_wconf 77' lang='grc' dir='ltr'><strong>προγνοὺς</strong></span> <span class='ocrx_word' id='word_1_532' title='bbox 1249 1838 1350 1874; x_wconf 83' lang='grc' dir='ltr'><strong>χρῆται</strong></span> <span class='ocrx_word' id='word_1_533' title='bbox 1368 1840 1453 1874; x_wconf 80' lang='grc' dir='ltr'><strong>φυγῇ,</strong></span> <span class='ocrx_word' id='word_1_534' title='bbox 1469 1839 1515 1866; x_wconf 77' lang='grc' dir='ltr'><strong>καὶ</strong></span> <span class='ocrx_word' id='word_1_535' title='bbox 1534 1839 1585 1874; x_wconf 83' lang='grc' dir='ltr'><strong>τὴν</strong></span> <span class='ocrx_word' id='word_1_536' title='bbox 1608 1839 1819 1866; x_wconf 76' lang='grc' dir='ltr'><strong>Μονοκάστανον</strong></span> <span class='ocrx_word' id='word_1_537' title='bbox 1830 1846 1876 1864; x_wconf 84' lang='grc' dir='ltr'><strong>κα-</strong></span> 
     </span>
    </p>
   </div>
   <div class='ocr_carea' id='block_1_83' title="bbox 1090 1883 1877 1921">
    <p class='ocr_par' dir='ltr' id='par_1_83' title="bbox 1090 1883 1877 1921">
     <span class='ocr_line' id='line_1_83' title="bbox 1090 1883 1877 1921; baseline -0.004 -8"><span class='ocrx_word' id='word_1_538' title='bbox 1090 1886 1218 1914; x_wconf 77' lang='grc' dir='ltr'><strong>ταλαϐὼν</strong></span> <span class='ocrx_word' id='word_1_539' title='bbox 1247 1885 1426 1921; x_wconf 74' lang='grc' dir='ltr'><strong>ἀποκείρεται</strong></span> <span class='ocrx_word' id='word_1_540' title='bbox 1464 1886 1592 1920; x_wconf 81' lang='grc' dir='ltr'><strong>μοναχός.</strong></span> <span class='ocrx_word' id='word_1_541' title='bbox 1624 1885 1751 1919; x_wconf 68' lang='grc' dir='ltr'><strong>Ηιφευγε</strong></span> <span class='ocrx_word' id='word_1_542' title='bbox 1779 1884 1808 1911; x_wconf 66' lang='grc' dir='ltr'><strong>δὲ</strong></span> <span class='ocrx_word' id='word_1_543' title='bbox 1832 1883 1877 1910; x_wconf 74' lang='grc' dir='ltr'><strong>καὶ</strong></span> 
     </span>
    </p>
   </div>
   <div class='ocr_carea' id='block_1_84' title="bbox 1091 1929 1876 1967">
    <p class='ocr_par' dir='ltr' id='par_1_84' title="bbox 1091 1929 1876 1967">
     <span class='ocr_line' id='line_1_84' title="bbox 1091 1929 1876 1967; baseline -0.003 -9"><span class='ocrx_word' id='word_1_544' title='bbox 1091 1932 1296 1963; x_wconf 83' lang='grc' dir='ltr'><strong>Κωνσταντῖνος</strong></span> <span class='ocrx_word' id='word_1_545' title='bbox 1309 1931 1356 1958; x_wconf 86' lang='grc' dir='ltr'><strong>τοῦ</strong></span> <span class='ocrx_word' id='word_1_546' title='bbox 1369 1930 1450 1958; x_wconf 62' lang='lat' dir='ltr'><strong>Both</strong></span> <span class='ocrx_word' id='word_1_547' title='bbox 1461 1931 1476 1957; x_wconf 81' lang='grc' dir='ltr'>ὁ</span> <span class='ocrx_word' id='word_1_548' title='bbox 1485 1931 1535 1966; x_wconf 82' lang='grc' dir='ltr'><strong>τῆς</strong></span> <span class='ocrx_word' id='word_1_549' title='bbox 1547 1931 1699 1967; x_wconf 79' lang='grc' dir='ltr'><strong>τραπέζης,</strong></span> <span class='ocrx_word' id='word_1_550' title='bbox 1714 1931 1818 1962; x_wconf 80' lang='grc' dir='ltr'><strong>οἰκεῖος</strong></span> <span class='ocrx_word' id='word_1_551' title='bbox 1830 1929 1876 1957; x_wconf 78' lang='grc' dir='ltr'><strong>καὶ</strong></span> 
     </span>
    </p>
   </div>
   <div class='ocr_carea' id='block_1_85' title="bbox 1091 1977 1876 2013">
    <p class='ocr_par' dir='ltr' id='par_1_85' title="bbox 1091 1977 1876 2013">
     <span class='ocr_line' id='line_1_85' title="bbox 1091 1977 1876 2013; baseline -0.001 -9"><span class='ocrx_word' id='word_1_552' title='bbox 1091 1977 1168 2012; x_wconf 81' lang='grc' dir='ltr'><strong>φίλος</strong></span> <span class='ocrx_word' id='word_1_553' title='bbox 1185 1977 1223 2004; x_wconf 84' lang='grc' dir='ltr'><strong>ὢν</strong></span> <span class='ocrx_word' id='word_1_554' title='bbox 1241 1977 1327 2013; x_wconf 79' lang='grc' dir='ltr'><strong>αὐτῷ,</strong></span> <span class='ocrx_word' id='word_1_555' title='bbox 1354 1978 1402 2005; x_wconf 81' lang='grc' dir='ltr'><strong>καὶ</strong></span> <span class='ocrx_word' id='word_1_556' title='bbox 1424 1978 1470 2004; x_wconf 77' lang='grc' dir='ltr'><strong>τὸν</strong></span> <span class='ocrx_word' id='word_1_557' title='bbox 1497 1977 1642 2013; x_wconf 77' lang='grc' dir='ltr'><strong>Ὄλυμπον</strong></span> <span class='ocrx_word' id='word_1_558' title='bbox 1668 1977 1832 2005; x_wconf 70' lang='grc' dir='ltr'><strong>καταλαϐὼν</strong></span> <span class='ocrx_word' id='word_1_559' title='bbox 1848 1977 1876 2003; x_wconf 78' lang='grc' dir='ltr'><strong>τὸ</strong></span> 
     </span>
    </p>
   </div>
   <div class='ocr_carea' id='block_1_86' title="bbox 1093 2023 1875 2060">
    <p class='ocr_par' dir='ltr' id='par_1_86' title="bbox 1093 2023 1875 2060">
     <span class='ocr_line' id='line_1_86' title="bbox 1093 2023 1875 2060; baseline 0 -10"><span class='ocrx_word' id='word_1_560' title='bbox 1093 2024 1240 2059; x_wconf 83' lang='grc' dir='ltr'><strong>μοναχικδν</strong></span> <span class='ocrx_word' id='word_1_561' title='bbox 1254 2024 1349 2059; x_wconf 84' lang='grc' dir='ltr'><strong>σχῆμα</strong></span> <span class='ocrx_word' id='word_1_562' title='bbox 1363 2024 1486 2051; x_wconf 72' lang='grc' dir='ltr'><strong>ἐνδύεται</strong></span> <span class='ocrx_word' id='word_1_563' title='bbox 1496 2033 1503 2040; x_wconf 91' lang='grc'><strong>·</strong></span> <span class='ocrx_word' id='word_1_564' title='bbox 1521 2024 1651 2052; x_wconf 69' lang='grc' dir='ltr'><strong>ἐδεδοίκει</strong></span> <span class='ocrx_word' id='word_1_565' title='bbox 1665 2024 1721 2060; x_wconf 82' lang='grc' dir='ltr'><strong>γὰρ</strong></span> <span class='ocrx_word' id='word_1_566' title='bbox 1735 2024 1784 2051; x_wconf 78' lang='grc' dir='ltr'><strong>καὶ</strong></span> <span class='ocrx_word' id='word_1_567' title='bbox 1799 2023 1875 2054; x_wconf 63' lang='grc' dir='ltr'><strong>οὗτος</strong></span> 
     </span>
    </p>
   </div>
   <div class='ocr_carea' id='block_1_87' title="bbox 1091 2069 1875 2106">
    <p class='ocr_par' dir='ltr' id='par_1_87' title="bbox 1091 2069 1875 2106">
     <span class='ocr_line' id='line_1_87' title="bbox 1091 2069 1875 2106; baseline -0.004 -8"><span class='ocrx_word' id='word_1_568' title='bbox 1091 2070 1140 2098; x_wconf 57' lang='lat' dir='ltr'><strong>ﬁt:</strong></span> <span class='ocrx_word' id='word_1_569' title='bbox 1177 2070 1340 2106; x_wconf 81' lang='grc' dir='ltr'><strong>συμμύστης</strong></span> <span class='ocrx_word' id='word_1_570' title='bbox 1369 2070 1502 2106; x_wconf 79' lang='grc' dir='ltr'><strong>ὑπάρχων</strong></span> <span class='ocrx_word' id='word_1_571' title='bbox 1523 2070 1573 2097; x_wconf 82' lang='grc' dir='ltr'><strong>τοῦ</strong></span> <span class='ocrx_word' id='word_1_572' title='bbox 1601 2070 1735 2106; x_wconf 80' lang='grc' dir='ltr'><strong>μυστικοῦ</strong></span> <span class='ocrx_word' id='word_1_573' title='bbox 1759 2069 1875 2096; x_wconf 81' lang='grc' dir='ltr'><strong>καὶτῶν</strong></span> 
     </span>
    </p>
   </div>
   <div class='ocr_carea' id='block_1_88' title="bbox 1091 2116 1875 2153">
    <p class='ocr_par' dir='ltr' id='par_1_88' title="bbox 1091 2116 1875 2153">
     <span class='ocr_line' id='line_1_88' title="bbox 1091 2116 1875 2153; baseline -0.001 -10"><span class='ocrx_word' id='word_1_574' title='bbox 1091 2116 1320 2153; x_wconf 80' lang='grc' dir='ltr'><strong>ὰπορῥητοτέρων</strong></span> <span class='ocrx_word' id='word_1_575' title='bbox 1348 2116 1432 2143; x_wconf 86' lang='grc' dir='ltr'><strong>αὐτοῦ</strong></span> <span class='ocrx_word' id='word_1_576' title='bbox 1455 2117 1594 2148; x_wconf 83' lang='grc' dir='ltr'><strong>κοινωνός.</strong></span> <span class='ocrx_word' id='word_1_577' title='bbox 1619 2117 1672 2143; x_wconf 73' lang='grc' dir='ltr'><strong>Τὸν</strong></span> <span class='ocrx_word' id='word_1_578' title='bbox 1686 2117 1714 2143; x_wconf 69' lang='grc' dir='ltr'><strong>δὲ</strong></span> <span class='ocrx_word' id='word_1_579' title='bbox 1731 2116 1875 2152; x_wconf 79' lang='grc' dir='ltr'><strong>πατρίκιον</strong></span> 
     </span>
    </p>
   </div>
   <div class='ocr_carea' id='block_1_89' title="bbox 1090 2161 1873 2198">
    <p class='ocr_par' dir='ltr' id='par_1_89' title="bbox 1090 2161 1873 2198">
     <span class='ocr_line' id='line_1_89' title="bbox 1090 2161 1873 2198; baseline -0.003 -8"><span class='ocrx_word' id='word_1_580' title='bbox 1090 2163 1204 2198; x_wconf 79' lang='grc' dir='ltr'><strong>Κοσμᾶν</strong></span> <span class='ocrx_word' id='word_1_581' title='bbox 1216 2164 1245 2189; x_wconf 84' lang='grc' dir='ltr'><strong>ὲν</strong></span> <span class='ocrx_word' id='word_1_582' title='bbox 1256 2162 1295 2197; x_wconf 81' lang='grc' dir='ltr'><strong>τῷ</strong></span> <span class='ocrx_word' id='word_1_583' title='bbox 1308 2162 1448 2198; x_wconf 84' lang='grc' dir='ltr'><strong>ὼρολογίῳ</strong></span> <span class='ocrx_word' id='word_1_584' title='bbox 1460 2162 1507 2190; x_wconf 83' lang='grc' dir='ltr'><strong>τοῦ</strong></span> <span class='ocrx_word' id='word_1_585' title='bbox 1524 2162 1655 2190; x_wconf 83' lang='grc' dir='ltr'><strong>παλατίου</strong></span> <span class='ocrx_word' id='word_1_586' title='bbox 1673 2161 1763 2197; x_wconf 82' lang='grc' dir='ltr'><strong>τύψας</strong></span> <span class='ocrx_word' id='word_1_587' title='bbox 1774 2163 1789 2189; x_wconf 79' lang='grc' dir='ltr'><strong>ό</strong></span> <span class='ocrx_word' id='word_1_588' title='bbox 1801 2162 1873 2197; x_wconf 70' lang='grc' dir='ltr'><strong>βασιι</strong></span> 
     </span>
    </p>
   </div>
   <div class='ocr_carea' id='block_1_90' title="bbox 1091 2206 1873 2244">
    <p class='ocr_par' dir='ltr' id='par_1_90' title="bbox 1091 2206 1873 2244">
     <span class='ocr_line' id='line_1_90' title="bbox 1091 2206 1873 2244; baseline -0.001 -9"><span class='ocrx_word' id='word_1_589' title='bbox 1091 2209 1155 2240; x_wconf 73' lang='grc' dir='ltr'><strong>λεὶις</strong></span> <span class='ocrx_word' id='word_1_590' title='bbox 1171 2207 1317 2240; x_wconf 75' lang='grc' dir='ltr'><strong>διεδέξατο.</strong></span> <span class='ocrx_word' id='word_1_591' title='bbox 1336 2208 1522 2244; x_wconf 76' lang='grc' dir='ltr'><strong>Προδάλλεται</strong></span> <span class='ocrx_word' id='word_1_592' title='bbox 1537 2208 1565 2235; x_wconf 76' lang='grc' dir='ltr'><strong>δὲ</strong></span> <span class='ocrx_word' id='word_1_593' title='bbox 1587 2208 1648 2235; x_wconf 75' lang='grc' dir='ltr'><strong>ἀντὶ</strong></span> <span class='ocrx_word' id='word_1_594' title='bbox 1670 2207 1718 2234; x_wconf 81' lang='grc' dir='ltr'><strong>τοῦ</strong></span> <span class='ocrx_word' id='word_1_595' title='bbox 1745 2206 1873 2243; x_wconf 78' lang='grc' dir='ltr'><strong>μυστικοῦ</strong></span> 
     </span>
    </p>
   </div>
   <div class='ocr_carea' id='block_1_91' title="bbox 249 2240 1037 2290">
    <p class='ocr_par' dir='ltr' id='par_1_91' title="bbox 249 2240 1037 2277">
     <span class='ocr_line' id='line_1_91' title="bbox 249 2240 1037 2277; baseline 0.001 -8"><span class='ocrx_word' id='word_1_596' title='bbox 249 2248 339 2270; x_wconf 85' lang='lat' dir='ltr'><strong>actum</strong></span> <span class='ocrx_word' id='word_1_597' title='bbox 354 2243 501 2275; x_wconf 86' lang='lat' dir='ltr'><strong>imperator</strong></span> <span class='ocrx_word' id='word_1_598' title='bbox 516 2241 605 2268; x_wconf 82' lang='lat' dir='ltr'><strong>oﬁicio</strong></span> <span class='ocrx_word' id='word_1_599' title='bbox 620 2241 714 2268; x_wconf 84' lang='lat' dir='ltr'><strong>movit.</strong></span> <span class='ocrx_word' id='word_1_600' title='bbox 731 2240 845 2269; x_wconf 82' lang='lat' dir='ltr'><strong>Joannis</strong></span> <span class='ocrx_word' id='word_1_601' title='bbox 857 2242 962 2277; x_wconf 74' lang='lat' dir='ltr'><strong>mystici</strong></span> <span class='ocrx_word' id='word_1_602' title='bbox 978 2242 1037 2270; x_wconf 89' lang='lat' dir='ltr'><strong>loco</strong></span> 
     </span>
    </p>
   </div>
   <div class='ocr_carea' id='block_1_92' title="bbox 1092 2240 1873 2290">
    <p class='ocr_par' dir='ltr' id='par_1_92' title="bbox 1098 2240 1873 2290">
     <span class='ocr_line' id='line_1_92' title="bbox 1098 2240 1873 2290; baseline -0.001 -8"><span class='ocrx_word' id='word_1_603' title='bbox 1098 2255 1223 2282; x_wconf 81' lang='grc' dir='ltr'><strong>Ἰωάννου</strong></span> <span class='ocrx_word' id='word_1_604' title='bbox 1258 2240 1399 2290; x_wconf 67' lang='grc' dir='ltr'><strong>Θεοφάνην</strong></span> <span class='ocrx_word' id='word_1_605' title='bbox 1433 2254 1686 2290; x_wconf 79' lang='grc' dir='ltr'><strong>πρωτοὸεστιάριον</strong></span> <span class='ocrx_word' id='word_1_606' title='bbox 1719 2240 1873 2290; x_wconf 72' lang='grc' dir='ltr'><strong>παραδυνα-</strong></span> 
     </span>
    </p>
   </div>
   <div class='ocr_carea' id='block_1_93' title="bbox 249 2287 1039 2324">
    <p class='ocr_par' dir='ltr' id='par_1_93' title="bbox 249 2287 1039 2324">
     <span class='ocr_line' id='line_1_93' title="bbox 249 2287 1039 2324; baseline 0.001 -9"><span class='ocrx_word' id='word_1_607' title='bbox 249 2288 432 2324; x_wconf 82' lang='lat' dir='ltr'><strong>Theophanes</strong></span> <span class='ocrx_word' id='word_1_608' title='bbox 463 2287 689 2323; x_wconf 82' lang='lat' dir='ltr'><strong>protorestiarius</strong></span> <span class='ocrx_word' id='word_1_609' title='bbox 712 2287 863 2321; x_wconf 69' lang='lat' dir='ltr'><strong>Subadjura</strong></span> <span class='ocrx_word' id='word_1_610' title='bbox 892 2296 1039 2323; x_wconf 81' lang='lat' dir='ltr'><strong>rerumque</strong></span> 
     </span>
    </p>
   </div>
   <div class='ocr_carea' id='block_1_94' title="bbox 249 2334 1038 2371">
    <p class='ocr_par' dir='ltr' id='par_1_94' title="bbox 249 2334 1038 2371">
     <span class='ocr_line' id='line_1_94' title="bbox 249 2334 1038 2371; baseline -0.001 -8"><span class='ocrx_word' id='word_1_611' title='bbox 249 2335 429 2371; x_wconf 79' lang='lat' dir='ltr'><strong>gerendarum</strong></span> <span class='ocrx_word' id='word_1_612' title='bbox 451 2334 610 2370; x_wconf 82' lang='lat' dir='ltr'><strong>imperatori</strong></span> <span class='ocrx_word' id='word_1_613' title='bbox 638 2334 748 2370; x_wconf 89' lang='lat' dir='ltr'><strong>adjutor</strong></span> <span class='ocrx_word' id='word_1_614' title='bbox 779 2339 965 2369; x_wconf 79' lang='lat' dir='ltr'><strong>promovetur.</strong></span> <span class='ocrx_word' id='word_1_615' title='bbox 981 2335 1038 2363; x_wconf 88' lang='lat' dir='ltr'><strong>Sub</strong></span> 
     </span>
    </p>
   </div>
   <div class='ocr_carea' id='block_1_95' title="bbox 249 2380 1039 2416">
    <p class='ocr_par' dir='ltr' id='par_1_95' title="bbox 249 2380 1039 2416">
     <span class='ocr_line' id='line_1_95' title="bbox 249 2380 1039 2416; baseline 0 -7"><span class='ocrx_word' id='word_1_616' title='bbox 249 2382 320 2410; x_wconf 91' lang='lat' dir='ltr'><strong>idem</strong></span> <span class='ocrx_word' id='word_1_617' title='bbox 348 2386 455 2416; x_wconf 84' lang='lat' dir='ltr'><strong>tempus</strong></span> <span class='ocrx_word' id='word_1_618' title='bbox 473 2380 626 2408; x_wconf 88' lang='lat' dir='ltr'><strong>horrendus</strong></span> <span class='ocrx_word' id='word_1_619' title='bbox 648 2381 675 2408; x_wconf 89' lang='lat' dir='ltr'><strong>in</strong></span> <span class='ocrx_word' id='word_1_620' title='bbox 698 2380 896 2408; x_wconf 77' lang='lat' dir='ltr'><strong>Thracensium</strong></span> <span class='ocrx_word' id='word_1_621' title='bbox 921 2381 1039 2409; x_wconf 85' lang='lat' dir='ltr'><strong>themate</strong></span> 
     </span>
    </p>
   </div>
   <div class='ocr_carea' id='block_1_96' title="bbox 248 2427 1038 2462">
    <p class='ocr_par' dir='ltr' id='par_1_96' title="bbox 248 2427 1038 2462">
     <span class='ocr_line' id='line_1_96' title="bbox 248 2427 1038 2462; baseline -0.001 -6"><span class='ocrx_word' id='word_1_622' title='bbox 248 2427 354 2456; x_wconf 85' lang='lat' dir='ltr'><strong>exstitit</strong></span> <span class='ocrx_word' id='word_1_623' title='bbox 370 2431 449 2454; x_wconf 81' lang='lat' dir='ltr'><strong>terra:</strong></span> <span class='ocrx_word' id='word_1_624' title='bbox 461 2430 550 2454; x_wconf 89' lang='lat' dir='ltr'><strong>motus</strong></span> <span class='ocrx_word' id='word_1_625' title='bbox 569 2427 718 2462; x_wconf 81' lang='lat' dir='ltr'><strong>ingensque</strong></span> <span class='ocrx_word' id='word_1_626' title='bbox 733 2433 764 2453; x_wconf 87' lang='lat' dir='ltr'><strong>ac</strong></span> <span class='ocrx_word' id='word_1_627' title='bbox 776 2428 924 2461; x_wconf 83' lang='lat' dir='ltr'><strong>stupendus</strong></span> <span class='ocrx_word' id='word_1_628' title='bbox 936 2427 1038 2461; x_wconf 88' lang='lat' dir='ltr'><strong>hiatus,</strong></span> 
     </span>
    </p>
   </div>
   <div class='ocr_carea' id='block_1_97' title="bbox 248 2472 1039 2508">
    <p class='ocr_par' dir='ltr' id='par_1_97' title="bbox 248 2472 1039 2508">
     <span class='ocr_line' id='line_1_97' title="bbox 248 2472 1039 2508; baseline 0 -7"><span class='ocrx_word' id='word_1_629' title='bbox 248 2475 285 2501; x_wconf 87' lang='lat' dir='ltr'><strong>ita</strong></span> <span class='ocrx_word' id='word_1_630' title='bbox 314 2478 343 2501; x_wconf 78' lang='grc' dir='ltr'><strong>ιιι</strong></span> <span class='ocrx_word' id='word_1_631' title='bbox 362 2473 439 2508; x_wconf 90' lang='lat' dir='ltr'><strong>plura</strong></span> <span class='ocrx_word' id='word_1_632' title='bbox 457 2472 556 2508; x_wconf 85' lang='lat' dir='ltr'><strong>praedia</strong></span> <span class='ocrx_word' id='word_1_633' title='bbox 587 2477 616 2500; x_wconf 88' lang='lat' dir='ltr'><strong>et</strong></span> <span class='ocrx_word' id='word_1_634' title='bbox 643 2473 765 2500; x_wconf 65' lang='lat' dir='ltr'><strong>ecclesiae</strong></span> <span class='ocrx_word' id='word_1_635' title='bbox 792 2480 854 2500; x_wconf 90' lang='lat' dir='ltr'><strong>cum</strong></span> <span class='ocrx_word' id='word_1_636' title='bbox 881 2473 1039 2501; x_wconf 86' lang='lat' dir='ltr'><strong>hominibus</strong></span> 
     </span>
    </p>
   </div>
   <div class='ocr_carea' id='block_1_98' title="bbox 247 2519 615 2555">
    <p class='ocr_par' dir='ltr' id='par_1_98' title="bbox 247 2519 615 2555">
     <span class='ocr_line' id='line_1_98' title="bbox 247 2519 615 2555; baseline -0.005 -8"><span class='ocrx_word' id='word_1_637' title='bbox 247 2520 379 2555; x_wconf 75' lang='lat' dir='ltr'><strong>voragine</strong></span> <span class='ocrx_word' id='word_1_638' title='bbox 394 2520 523 2554; x_wconf 85' lang='lat' dir='ltr'><strong>absorpta</strong></span> <span class='ocrx_word' id='word_1_639' title='bbox 549 2519 615 2546; x_wconf 91' lang='lat' dir='ltr'><strong>sint.</strong></span> 
     </span>
    </p>
   </div>
   <div class='ocr_carea' id='block_1_99' title="bbox 284 2563 1038 2599">
    <p class='ocr_par' dir='ltr' id='par_1_99' title="bbox 284 2563 1038 2599">
     <span class='ocr_line' id='line_1_99' title="bbox 284 2563 1038 2599; baseline 0.001 -8"><span class='ocrx_word' id='word_1_640' title='bbox 284 2564 330 2591; x_wconf 80' lang='lat'><strong>‘20.</strong></span> <span class='ocrx_word' id='word_1_641' title='bbox 355 2564 416 2591; x_wconf 85' lang='lat' dir='ltr'><strong>Maii</strong></span> <span class='ocrx_word' id='word_1_642' title='bbox 440 2564 542 2592; x_wconf 88' lang='lat' dir='ltr'><strong>mensis</strong></span> <span class='ocrx_word' id='word_1_643' title='bbox 570 2563 702 2598; x_wconf 80' lang='lat' dir='ltr'><strong>vigesima</strong></span> <span class='ocrx_word' id='word_1_644' title='bbox 730 2564 856 2599; x_wconf 87' lang='lat' dir='ltr'><strong>septima,</strong></span> <span class='ocrx_word' id='word_1_645' title='bbox 889 2563 1038 2592; x_wconf 87' lang='lat' dir='ltr'><strong>indictione</strong></span> 
     </span>
    </p>
   </div>
   <div class='ocr_carea' id='block_1_100' title="bbox 250 2607 1038 2646">
    <p class='ocr_par' dir='ltr' id='par_1_100' title="bbox 250 2607 1038 2646">
     <span class='ocr_line' id='line_1_100' title="bbox 250 2607 1038 2646; baseline 0.004 -11"><span class='ocrx_word' id='word_1_646' title='bbox 250 2609 347 2643; x_wconf 86' lang='lat' dir='ltr'><strong>quinta</strong></span> <span class='ocrx_word' id='word_1_647' title='bbox 360 2609 477 2640; x_wconf 84' lang='lat' dir='ltr'><strong>decima.</strong></span> <span class='ocrx_word' id='word_1_648' title='bbox 502 2607 620 2645; x_wconf 88' lang='lat' dir='ltr'><strong>Symeon</strong></span> <span class='ocrx_word' id='word_1_649' title='bbox 645 2609 823 2646; x_wconf 74' lang='lat' dir='ltr'><strong>Bulgarorum</strong></span> <span class='ocrx_word' id='word_1_650' title='bbox 841 2611 967 2645; x_wconf 88' lang='lat' dir='ltr'><strong>princeps</strong></span> <span class='ocrx_word' id='word_1_651' title='bbox 988 2610 1038 2638; x_wconf 87' lang='lat' dir='ltr'><strong>ad-</strong></span> 
     </span>
    </p>
   </div>
   <div class='ocr_carea' id='block_1_101' title="bbox 249 2653 1038 2691">
    <p class='ocr_par' dir='ltr' id='par_1_101' title="bbox 249 2653 1038 2691">
     <span class='ocr_line' id='line_1_101' title="bbox 249 2653 1038 2691; baseline 0.001 -9"><span class='ocrx_word' id='word_1_652' title='bbox 249 2661 347 2683; x_wconf 82' lang='lat' dir='ltr'><strong>versus</strong></span> <span class='ocrx_word' id='word_1_653' title='bbox 360 2653 514 2682; x_wconf 87' lang='lat' dir='ltr'><strong>Chrobatos</strong></span> <span class='ocrx_word' id='word_1_654' title='bbox 526 2655 699 2689; x_wconf 75' lang='lat' dir='ltr'><strong>expeditione</strong></span> <span class='ocrx_word' id='word_1_655' title='bbox 709 2661 847 2691; x_wconf 81' lang='lat' dir='ltr'><strong>suscepta,</strong></span> <span class='ocrx_word' id='word_1_656' title='bbox 857 2661 1038 2691; x_wconf 86' lang='lat' dir='ltr'><strong>consertaque</strong></span> 
     </span>
    </p>
   </div>
   <div class='ocr_carea' id='block_1_102' title="bbox 248 2700 1036 2738">
    <p class='ocr_par' dir='ltr' id='par_1_102' title="bbox 248 2700 1036 2738">
     <span class='ocr_line' id='line_1_102' title="bbox 248 2700 1036 2738; baseline 0.001 -9"><span class='ocrx_word' id='word_1_657' title='bbox 248 2709 311 2729; x_wconf 90' lang='lat' dir='ltr'><strong>cum</strong></span> <span class='ocrx_word' id='word_1_658' title='bbox 334 2700 387 2729; x_wconf 80' lang='lat' dir='ltr'><strong>illis</strong></span> <span class='ocrx_word' id='word_1_659' title='bbox 412 2708 514 2736; x_wconf 73' lang='lat' dir='ltr'><strong>pugna.</strong></span> <span class='ocrx_word' id='word_1_660' title='bbox 537 2702 624 2730; x_wconf 83' lang='lat' dir='ltr'><strong>victus</strong></span> <span class='ocrx_word' id='word_1_661' title='bbox 650 2703 707 2737; x_wconf 89' lang='lat' dir='ltr'><strong>ipse</strong></span> <span class='ocrx_word' id='word_1_662' title='bbox 723 2710 788 2731; x_wconf 85' lang='lat' dir='ltr'><strong>suas</strong></span> <span class='ocrx_word' id='word_1_663' title='bbox 810 2711 906 2731; x_wconf 85' lang='lat' dir='ltr'><strong>omnes</strong></span> <span class='ocrx_word' id='word_1_664' title='bbox 928 2703 1036 2738; x_wconf 87' lang='lat' dir='ltr'><strong>penitus</strong></span> 
     </span>
    </p>
   </div>
   <div class='ocr_carea' id='block_1_103' title="bbox 247 2748 469 2784">
    <p class='ocr_par' dir='ltr' id='par_1_103' title="bbox 247 2748 469 2784">
     <span class='ocr_line' id='line_1_103' title="bbox 247 2748 469 2784; baseline 0 -8"><span class='ocrx_word' id='word_1_665' title='bbox 247 2749 341 2784; x_wconf 76' lang='lat' dir='ltr'><strong>copias</strong></span> <span class='ocrx_word' id='word_1_666' title='bbox 367 2748 469 2776; x_wconf 87' lang='lat' dir='ltr'><strong>amisit.</strong></span> 
     </span>
    </p>
   </div>
   <div class='ocr_carea' id='block_1_104' title="bbox 1092 2300 1874 2336">
    <p class='ocr_par' dir='ltr' id='par_1_104' title="bbox 1092 2300 1874 2336">
     <span class='ocr_line' id='line_1_104' title="bbox 1092 2300 1874 2336; baseline -0.003 -8"><span class='ocrx_word' id='word_1_667' title='bbox 1092 2300 1233 2329; x_wconf 77' lang='grc' dir='ltr'><strong>στεύοντα.</strong></span> <span class='ocrx_word' id='word_1_668' title='bbox 1255 2300 1380 2334; x_wconf 72' lang='grc' dir='ltr'><strong>Ἐγένετο</strong></span> <span class='ocrx_word' id='word_1_669' title='bbox 1393 2301 1422 2328; x_wconf 64' lang='grc' dir='ltr'><strong>δὲ</strong></span> <span class='ocrx_word' id='word_1_670' title='bbox 1435 2301 1484 2328; x_wconf 76' lang='grc' dir='ltr'><strong>καὶ</strong></span> <span class='ocrx_word' id='word_1_671' title='bbox 1504 2300 1658 2336; x_wconf 74' lang='grc' dir='ltr'><strong>τηνικαῦτα</strong></span> <span class='ocrx_word' id='word_1_672' title='bbox 1676 2301 1792 2335; x_wconf 79' lang='grc' dir='ltr'><strong>σεισμὸς</strong></span> <span class='ocrx_word' id='word_1_673' title='bbox 1803 2300 1874 2335; x_wconf 75' lang='grc' dir='ltr'><strong>φοῦε·</strong></span> 
     </span>
    </p>
   </div>
   <div class='ocr_carea' id='block_1_105' title="bbox 1092 2345 1873 2383">
    <p class='ocr_par' dir='ltr' id='par_1_105' title="bbox 1092 2345 1873 2383">
     <span class='ocr_line' id='line_1_105' title="bbox 1092 2345 1873 2383; baseline -0.001 -9"><span class='ocrx_word' id='word_1_674' title='bbox 1092 2346 1137 2382; x_wconf 82' lang='grc' dir='ltr'><strong>ρδ;</strong></span> <span class='ocrx_word' id='word_1_675' title='bbox 1154 2347 1183 2374; x_wconf 71' lang='grc' dir='ltr'><strong>ιν</strong></span> <span class='ocrx_word' id='word_1_676' title='bbox 1195 2346 1235 2381; x_wconf 86' lang='grc' dir='ltr'><strong>τῷ</strong></span> <span class='ocrx_word' id='word_1_677' title='bbox 1249 2346 1349 2381; x_wconf 70' lang='grc' dir='ltr'><strong>ϐάματι</strong></span> <span class='ocrx_word' id='word_1_678' title='bbox 1368 2347 1423 2374; x_wconf 89' lang='grc' dir='ltr'><strong>τῶν</strong></span> <span class='ocrx_word' id='word_1_679' title='bbox 1438 2346 1613 2383; x_wconf 79' lang='grc' dir='ltr'><strong>Θρᾳκησίων,</strong></span> <span class='ocrx_word' id='word_1_680' title='bbox 1636 2346 1683 2373; x_wconf 80' lang='grc' dir='ltr'><strong>καὶ</strong></span> <span class='ocrx_word' id='word_1_681' title='bbox 1705 2346 1803 2382; x_wconf 71' lang='grc' dir='ltr'><strong>χάσμα</strong></span> <span class='ocrx_word' id='word_1_682' title='bbox 1827 2345 1873 2380; x_wconf 82' lang='grc' dir='ltr'><strong>γῆς</strong></span> 
     </span>
    </p>
   </div>
   <div class='ocr_carea' id='block_1_106' title="bbox 1093 2391 1873 2428">
    <p class='ocr_par' dir='ltr' id='par_1_106' title="bbox 1093 2391 1873 2428">
     <span class='ocr_line' id='line_1_106' title="bbox 1093 2391 1873 2428; baseline 0 -10"><span class='ocrx_word' id='word_1_683' title='bbox 1093 2392 1165 2427; x_wconf 79' lang='grc' dir='ltr'><strong>μέγα</strong></span> <span class='ocrx_word' id='word_1_684' title='bbox 1188 2393 1236 2419; x_wconf 65' lang='grc' dir='ltr'><strong>κο.)¹</strong></span> <span class='ocrx_word' id='word_1_685' title='bbox 1259 2391 1491 2428; x_wconf 79' lang='grc' dir='ltr'><strong>καταπληκτικὸν,</strong></span> <span class='ocrx_word' id='word_1_686' title='bbox 1517 2392 1588 2419; x_wconf 73' lang='grc' dir='ltr'><strong>ὥστε</strong></span> <span class='ocrx_word' id='word_1_687' title='bbox 1613 2391 1700 2420; x_wconf 78' lang='grc' dir='ltr'><strong>πολλὰ</strong></span> <span class='ocrx_word' id='word_1_688' title='bbox 1721 2393 1812 2428; x_wconf 85' lang='grc' dir='ltr'><strong>χωρία</strong></span> <span class='ocrx_word' id='word_1_689' title='bbox 1831 2391 1873 2419; x_wconf 80' lang='grc' dir='ltr'><strong>καὶ</strong></span> 
     </span>
    </p>
   </div>
   <div class='ocr_carea' id='block_1_107' title="bbox 1092 2437 1629 2474">
    <p class='ocr_par' dir='ltr' id='par_1_107' title="bbox 1092 2437 1629 2474">
     <span class='ocr_line' id='line_1_107' title="bbox 1092 2437 1629 2474; baseline 0.002 -11"><span class='ocrx_word' id='word_1_690' title='bbox 1092 2437 1241 2474; x_wconf 79' lang='grc' dir='ltr'><strong>ἐκκλησίας</strong></span> <span class='ocrx_word' id='word_1_691' title='bbox 1254 2437 1420 2474; x_wconf 76' lang='grc' dir='ltr'><strong>αὐτάνδρους</strong></span> <span class='ocrx_word' id='word_1_692' title='bbox 1432 2437 1629 2473; x_wconf 84' lang='grc' dir='ltr'><strong>καταποθῆναι.</strong></span> 
     </span>
    </p>
   </div>
   <div class='ocr_carea' id='block_1_108' title="bbox 1126 2567 1871 2607">
    <p class='ocr_par' dir='ltr' id='par_1_108' title="bbox 1126 2567 1871 2607">
     <span class='ocr_line' id='line_1_108' title="bbox 1126 2567 1871 2607; baseline -0.004 -9"><span class='ocrx_word' id='word_1_693' title='bbox 1126 2574 1163 2598; x_wconf 86' lang='grc' dir='ltr'><strong>κ’.</strong></span> <span class='ocrx_word' id='word_1_694' title='bbox 1175 2571 1256 2607; x_wconf 70' lang='grc' dir='ltr'><strong>Μαΐῳ</strong></span> <span class='ocrx_word' id='word_1_695' title='bbox 1266 2571 1295 2598; x_wconf 67' lang='grc' dir='ltr'><strong>δὲ</strong></span> <span class='ocrx_word' id='word_1_696' title='bbox 1306 2572 1383 2607; x_wconf 75' lang='grc' dir='ltr'><strong>μηνὶ,</strong></span> <span class='ocrx_word' id='word_1_697' title='bbox 1394 2572 1482 2600; x_wconf 74' lang='grc' dir='ltr'><strong>εἰκάδι</strong></span> <span class='ocrx_word' id='word_1_698' title='bbox 1491 2570 1602 2607; x_wconf 71' lang='grc' dir='ltr'><strong>ἑϐδόμη,</strong></span> <span class='ocrx_word' id='word_1_699' title='bbox 1613 2569 1654 2606; x_wconf 82' lang='grc' dir='ltr'><strong>[Ρ.</strong></span> <span class='ocrx_word' id='word_1_700' title='bbox 1668 2568 1733 2605; x_wconf 72' lang='grc'><strong>255]</strong></span> <span class='ocrx_word' id='word_1_701' title='bbox 1746 2567 1871 2596; x_wconf 76' lang='grc' dir='ltr'><strong>ῐνδικτιῶ-</strong></span> 
     </span>
    </p>
   </div>
   <div class='ocr_carea' id='block_1_109' title="bbox 1090 2613 1870 2654">
    <p class='ocr_par' dir='ltr' id='par_1_109' title="bbox 1090 2613 1870 2654">
     <span class='ocr_line' id='line_1_109' title="bbox 1090 2613 1870 2654; baseline -0.004 -11"><span class='ocrx_word' id='word_1_702' title='bbox 1090 2625 1135 2648; x_wconf 81' lang='grc' dir='ltr'><strong>νος</strong></span> <span class='ocrx_word' id='word_1_703' title='bbox 1150 2616 1192 2649; x_wconf 86' lang='grc' dir='ltr'><strong>ιε’,</strong></span> <span class='ocrx_word' id='word_1_704' title='bbox 1208 2617 1321 2653; x_wconf 81' lang='grc' dir='ltr'><strong>Συμεὼν</strong></span> <span class='ocrx_word' id='word_1_705' title='bbox 1338 2617 1430 2654; x_wconf 79' lang='grc' dir='ltr'><strong>ἄρχων</strong></span> <span class='ocrx_word' id='word_1_706' title='bbox 1446 2617 1618 2652; x_wconf 80' lang='grc' dir='ltr'><strong>Βουλγαρίας</strong></span> <span class='ocrx_word' id='word_1_707' title='bbox 1634 2616 1705 2642; x_wconf 80' lang='grc' dir='ltr'><strong>κατὰ</strong></span> <span class='ocrx_word' id='word_1_708' title='bbox 1721 2613 1870 2650; x_wconf 75' lang='grc' dir='ltr'><strong>Χρωεάτων</strong></span> 
     </span>
    </p>
   </div>
   <div class='ocr_carea' id='block_1_110' title="bbox 1090 2657 1862 2698">
    <p class='ocr_par' dir='ltr' id='par_1_110' title="bbox 1090 2657 1862 2698">
     <span class='ocr_line' id='line_1_110' title="bbox 1090 2657 1862 2698; baseline -0.003 -11"><span class='ocrx_word' id='word_1_709' title='bbox 1090 2661 1199 2696; x_wconf 75' lang='grc' dir='ltr'><strong>ἐκίνησε</strong></span> <span class='ocrx_word' id='word_1_710' title='bbox 1214 2661 1384 2698; x_wconf 74' lang='grc' dir='ltr'><strong>στράτευμα,</strong></span> <span class='ocrx_word' id='word_1_711' title='bbox 1396 2662 1443 2689; x_wconf 78' lang='grc' dir='ltr'><strong>καὶ</strong></span> <span class='ocrx_word' id='word_1_712' title='bbox 1457 2661 1604 2696; x_wconf 80' lang='grc' dir='ltr'><strong>συμϐαλὼν</strong></span> <span class='ocrx_word' id='word_1_713' title='bbox 1622 2659 1682 2696; x_wconf 80' lang='grc' dir='ltr'><strong>μετ’</strong></span> <span class='ocrx_word' id='word_1_714' title='bbox 1697 2659 1786 2686; x_wconf 80' lang='grc' dir='ltr'><strong>αὐτῶν</strong></span> <span class='ocrx_word' id='word_1_715' title='bbox 1800 2657 1862 2684; x_wconf 65' lang='grc' dir='ltr'><strong>πόλι</strong></span> 
     </span>
    </p>
   </div>
   <div class='ocr_carea' id='block_1_111' title="bbox 1092 2704 1868 2743">
    <p class='ocr_par' dir='ltr' id='par_1_111' title="bbox 1092 2704 1868 2743">
     <span class='ocr_line' id='line_1_111' title="bbox 1092 2704 1868 2743; baseline -0.004 -9"><span class='ocrx_word' id='word_1_716' title='bbox 1092 2715 1153 2742; x_wconf 85' lang='grc' dir='ltr'><strong>μον,</strong></span> <span class='ocrx_word' id='word_1_717' title='bbox 1182 2708 1309 2743; x_wconf 67' lang='grc' dir='ltr'><strong>ἡττηθεὶς</strong></span> <span class='ocrx_word' id='word_1_718' title='bbox 1333 2709 1398 2742; x_wconf 70' lang='grc' dir='ltr'><strong>τοὺς</strong></span> <span class='ocrx_word' id='word_1_719' title='bbox 1421 2709 1467 2736; x_wconf 78' lang='grc' dir='ltr'><strong>ὑπ’</strong></span> <span class='ocrx_word' id='word_1_720' title='bbox 1482 2709 1563 2736; x_wconf 77' lang='grc' dir='ltr'><strong>αὑτὸν</strong></span> <span class='ocrx_word' id='word_1_721' title='bbox 1587 2707 1711 2739; x_wconf 71' lang='grc' dir='ltr'><strong>ἃπαντας</strong></span> <span class='ocrx_word' id='word_1_722' title='bbox 1727 2705 1808 2742; x_wconf 74' lang='grc' dir='ltr'><strong>ἀρδην</strong></span> <span class='ocrx_word' id='word_1_723' title='bbox 1820 2704 1868 2730; x_wconf 70' lang='grc' dir='ltr'><strong>ἁπι-</strong></span> 
     </span>
    </p>
   </div>
   <div class='ocr_carea' id='block_1_112' title="bbox 1091 2753 1201 2780">
    <p class='ocr_par' dir='ltr' id='par_1_112' title="bbox 1091 2753 1201 2780">
     <span class='ocr_line' id='line_1_112' title="bbox 1091 2753 1201 2780; baseline 0.009 -1"><span class='ocrx_word' id='word_1_724' title='bbox 1091 2753 1201 2780; x_wconf 84' lang='grc' dir='ltr'><strong>ώλεσεν.</strong></span> 
     </span>
    </p>
   </div>
   <div class='ocr_carea' id='block_1_113' title="bbox 899 2837 1235 2868">
    <p class='ocr_par' dir='ltr' id='par_1_113' title="bbox 899 2837 1235 2868">
     <span class='ocr_line' id='line_1_113' title="bbox 899 2837 1235 2868; baseline 0.012 -5"><span class='ocrx_word' id='word_1_725' title='bbox 899 2837 1014 2865; x_wconf 66' lang='grc' dir='ltr'><strong>νΑιιιΑε</strong></span> <span class='ocrx_word' id='word_1_726' title='bbox 1035 2838 1235 2868; x_wconf 74' lang='lat' dir='ltr'><strong>LECTIONES.</strong></span> 
     </span>
    </p>
   </div>
   <div class='ocr_carea' id='block_1_114' title="bbox 283 2883 982 2920">
    <p class='ocr_par' dir='ltr' id='par_1_114' title="bbox 283 2883 982 2920">
     <span class='ocr_line' id='line_1_114' title="bbox 283 2883 982 2920; baseline -0.001 -7"><span class='ocrx_word' id='word_1_727' title='bbox 283 2884 308 2904; x_wconf 80' lang='lat'>&quot;</span> <span class='ocrx_word' id='word_1_728' title='bbox 322 2883 455 2919; x_wconf 80' lang='lat' dir='ltr'><strong>Scylitzes</strong></span> <span class='ocrx_word' id='word_1_729' title='bbox 465 2887 492 2910; x_wconf 87' lang='lat' dir='ltr'><strong>et</strong></span> <span class='ocrx_word' id='word_1_730' title='bbox 504 2883 645 2912; x_wconf 79' lang='lat' dir='ltr'><strong>Cedrenns</strong></span> <span class='ocrx_word' id='word_1_731' title='bbox 663 2884 839 2920; x_wconf 70' lang='grc' dir='ltr'><strong>προσκυνεῖν.</strong></span> <span class='ocrx_word' id='word_1_732' title='bbox 857 2883 982 2912; x_wconf 85' lang='lat' dir='ltr'><strong>Combel.</strong></span> 
     </span>
    </p>
   </div>
  </div>
