1997 3167
262 233 327 265 (35-

789 234 1044 264 TilEOPiIANES
1063 235 1343 266 CONTINUATUS‘.

1844 234 1895 268 l3?-

251 287 427 317 ‘slllceren-t.
449 287 536 315 Porro
559 287 700 315 Romanus
713 290 816 315 tantam
835 288 909 315 illam
923 288 977 315 vim
990 287 1055 315 mali

1123 288 1266 324 κκομίζειν
1278 289 1342 321 τοὺς
1356 287 1519 320 τεθνεῶτας,
1546 289 1579 315 ὀ
1598 287 1627 315 δέ
1647 287 1775 323 βασιλεὺς
1791 287 1892 322 Ῥωμα-

263 334 451 365 considerans,
464 341 514 368 pro
529 333 646 369 benigna
662 341 712 361 sua
725 337 874 368 teneraque
894 334 921 360 in
939 334 1057 361 miseros

264 381 369 414 Indole,
393 379 603 408 convenientem
619 380 659 408 eis
678 387 773 408 curam
796 380 923 408 adhibuit
945 380 1058 408 sedulo-

263 435 319 463 que
346 426 498 462 prospexit,
524 425 601 461 larga
630 425 866 461 eleemosynarum
898 426 1058 461 praebitione

266 473 347 502 hmis
367 472 542 507 indigentiam
553 472 656 499 solans.
674 472 833 500 Porticuum
845 480 954 508 quoque
970 472 1057 506 spatia

266 519 395 548 fenestris
411 525 444 546 ac
463 518 593 546 tabulatis
617 518 768 552 obstruxit,
787 526 821 546 ne
834 526 881 554 per
898 526 929 545 ea
946 519 993 545 nix
1008 514 1059 545 fri-

266 573 374 602 gusque
391 565 419 593 in
438 571 574 600 pauperes
587 564 671 600 418
688 570 889 600 grassarentur.
904 564 972 592 Tum
988 572 1059 600 quo-

267 619 322 646 que
340 618 388 639 eas
408 618 478 646 quas
498 610 606 638 arculas
623 615 721 638 vocant
736 610 763 637 in
777 611 885 638 cunctis
908 610 1060 646 porticibus

267 657 440 689 construxit;
458 663 656 691 nummumque
669 661 827 691 argenteum
837 656 992 691 jacentibus
1003 656 1060 683 illie

269 704 364 740 egenis
385 707 454 738 quot
477 702 621 730 mensibus
635 702 742 736 erogari
761 702 899 738 pmcepit.
920 705 1059 729 menstrua

273 756 385 786 quoque
416 748 534 776 trimisia
560 756 609 783 per
631 747 762 776 ecclesias
785 747 950 782 pauperibus
979 746 1062 782 jussit

270 796 412 829 distribui,
440 795 509 823 adeo
531 799 560 822 ut
586 802 647 829 quat
670 802 717 829 per
746 794 854 822 arculas
880 800 907 822 et
931 793 1062 822 ecclesias

273 842 458 878 erogabantur
473 841 578 877 argenti
601 840 660 869 cusi
674 841 852 874 numismata,
867 840 902 868 ad
917 840 1061 868 duodecim

272 888 358 916 millia
375 892 595 916 numerarentur.
608 886 703 922 Neque
719 887 778 915 haec
797 888 886 915 solum
905 887 1063 914 misericor-

273 935 318 967 dia
330 942 434 970 pronus
448 934 508 968 ejus
519 933 627 961 animus
641 941 849 969 pauperumque
864 933 987 960 liberalis
999 940 1062 968 pro-

1110 335 1156 368 νδς
1178 337 1229 370 τὴν
1256 335 1393 371 ἀφόρητον
1416 335 1524 370 ἐκείνην
1545 335 1605 370 βίαν
1626 335 1800 369 κατανοήσας
1820 333 1892 366 ἀξίαν

1109 382 1160 417 τῆς
1176 381 1273 408 ἑαυτοῦ
1292 381 1455 417 συμπαθοῦς
1472 381 1519 408 καὶ
1533 381 1680 415 ἐλεήμονας
1702 380 1812 414 φύσεως
1834 381 1894 416 πρό-

1111 437 1185 456 νοιαν
1212 429 1370 464 ἐποιήσατο,
1400 427 1442 464 [Ρ.
1469 427 1533 463 259]
1566 427 1679 458 πολλαῖς
1706 426 1895 461 ὲλεημοσύναις

1111 475 1161 510 τὴν
1175 475 1208 502 ix
1221 474 1269 501 τοῦ
1292 474 1372 510 λιμοῦ
1404 473 1674 510 παραμυθησάμενος
1695 471 1799 498 ἔνδειαν
1813 479 1820 486 ·
1852 471 1895 498 ἁν-

1112 520 1231 556 έφραεέν
1242 529 1272 547 τε
1288 520 1379 555 Θυρίσι
1395 520 1444 547 καὶ
1459 519 1629 554 σανιδώμασι
1641 519 1690 550 τὰς
1698 518 1753 544 τῶν
1780 516 1897 552 ὶμὸόλων

1114 567 1204 599 στοὰς,
1218 567 1257 599 ὡς
1272 567 1309 603 μὴ
1320 568 1369 602 τὴν
1382 567 1460 602 χιόνα
1472 566 1520 593 καὶ
1532 565 1565 592 τὸ
1583 565 1669 601 ψῦχος
1696 564 1803 592 ἐκεῖθεν
1815 565 1896 591 Emta-

1115 613 1184 640 ιὲναι
1197 614 1255 645 τοῖς
1269 613 1377 647 πένησι.
1397 612 1464 639 Τότε
1477 612 1524 639 καὶ
1536 611 1585 642 τὰς
1596 610 1746 646 λεγομένας
1759 609 1863 646 ἄρκλας
1872 609 1897 636 ὲν

1113 659 1182 685 πᾶσι
1198 658 1387 685 κατεσκεύασε
1405 659 1463 688 τοῖς
1487 657 1624 693 ἐμϐόλοις,
1650 656 1771 693 ἀργύριά
1789 664 1821 682 τε
1835 655 1898 682 κατὰ

1116 707 1189 741 μῆνα
1205 707 1264 737 τοῖς
1282 705 1311 732 ἐν
1325 705 1440 737 ταύταις
1450 705 1662 740 κατακειμένοις
1675 703 1773 739 πένησι
1786 701 1897 729 δίδοσθαι

1113 751 1255 784 διετάξατο
1280 751 1327 778 καὶ
1346 751 1381 778 τὰ
1411 751 1524 786 μηνιαῐα
1541 750 1667 786 τριμίσια
1682 749 1711 775 ἑν
1729 749 1790 780 ταῖς
1807 748 1899 784 ἔκκλη-

1116 797 1190 828 σίαις
1209 798 1266 829 τοῖς
1286 797 1386 832 πένησι
1416 797 1604 832 διανέμεσθαι,
1628 796 1666 827 ὦς
1692 793 1762 822 εἶναι
1787 794 1826 821 τὰ
1841 793 1900 821 διδό-

1117 852 1188 879 μενα
1202 845 1260 874 τοῖς
1275 851 1305 870 τε
1333 843 1362 869 ὲν
1385 844 1446 874 ταῖς
1470 842 1585 879 ἄρκλαις
1599 842 1717 876 πτωχοῖς
1733 841 1782 867 καὶ
1808 841 1864 871 τοῖς
1876 841 1900 866 ἑν

1115 890 1177 921 ταῖς
1192 888 1353 923 ἐκκλησίαις
1379 888 1501 924 ἀργύρου
1516 886 1760 923 ἐγκεχαραγμένου
1785 885 1900 921 χιλιάδας

1116 934 1232 963 δώδεκα.
1264 935 1303 961 Οὐ
1333 934 1413 969 μόνον
1439 934 1467 961 δι
1497 933 1585 961 ταῦτα
1611 934 1628 969 ἡ
1660 932 1808 968 συμπαθής
1826 930 1901 959 αὐτοῦ

273 969 349 1007 visor
362 979 414 1008 sibi
433 980 492 1015 ipse
508 980 665 1011 constituit,
680 979 726 1006 sed
744 979 852 1006 abunde
865 983 920 1007 tres
939 978 1062 1013 quotidie

1122 979 1186 1016 [ιυχὴ
1206 979 1376 1008 διετύπωσεν
1390 980 1446 1007 τῶν
1463 980 1588 1015 πενήτων
1612 979 1816 1016 προνοουμένη,
1841 977 1900 1005 ἀλλὰ

274 1033 410 1062 pauperes
424 1033 518 1054 secum
536 1025 680 1053 comedere
700 1024 797 1058 voluit,
821 1025 922 1060 quibus
948 1024 1064 1060 singulis

274 1072 454 1108 eleemosynaa
470 1071 552 1098 titulo
566 1078 697 1099 nummus
711 1070 831 1098 cederet.
850 1070 952 1104 Quarta
969 1075 1061 1098 autem

277 1116 345 1145 feria
371 1125 404 1144 ac
420 1124 567 1152 parasceve
585 1121 641 1144 tres
660 1123 761 1151 egenos
788 1116 939 1144 monachos
964 1123 1067 1143 mensae

277 1162 369 1190 socios
381 1162 539 1194 adhibebat,
560 1162 660 1197 quibus
673 1162 788 1197 singulis
796 1162 977 1189 constitutum
985 1169 1067 1189 num-

278 1216 355 1236 mum
372 1209 512 1244 erogabat.
531 1208 663 1243 Quodque
684 1208 710 1236 in
727 1208 905 1236 monasteriis
926 1208 1066 1236 observari

281 1254 362 1287 solet,
385 1258 416 1282 ut
430 1255 503 1282 inter
525 1253 725 1281 comedendum
744 1253 826 1281 lectio
846 1253 989 1285 habeatur,
1014 1252 1068 1280 hoc

280 1299 327 1328 ille
343 1299 502 1335 prastabat,
521 1299 573 1327 sibi
584 1299 644 1335 ipse
667 1307 700 1327 ac
723 1298 848 1327 conv‘ivis
867 1298 1004 1333 duplicem
1021 1306 1070 1334 ap-

280 1354 386 1383 ponens
403 1354 537 1380 mensam,
554 1352 584 1374 ut
605 1351 662 1374 tum
677 1353 778 1382 corpus
795 1350 927 1374 consueto
942 1345 1004 1374 cibo
1015 1345 1069 1373 ale-

283 1396 370 1425 retur,
391 1396 448 1420 tum
460 1391 552 1420 anima
573 1392 765 1420 doctrinarum
779 1392 923 1428 voluptate
947 1391 1070 1419 oblecta-

281 1443 367 1467 retur.
387 1438 494 1472 Quibus
508 1439 555 1467 itte
585 1439 732 1475 diligenter
759 1439 902 1467 attendens
933 1438 1068 1470 animum,

281 1485 519 1520 compungebatur
538 1491 570 1512 ac
590 1484 772 1517 lacrymarum
792 1484 866 1519 large
878 1483 968 1511 fontes
990 1483 1071 1511 emit-

283 1530 370 1558 tebat.
401 1529 469 1565 Ejus
502 1537 568 1557 vero
600 1529 680 1557 tidem
708 1537 773 1564 erga
803 1528 966 1561 monachos,
1000 1535 1071 1564 quos

281 1574 434 1611 praesertim
462 1574 595 1603 sanctitas
618 1579 646 1602 et
667 1573 763 1609 religio
789 1573 879 1601 claros
904 1572 1070 1605 reddiderat,

281 1625 387 1657 quanta
402 1620 496 1655 fuerit,
512 1621 576 1656 quis
591 1619 679 1656 pbssit
701 1619 850 1648 enarrare!
868 1619 970 1646 Eorum
990 1626 1071 1646 nemo

282 1669 310 1696 in
333 1673 513 1703 conspectum
540 1666 677 1700 veniebat,
703 1666 817 1694 sedulus
840 1665 951 1693 virtutis
971 1665 1069 1698 cultor,

283 1713 330 1741 cui
344 1717 422 1741 actus
438 1720 505 1740 suos
516 1719 579 1740 cum
595 1711 690 1739 multis
703 1711 833 1746 lacrymis
843 1719 899 1738 non
913 1716 1070 1746 exponeret.

283 1759 355 1787 Cum
375 1762 469 1786 autem
501 1758 554 1786 [ide
573 1757 769 1786 devotissimus
792 1765 825 1785 ac
852 1764 958 1785 summe
977 1755 1072 1784 ortho-

283 1804 375 1832 doxus
386 1808 470 1838 esset,
486 1803 564 1832 urbis
579 1811 676 1831 omnes
685 1803 816 1832 ecciesias
839 1802 1008 1838 sumptu05is
1022 1809 1073 1829 au-

284 1849 343 1878 laeis
370 1856 570 1884 cereorumque
595 1853 622 1876 et
647 1848 804 1885 lampadum
836 1848 914 1883 copia
943 1847 1073 1883 praclare

285 1896 440 1924 exornavit.
472 1895 524 1924 Sed
551 1899 578 1923 et
603 1895 749 1923 monachis
779 1895 807 1922 in
833 1895 985 1927 montibus,
1015 1898 1072 1920 tum

286 1950 383 1979 nempe
399 1942 515 1979 Olympo
527 1946 584 1970 tum
601 1941 716 1977 Cymina
728 1946 755 1969 et
767 1949 848 1977 quem
866 1944 967 1968 vocant
988 1940 1072 1976 419

286 1988 391 2018 Petram
403 1989 521 2016 Auream
536 1993 562 2016 et
577 1988 734 2021 Barachaeo,
750 1995 891 2023 nunquam
905 1987 1008 2015 destitit
1024 1994 1074 2013 an-

285 2043 339 2064 nua
355 2035 491 2071 stipendia
510 2035 625 2062 mittere
637 2041 789 2069 eorumque
802 2041 847 2062 res
870 2041 969 2061 curare
986 2040 1018 2060 ac
1033 2032 1074 2060 eis

284 2081 440 2118 providere,
455 2081 558 2116 quique
573 2080 643 2107 inter
663 2079 726 2107 illos
741 2078 858 2106 actionis
873 2078 948 2105 cultu
963 2085 995 2105 ac
1009 2084 1075 2105 con-

288 2126 473 2162 templationis
503 2125 669 2160 spectabiles
696 2128 802 2156 essent,
829 2123 862 2151 ad
885 2131 915 2151 se
934 2130 1076 2151 accersere

286 2179 437 2208 eorumque
448 2179 560 2206 precum
577 2169 706 2204 suﬁragia
719 2169 867 2205 percipere.
880 2169 936 2197 Nec
944 2169 970 2197 id
981 2169 1074 2201 modo,

287 2218 334 2246 sed
350 2222 378 2244 et
389 2217 518 2252 religiosa
531 2215 730 2244 exercitatione
742 2214 865 2248 inclusis,
878 2219 906 2242 ct
921 2215 970 2250 qui
985 2222 1015 2242 se
1030 2222 1076 2242 an—

287 2263 456 2300 gustissimis
482 2261 631 2297 tuguriolis
658 2261 732 2289 velut
754 2268 865 2289 carcere
894 2261 1075 2292 abdidissent,

1114 1026 1162 1053 καὶ
1182 1025 1244 1053 καθ’
1268 1026 1376 1062 ἡμέραν
1400 1026 1476 1062 αὐτῷ
1502 1027 1578 1062 τρεῖς
1606 1025 1759 1053 συνεσθίειν
1788 1024 1901 1059 πένητας

1114 1072 1266 1105 διετάξατο,
1280 1072 1305 1099 οἶ
1321 1072 1373 1099 ἀνὰ
1387 1072 1416 1100 ἓν
1431 1072 1584 1108 ἐλάμϐανον
1597 1071 1731 1107 νόμισμαζ
1748 1070 1864 1106 Τετράδι
1877 1070 1900 1096 δὶ

1115 1119 1164 1145 καὶ
1180 1119 1344 1154 παρασκευῇ
1358 1119 1433 1153 τρεῖς
1453 1118 1571 1154 πένητες
1598 1117 1712 1153 μοναχοὶ
1733 1116 1825 1151 τούτῳ
1847 1124 1900 1143 συν-

1116 1163 1223 1200 ήσθιον,
1242 1164 1274 1191 τὺ
1293 1164 1485 1200 τετυπωμένον
1513 1163 1623 1191 ἕκαστοι
1651 1163 1842 1198 λαμϐάνοντες
1865 1161 1902 1189 νό-

1118 1218 1218 1245 μισμα.
1238 1210 1329 1245 Ὅπερ
1344 1209 1373 1236 δὲ
1390 1210 1419 1236 ἐν
1441 1211 1498 1241 τοῖς
1524 1208 1717 1244 μοναστηρίοις
1742 1208 1840 1235 εἴωθεν
1867 1207 1902 1241 γί-

1117 1255 1212 1283 νεσθαι
1241 1256 1270 1282 ὲν
1295 1255 1334 1290 τῷ
1367 1255 1457 1291 καιρῷ
1488 1255 1540 1282 ἀνὰ
1564 1256 1613 1290 τῆς
1645 1254 1805 1286 ἑστιάσεως,
1831 1253 1904 1280 τοῦτο

1118 1302 1201 1334 αὐτὸς
1218 1302 1316 1335 ἐποίει,
1332 1301 1430 1337 διπλῆν
1447 1301 1536 1337 ἑαυτῷ
1553 1302 1600 1328 καὶ
1620 1301 1677 1333 τοῖς
1693 1300 1840 1336 δαιτυμόσι
1862 1299 1903 1333 τήν

1117 1348 1259 1383 τράπεζαν
1274 1347 1447 1384 παρατιθεὶς,
1465 1347 1535 1374 ὥστε
1553 1347 1584 1374 τὸ
1600 1347 1649 1383 μὲν
1665 1346 1745 1382 σῶμα
1760 1345 1903 1381 τρέφεσθαι

1118 1396 1152 1430 τῇ
1170 1394 1281 1430 συνήθει
1291 1395 1390 1431 τροφῇ,
1403 1396 1436 1429 τῇ
1447 1394 1476 1421 δὲ
1488 1393 1563 1429 ψυχῇ
1579 1393 1742 1428 καταλλήλῳ
1752 1392 1808 1418 τῶν
1823 1391 1904 1425 λόγων

1120 1441 1294 1477 ιπεντρυφᾷν
1311 1440 1404 1476 ήδονῇ,
1419 1437 1460 1473 οἷς
1474 1441 1577 1472 ἐκεῖνος
1604 1439 1743 1474 ἐπιμελῶς
1769 1437 1905 1473 προσέχων

1119 1487 1166 1514 τὸν
1187 1486 1250 1514 νοῦν
1272 1487 1423 1514 κατένυσσε
1439 1487 1488 1522 τὴν
1506 1486 1595 1522 ψυχὴν
1609 1486 1656 1512 καὶ
1667 1484 1768 1516 πολλὰς
1785 1482 1906 1518 δακρύων

1120 1533 1195 1568 ἠφίει
1225 1532 1326 1568 πηγάς.
1353 1532 1409 1567 Τὴν
1424 1532 1452 1558 δὲ
1478 1532 1569 1558 πίστιν
1591 1532 1658 1567 ὅσην
1685 1530 1818 1565 ἐκέκτητο
1844 1527 1906 1564 πρὸς

1121 1580 1227 1611 πάντας
1258 1578 1308 1614 μὲν
1337 1579 1483 1614 μοναχοὺς.
1513 1577 1630 1614 μάλιστα
1645 1577 1673 1604 δὲ
1688 1576 1753 1608 τοὺς
1769 1576 1813 1602 ἐπ’
1827 1575 1908 1609 ἁγιω-

1123 1626 1191 1662 σύνῃ
1209 1625 1369 1661 διαϐοήτους
1395 1625 1443 1652 καὶ
1458 1624 1596 1660 εὐλαϐείᾳ,
1611 1624 1652 1655 τίς
1667 1623 1700 1650 ἃν
1731 1622 1908 1657 διηγήσαιτο;

1123 1672 1181 1699 Οὐκ
1194 1671 1325 1698 ἐθεάσατο
1332 1671 1387 1707 γάρ
1399 1679 1464 1698 ποτε
1479 1671 1596 1706 μοναχὸν
1609 1669 1710 1706 ἀρετῆς
1720 1667 1907 1702 ἀντεχόμενον.

1122 1715 1199 1753 ᾧτινι
1211 1718 1261 1750 τὰς
1275 1717 1374 1745 ἑαυτοῦ
1390 1717 1503 1753 πράξεις
1522 1718 1572 1743 σὺν
1592 1716 1699 1748 πολλοῖς
1717 1715 1853 1749 δάκρυσιν
1865 1713 1908 1739 οῦκ

1123 1763 1282 1799 ἐξηγόρευε.
1314 1763 1480 1793 Πιστότατος
1507 1762 1536 1790 δὲ
1563 1761 1600 1788 ὢν
1628 1762 1675 1788 καὶ
1707 1758 1908 1796 ὀρθοδοξότατῡς

1123 1811 1212 1841 πάσας
1226 1810 1276 1842 τὰς
1287 1809 1338 1845 τῆς
1360 1809 1464 1841 πόλεως
1485 1808 1632 1844 ἐκκλησίας
1646 1806 1761 1838 πέπλοις
1774 1804 1907 1839 διαφανέσι

1123 1856 1171 1883 καὶ
1201 1856 1395 1890 φωταγωγίαις
1429 1855 1566 1890 λαμπρῶς
1589 1853 1756 1889 κατεκόσμει
1779 1852 1824 1879 καὶ
1851 1858 1909 1878 κατ-

1124 1902 1296 1937 εφαίδρυνεν.
1320 1901 1400 1928 Ἀλλὰ
1417 1902 1465 1928 καὶ
1482 1902 1540 1932 τοῖς
1567 1901 1596 1927 ὲν
1622 1900 1698 1934 ὄρεσι
1718 1898 1857 1934 μοναχοῖς,
1875 1894 1909 1935 τῷ

1124 1957 1154 1975 τε
1178 1947 1308 1983 Ὀλύμπῳ
1326 1948 1374 1974 καὶ
1394 1946 1433 1982 τῷ
1446 1947 1555 1982 Κομινᾷ
1571 1946 1619 1973 καὶ
1635 1947 1668 1981 τῇ
1684 1945 1781 1980 Χρυσῇ
1800 1939 1906 1970 κατονο-

1126 1993 1267 2030 μαζομένῃ
1284 1994 1376 2030 Πέτρᾳ
1403 1993 1452 2020 καὶ
1473 1992 1520 2019 τοῦ
1545 1991 1702 2027 Βαραχαίου
1728 1990 1797 2026 ὄρει,
1815 1989 1848 2015 οὗ
1876 1987 1910 2012 δι-

1125 2039 1219 2066 έλιπεν
1233 2039 1349 2074 ὲτησίως
1371 2039 1454 2074 ρόγας
1478 2036 1682 2070 ἐξαποστέλλων
1703 2036 1751 2063 καὶ
1766 2033 1910 2071 φροντίζων

1124 2085 1228 2113 τούτων
1241 2086 1288 2112 καὶ
1301 2085 1512 2121 προνοούμενος,
1530 2083 1577 2111 καί⁵
1596 2084 1660 2115 τοὺς
1679 2081 1847 2116 ὀνομαστοὺς
1867 2079 1909 2105 ἐπὶ

1125 2131 1225 2167 πράξει
1252 2131 1299 2158 καὶ
1321 2130 1423 2166 Θεωρία
1449 2129 1687 2166 μετακαλούμενος
1707 2127 1746 2160 ὡς
1761 2126 1853 2159 αὑτὸν,
1869 2124 1911 2151 καὶ

1125 2179 1181 2205 τῶν
1196 2177 1284 2213 εὐχῶν
1301 2177 1390 2204 αὐτῶν
1404 2177 1454 2208 τὰς
1471 2176 1597 2210 εὐλογίας
1617 2174 1737 2210 τρυγῶν.
1769 2173 1806 2200 Οὐ
1835 2171 1910 2207 μόνον

1126 2225 1166 2258 δέ,
1181 2224 1248 2252 ἀλλὰ
1265 2223 1383 2255 καὶτοῖς
1404 2222 1449 2249 διὰ
1462 2222 1529 2249 Θεδν
1555 2222 1725 2255 ὲγκλείστοις
1748 2220 1795 2247 καὶ
1817 2227 1911 2245 στενω-

1127 2272 1218 2302 τάτοις
1229 2270 1363 2301 οἰκίσκοις
1378 2268 1538 2304 καθείρξασι
1552 2268 1600 2295 καὶ
1614 2269 1681 2295 πᾶσι
1703 2268 1761 2298 τοῖς
1783 2271 1910 2302 pomm-

287 2309 411 2344 cunctisj
419 2308 537 2343 denique
552 2307 727 2336 monasteriis
739 2311 855 2335 statutas
869 2313 994 2334 annonas
1011 2307 1069 2333 sub-

1131 2318 1201 2353 ρίοις
1215 2316 1265 2349 τὰς
1284 2316 1408 2351 ἐτησίους
1432 2316 1526 2350 ρόγας,
1545 2314 1579 2345 ἃς
1607 2313 1786 2344 διετύπωωεν,
1812 2311 1842 2337 οὐ
1874 2309 1912 2354 δ]-

287 2355 448 2384 ministrare
480 2361 536 2382 non
567 2354 702 2381 cessabat.
731 2354 796 2381 Hac
821 2353 897 2381 velut
921 2360 955 2380 ex
983 2352 1069 2380 multis

1127 2352 1220 2389 έλιπεν
1235 2360 1417 2396 ἐπιχορηγῶν.
1433 2358 1525 2386 Ταῦτα
1545 2359 1583 2390 ὡς
1604 2358 1637 2384 έκ
1651 2356 1758 2384 πολλῶν
1772 2355 1848 2388 ὀλίγα
1862 2352 1912 2378 τῶν

288 2409 393 2440 paucas
425 2401 477 2429 viri
514 2401 630 2428 virtutes
663 2400 907 2436 eleemosynasque
939 2399 1078 2436 percurri-

323 2494 370 2522 28.
386 2493 470 2521 Petro
493 2492 674 2528 Bulgarorum
704 2492 824 2527 principi
850 2492 970 2521 Joannes
993 2492 1078 2520 frater

291 2547 356 2567 cum
382 2539 446 2567 aliis
475 2537 619 2574 Symeonis
647 2532 807 2573 proceribus
831 2538 931 2566 struxit
954 2538 1078 2566 insidias.

291 2585 476 2620 Deprehensis
493 2585 558 2617 illis,
573 2584 694 2612 Joannes
709 2585 819 2620 quidem
835 2585 928 2620 ﬂagris
948 2585 1079 2614 emenda-

291 2634 337 2658 tus
349 2630 376 2658 in
391 2638 503 2658 carcere
519 2631 678 2663 includitur,
693 2631 789 2666 reliqui
810 2631 918 2660 acerbis
935 2631 1078 2666 suppliciis

291 2676 399 2705 subacti
416 2680 492 2704 sunt.
512 2675 615 2704 Horum
638 2676 781 2706 Romanus
804 2677 954 2713 imperator
968 2686 983 2706 a
999 2678 1080 2706 Petro

291 2723 392 2752 certior
404 2722 503 2756 factus,
513 2721 646 2750 Joannem
660 2724 827 2751 monachum
844 2723 917 2759 (eum
932 2724 977 2760 qui
991 2729 1081 2752 rector

291 2768 454 2804 exstiterat)
485 2768 581 2801 mittit,
608 2774 744 2804 praetextu
782 2769 892 2805 quidem
929 2769 1081 2798 redimendi

292 2816 425 2851 captivos,
442 2823 473 2844 re
487 2815 546 2850 ipsa
568 2823 633 2843 vero
652 2820 682 2843 ut
701 2815 834 2844 Joannem
847 2821 956 2851 caperet
977 2821 1005 2844 et
1029 2815 1081 2852 By-

291 2862 414 2890 zantium
426 2862 554 2896 duceret;
575 2863 649 2898 quod
662 2867 689 2890 et
705 2863 742 2891 ita
757 2863 884 2899 contigit.
904 2862 963 2891 Una
980 2863 1082 2899 quippe

292 2915 356 2936 cum
372 2907 478 2936 Joanne
493 2910 585 2936 navim
603 2909 757 2945 ingressus,
778 2918 793 2937 a
809 2909 972 2938 Mesembria
990 2911 1016 2938 in
1034 2918 1081 2937 ur—

293 2957 356 2984 bem
370 2953 480 2982 delatus
491 2958 545 2983 est.
563 2954 619 2983 Nec
633 2955 720 2983 multo
734 2959 796 2992 post
812 2955 937 2993 projecto
952 2955 1080 2985 monachi

1128 2408 1212 2436 αὑτοῦ
1228 2406 1451 2443 κατορθωμάτων
1467 2406 1514 2432 καὶ
1526 2402 1718 2439 ἐλεημοσυνῶν
1732 2399 1911 2436 διεξήλθομεν.

1165 2497 1208 2534 [Ρ.
1229 2495 1298 2533 260]
1320 2495 1375 2532 κη’.
1392 2495 1488 2530 Πέτρῳ
1515 2494 1545 2521 δὲ
1568 2492 1608 2529 τῷ
1627 2491 1776 2526 Βουλγάρῳ
1804 2487 1914 2515 ἐπέθετο

1136 2543 1261 2578 Ἰωάννης
1278 2544 1292 2570 ὁ
1308 2542 1422 2576 ἀδελφὸς
1438 2541 1521 2567 αὑτοῦ
1547 2539 1617 2574 μετὰ
1647 2538 1695 2565 καὶ¹
1718 2537 1818 2571 ἑτέρων
1837 2540 1914 2568 μεγι-

1130 2590 1236 2617 στάνων
1250 2589 1297 2617 τοῦ
1312 2587 1426 2624 Συμεών
1439 2595 1447 2602 ·
1467 2587 1516 2614 καὶ
1539 2585 1721 2621 φωραθέντων
1737 2581 1826 2609 αὐτῶν
1836 2581 1851 2606 ὁ

1136 2636 1263 2672 Ἰωάννης
1281 2623 1413 2662 τύπτεται
1439 2633 1487 2660 καὶ
1517 2631 1672 2667 ὲγκλείεται
1697 2629 1816 2664 φυλακῇ,
1840 2625 1868 2652 οἱ
1888 2623 1915 2649 δῖ

1131 2683 1219 2710 λοιποὶ
1233 2681 1382 2717 τιμωρίαις
1398 2681 1428 2707 οὐ
1451 2681 1512 2710 ταῖς
1539 2678 1684 2713 τυχούσαις
1711 2673 1914 2717 ὑποϐάλλ⁰ῨῘ⁸²⁹

1132 2728 1226 2755 Ταῦτα
1241 2715 1272 2754 δέ
1285 2715 1353 2762 δῆλα
1367 2725 1471 2761 Πέτρου
1494 2724 1658 2758 ποιήσαντος
1673 2720 1712 2756 τῷ
1729 2719 1831 2756 βασιλεῖ
1850 2715 1918 2741 Ῥω-

1134 2772 1221 2808 μανῷ,
1238 2771 1397 2799 ἀπέστειλεν
1411 2772 1425 2797 ὸ
1439 2769 1566 2806 βασιλεὺς
1583 2769 1629 2795 τδν
1645 2766 1763 2803 μοναχὸν
1783 2763 1916 2808 Ἰωάννη·ιῖ

1131 2806 1160 2851 δς
1171 2806 1294 2853 ἐγεγόνει
1313 2817 1446 2854 ραίκτωρ,
1467 2816 1604 2852 προφάσει
1629 2814 1678 2850 μὲν
1695 2813 1743 2840 τοῦ
1759 2806 1918 2854 noti-.513?

1133 2852 1262 2899 ἀλλαγιον
1275 2852 1330 2891 τῶν
1345 2862 1540 2899 κρατουμένων
1552 2859 1746 2896 αἰχμαλώτων,
1761 2858 1793 2893 τῇ
1807 2852 1918 2888 ἀληθείᾳ

1132 2911 1161 2939 δὲ
1179 2898 1305 2947 Ἰωάννην
1329 2898 1477 2944 κατασχεῖν
1502 2908 1549 2934 καὶ
1580 2907 1609 2932 ἐν
1636 2898 1919 2947 Κωνσταντινουπξλει

1133 2957 1260 2993 ἀγαγεῖν.
1281 2943 1314 2983 ⁵0
1328 2955 1361 2991 δὴ
1387 2943 1435 2982 καί
1465 2953 1599 2990 γέγονεν’
1626 2949 1757 2978 εἰσελθὼν
1782 2949 1833 2983 γὰρ
1861 2943 1921 2978 ἅμα
