1997 3167
262 209 313 241 147

809 212 1064 245 THEOPHANES
1082 215 1351 246 CON’l'lNUATUS

1836 211 1882 244 με

263 270 343 299 atque
357 268 451 299 parata
468 264 630 300 possideret.
649 265 731 292 Mittit
746 266 829 302 igitur
842 267 983 296 Romanus
998 275 1047 297 ce-

1109 270 1134 298 '0
1156 271 1185 297 δὲ
1215 269 1354 305 Ῥωμανδς
1387 267 1551 299 ἀποστείλας
1585 266 1632 293 καὶ
1659 265 1781 300 ζητήσας
1811 266 1882 294 οὐδὲν

264 311 384 345 gnitores
400 309 509 345 judices
523 331 531 343 ,
553 310 731 346 diligcntiqne
758 319 849 339 rerum
878 313 1051 348 inspectione

264 355 365 383 nullius
385 363 460 383 reum
477 356 602 384 criminis
617 357 758 385 otfcndcns
782 357 808 385 in
830 357 972 393 pristinam
987 366 1050 387 eum

264 402 426 437 dignitatem
456 402 587 429 restituit.
613 401 678 437 Ejus
701 407 790 430 tamen
814 403 852 430 rei
873 411 956 431 causa
977 403 1052 439 apud

266 449 386 483 reliquos
399 447 574 483 Augustos.ei
590 449 705 476 conflata
724 449 825 476 invidia
844 457 956 477 munere
969 450 1050 477 abdi—

265 484 353 526 catur,
370 493 485 527 ejusque
497 493 556 519 loco
567 492 743 526 Panthei-ius,
755 494 877 522 Romano
891 495 1053 530 imperatori

265 536 405 571 sanguinis
435 536 641 564 necessitudine
668 537 853 572 conjunctus,
882 539 1052 567 domesticus

263 582 454 609 constituitur.

299 627 346 655 44.
370 627 504 655 Caeterum
529 627 670 655 liornanus
691 628 840 664 imperator
864 629 941 657 urbis
961 630 1054 658 debita

263 673 357 703 omnia
370 681 461 710 aesque
477 674 596 702 alienum
612 675 711 702 civium
726 675 937 709 omne,divitum
951 677 1055 713 pariter

268 715 474 757 pauperumque
493 727 525 748 ac
547 728 708 756 egenorum,
731 725 865 756 quantum
893 730 927 749 ex
952 723 1055 751 tabulis

266 767 375 805 probari
390 771 506 802 poterat,
522 767 650 794 dissolvit
666 775 673 800 ;
686 772 806 802 suntque
820 768 888 796 adeo
902 769 948 804 qui
962 768 1056 797 dicant

267 813 375 842 dedisse
384 813 552 849 undeviginti
565 815 736 841 centenaria.
749 814 895 842 Nominum
908 816 1014 843 tabulas
1028 816 1056 844 in

266 858 383 888 Chalces
410 867 550 895 purpureo
575 859 707 887 umbilico
727 860 892 896 combussit,
920 861 1056 890 universis

269 904 358 934 fauch
373 906 598 940 acclamantibus,
612 907 737 943 votisque
753 907 946 942 imperatorem
961 916 1057 944 prose-

1102 316 1227 352 ἐφεῦρεν,
1243 317 1289 343 καὶ
1316 314 1445 350 μεταδοὺς
1461 313 1511 348 τῆς
1535 312 1623 347 ἀρχῆς
1651 311 1882 346 ἀποκατέστησεν.

1102 363 1193 398 Φθόνῳ
1207 362 1235 389 δὲ
1247 361 1322 396 αὐτῷ
1336 361 1390 388 τῶν
1412 360 1540 387 τοιούτων
1555 357 1710 385 ὑποθέσεων
1734 357 1811 392 παρὰ
1836 358 1884 387 τῶν

1103 409 1204 436 λοιπῶν
1226 408 1402 444 κινηθέντων,
1417 406 1545 433 ἐκπίπτει
1563 405 1612 440 τῆς
1627 404 1724 439 ἀρχῆς,
1743 404 1792 430 καὶ
1809 404 1884 439 δομέ-

1104 463 1194 487 στικος
1210 454 1267 481 ἀντ’
1281 453 1363 480 αὑτοῦ
1382 452 1586 487 προχειρίζεται
1609 449 1773 485 Πανθήριος,
1792 458 1886 484 συγγε-

1104 501 1152 536 νὴς
1167 500 1213 527 τοῦ
1230 500 1361 536 βασιλέως
1385 497 1534 534 ”[²ωμανοῦ.

1142 633 1193 668 μδθ.
1215 632 1245 658 '0
1260 631 1288 658 δὲ
1305 630 1431 666 βασιλεὺς
1452 628 1591 665 Ῥωμανδς
1604 629 1693 656 πάντα
1706 627 1742 655 τά
1756 628 1826 664 χρέη
1846 627 1889 663 τῆς

1106 678 1210 709 πόλεως
1226 677 1280 704 ἀπό
1292 685 1320 703 τε
1333 676 1478 709 πλουσίων,
1506 674 1691 708 μεγιστάνων,
1715 673 1834 709 πτωχῶν
1849 674 1889 700 καὶ

1107 722 1241 757 πενήτων,
1257 721 1307 748 ὅσα
1328 720 1362 748 ἂν
1381 720 1411 747 ὲν
1428 719 1539 755 φανερῷ
1564 718 1771 751 ἀπεδείκνυντο,
1787 718 1890 746 ἀπέδω-

1107 777 1168 794 κεν·
1185 767 1223 800 ὥς
1242 767 1308 802 φασί
1325 775 1397 798 τινες
1412 767 1451 793 ὅτι
1472 766 1589 792 δέδωκεν
1609 764 1776 800 κεντηνάρια
1803 763 1890 791 ἐννεα-

1107 814 1220 842 καίδεκα
1231 822 1237 829 ·
1256 813 1305 845 τὰς
1320 813 1348 839 δὲ
1373 811 1519 847 ὁμολογίας
1539 811 1709 838 κατέκαυσεν
1722 810 1763 841 είς
1777 809 1810 835 τὸ
1829 817 1890 844 πορ-

1108 859 1211 895 φυροῦν
1227 859 1360 894 ὀμφάλιον
1374 858 1424 893 τῆς
1439 857 1562 892 Χαλκῆς,
1578 856 1688 884 πάντων
1703 855 1890 890 ἐπευχομένων

1108 907 1153 934 τὸν
1167 907 1290 942 βασιλέα.
1307 906 1352 941 Τῷ
1373 905 1401 932 δὲ
1431 905 1548 940 εἰκοστῷ
1563 904 1682 940 δευτέρῳ
1699 904 1784 931 αὐτοῦ
1808 905 1891 940 χρόνῳ

268 952 428 987 quentibus.
446 952 555 988 imperii
568 960 641 980 anno
653 953 776 981 secundo
785 961 868 989 supra
884 953 1056 990 vigesimum,

1109 953 1207 980 δέδωκε
1222 953 1258 979 τὰ
1272 951 1396 979 ὲνοικικὰ
1417 951 1509 986 πάσης
1523 951 1572 985 τῆς
1587 950 1700 982 πόλεως,
1725 949 1780 976 ἀπὸ
1798 949 1891 985 μικροῦ

269 998 356 1033 pretia
378 998 522 1026 domorum
547 998 652 1026 civibus
667 998 749 1034 43o
761 1000 890 1027 omnibus
909 1000 1057 1028 conducto-

271 1044 346 1072 ribus
360 1051 374 1070 a
392 1044 509 1072 maximo
529 1043 564 1072 ad
580 1044 723 1075 minimum
740 1052 828 1079 usque
846 1045 960 1074 dimisit.
977 1046 1057 1075 Fet-ia

269 1093 367 1125 quarta
385 1093 413 1117 et
433 1089 585 1117 Parasceve
607 1090 641 1117 ad
663 1097 860 1118 conversarum
876 1092 974 1120 exiens
985 1093 1057 1122 mdes

270 1135 372 1163 scortis
386 1134 513 1164 omnibus
528 1140 673 1170 argenteos
689 1137 757 1164 duos
771 1137 902 1172 erogabat
919 1147 926 1172 ;
942 1139 1059 1167 inclusis

270 1181 337 1209 viris
348 1185 376 1209 et
392 1180 501 1209 feminis
518 1182 634 1218 singulis
655 1187 711 1211 tres
730 1191 855 1212 nummos
870 1185 1056 1220 impendebat.

271 1226 409 1255 Ecclesias
423 1235 488 1256 vero
505 1231 533 1255 et
557 1228 722 1256 monasteria
740 1229 817 1265 plura
831 1232 968 1259 exstruxit
983 1241 991 1265 ;
1010 1241 1058 1260 ve-

271 1277 328 1301 stes
343 1280 452 1309 quoque
471 1281 540 1301 auro
556 1278 700 1302 contextas
713 1275 872 1312 calicesque
889 1285 952 1305 cum
972 1278 1058 1308 discis

276 1326 366 1347 sacros
390 1318 505 1354 largitus
524 1325 577 1349 est.
594 1319 735 1356 Hospitale
749 1330 859 1358 quoque
879 1323 912 1351 ad
927 1323 1059 1353 Mabriani

270 1363 341 1393 aedes
363 1365 503 1399 excitavit,
529 1366 650 1403 fecitque
675 1368 784 1396 stabula
800 1377 833 1397 ac
855 1370 974 1406 hospitia
999 1373 1057 1408 pul-

269 1411 406 1440 cherrima
419 1420 427 1440 :
445 1416 532 1441 strata
546 1414 629 1442 etiam
644 1415 745 1443 struxit
760 1416 862 1444 cubilia
877 1424 910 1444 ac
921 1418 1058 1452 cubicula,

271 1464 366 1485 eorum
381 1459 505 1486 omnium
517 1460 605 1495 gratia
616 1461 662 1496 qui
674 1461 798 1498 hospites
808 1462 903 1491 urbem
921 1468 1017 1500 petunt
1028 1472 1060 1493 ac

272 1503 335 1531 lites
352 1509 447 1539 agunt.
463 1504 534 1538 Quin
546 1511 574 1534 et
586 1506 620 1534 de
639 1507 748 1537 illorum
769 1508 947 1544 ipsorumque
965 1517 1059 1537 eorum

270 1549 454 1584 iumentorum
474 1559 506 1579 ac
526 1551 690 1580 famulorum
706 1553 769 1581 cibo
785 1555 939 1590 pabuloque
963 1556 1060 1584 statuit

1108 999 1160 1030 ἓως
1178 998 1307 1034 μεγάλου.
1322 997 1459 1032 Τετράδην
1475 997 1522 1023 καὶ
1545 995 1724 1031 παρασκευὴν
1751 994 1891 1029 ἐξερχόμε-

1108 1052 1152 1075 νος
1162 1043 1202 1075 εῐς
1209 1043 1244 1070 τὰ
1255 1041 1480 1077 μεταστασίματα
1497 1039 1576 1067 ἐδίδει
1588 1041 1678 1067 πᾶσαν
1693 1038 1838 1074 πολιτικὴν
1848 1038 1891 1065 ἀνὰ

1109 1089 1236 1125 ἀργυρῶν
1255 1088 1315 1115 δύο’
1332 1087 1380 1114 καὶ
1403 1087 1467 1119 τοὺς
1499 1085 1674 1120 ὲγκλείστους
1703 1085 1752 1112 καὶ
1777 1085 1829 1115 τὰς
1850 1085 1891 1118 ἐγ-

1109 1135 1234 1166 κλείστας
1251 1134 1378 1168 ὲρόγευεν
1395 1132 1446 1160 ἀνὰ
1466 1132 1644 1168 νομισμάτων
1667 1131 1762 1167 τριῶν.
1782 1129 1891 1165 Ἐκκλη-

1110 1182 1170 1214 σίας
1191 1182 1219 1208 δὲ
1247 1180 1295 1208 καὶ
1325 1179 1496 1215 μοναστήρια
1516 1179 1603 1205 πολλὰ
1626 1178 1734 1205 ἔκτισεν
1745 1177 1834 1204 ·¹άλλὰ
1854 1177 1893 1204 καὶ

1109 1228 1221 1259 ἐνδύτας
1243 1226 1465 1263 χρυσοῡφάντους
1482 1226 1529 1252 καὶ
1543 1224 1743 1260 δισκοποτήρια
1766 1223 1891 1258 ἀπεχαρί-

1110 1283 1186 1302 σατο.
1205 1274 1259 1300 Καὶ
1276 1272 1442 1307 ξενοδοχεῖον
1471 1271 1636 1307 καθίδρυσιν
1660 1271 1699 1302 εις
1718 1270 1753 1297 τὰ
1771 1269 1892 1305 Μαϐρια-

1109 1319 1166 1351 νοῦ,
1188 1319 1236 1345 καὶ
1261 1317 1395 1349 πάὸλους
1422 1317 1538 1352 ποιήσας
1555 1315 1598 1352 [Ρ.
1614 1315 1679 1352 267]
1706 1315 1755 1342 καὶ
1779 1315 1892 1350 ὸσπήτια

1111 1366 1243 1393 κάλλιστα
1258 1365 1306 1391 καὶ
1325 1363 1587 1400 κραὸδατοστρώσια
1602 1362 1645 1389 διὰ
1661 1361 1724 1393 τοὺς
1740 1359 1893 1397 εἰσερχομέ-

1110 1421 1172 1443 νους
1187 1411 1292 1442 πάντας
1304 1409 1450 1442 ὲξωτικοὺς
1462 1409 1508 1436 καὶ
1523 1408 1601 1440 δίκας
1615 1407 1807 1444 λαμϐάνοντας
1831 1414 1893 1433 κατ·

1111 1456 1269 1484 εσχεύασεν.
1298 1455 1380 1482 Ἀλλά
1407 1455 1453 1482 καὶ
1478 1455 1549 1489 ὑπὲρ
1577 1453 1725 1489 διατροφῆς
1753 1452 1844 1479 αὐτῶν
1867 1460 1893 1478 τε

1111 1504 1158 1531 καὶ
1174 1503 1228 1530 τῶν
1245 1501 1350 1536 ἀλόγων
1367 1500 1457 1528 αὐτῶν
1480 1501 1527 1527 καὶ
1552 1500 1606 1527 τῶν
1633 1499 1785 1534 ἀνθρώπων
1809 1497 1893 1524 αὐτῶν

1111 1550 1255 1586 διωρίσατο
1269 1549 1316 1576 καὶ
1333 1547 1515 1585 προσέταξεν.
1530 1547 1586 1574 Καὶ
1604 1546 1743 1581 οίκήματα
1761 1543 1894 1580 προσεκὺ-

272 1600 353 1632 atque
371 1598 507 1632 praecepit.
521 1597 619 1626 Domos
637 1599 663 1626 in
677 1607 737 1627 eam
750 1607 806 1627 rem
819 1600 898 1628 tit-ma
913 1601 1058 1630 donatione

1112 1606 1210 1633 ρωσεν,
1224 1597 1254 1623 τδ
1280 1595 1430 1626 ἀνελλιπῶς
1451 1593 1579 1621 δίδοσθαι.
1606 1592 1692 1620 Τοῦτο
1720 1592 1749 1619 δὲ
1771 1591 1894 1625 ἐποίησεν

273 1641 389 1675 addixit,
406 1646 435 1669 ut
453 1643 642 1671 indeficienter
659 1649 785 1680 sumptus
810 1645 975 1675 sufficerent.
1003 1647 1060 1676 Hoc

271 1693 362 1716 autem
384 1688 492 1717 illorum
517 1690 604 1725 gratia
628 1689 702 1723 fecit,
725 1691 773 1726 qui
798 1691 921 1727 hospites
943 1692 1004 1720 lites
1032 1693 1060 1720 in

272 1735 339 1763 urbe
354 1735 465 1770 habent,
479 1740 509 1764 ut
523 1736 586 1764 inde
600 1742 784 1772 procurentur
796 1741 878 1773 atque
890 1738 1009 1766 alantur.
1020 1739 1059 1766 Ad

272 1782 429 1817 sepulcrum
446 1790 525 1810 suum
540 1783 599 1810 dari
612 1783 697 1819 jussit
711 1784 834 1819 quotidie
849 1785 967 1814 frustula
979 1785 1062 1814 offas-

272 1834 326 1862 que
350 1828 461 1864 triginta
480 1829 577 1856 millia.
594 1830 696 1862 Quarta
721 1829 790 1858 feria
811 1833 839 1858 et
866 1829 1014 1859 Parasceve
1033 1831 1061 1859 in

274 1874 402 1908 l-rtetorio
419 1878 446 1902 et
465 1875 566 1904 Chalcc
581 1879 608 1903 et
621 1874 749 1904 Numeris
769 1877 868 1904 vinctis
882 1876 997 1910 singulis
1009 1878 1061 1905 t'ol-

272 1920 314 1947 lcs
330 1919 485 1955 quindecim
516 1921 623 1957 erogari
639 1922 799 1955 mandavit,
811 1930 965 1958 magnaque
980 1922 1062 1951 Para-

272 1973 353 1994 sceve
366 1974 492 1995 nummos
505 1967 628 2003 singulos
641 1968 876 2005 eleemosynarum
888 1969 998 1997 nomine
1007 1970 1061 1998 illis

273 2010 369 2039 tribui.
386 2011 493 2048 Olympi
509 2013 660 2041 monachos
678 2019 706 2042 et
724 2012 847 2049 Cyminae
860 2021 888 2042 e.
902 2014 1020 2043 Athonis
1035 2019 1062 2042 et

271 2059 403 2088 Barachei
418 2065 444 2088 et
457 2059 531 2088 Latri
543 2068 695 2096 omnesque
704 2069 847 2089 nummum
862 2070 947 2090 unum
958 2061 1061 2090 viritim

272 2113 306 2133 ex
322 2113 373 2134 suo
389 2106 559 2134 monasterio
570 2106 697 2141 accipere
711 2107 809 2135 voluit.

307 2193 353 2222 ΑΒ.
372 2193 525 2222 lndictione
536 2195 634 2229 prima,
646 2202 738 2222 mense
751 2196 849 2230 Aprili,
867 2204 964 2225 rursus
978 2198 1060 2225 Turci

274 2241 519 2277 cumiugentibus
537 2241 625 2277 copiis
650 2241 780 2269 Romanae
799 2242 911 2270 ditionis
929 2244 996 2271 fines
1016 2245 1059 2272 in-

274 2289 416 2314 vaserunt.
440 2285 572 2321 Egressus
587 2294 652 2314 vero
666 2287 847 2322 Theophanes
870 2287 949 2324 431
974 2289 1061 2324 patri-
1075 2279 1096 2307 θ

274 2332 335 2360 cius
348 2331 490 2360 accubitur
506 2332 582 2367 pacis
599 2339 663 2360 cum
683 2332 724 2360 eis
746 2332 836 2361 foedus
851 2335 999 2369 percussit,
1016 2334 1062 2362 ac-

273 2377 361 2414 ceptis
387 2377 534 2406 obsidibus
557 2386 589 2405 ex
612 2378 820 2407 illustrioribus.
842 2378 966 2415 Hincque
992 2380 1061 2408 adeo

273 2424 390 2460 contigit
405 2424 432 2452 in
450 2431 537 2452 annos
553 2424 675 2460 quinque
690 2432 784 2460 pacem
805 2425 987 2461 induciasque
1002 2434 1062 2455 ser-

273 2469 343 2498 vari.
366 2470 502 2498 Caeterum
521 2469 662 2498 Romanus
679 2471 827 2506 imperator
845 2471 990 2507 plerasque
1012 2480 1061 2507 per

275 2515 462 2544 Macedoniam
478 2514 560 2551 atque
579 2510 725 2544 Thraciam
741 2517 824 2546 urbes
839 2525 854 2545 a
873 2517 1059 2546 fundamentis

273 2562 420 2594 exstruxit,
439 2562 509 2589 alias
525 2562 674 2597 reparavit.
691 2561 746 2590 Nec
768 2562 795 2590 id
817 2562 909 2597 modo,
926 2563 974 2592 sed
988 2568 1016 2591 et
1031 2564 1059 2591 tu

275 2607 343 2634 urbe
362 2612 478 2642 augusta
506 2608 667 2643 magnificas
690 2608 761 2636 aedes
776 2609 866 2644 regias
882 2610 1058 2643 instauravit,

275 2658 353 2689 prata
374 2661 483 2689 quoque
499 2654 590 2689 opima
608 2662 640 2682 ac
663 2654 812 2688 uberrima,
827 2663 887 2690 qua:
904 2655 985 2690 longe
1003 2664 1061 2682 ma-

276 2700 378 2727 ximam
394 2699 561 2734 voluptatem
579 2705 726 2735 praestent;
743 2701 790 2728 sed
805 2705 832 2729 et
852 2701 879 2728 in
897 2708 994 2729 senum
1012 2702 1063 2728 ali-

277 2750 368 2773 menta
391 2745 586 2781 hospitumque
600 2745 752 2774 diversoria
779 2755 811 2773 ac
826 2754 960 2782 aegrorum
975 2746 1063 2774 domi-

277 2791 338 2818 cilia
353 2791 519 2825 construxit,
532 2792 685 2820 mercedem
702 2800 717 2819 a
729 2792 783 2820 Deo
796 2792 936 2828 animique
947 2792 1061 2820 salutem

278 2843 393 2872 sperans
407 2846 437 2867 se
453 2843 628 2874 recepturum
646 2847 718 2867 esse.

1111 1644 1155 1671 διὰ
1170 1644 1232 1676 τοὺς
1243 1643 1353 1678 ἔχοντας
1365 1642 1443 1673 δίκας
1455 1640 1601 1674 ἑξωτικοὺς
1617 1639 1665 1667 καὶ
1678 1638 1893 1674 εἰσερχομένους,

1112 1691 1156 1718 ἵνα
1170 1690 1367 1725 διατρέφωνται
1395 1688 1442 1716 καὶ
1465 1686 1632 1714 διοικοῦνται
1648 1684 1678 1717 ἐξ
1696 1684 1791 1711 αὑτοῦ.
1808 1682 1853 1714 Et;
1868 1682 1894 1709 δὲ

1111 1736 1156 1763 τὸν
1169 1735 1252 1770 τάφον
1268 1734 1352 1762 αὐτοῦ
1372 1733 1519 1769 διωρίσατο
1535 1732 1577 1759 ἵνα
1590 1732 1650 1759 καθ’
1665 1731 1783 1765 ἑκάστην
1793 1730 1894 1765 ἡμέραν

1111 1783 1234 1810 δίδωνται
1258 1781 1353 1817 ψωμία
1368 1781 1390 1797 ⁸⁷
1417 1779 1547 1816 μυριάδες
1563 1778 1598 1812 γ’,
1624 1777 1671 1805 καὶ
1697 1776 1827 1811 τετράδην
1851 1775 1894 1802 καὶ

1112 1827 1288 1863 παρασκευὴν
1303 1827 1346 1853 Eva.
1359 1826 1468 1853 δίδωται
1480 1825 1519 1857 είς
1531 1824 1560 1851 τὸ
1574 1822 1726 1859 πραιτώριν
1737 1823 1783 1849 καὶ
1797 1823 1834 1853 εἰς
1848 1821 1893 1856 τὴν

1114 1874 1223 1909 Χαλκῆν
1239 1874 1286 1900 καὶ
1303 1873 1343 1905 εις
1356 1873 1389 1900 τὰ
1405 1871 1535 1907 Νούμερα
1556 1870 1606 1897 ἕνα
1622 1870 1740 1896 ἕκαστον
1755 1868 1892 1903 ἄνθρωπον

1112 1920 1165 1948 ἀνὰ
1178 1919 1285 1956 φωλέας
1301 1918 1464 1950 δεκαπέντε,
1484 1917 1530 1944 καὶ
1544 1918 1576 1952 τῇ
1595 1916 1702 1952 μεγάλῃ
1731 1913 1892 1950 Παρασκευῇ

1113 1967 1217 1999 πάντας
1232 1967 1295 1999 τοὺς
1311 1965 1463 2000 φυλακίτας
1492 1963 1545 1990 ἀνὰ
1575 1963 1743 1998 νομίσματος
1766 1962 1831 1993 ἑνός.
1849 1961 1893 1985 Δι-

1111 2012 1230 2049 ωρίσατο
1238 2012 1266 2039 δὲ
1277 2011 1339 2043 τοὺς
1355 2009 1488 2045 μοναχοὺς
1499 2008 1546 2036 τοῦ
1562 2007 1712 2043 Ὀλύμπου,
1723 2007 1770 2034 τοῦ
1779 2005 1892 2041 Κυμινᾶ.

1111 2057 1159 2085 τοῦ
1175 2057 1305 2089 ἋΟωνος,
1325 2056 1372 2082 τοῦ
1396 2054 1546 2091 Βαραχέως
1563 2054 1611 2080 καὶ
1634 2053 1681 2080 τοῦ
1696 2053 1830 2088 Λάτρους.
1849 2050 1893 2077 καὶ

1112 2105 1215 2136 πάντας
1240 2103 1389 2139 λαμϐάνειν
1405 2102 1459 2129 ἀνὰ
1483 2101 1652 2137 νομίσματος
1670 2100 1730 2131 ἑνός
1743 2108 1749 2114 ·
1770 2098 1852 2126 ταῦτα
1867 2097 1893 2122 δὲ

1111 2151 1259 2188 λαμῦάνειν
1274 2150 1371 2181 αὐτοὺς
1389 2149 1421 2175 ὲκ
1433 2148 1481 2183 τῆς
1501 2148 1569 2179 ἰδίας
1582 2147 1665 2174 αὑτοῦ
1679 2146 1775 2181 μονῆς.

1149 2201 1200 2234 με’.
1222 2196 1396 2227 Ἰνδικτιῶνος
1411 2193 1523 2230 πρώτης
1555 2193 1704 2229 Ἀπριλλίῳ
1726 2193 1792 2228 μηνὶ
1816 2191 1893 2223 ἐπῆλ-

1112 2246 1157 2273 θον
1169 2245 1248 2272 πάλιν
1260 2244 1283 2270 οί
1297 2242 1414 2278 Τοῦρκοι
1434 2241 1504 2276 μετὰ
1517 2240 1646 2276 πλείστης
1660 2239 1810 2274 δυνάμεως.
1830 2238 1856 2264 ὀ
1865 2236 1893 2263 δὲ

1111 2291 1254 2327 πατρίκιος
1282 2288 1423 2324 Θεοφάνης
1453 2288 1467 2314 ὁ
1495 2285 1750 2322 παρακοιμὼμενος
1786 2283 1893 2317 ἐξελθὼν

1111 2335 1227 2366 σπονδὰς
1249 2333 1390 2369 εἰρηνικὰς
1419 2332 1531 2367 εποίησε
1559 2331 1618 2366 μετ’
1651 2330 1754 2364 actm,
1788 2329 1893 2364 ὁμήρων

1111 2379 1239 2416 ὲμφανῶν
1249 2378 1272 2395 ⁸⁵
1288 2377 1508 2412 ἀναλαϐόμενος·
1526 2376 1555 2409 ἐξ
1569 2372 1598 2402 οὗ
1612 2374 1713 2409 συνέὸη
1728 2375 1776 2401 ἐπὶ
1788 2373 1893 2410 χρόνους

1111 2425 1190 2453 πέντε
1205 2424 1254 2460 τὴν
1269 2423 1382 2459 εἰρήνην
1405 2421 1637 2456 διαφυλαχθῆναι.
1659 2420 1690 2447 '0
1714 2419 1744 2446 δὲ
1774 2417 1893 2455 βασιλεὺς

1117 2471 1256 2506 Ῥωμανδς
1270 2469 1408 2500 πλείσταις
1426 2467 1521 2494 πόλεσι
1538 2466 1609 2493 κατὰ
1625 2465 1796 2494 Μακεδονίαν
1810 2473 1835 2490 τε
1845 2463 1892 2489 καὶ

1113 2517 1233 2553 Θρᾴκην,
1249 2516 1298 2547 τὰς
1315 2515 1364 2550 μὲν
1388 2515 1420 2540 ἐκ
1435 2513 1543 2549 βάθρων
1562 2512 1784 2547 ἀνῳκοδόμησεν,
1803 2510 1850 2537 τισὶ
1864 2507 1897 2534 δὲ

1113 2552 1273 2598 καίνισμοὺς
1285 2561 1442 2596 ἐπενόησεν.
1456 2560 1493 2586 Οὐ
1514 2559 1566 2595 μὴν
1582 2558 1649 2585 ἀλλὰ
1665 2557 1738 2584 κατὰ
1755 2557 1803 2592 τὴν
1819 2552 1894 2591 βασίν

1112 2610 1183 2637 λειον
1197 2609 1272 2636 πόλιν
1302 2607 1440 2644 περιφανῆ
1466 2606 1587 2633 mam
1618 2599 1893 2644 émtvoﬁpmoev,§tt

1113 2656 1158 2682 καὶ
1173 2655 1309 2690 λειμῶνας
1329 2643 1495 2690 άμφιλαφεῑς
1519 2651 1568 2678 καὶ
1589 2650 1759 2686 εὐκάρπους,
1772 2649 1800 2680 ἐξ
1814 2643 1845 2674 ὧν
1858 2643 1893 2670 οὗ

1110 2701 1230 2738 τυχοῦσα
1245 2700 1339 2736 τέρψις
1351 2699 1489 2734 ἐγγίνεται
1499 2707 1507 2714 ·
1525 2698 1569 2725 ναὶ
1582 2697 1614 2732 δὴ
1627 2697 1673 2722 xui.
1689 2696 1822 2731 γερόντων
1832 2698 1893 2726 τρο-

1111 2750 1175 2784 φεῖα
1188 2747 1354 2783 ξενουμένων
1370 2754 1400 2773 τε
1414 2744 1588 2780 καταγώγια,
1619 2742 1829 2779 ἀρρωστούντων
1847 2738 1894 2764 ὲν-

1110 2795 1286 2830 διαιτήματα,
1297 2793 1350 2820 τῶν
1366 2792 1435 2820 κατὰ
1451 2792 1540 2828 ψυχὴν
1554 2792 1648 2819 ἕνεκεν
1659 2790 1826 2818 ἀντιδόσεων.

925 2884 1042 2912 VARle
1057 2884 1255 2913 LECTIONES.

314 2927 337 2945 "
355 2929 432 2966 μόδια
447 2938 549 2968 margo.
589 2932 612 2949 ⁸⁸
625 2931 745 2968 ὁμήρους
761 2931 970 2969 τῶνίὶμυανῶν,
988 2939 1012 2967 p.
1029 2931 1089 2959 590.
