1997 3167
121 227 164 260 H9

600 230 676 261 LIB.
688 230 739 261 v1.
760 222 994 262 —'uomuus
1015 230 1247 263 LACAPENUS;

1684 238 1739 267 450

152 284 205 319 pg’.
221 284 356 320 Δευτέρας
373 285 400 312 δὲ
418 285 583 318 ίνδικτιωνος
612 287 626 313 ὸ
646 286 786 322 Ῥωμανὺς
821 282 891 322 βασι-

987 288 1032 316 46.
1065 289 1153 316 Porro
1177 288 1299 316 secunda
1327 282 1477 317 indictione
1495 288 1635 319 Romanus
1650 291 1735 326 impe-

122 331 175 362 λεὺς
204 331 359 367 Πασχάλιον
395 332 642 368 πρωτοσπαθάριον
669 333 717 360 καὶ
747 334 899 370 στρατηγὸν

122 377 311 412 Λιγγιὸαρδίας
323 378 390 413 πρὸς
402 378 447 405 τὸν
459 378 530 414 ῥῆγα
540 379 679 414 Φραγγίας
688 378 801 413 Οὖγωνα
817 379 900 412 ἑξαπ-

121 424 239 454 έιιτειλεν,
268 424 318 459 τὴν
336 425 419 451 αὐτοῦ
445 425 584 460 Θυγατέρα
605 425 742 459 ἐπιζητῶν
766 427 806 456 εὶς
830 425 899 460 νύμ-

120 477 167 503 φην
186 468 321 504 Ῥωμανῷ
336 468 374 503 τῷ
396 470 443 496 τοῦ
455 478 490 504 γα
495 469 582 505 μσροῦ
596 469 678 496 αὐτοῦ
692 470 898 497 Κωνσταντίνου

120 515 177 549 υίῷ·
190 515 224 549 ἠν
241 515 288 541 καὶ
305 515 447 542 ἀναλαϐὼν
463 516 477 542 ὸ
492 516 637 551 εἰρημένος
660 516 815 551 Πασχάλιος
829 516 898 551 μετὰ

119 559 224 587 πλούτου
241 559 339 586 πολλοῦ
364 561 393 587 ὲν
414 561 447 596 τῇ
466 561 541 587 πόλει
557 561 706 596 ἀνήγαγεν.
722 561 819 596 Γέγονε
841 561 870 588 δὲ
884 562 899 589 ὁ

118 608 196 642 γάμος
215 607 395 642 Σεπτεμϐρίῳ
412 608 479 642 μηνὶ
500 608 667 640 ἰνδικτιῶνος
693 608 800 644 τρίτης,
816 608 897 640 Ἦτις

118 656 159 680 καὶ
169 654 274 687 ζήσασα
290 654 359 688 μετὰ
372 654 420 680 τοῦ
437 654 534 690 ἀνδρὸς
555 654 602 690 ἔτη
621 655 703 681 πέντε
720 654 896 690 ἐτελεύτησεν

118 702 170 731 ταῖς
183 700 301 735 ἡμέραις
321 700 371 734 τῆς
386 700 603 736 αὐτοκρατορίας
619 700 826 728 Κωνσταντίνου
849 699 896 727 τοῦ

117 746 194 780 αὐτῆς
211 745 353 781 πενθεροῦ.

148 791 198 826 μζ’.
221 792 336 826 Ἀνέμου
351 792 379 819 δὲ
394 792 482 827 βιαίου
494 793 541 820 καὶ
555 792 671 828 σφοδροῦ
686 792 896 819 καταπνεύσανο

115 846 155 869 τος
177 837 340 873 Δεκεμὸρεῳ
368 839 435 873 μηνὶ
461 839 486 865 οί
516 838 660 873 λεγόμενοι
688 840 717 866 ὲν
734 839 772 874 τῷ
790 838 896 874 ἱππικῷ

114 885 193 919 Δῆμοι
211 885 377 917 κατέπεσον,
408 885 433 911 οἳ
460 885 509 912 ἀπ’
535 886 660 918 ὶναντίας
682 885 728 912 τοῦ
753 886 893 921 βασιλικοῦ

116 930 205 965 θρόνου
229 930 389 966 ἐτύγχανον,
408 930 450 966 [Ρ.
466 931 531 968 268]
550 933 596 959 καὶ
620 932 784 968 συνέτριψαν
806 933 841 960 τά
863 940 894 959 τε

951 340 1028 362 rator
1041 335 1214 362 Paschalium
1227 336 1480 370 protospatharium
1495 342 1527 364 ae
1538 335 1738 372 Longobardiar

949 379 1049 408 ducem
1075 380 1109 407 ad
1138 379 1278 416 Hugonem
1303 388 1395 416 regem
1424 381 1547 409 Francia:
1566 376 1653 415 misit,
1675 382 1736 418 ejus

950 425 1033 452 ﬁliam
1046 425 1169 452 Romano
1184 425 1358 453 Constantini
1370 426 1463 462 generi
1478 427 1520 454 sui
1535 426 1591 454 ﬁlio
1605 434 1734 461 sponsam

949 471 1114 506 exquirens;
1132 479 1214 506 quam
1231 476 1259 499 et
1271 478 1428 506 assumens,
1442 480 1522 507 quem
1534 473 1602 506 dixi,
1615 472 1737 502 Pascha-

949 516 1004 545 iius
1013 524 1075 544 eum
1090 517 1174 545 multa
1190 518 1380 553 suppellectile
1394 523 1477 554 atque
1486 519 1583 554 opibus
1597 519 1623 546 in
1639 519 1734 547 urbem

949 563 1071 591 induxit.
1087 564 1236 592 Celebrate:
1249 565 1351 600 nuptiae
1366 572 1460 593 mense
1478 565 1641 600 Septembri,
1659 565 1737 593 indi-

949 610 1040 638 ctione
1057 611 1150 638 tertia.
1167 611 1239 639 Vixit
1252 618 1316 638 cum
1330 611 1391 639 viro
1403 619 1490 639 annos
1507 612 1646 647 quinque;
1662 616 1735 639 tum-

947 663 1001 691 que
1013 655 1082 684 viris
1094 661 1220 691 exempta
1230 659 1282 690 est,
1291 663 1353 683 cum
1364 656 1561 684 Constantinus
1572 657 1644 685 illius
1656 662 1735 684 socer

947 701 1007 736 ipse
1020 708 1144 730 summus
1164 702 1315 738 imperator
1331 707 1405 731 esset
1425 703 1556 739 solusque
1577 711 1671 731 rerum
1686 710 1734 739 po—

946 746 965 774 ti
970 751 1057 774 retur.

982 792 1027 820 47.
1048 792 1141 822 Mense
1159 793 1303 821 Decembri
1317 793 1487 822 validissimo
1503 793 1636 829 perﬂante
1651 798 1737 822 vento

947 842 1030 872 atque
1047 838 1168 869 turbine.
1185 840 1231 874 qu‘l
1248 839 1274 866 in
1300 839 1359 866 l'oro
1375 846 1408 867 ex
1426 840 1543 866 adverso
1558 839 1626 874 regii
1642 839 1735 866 throni

946 884 1030 912 erecti
1053 888 1128 916 sunt,
1156 885 1196 912 sic
1221 884 1310 912 vocati
1335 884 1411 912 Demi
1435 889 1615 918 corruerunt,
1639 884 1733 920 subje-

946 933 1060 964 etosque
1076 931 1176 965 gradus
1191 934 1219 958 et
1234 937 1372 957 marmora
1388 937 1419 958 ac
1435 930 1598 957 columellas
1616 930 1732 963 (stethea

113 977 287 1003 ὑποκάτωθεν
299 976 389 1003 αὐτῶν
405 976 494 1012 βάθρα
513 978 559 1004 καὶ
573 977 607 1004 τὰ
622 977 733 1013 στηθετα
746 977 890 1013 λεγόμενα.

944 976 1033 1004 dictas
1052 975 1131 1011 quasi
1148 976 1182 1003 ad
1207 975 1289 1012 432
1306 979 1401 1011 pectus
1423 974 1613 1010 ascendentes)
1627 975 1733 1002 contri-

112 1023 209 1057 Χρόνου
226 1023 255 1050 δὲ
274 1023 533 1058 περικυκλὼσαντος
549 1023 587 1059 τῷ
605 1024 680 1059 αὐτῷ
698 1024 763 1059 μην¹ι
781 1024 826 1050 τὸν
843 1024 894 1058 βα-

113 1070 183 1097 σιλέα
200 1070 341 1105 Ῥωμανὺν
353 1070 376 1096 οε
390 1069 446 1097 υἱοὶ
459 1069 541 1098 αὑτοῦ
555 1071 602 1097 τοῦ
616 1070 747 1098 παλατίου
771 1071 892 1106 κατήγα-

113 1124 164 1149 γον.

144 1161 198 1197 μη¹.
216 1162 275 1198 Τῆς
293 1162 322 1189 δὲ
335 1162 439 1195 πόλεως
457 1163 578 1198 Ἐδέσης,
594 1162 622 1189 ὲν
670 1163 701 1189 τὺ
727 1163 817 1198 τίμιον
844 1162 891 1190 τοῦ

111 1206 223 1241 Χριστοῦ
239 1208 387 1242 ἐκμαγεῖον
407 1208 546 1238 ἀπέκειτο,
572 1207 647 1243 παρὰ
669 1207 715 1234 τοῦ
736 1207 891 1243 Ῥωμαϊκοῦ

113 1253 339 1289 πολιορκουμένης
357 1253 563 1288 στρατεύματος
577 1253 624 1280 καὶ
648 1254 688 1285 είς
704 1254 827 1288 ἀνάγκην
844 1262 892 1289 με-

111 1299 200 1333 γίστην
216 1300 447 1334 περιισταμένης,
464 1299 628 1326 ἀπέστειλαν
640 1300 665 1326 οί
687 1299 770 1333 αὐτῆς
786 1300 892 1335 οἰκήτο-

110 1353 152 1380 ρες
173 1345 244 1380 πρὸς
260 1346 305 1372 τὸν
335 1345 448 1380 βασιλέα
469 1345 608 1380 Ῥωμανδν
634 1343 891 1380 διαπρεσϐευόμενοι

109 1390 152 1425 τὴν
165 1390 326 1426 πολιορκίαν
341 1390 465 1426 λυθῆναι,
478 1390 509 1416 τδ
520 1390 568 1416 τοῦ
582 1389 701 1425 Χριστοῦ
713 1389 791 1424 ἅγιον
802 1390 892 1424 ἔκμα-

109 1437 176 1469 γεῖον
192 1437 323 1472 παρέχειν
337 1436 568 1471 ἐπαγγελλόμενοι
578 1443 585 1451 ⁸
602 1436 672 1471 ὑπὲρ
686 1436 714 1462 δὲ
727 1435 776 1470 τῆς
791 1434 888 1461 τοιαύ-

109 1490 153 1517 της
168 1483 279 1517 χάριτος
303 1483 431 1518 δεσμίους
445 1483 582 1518 ᾐτήσαντο
598 1482 653 1508 τῶν
668 1480 807 1516 ἐπιφανῶν
818 1481 892 1508 ἀντι-

109 1527 204 1559 λαῦεῑν,
228 1529 437 1563 χρυσοὸούλλιὸν
460 1537 490 1554 τε
511 1528 604 1555 λαὸετν
627 1527 698 1554 ὥστε
726 1527 824 1562 μηκέτι
841 1527 892 1561 τὴν

109 1573 205 1600 τούτων
225 1574 318 1609 χώραν
336 1574 412 1610 παρὰ
435 1574 483 1601 τοῦ
502 1573 646 1608 Ῥωμαίων
670 1572 785 1607 στρατοῦ
799 1571 893 1608 ληῒζε-

111 1617 176 1646 σθαι.
189 1620 223 1645 ’0
239 1618 270 1654 δὴ
287 1619 333 1645 καὶ
350 1619 472 1653 γέγονεν.
503 1618 557 1644 Τοῦ
588 1617 666 1652 ἁγίου
686 1617 716 1643 δὲ
741 1617 889 1652 ἐκμαγείου

110 1664 163 1698 ἦτοι
178 1664 325 1699 μανδηλίου
345 1665 545 1696 ἀποσταλέντος
561 1664 608 1690 καὶ
624 1663 674 1699 ἤδη
693 1664 726 1698 τῇ
742 1664 890 1690 κωνσταν-

110 1711 257 1737 τινουπόλει
278 1711 484 1746 πλησιάζοντος,
501 1710 638 1746 Θεοφάνης
649 1709 791 1745 πατρίκιος
805 1710 819 1736 ό
835 1718 890 1736 παρ

113 1756 312 1791 ρακοιμώμενος
323 1758 352 1782 ἐν
364 1756 403 1792 τῷ
420 1756 535 1791 ποταμῷ
548 1756 666 1790 Σαγάρῳ
678 1755 793 1788 ἐξελθὼν
803 1755 892 1792 ὑπήν-

110 1809 185 1836 τησεν
209 1802 284 1838 αὐτῷ
303 1803 372 1836 μετὰ
397 1802 527 1837 λαμπρᾶς
548 1801 732 1837 φωταγωγίας
762 1802 810 1828 καὶ
837 1802 888 1837 τῆς

111 1847 215 1883 δεούσης
239 1849 320 1884 τιμῆς
338 1857 368 1875 τε
392 1848 440 1875 καὶ
461 1849 615 1884 ὑμνῳδίαις*
631 1850 678 1876 καὶ
694 1850 728 1883 τῇ
745 1856 889 1875 πεντεκαι-

111 1893 202 1929 δεκάτῃ
225 1894 272 1921 τοῦ
299 1894 457 1928 Αὐγούστου
473 1893 619 1930 μηνὸςνσὺν
635 1894 752 1929 αὐτῷξὲν
763 1896 796 1930 τῇ
811 1893 895 1920 πόλειτ

110 1940 238 1975 εἰσῆλθεν,
257 1940 304 1967 τοῦ
328 1940 461 1976 βασιλέως
477 1942 506 1967 ἐν
522 1940 689 1976 Βλαχέρναις
709 1940 786 1971 ὄντος
809 1941 890 1967 κάκεῖ

109 1987 171 2014 αὐτὸ
188 1989 444 2023 προσκυνήσαντος,
462 1988 517 2015 Καὶ
530 1990 562 2023 τῇ
578 1987 708 2023 ἐπαύριον
729 1987 842 2023 ἐξῆλθον
860 1989 888 2014 ἐν

108 2033 138 2067 τῇ
158 2033 250 2068 Χρυσῇ
267 2033 354 2069 πήρτῃ
370 2034 397 2059 οἵ
420 2043 449 2060 τε
464 2033 594 2069 βασιλέως
610 2033 656 2060 δύο
680 2033 734 2059 υἱοὶ
753 2033 888 2068 Στέφανός

107 2086 133 2104 τε
147 2079 190 2105 καὶ
201 2080 404 2111 Κωνσταντῖνος
418 2080 463 2106 καὶ
475 2081 488 2106 ὁ
498 2079 624 2116 γαμϐρὸς
648 2079 729 2106 αὐτοῦ
745 2080 890 2107 Κωνσταν-

105 2123 175 2155 τίνος
188 2124 238 2150 σὺν
252 2124 291 2159 τῷ
308 2124 466 2160 πατριάρχῃ
480 2124 663 2160 Θεοφυλάκτῳ
673 2132 681 2140 ·
694 2124 741 2151 καὶ
759 2124 828 2159 μετὰ
839 2125 890 2159 τῆς

105 2168 216 2204 δεούσης
234 2170 312 2197 τοῦτο
335 2171 515 2202 ἀναλαὸόντες
543 2171 636 2206 τιμῆς,
658 2171 709 2205 τῆς
736 2170 888 2206 συγκλήτου

104 2214 195 2251 πάσης
218 2215 463 2251 προπορευομένης
485 2216 533 2243 καὶ
551 2216 734 2250 φωταγωγίας
756 2216 890 2251 μεγίστης

103 2249 289 2296 προαγοῠσης.
312 2249 397 2298 ’μέχρι
426 2249 472 2288 τοῦ
497 2249 562 2288 ναοῦ
585 2249 640 2296 τῆς
671 2249 764 2295 Ἃγίας
787 2249 889 2297 ΣοῳΙίας

100 2303 171 2341 πὲζῇ
199 2306 369 2342 διεκόμισαν,
394 2307 440 2333 καὶ
469 2306 658 2342 προσκυνηθὲν
685 2307 773 2333 ἐκεῖσε
794 2307 822 2333 ἑν
847 2307 888 2342 τῷ

97 2352 225 2388 παλατξῳ
239 2353 388 2387 ἀνήγαγον.
437 2357 442 2359 “

132 2397 191 2432 μθ’.
213 2399 256 2424 Ἓν
276 2398 390 2430 ταύταις
416 2398 445 2424 δὲ
466 2399 525 2430 ταῖς
552 2399 671 2434 ἡμέραις
698 2398 840 2434 Ἀρμένιον
860 2407 887 2426 τι

89 2443 180 2478 τέρας
194 2444 504 2479 τῇπόλειὲπεφοιτήκει,
521 2444 614 2475 παῖδες
627 2445 761 2478 συμφυεῖς
773 2445 887 2479 ἄρρενες

89 2489 126 2514 ὲκ
143 2491 214 2524 μιᾶς
239 2489 416 2524 προελθόντες
438 2489 566 2524 γαστρδς,
582 2490 670 2523 ἄρτιοι
684 2489 734 2524 μὲν
749 2490 838 2516 πάντα
851 2490 887 2516 τὰ

92 2536 166 2571 μέλη
191 2536 240 2563 τοῦ
265 2536 402 2571 σώματος,
417 2536 470 2564 ἀπὸ
494 2536 523 2562 δὲ
541 2536 674 2570 στόματος
700 2536 751 2570 τῆς
766 2535 885 2571 γαστρὸς

91 2584 141 2610 καὶ
172 2585 255 2620 μέχρι
278 2585 332 2611 τῶν
357 2584 410 2610 ὑπὸ
434 2583 557 2619 γαστέρα
587 2583 814 2618 συμπεφυκότες,
837 2583 885 2609 καὶ

90 2629 227 2666 ἀλλήλοις
256 2630 425 2665 ὑπάρχοντες
448 2629 669 2665 ἀντιπρόσωποι·
684 2629 710 2655 οἳ
733 2629 779 2655 ἐπὶ
806 2628 885 2656 πλεῖ-

93 2683 160 2703 στον
180 2678 216 2712 τῇ
229 2677 306 2703 πόλει
323 2675 554 2711 ἐνδιατρίψαντες,
575 2675 623 2702 καὶ
649 2675 702 2701 ὐπδ
723 2675 833 2701 πάντων
847 2675 885 2707 ὡς

91 2720 219 2753 ἐξαίσιόν
230 2730 256 2748 τι
267 2723 350 2757 τέρας
367 2721 511 2757 ὁρώμενοι,
527 2721 576 2755 τῆς
594 2721 698 2752 πόλεως
712 2721 750 2753 ὡς
766 2721 885 2757 πονηρός

91 2775 138 2798 τις
148 2769 247 2800 οἰωνὸς
271 2768 421 2804 ἑξηλὰσατο
429 2768 462 2794 ⁶⁹.
480 2768 542 2794 Ἐπὶ
556 2768 585 2794 δὲ
607 2768 821 2804 μονοκρατορίας
837 2768 885 2803 βα-

904 2329 924 2356 D

944 1025 1055 1049 verunt.
1081 1021 1154 1048 Anni
1171 1025 1262 1049 autem
1286 1024 1409 1048 vertente
1424 1021 1541 1054 circulo,
1558 1020 1654 1049 eodem
1670 1020 1734 1056 ipso

943 1074 1048 1101 mense,
1064 1066 1219 1095 Romanum
1236 1067 1429 1102 imperatorem
1451 1067 1510 1095 eius
1529 1065 1577 1094 Ilii
1593 1066 1656 1095 aula
1667 1067 1732 1103 eie-

942 1119 1006 1139 eeru
1011 1116 1051 1140 nt.

978 1158 1024 1186 48.
1037 1158 1139 1187 Edessa
1157 1163 1247 1187 autem
1261 1159 1340 1193 urbe,
1355 1160 1382 1187 in
1395 1167 1449 1195 qua
1462 1160 1616 1188 veneranda
1629 1160 1732 1189 Christi

941 1205 1042 1241 efﬁgies
1057 1206 1145 1240 posita
1165 1209 1235 1238 erat,
1249 1213 1264 1232 a
1285 1204 1411 1234 Romano
1434 1207 1555 1234 exercitu
1575 1207 1688 1235 obsessa
1704 1211 1731 1235 et

941 1250 978 1277 ad
994 1254 1133 1277 extremas
1149 1250 1293 1285 angustias
1319 1251 1441 1283 redacta,
1462 1251 1591 1286 oppidani
1607 1256 1730 1279 oratores

941 1296 974 1323 ad
992 1295 1146 1322 Romanum
1162 1296 1356 1331 imperatorem
1372 1297 1496 1329 mittunt,
1515 1301 1643 1331 rogantes
1661 1297 1730 1324 solvi

941 1342 1124 1374 obsidionem,
1139 1341 1200 1376 ejus
1216 1342 1339 1369 muneris
1353 1342 1440 1377 gratia
1456 1349 1486 1370 se
1505 1342 1608 1370 Christi
1623 1349 1731 1370 sacram

941 1388 1056 1423 eliigiem
1073 1389 1099 1414 in
1125 1388 1211 1415 linteo
1225 1394 1383 1422 expressam
1400 1388 1514 1416 daturos
1531 1388 1663 1424 polliciti;
1679 1388 1734 1415 hu-

938 1436 1040 1469 jusque
1056 1434 1143 1468 ipsius
1161 1434 1285 1461 muneris
1299 1434 1386 1461 vicem
1403 1442 1436 1461 ex
1460 1433 1519 1462 suis
1532 1435 1640 1462 vinctos
1660 1435 1732 1462 reci-

940 1487 1004 1515 pere
1016 1480 1155 1515 petebant,
1165 1480 1211 1515 qui
1226 1479 1378 1507 nobiliores
1390 1484 1494 1512 essent,
1508 1479 1637 1515 bullaque
1648 1487 1732 1507 aurea

940 1534 1000 1554 eam
1023 1526 1092 1561 ipsis
1120 1526 1245 1561 praestari
1273 1525 1365 1558 Iidem,
1380 1529 1410 1552 ut
1433 1533 1573 1560 nunquam
1600 1524 1731 1553 Romanae

941 1571 1028 1607 copiae
1048 1570 1217 1598 Edessenam
1231 1571 1370 1605 regionem
1389 1571 1575 1598 devastarent.
1595 1570 1672 1604 Quod
1690 1571 1733 1598 sic

941 1617 1035 1652 utique
1048 1617 1164 1644 factum.
1188 1616 1272 1644 Missa
1291 1617 1384 1651 itaque
1403 1620 1482 1643 sacra
1503 1615 1591 1650 elligie
1613 1623 1661 1643 seu
1678 1622 1730 1642 su-

941 1663 1028 1695 dario,
1046 1662 1159 1697 jamque
1182 1661 1254 1688 haud
1269 1661 1367 1696 procul
1387 1660 1529 1696 Byzantio,
1548 1660 1731 1696 Theophanes

941 1709 1075 1746 patricius
1100 1713 1128 1736 et
1143 1709 1285 1736 accubitu
1308 1707 1342 1736 ad
1371 1706 1496 1742 Sagarim
1526 1706 1638 1733 ﬂuvium
1664 1714 1728 1734 cum

940 1755 1084 1791 splendido
1098 1761 1240 1782 eereorum
1258 1757 1390 1788 apparatu
1408 1759 1586 1787 congruoque
1607 1751 1683 1779 cultu
1701 1756 1729 1778 et

940 1801 1055 1830 canticis
1072 1801 1110 1828 illi
1132 1800 1241 1827 obviam
1265 1799 1414 1833 processit,
1430 1799 1591 1832 mensisque
1612 1797 1735 1833 Augusti

939 1848 1035 1884 quinta
1049 1847 1155 1875 decima
1171 1852 1236 1873 cum
1251 1845 1301 1872 ill‘o
1323 1845 1350 1872 in
1376 1845 1474 1872 urbem
1491 1845 1612 1875 intravit.
1640 1844 1739 1878 inipew

941 1898 1031 1921 rmore
1054 1893 1083 1920 in
1096 1891 1259 1919 Blaehernis
1275 1891 1437 1922 constituto,
1453 1890 1499 1917 ubi
1516 1889 1729 1925 etiamelligient

941 1939 1015 1967 illam
1038 1938 1173 1966 adoravit.
1194 1937 1221 1964 lu
1238 1937 1393 1964 crastinum
1419 1936 1548 1964 exierunt
1569 1935 1602 1963 ad
1622 1939 1730 1970 portam

940 1991 1050 2012 auream
1066 1988 1123 2011 tum
1136 1982 1312 2017 imperatoris
1327 1982 1382 2009 duo
1397 1981 1444 2009 [Ilii
1457 1981 1612 2014 Stephanus
1623 1986 1650 2009 et
1660 1980 1732 2009 Con-

940 2028 1089 2059 stantinus,
1105 2031 1161 2053 tum
1174 2026 1373 2053 Constantinus
1385 2025 1457 2052 illius
1468 2033 1552 2060 gener
1565 2033 1627 2053 cum
1639 2024 1731 2052 Theo-

939 2073 1067 2109 phylaeto
1080 2071 1257 2107 patriarcha;
1276 2070 1425 2106 debitoque
1445 2068 1552 2098 honore
1567 2074 1726 2105 susceptum

939 2122 1047 2147 sacrum
1064 2119 1174 2153 pignus,
1203 2117 1333 2145 universo
1356 2120 1454 2144 senatu
1474 2120 1617 2152 praeeunte
1639 2116 1727 2144 maxi-

940 2173 1040 2199 maque
1053 2172 1196 2192 eereorum
1213 2168 1295 2199 atque
1309 2163 1430 2198 lapidum
1444 2167 1535 2197 segete
1551 2163 1727 2198 praelucente,

940 2212 1064 2246 adusque
1093 2210 1123 2237 S.
1150 2209 1260 2244 Sophiae
1276 2209 1407 2245 templum
1422 2208 1539 2244 pedibus
1558 2208 1727 2241 detulerunt,

939 2262 1022 2293 atque
1039 2257 1097 2284 illic
1111 2255 1276 2284 adoratione
1291 2255 1463 2290 mystieoque
1480 2255 1559 2282 cultu
1582 2260 1728 2290 exceptum

940 2305 968 2332 in
985 2303 1118 2339 palatium
1136 2301 1300 2330 intuierunt.

974 2402 1055 2439 5,33
1070 2401 1116 2430 49.
1134 2399 1183 2429 liis
1210 2400 1268 2436 psls
1292 2399 1389 2427 diebus
1408 2404 1561 2428 monstrum
1589 2399 1727 2435 quoddam

938 2455 971 2476 ex
989 2448 1116 2476 Armenia
1147 2446 1253 2481 Cpolim
1282 2446 1420 2473 invectum
1446 2449 1499 2478 est,
1516 2445 1595 2480 pueri
1621 2445 1726 2473 scilicc-t

937 2494 993 2522 duo
1010 2493 1124 2521 masculi
1137 2493 1304 2520 cohaerentes
1317 2499 1372 2518 uno
1383 2495 1479 2519 ventre
1495 2492 1645 2527 progressi,
1657 2491 1726 2518 alias

938 2540 1069 2568 membris
1097 2539 1226 2566 omnibus
1253 2538 1378 2574 corporis
1405 2537 1515 2572 integri,
1540 2543 1554 2564 a
1581 2535 1724 2564 ventriculi

938 2591 1030 2613 tamen
1048 2593 1096 2613 ore
1113 2589 1139 2612 et
1152 2585 1222 2611 infra
1238 2585 1339 2619 pubem
1357 2583 1429 2611 inter
1443 2591 1472 2610 se
1500 2582 1622 2610 concreti
1646 2580 1737 2618 atque

937 2630 1059 2659 vultibus
1076 2629 1210 2657 obversis.
1230 2629 1264 2656 Hi
1289 2629 1336 2657 diu
1361 2629 1388 2656 in
1416 2628 1483 2655 urbe
1513 2627 1614 2655 versati
1640 2632 1705 2655 sunt
1737 2631 1740 2636 '

921 2683 1057 2711 ,cumque
1083 2683 1179 2703 omnes
1209 2679 1342 2710 tanquam
1365 2675 1485 2701 immane
1508 2672 1642 2709 quoddam
1662 2681 1723 2708 por-

938 2728 1043 2751 tentum
1060 2726 1266 2754 contueremur.
1283 2722 1424 2749 Romanus
1436 2721 1585 2754 imperator
1600 2727 1649 2746 ceu
1665 2727 1724 2746 ma-

938 2770 994 2796 lum
1014 2768 1151 2804 quoddam
1182 2775 1262 2795 omen
1281 2768 1326 2795 illa
1343 2767 1434 2802 eiecit.
1447 2765 1514 2792 Cum
1544 2769 1635 2791 autem
1647 2765 1726 2793 solus

94 2811 206 2845 σιλείας
220 2813 430 2840 Κωνσταντίνου
447 2811 528 2839 πάλιν
547 2812 719 2848 εἰσήλθοσαν.
735 2814 813 2840 Ἐπεὶ
827 2814 855 2840 δὲ
871 2815 884 2841 ὁ

943 2815 991 2847 iam
1008 2814 1208 2842 Constantinus
1224 2822 1316 2842 rerum
1342 2812 1488 2848 potiretur,
1513 2811 1610 2838 ilerum
1628 2810 1655 2837 in
1679 2817 1729 2837 ur-

93 2855 196 2893 ἓτερος
210 2859 300 2886 αὐτῶν
325 2857 476 2893 ἐτεθνήκει,
493 2857 580 2892 ἰατροί
605 2866 680 2890 τινες
705 2858 831 2895 ἔμπειροι
854 2859 885 2886 τὺ

943 2862 999 2888 item
1013 2860 1131 2897 ingressi
1146 2865 1223 2890 sunt.
1240 2859 1300 2889 Uno
1315 2864 1405 2888 autem
1419 2866 1451 2886 ex
1476 2856 1516 2886 eis
1535 2861 1654 2891 mortuo,
1678 2863 1727 2893 pe-

737 2905 856 2934 VAlilE
874 2905 1081 2936 LECTIONES.
1668 2908 1669 2912 ‘

133 2948 159 2966 "
177 2951 360 2987 ἐξηλάθησαν,
378 2951 444 2979 Leo.
462 2950 510 2978 Gr.
525 2949 650 2978 Combel'.
669 2963 671 2965 ι
