1997 3167
254 210 307 245 ιιι

794 211 1053 242 'THEOPHANES
1072 211 1351 243 CONTINUATUS.

1831 213 1882 248 £52

258 270 303 298 mi
318 268 429 305 quidam
453 268 551 297 medici
568 268 796 296 cohaerescentem
814 274 966 296 emortuam
980 276 1043 304 par-

1103 269 1350 305 ιυγκεκολλημένον
1373 269 1456 305 μέρος
1468 269 1593 305 διέτεμον
1606 269 1715 304 εὐφυῶς
1735 268 1822 296 ἑλπίδι
1836 271 1882 297 τοῦ

258 322 314 344 tem
327 316 422 344 subtili
436 320 493 343 arte
506 319 680 350 putaverunt,
692 315 822 342 nimirum
835 314 894 343 [ore
905 321 1046 350 sperantes

259 366 290 390 ut
313 361 361 388 illo
376 361 499 388 remedio
526 360 595 386 alter
622 360 770 387 incolumis
801 365 957 388 servaretur
974 369 981 387 :
997 360 1046 395 qui

259 412 350 435 tamen
369 407 428 442 ipse
444 405 536 434 triduo
553 407 687 433 duntaxat
697 410 842 441 superstes
851 406 922 434 dicm
932 406 1010 434 obiit.

293 452 338 481 50.
359 453 499 479 Romanus
511 452 659 486 imperator
673 459 735 479 cum
750 453 892 479 monachis
906 452 1046 485 omnibus,

259 498 298 526 uti
312 499 418 525 dictum
440 501 493 528 est.
511 497 591 524 fidem
613 497 759 531 plurimam
780 498 942 532 cultumque
966 497 1045 525 adbi-

259 545 345 576 beret,
361 551 418 580 pra:
433 543 547 578 reliquis
563 547 654 570 tamen
670 543 829 578 eximioque
856 543 982 579 Sergium
1005 544 1047 570 vi-

259 598 318 617 rum
333 590 486 617 mouastica
503 589 677 617 institutione
691 589 850 624 praeclarum
868 589 1046 617 observabat.

1097 315 1143 342 τὸν
1161 316 1255 351 ἕτερον
1286 315 1438 351 ζήσεσθαι·
1454 315 1497 351 [Ρ.
1514 315 1578 351 269]
1610 316 1655 348 ὃς.
1672 317 1748 351 τρεῖς
1777 316 1882 352 ἡμέρας

1098 361 1222 393 ἑπιόιοὺς
1236 361 1422 396 ἐτελεύτησεν.

1132 451 1164 478 ν’.
1181 452 1236 478 Καὶ
1254 452 1283 479 ὲν
1294 452 1360 478 πᾶσι
1376 452 1427 486 μὲν
1446 452 1584 487 μηναχοῖς,
1599 451 1637 483 ὡς
1653 451 1783 487 ἀνωτέρω
1807 451 1884 487 εῐρη·

1096 505 1154 529 ται,
1171 498 1264 524 πίστιν
1295 498 1428 532 ἐκέκτητο
1452 499 1571 534 ἄμετρον
1596 498 1610 524 ὁ
1634 498 1772 532 βασιλεὺς,
1792 498 1884 532 διαφεο

1097 543 1199 578 ρόντως
1210 543 1239 570 δὲ
1253 543 1334 578 ἐτίμα
1346 544 1390 570 καὶ
1403 543 1552 578 ὑπερὲσεὸε
1568 542 1682 578 Σέργιον
1697 543 1743 569 τδν
1757 543 1787 569 ἐν
1804 551 1885 577 μονα-

1098 591 1175 621 σταῖς
1202 590 1401 624 διαλάμποντα,
1425 589 1454 621 ὃς
1480 589 1596 623 ἁδελφὸς
1625 588 1758 622 ἐπεφύκει
1769 588 1818 615 τοῦ
1836 597 1886 623 μα-

257 634 323 664 Erat
339 635 383 663 hic
398 635 523 670 magistri
538 634 645 662 Cosmae
658 634 754 668 frater,
772 635 851 670 primi
868 635 1045 663 tribunalium

1103 635 1210 670 γίστρου
1228 636 1327 671 Κοσμᾶ
1352 635 1400 662 τοῦ
1427 635 1536 671 πρώτου
1564 635 1619 662 τῶν
1646 633 1807 670 κριτηρίων.
1830 634 1886 661 Ἀν-

259 681 394 716 praesidis.
411 681 581 708 lnstauravit
602 685 629 708 et
658 680 793 708 Manuelis
823 681 1045 709 monasterium:

1097 681 1219 708 εκαίνισε
1231 682 1280 708 καὶ
1293 681 1343 717 τὴν
1355 682 1439 718 μονὴν
1453 682 1500 708 τοῦ
1514 681 1684 716 Μανουῆλος.
1695 680 1825 712 ὡσαύτως
1841 681 1886 707 καὶ

257 727 340 754 simili
357 734 467 761 quoque
484 726 591 753 ratione
605 725 824 754 Panteleemouis
848 727 1046 754 monasterium

1103 727 1146 763 τὴν
1159 728 1307 763 ἐκκλησίαν
1325 730 1372 756 καὶ
1388 729 1418 755 τὸ
1434 728 1617 763 μοναστήριον
1629 729 1661 754 ἐκ
1674 727 1775 762 βάθρου
1791 727 1886 759 κτίσας

258 779 291 799 ac
303 771 455 803 basilicam,
475 771 519 798 cui
544 778 694 806 cognomen
715 771 800 806 Ophri
830 776 938 807 portus,
954 778 970 798 a
984 771 1047 798 fun-

1097 774 1145 801 τοῦ
1175 774 1268 809 ’Δγίου
1299 775 1535 810 Παντελεήμονος,
1569 771 1592 808 ᾧ
1621 773 1766 808 ἐπώνυμον
1788 773 1886 808 Ὀφροῦ

259 817 395 845 (lamentis
419 817 516 844 erexit.
539 816 719 852 Octingentos
744 817 801 844 illic
824 818 976 845 monachos
997 817 1047 846 sub

1103 820 1192 855 λιμήν.
1218 819 1362 854 ’Δπέκειρε
1387 819 1417 846 δὲ
1441 819 1488 845 καὶ
1511 819 1600 845 ἐκεῖσε
1617 817 1750 853 μονιχοὺς
1773 817 1888 843 ὀκτακο-

259 867 355 890 sancto
371 862 496 889 instituto
512 862 655 895 adunavit,
672 862 761 897 iisque
773 865 875 889 statuta
894 862 1047 898 stipendia,

258 908 332 936 unde
357 911 589 939 sustentarentur,
609 908 763 940 constituit.
785 916 844 943 quae
866 908 962 944 Sergio
986 917 1047 936 mo-

1100 866 1186 897 σίους,
1203 865 1333 896 τυπώσας
1350 865 1398 892 καὶ
1417 865 1544 899 σελέμνια
1560 863 1608 891 τοῦ
1625 863 1776 898 λαμϐάνειν
1789 862 1887 893 αὐτοὺς

1099 912 1169 947 ὑπὲρ
1186 912 1335 947 διατροφῆς
1351 911 1452 942 αὐτῶν,
1468 911 1530 942 δοὺς
1545 910 1631 937 ταῦτα
1643 909 1681 945 τῷ
1699 909 1812 944 μοναχῷ
1823 909 1887 943 Σερ-

260 955 348 981 nacho
360 955 433 989 patri
455 961 506 981 suo
522 954 638 988 spiritali
656 954 682 980 in
697 961 792 981 eorum
819 961 956 982 annonam
983 962 1049 989 prte-

1103 957 1155 991 γιῳ
1171 956 1211 991 τῷ
1230 956 1408 997 πνευματικῷ
1435 956 1519 983 αὐτοῦ
1545 955 1638 991 πατρί.
1655 957 1763 985 Πάντας
1779 955 1809 981 δὲ
1825 954 1887 985 τοὺς

259 1001 349 1028 behat.
362 1000 549 1028 Miserationis
558 1000 656 1027 an‘ectu
665 1007 730 1034 erga
745 1007 840 1028 omnes
850 1000 959 1028 exsules
969 999 1052 1036 434

258 1046 399 1081 agebatur,
409 1047 435 1073 in
444 1054 513 1081 quos
523 1054 647 1081 magnam
656 1046 710 1073 vim
720 1046 898 1080 pecuniarum
906 1048 1049 1082 erogabat;

259 1092 435 1125 quamobrem
445 1099 498 1126 quo
508 1096 630 1125 tempore
639 1098 671 1118 ex
691 1091 753 1117 aula
761 1091 901 1124 discessit,
912 1100 962 1119 nec
979 1100 1051 1120 unus

258 1137 368 1172 quidem
378 1137 454 1164 exsul
465 1137 593 1163 inventus
609 1140 661 1163 est.
672 1135 734 1163 Fuit
747 1136 858 1171 Sergius
867 1136 957 1164 Photii
968 1137 1052 1172 patri-

260 1183 351 1209 archae
360 1189 453 1216 nepos,
463 1181 547 1208 animi
559 1181 727 1217 ingenuitate
737 1190 818 1217 quam
830 1182 922 1210 carnis
931 1183 1052 1210 necessi-

260 1228 355 1255 tudine
372 1228 516 1255 illustrior.
534 1227 575 1255 Ad
588 1235 723 1255 summam
736 1228 809 1255 enim
819 1228 946 1256 virtutem
958 1229 1051 1256 scien-

260 1275 382 1309 tiamque
404 1279 576 1309 pervenerat,
597 1280 648 1300 nec
674 1277 736 1300 utra
762 1278 905 1308 praestaret
930 1273 1051 1303 discerni

260 1320 342 1348 facile
357 1324 484 1355 poterat:
506 1319 546 1347 sic
573 1319 705 1346 nimirum
733 1323 864 1347 accurate
889 1326 1051 1354 summaque

260 1366 430 1402 perfectione
444 1369 589 1400 utramque
604 1365 772 1394 excoluerat.
789 1365 876 1394 Porro
897 1365 1011 1394 ﬂorebat
1022 1366 1052 1394 in

259 1420 293 1441 eo
305 1412 481 1440 discretionis
495 1411 594 1447 pudor,
608 1418 714 1439 morum
728 1411 827 1446 gratia,
839 1411 923 1438 animi
939 1419 1050 1444 sensus,

260 1459 406 1486 modestia.
426 1458 520 1493 Neque
534 1458 608 1485 enim
636 1457 785 1493 supercilia
816 1457 982 1491 attrahehat,
1010 1457 1051 1485 uti

260 1505 343 1532 modo
359 1505 532 1539 sapientibus
549 1507 738 1539 comparatum
754 1507 808 1537 est,
826 1511 876 1531 nec
890 1511 956 1531 vero
972 1511 1052 1531 arro-

261 1555 369 1584 gantem
385 1554 467 1585 atque
492 1549 642 1584 superbum
665 1548 828 1584 praeferebat
852 1557 860 1576 :
885 1549 932 1577 sed
959 1556 1052 1577 sermo

1102 1001 1132 1028 ὲν
1159 1000 1252 1036 ὲξορίᾳ
1278 1001 1472 1036 συμπαθήσας,
1490 1000 1538 1027 καὶ
1566 1001 1629 1032 δοὺς
1649 1001 1742 1031 αὐτοῖς
1759 1001 1887 1034 χρήματα

1102 1046 1201 1078 πολλὰ,
1216 1045 1287 1073 ὥστε
1301 1047 1329 1073 ὲν
1343 1045 1383 1080 τῷ
1402 1045 1585 1081 κατέρχεσθαι
1600 1046 1681 1072 αὑτὸν
1692 1047 1724 1072 ἐκ
1736 1045 1784 1072 τοῦ
1802 1044 1888 1072 παλα-

1101 1092 1158 1119 τίου
1174 1089 1215 1123 εἷς
1231 1092 1279 1118 καὶ
1293 1092 1372 1127 μόνος
1388 1091 1528 1127 ἐξόριστος
1540 1092 1589 1126 οὐχ
1606 1091 1716 1127 εὑρέθη.
1735 1088 1821 1122 Οὗτος
1836 1091 1888 1118 δὲὸ

1102 1140 1216 1173 Σέργιος
1226 1139 1338 1174 ἀνεψιὸς
1351 1138 1398 1165 τοῦ
1427 1138 1598 1174 πατριάρχου
1611 1139 1713 1165 Φωτῑου
1725 1137 1887 1172 ἐτύγχανεν·

1100 1184 1130 1211 ὃν
1153 1184 1234 1210 πλέον
1256 1185 1306 1219 τῆς
1329 1184 1466 1219 σαρκικῆς
1491 1183 1651 1217 συγγενείας
1670 1185 1687 1217 ἡ
1703 1183 1773 1209 κατὰ
1801 1182 1888 1217 ψυχὴν

1101 1230 1184 1265 ἐτίμα
1201 1230 1336 1264 εὐγένεια.
1357 1230 1471 1265 Ἀρετῆς
1484 1230 1538 1264 γὰρ
1551 1229 1592 1260 εἰς
1606 1229 1691 1264 ἄκρον
1702 1229 1749 1255 καὶ
1763 1227 1889 1263 γνώσεως

1101 1276 1214 1311 ἧλασεν,
1229 1276 1267 1307 ὡς
1283 1275 1414 1310 δυσχερὲς
1431 1272 1501 1301 εἶναι
1516 1274 1665 1309 διακρίνειν
1688 1273 1798 1309 ποτέρῳ
1820 1273 1889 1308 μᾶλ-

1101 1321 1147 1349 λον
1163 1321 1336 1349 πλεονεκτεῖ·
1356 1321 1442 1352 οὕτως
1457 1322 1497 1353 είς
1511 1321 1596 1357 ἄκρον
1614 1320 1750 1356 ἑκατέραν
1774 1320 1889 1354 ἐξήσκη-

1102 1376 1159 1395 σεν.
1182 1367 1311 1403 Ἐπήνθει
1323 1368 1352 1394 δὲ
1364 1367 1439 1402 αὗτῷ
1457 1367 1525 1402 πρὸς
1540 1368 1599 1398 τοῖς
1615 1367 1705 1400 ἄλλοις
1730 1366 1779 1393 καὶ
1791 1365 1823 1392 ab
1842 1365 1890 1399 τῆς

1101 1414 1264 1449 διακρίσεως
1279 1413 1391 1449 ἔρευθος
1414 1414 1460 1440 καὶ.
1480 1414 1509 1440 τὸ
1525 1413 1621 1448 χαρίεν
1636 1412 1683 1439 τοῦ
1698 1412 1782 1447 ἤθους
1800 1411 1849 1438 καὶ
1863 1411 1891 1438 τὺ

1103 1460 1215 1495 μέτριον
1238 1459 1286 1486 τοῦ
1315 1461 1506 1495 φρονήματος·
1534 1459 1595 1485 οὐδὲ
1625 1458 1680 1493 γὰρ
1704 1458 1812 1484 ἀνέστια
1842 1457 1890 1488 τὰς

1101 1505 1188 1541 ὀφρῦς
1198 1506 1270 1532 κατὰ
1283 1506 1347 1537 τοὺς
1362 1506 1408 1532 νῦν
1422 1505 1531 1540 σοφοὺς,
1548 1504 1610 1531 οὐδὲ
1621 1503 1730 1535 ἀλαζών
1746 1512 1788 1534 τις
1805 1503 1890 1530 ἐδόκει

1102 1552 1149 1579 καὶ
1166 1553 1352 1587 ὑπερήφανος,
1370 1551 1439 1578 ἀλλὰ
1451 1552 1497 1578 τὸν
1510 1551 1589 1585 λόγον
1605 1551 1653 1586 μιν
1675 1548 1748 1585 εἶχεν
1758 1549 1890 1584 γλυκύτε-

261 1596 303 1623 illi
319 1597 399 1624 melle
412 1596 520 1624 dulcior
533 1604 566 1623 ex
583 1602 632 1623 ore
646 1595 779 1622 stillabat.
794 1594 887 1622 Firma
901 1595 1007 1623 indoles
1019 1602 1050 1624 ac

1103 1603 1150 1632 ρον
1177 1597 1285 1632 μέλιτος
1310 1596 1510 1628 ἀποστάζοντα,
1525 1596 1556 1623 τὸ
1577 1593 1644 1631 ἦθος
1670 1595 1699 1622 δὲ
1722 1595 1822 1628 πάγιον
1845 1594 1891 1621 καὶ

261 1646 406 1674 constans,
422 1649 521 1670 sensus
533 1641 618 1669 animi
631 1641 773 1669 modestus
788 1648 820 1668 ac
834 1640 956 1669 humilis.
973 1640 1053 1669 Hunc

262 1690 353 1724 itaque
373 1689 462 1717 virum
488 1689 619 1725 inclytum
647 1689 797 1724 imperator
812 1696 865 1716 una
879 1696 974 1717 secum
987 1697 1053 1717 con-

263 1736 338 1762 tinue
349 1735 478 1769 habebat,
504 1735 538 1763 ad
563 1735 643 1770 cujus
669 1742 794 1763 normam
821 1739 903 1770 atque
929 1736 1051 1771 regulam

262 1781 326 1809 viue
338 1789 395 1809 sure
407 1781 529 1808 rationes
541 1785 729 1816 componeret.
745 1781 871 1809 Monebat
887 1781 943 1813 ille.
953 1782 1052 1809 etiam-

262 1835 317 1863 que
332 1830 416 1862 atque
426 1827 511 1854 etiam
521 1826 684 1854 hortabatur
695 1830 726 1854 ut
741 1826 890 1854 liberorum
903 1827 1052 1862 imperator

262 1880 360 1900 curam
393 1876 500 1908 ageret,
523 1879 575 1900 nec
597 1872 820 1907 indiseiplinuos
842 1873 876 1900 ad
900 1872 1051 1908 nequitiam

263 1918 408 1948 declinare
430 1918 546 1951 sileret,
572 1926 607 1946 ne
637 1917 708 1945 idem
726 1922 810 1953 atque
838 1918 897 1946 Heli
920 1919 961 1946 illi
978 1919 1052 1946 acci-

263 1965 342 1994 deret
356 1972 389 1993 ac
406 1965 554 1993 liberorum
571 1964 679 2001 piacula
694 1964 754 2000 ipse
767 1965 870 2000 lueret;
887 1965 959 2001 quod
974 1969 1001 1993 et
1015 1966 1052 1993 ita

263 2011 376 2039 accidit.

299 2056 344 2084 5L
361 2055 446 2085 Porro
464 2057 528 2084 auia
544 2056 668 2091 deiectus
680 2055 828 2084 liberorum
853 2063 936 2091 opera
963 2063 996 2083 ac
1007 2059 1052 2091 ty-

265 2101 393 2134 rannide,
415 2102 499 2137 inque
523 2101 625 2129 Proteu
650 2100 767 2128 insulam
803 2100 951 2135 relegatus,
979 2100 1061 2129 hune

265 2154 364 2176 rursus
377 2147 561 2175 calamitatem
579 2146 713 2174 solantem
737 2145 923 2180 mrumnisqne
944 2153 979 2173 ac
1001 2153 1051 2174 an-

263 2192 363 2228 gustiis
378 2193 500 2220 levamen
512 2191 671 2220 all‘erentem
684 2191 814 2219 habebat.
830 2191 931 2219 Aderat
947 2193 1049 2226 pariter

227 2266 229 2269 ς
264 2238 348 2265 etiam
365 2236 797 2277 Polyeuctus.rcverentissimus
822 2237 984 2269 monachus,
1003 2237 1051 2272 qui

1106 1641 1250 1677 σταθερὸν,
1275 1641 1404 1668 ταπεινὸν
1432 1641 1460 1668 δὲ
1489 1641 1520 1668 τὸ
1549 1641 1688 1676 φρόνημα.
1713 1640 1816 1667 Τοῦτον
1845 1637 1891 1666 οὖν

1105 1687 1229 1722 ἀοίδιμον
1245 1686 1425 1719 ἀδιαλείπτως
1443 1688 1502 1722 μετ’
1518 1687 1601 1714 αὑτοῦ
1619 1685 1694 1721 εἶχεν
1715 1687 1730 1713 ό
1753 1686 1890 1721 βασιλεὺς,

1105 1734 1208 1761 κανόνα
1228 1733 1314 1765 ὅντως
1331 1733 1380 1760 καὶ
1405 1733 1529 1769 στάθμην
1540 1733 1587 1760 τὸν
1614 1732 1697 1760 αὐτοῦ
1721 1733 1780 1768 βίον
1795 1733 1891 1769 ῥυθμί-

1105 1780 1205 1812 ζοντα⁸
1222 1779 1251 1811 ὃς
1269 1779 1356 1806 πολλὰ
1377 1779 1496 1815 παρῄνει
1522 1779 1561 1814 τῷ
1591 1778 1696 1814 βασιλεῖ
1718 1778 1775 1805 τῶν
1791 1776 1891 1805 παίδων

1087 1834 1090 1835 ⁷
1105 1825 1296 1861 ἐπιμελεῖσθαι
1312 1826 1361 1853 καὶ
1382 1825 1419 1861 μὴ
1438 1825 1618 1857 ἀπαιδεύτους
1638 1826 1686 1861 έᾷν
1701 1825 1741 1857 τίς
1759 1825 1891 1860 πονηρίαν

1105 1872 1291 1904 ἑκκλίνοντας.
1310 1873 1415 1907 μήποτε
1431 1871 1479 1898 καὶ
1497 1871 1577 1903 αὐτὸς
1598 1871 1672 1907 πάθῃ
1694 1871 1726 1897 τδ
1748 1870 1796 1897 τοῦ
1821 1871 1888 1902 'un.

1105 1917 1241 1953 τιμωρίαν
1269 1917 1340 1953 ὑπὲρ
1364 1917 1413 1952 τῆς
1427 1917 1481 1944 τῶν
1501 1917 1604 1944 παίδων
1627 1916 1802 1953 παρανομίας
1820 1916 1891 1943 ἰκτί-

1106 1972 1166 1996 σας.
1183 1964 1217 1990 ⁸ο
1233 1963 1281 1990 καὶ
1297 1963 1419 1998 γέγονεν.

1143 2050 1195 2078 va’.
1219 2050 1296 2077 Ἐπεὶ
1310 2049 1339 2077 ﬁt
1356 2050 1404 2077 τοῦ
1423 2050 1557 2078 παλατίου
1571 2051 1667 2078 τοῦτον
1679 2052 1704 2078 οἱ
1719 2051 1813 2084 παῖδες
1827 2060 1890 2078 κατ-

1105 2097 1210 2132 ήγαγον
1227 2097 1274 2123 καὶ
1298 2098 1329 2124 ἓν
1351 2099 1385 2133 τῇ
1415 2097 1515 2134 Πρώτη
1539 2099 1613 2134 νήσῳ
1641 2098 1789 2133 ιξώρισαν.
1811 2098 1890 2126 πάλιν

1106 2142 1202 2169 τοῦτον
1229 2141 1302 2178 εἶχεν
1328 2143 1384 2170 τῶν
1402 2143 1550 2178 συμφορῶν
1572 2143 1751 2179 παραμυθίαν
1773 2143 1890 2170 καὶτῶν

1107 2187 1223 2223 θλίψεων
1243 2188 1414 2216 ἁκεσὼδυνον
1439 2189 1595 2224 φάρμακον.
1611 2187 1647 2224 ᾭ
1662 2189 1747 2224 συνῆν
1762 2190 1822 2216 τότε
1844 2189 1890 2216 καὶ

1106 2235 1278 2266 Πολύευκτος
1294 2235 1411 2270 μοναχὲς
1427 2235 1635 2267 εὐλαϐέστατος,
1647 2235 1698 2262 οὐκ
1720 2234 1830 2262 ἔλαττον
1844 2234 1889 2260 τὸν

265 2283 326 2318 ipse
344 2282 460 2318 perinde
484 2289 518 2310 ac
539 2290 622 2318 quem
644 2282 780 2315 dicebam,
806 2281 919 2317 Sergius
947 2282 1050 2311 adversi

1107 2280 1155 2308 τοῦ
1171 2281 1318 2316 εἰρημένου
1329 2281 1431 2316 τρόπον
1442 2280 1490 2307 καὶ
1504 2281 1584 2312 αὐτὸς
1600 2281 1636 2307 τὰ
1652 2280 1746 2307 εἰκότα
1760 2289 1887 2316 παραμυ-

266 2336 349 2357 casus
375 2328 531 2356 molestiam
555 2328 752 2356 convenienter
783 2332 901 2363 apteque
923 2327 1052 2356 leniebat.

265 2374 317 2403 llic
335 2380 429 2411 postea
447 2382 496 2411 pro
510 2373 591 2411 535
606 2375 669 2402 vitae
687 2381 745 2402 sure
755 2373 887 2406 candore.
907 2372 1054 2412 Theophy-

267 2421 339 2449 lacto
354 2420 509 2456 patriarcha
537 2420 666 2447 humanis
681 2424 822 2455 exempto,
841 2427 857 2446 a
872 2419 1054 2448 Constantino

267 2466 433 2503 imperatore
449 2465 604 2502 patriarcha
615 2469 762 2501 provectus
781 2469 834 2493 est.

303 2513 349 2541 52.
366 2513 500 2540 (La-terum
533 2512 675 2540 Romaan
699 2512 849 2548 imperator
875 2512 957 2549 longo
975 2511 1055 2540 senio

268 2559 419 2594 morboque
434 2557 578 2586 confectus
605 2557 712 2592 imperii
739 2565 783 2585 res
798 2558 851 2586 rite
872 2565 904 2586 ac
926 2563 1056 2586 accurate

267 2612 301 2632 ex
318 2604 474 2632 testamenti
489 2604 590 2632 tabulis
605 2603 757 2639 componit,
768 2604 943 2639 primumque
959 2605 1054 2638 Augu-

268 2653 373 2678 storum
388 2649 599 2677 Constantinum
614 2649 642 2676 in
664 2656 784 2684 purpura
806 2655 901 2677 natum
920 2649 1054 2683 decernit,

268 2703 342 2724 anno
360 2695 450 2729 6453;
471 2699 586 2730 tumque
606 2694 728 2723 secundo
754 2701 786 2722 ac
806 2695 887 2723 tertio
907 2695 1006 2723 ordine
1021 2695 1055 2723 li-

267 2742 351 2770 beros
375 2742 556 2777 imperatores
594 2741 757 2775 constituit,
787 2741 890 2769 diserte
923 2741 1055 2770 ordinans

268 2793 449 2823 statuensque
483 2785 629 2814 confestim
661 2787 688 2815 in
718 2787 845 2815 ordinem
867 2788 1015 2823 cogendos,
1031 2789 1055 2816 si

267 2833 333 2868 quid
365 2833 420 2860 ullo
446 2833 527 2861 modo
555 2833 582 2860 in
609 2833 728 2868 primum
753 2832 944 2867 imperatorem
971 2831 1056 2861 offen-

268 2878 369 2906 derint.

303 2925 347 2953 53.
359 2923 493 2957 Quoniam
508 2929 598 2953 autem
626 2922 700 2951 Deus
725 2924 820 2952 multis
833 2924 922 2952 modis
947 2924 1053 2952 homini

1104 2326 1251 2362 θούμενος·
1266 2326 1295 2358 ὃς
1311 2326 1380 2361 μετὰ
1392 2326 1480 2354 ταῦτα
1497 2327 1542 2354 διὰ
1558 2327 1604 2354 τὸν
1619 2325 1662 2362 [Ρ.
1675 2326 1741 2362 ΞΊΟ]
1756 2325 1886 2361 είλικρινῆ

1105 2372 1187 2399 αὑτοῦ
1200 2373 1268 2408 βίον,
1288 2372 1336 2399 τοῦ
1364 2373 1533 2409 πατριάρχου
1558 2372 1749 2407 Θεοφυλάκτου
1767 2373 1888 2406 τελευτή-

1106 2425 1212 2448 σαντος.
1228 2417 1401 2454 πατριάρχης
1412 2417 1465 2444 ὑπὸ
1477 2418 1524 2444 τοῦ
1538 2417 1670 2453 βασιλέως
1685 2418 1886 2445 Κωνσταντένου

1105 2463 1319 2499 προχειρίζεται.

1140 2509 1190 2544 νβ’,
1214 2509 1243 2536 '0
1255 2509 1284 2536 δὲ
1299 2509 1426 2545 βασιλεὺς
1448 2509 1588 2544 Ῥωμανδς
1613 2509 1713 2545 μακρῷ
1738 2510 1819 2545 γήραι.
1841 2508 1887 2534 καὶ

1105 2554 1175 2590 νόσῳ
1189 2556 1354 2591 τρυχόμενος
1367 2555 1402 2582 τὰ
1424 2556 1473 2591 τῆς
1502 2555 1642 2591 βασιλείας
1666 2556 1738 2582 κατὰ
1759 2555 1887 2590 διαθήκας

1106 2601 1326 2637 ἀπακρισάζιται
1351 2602 1398 2629 καὶ
1421 2602 1526 2629 ἄνακτα
1541 2601 1649 2637 πρῶτον
1664 2601 1737 2629 κατὰ
1762 2601 1886 2636 διαθήκας

1107 2648 1154 2675 τὸν
1167 2649 1428 2684 Πορφυρογέννητον
1445 2649 1649 2676 Κωνσταντῖνον
1661 2648 1884 2683 προσδιορίζεται,

1106 2696 1134 2722 ὲν
1151 2696 1207 2722 ἔτει
1228 2694 1320 2727 ἑξάκις
1336 2694 1463 2730 χιλιοστῷ
1486 2695 1703 2730 τετρακοσιοστῷ
1717 2691 1886 2730 πεντηκοστῷ

1106 2741 1202 2777 τρίτῳ,
1221 2742 1268 2768 καὶ
1282 2741 1401 2776 καθεξῆς
1416 2741 1445 2768 ὲν
1457 2741 1576 2777 δευτέρῳ
1591 2741 1639 2768 καὶ
1656 2741 1741 2778 τρίτῳ
1755 2741 1817 2773 τοὺς
1829 2738 1884 2766 ποῦ’

1105 2795 1152 2813 του
1170 2787 1257 2820 υἱοὺς,
1269 2786 1306 2813 τὰ
1320 2786 1389 2822 πρὸς
1402 2786 1502 2817 αὐτοὺς
1525 2786 1614 2822 ῥητῶς
1635 2785 1884 2820 διασφαλισάμινοςν

1106 2833 1144 2864 ὡς
1155 2833 1236 2868 ειπερ
1247 2832 1286 2868 τῷ
1297 2833 1399 2867 πρώτῳ
1409 2831 1515 2867 βασιλεῖ
1539 2832 1611 2859 κατά
1625 2840 1653 2858 τι
1667 2830 1884 2867 προσ-πταίσειαν»

1106 2877 1298 2914 καθαιρεῖσθαι
1310 2878 1469 2915 παραυτίκα
1482 2878 1531 2913 τῆς
1551 2877 1700 2913 βασιλείας.

1145 2927 1191 2958 ιγ’.
1214 2923 1291 2951 Ἐπεὶ
1322 2924 1349 2950 δὲ
1384 2924 1491 2955 πολλοῖς
1515 2924 1627 2960 τρόποις
1651 2924 1665 2951 ό
1688 2923 1754 2955 om
1769 2922 1883 2959 βούλεται
