  <div class='ocr_page' id='page_1' title='image "/cluster/home/n/w/nwhite01/storage/ocr_20150623/109/njp.32101077772927/246.png"; bbox 0 0 1997 3167; ppageno 0'>
   <div class='ocr_carea' id='block_1_1' title="bbox 106 191 150 224">
    <p class='ocr_par' dir='ltr' id='par_1_1' title="bbox 106 191 150 224">
     <span class='ocr_line' id='line_1_1' title="bbox 106 191 150 224; baseline 0 0"><span class='ocrx_word' id='word_1_1' title='bbox 106 191 150 224; x_wconf 73' lang='grc'>453</span> 
     </span>
    </p>
   </div>
   <div class='ocr_carea' id='block_1_2' title="bbox 492 192 1393 235">
    <p class='ocr_par' dir='ltr' id='par_1_2' title="bbox 492 192 1393 235">
     <span class='ocr_line' id='line_1_2' title="bbox 492 192 1393 235; baseline 0.001 -12"><span class='ocrx_word' id='word_1_2' title='bbox 492 192 627 224; x_wconf 75' lang='lat' dir='ltr'>LIB.\&#39;I.</span> <span class='ocrx_word' id='word_1_3' title='bbox 648 204 681 210; x_wconf 72' lang='grc'>’-</span> <span class='ocrx_word' id='word_1_4' title='bbox 694 192 983 235; x_wconf 74' lang='lat' dir='ltr'>CONSTANTINUS</span> <span class='ocrx_word' id='word_1_5' title='bbox 1009 194 1393 225; x_wconf 70' lang='lat' dir='ltr'>PORPHYROUENlTUS.</span> 
     </span>
    </p>
   </div>
   <div class='ocr_carea' id='block_1_3' title="bbox 1674 196 1728 229">
    <p class='ocr_par' dir='ltr' id='par_1_3' title="bbox 1674 196 1728 229">
     <span class='ocr_line' id='line_1_3' title="bbox 1674 196 1728 229; baseline 0.037 -2"><span class='ocrx_word' id='word_1_6' title='bbox 1674 196 1728 229; x_wconf 71' lang='grc'>454</span> 
     </span>
    </p>
   </div>
   <div class='ocr_carea' id='block_1_4' title="bbox 108 244 892 287">
    <p class='ocr_par' dir='ltr' id='par_1_4' title="bbox 108 244 883 283">
     <span class='ocr_line' id='line_1_4' title="bbox 108 244 883 283; baseline 0.001 -10"><span class='ocrx_word' id='word_1_7' title='bbox 108 246 195 278; x_wconf 77' lang='grc' dir='ltr'>σώζειν</span> <span class='ocrx_word' id='word_1_8' title='bbox 209 245 256 271; x_wconf 79' lang='grc' dir='ltr'>τὸν</span> <span class='ocrx_word' id='word_1_9' title='bbox 272 244 428 280; x_wconf 76' lang='grc' dir='ltr'>ἄνθρωπον,</span> <span class='ocrx_word' id='word_1_10' title='bbox 452 246 626 283; x_wconf 74' lang='grc' dir='ltr'>συνεχώρησε</span> <span class='ocrx_word' id='word_1_11' title='bbox 649 247 790 282; x_wconf 76' lang='grc' dir='ltr'>Ῥωμανδν</span> <span class='ocrx_word' id='word_1_12' title='bbox 805 247 883 282; x_wconf 84' lang='grc' dir='ltr'>βασι-</span> 
     </span>
    </p>
   </div>
   <div class='ocr_carea' id='block_1_5' title="bbox 934 244 1728 287">
    <p class='ocr_par' dir='ltr' id='par_1_5' title="bbox 935 249 1728 287">
     <span class='ocr_line' id='line_1_5' title="bbox 935 249 1728 287; baseline 0.006 -13"><span class='ocrx_word' id='word_1_13' title='bbox 935 249 1051 276; x_wconf 86' lang='lat' dir='ltr'>salutem</span> <span class='ocrx_word' id='word_1_14' title='bbox 1076 253 1205 284; x_wconf 69' lang='lat' dir='ltr'>pt&#39;mstare</span> <span class='ocrx_word' id='word_1_15' title='bbox 1223 250 1375 283; x_wconf 86' lang='lat' dir='ltr'>constituit,</span> <span class='ocrx_word' id='word_1_16' title='bbox 1398 250 1552 278; x_wconf 81' lang='lat' dir='ltr'>Romanum</span> <span class='ocrx_word' id='word_1_17' title='bbox 1580 252 1681 287; x_wconf 80' lang='lat' dir='ltr'>impera</span> <span class='ocrx_word' id='word_1_18' title='bbox 1697 263 1728 279; x_wconf 83' lang='lat' dir='ltr'>o-</span> 
     </span>
    </p>
   </div>
   <div class='ocr_carea' id='block_1_6' title="bbox 105 291 892 332">
    <p class='ocr_par' dir='ltr' id='par_1_6' title="bbox 105 291 884 329">
     <span class='ocr_line' id='line_1_6' title="bbox 105 291 884 329; baseline 0.001 -10"><span class='ocrx_word' id='word_1_19' title='bbox 105 292 146 319; x_wconf 80' lang='grc' dir='ltr'>λέα</span> <span class='ocrx_word' id='word_1_20' title='bbox 164 291 294 327; x_wconf 81' lang='grc' dir='ltr'>συμφορᾷ</span> <span class='ocrx_word' id='word_1_21' title='bbox 313 291 437 328; x_wconf 76' lang='grc' dir='ltr'>ἀδοκήτῳ</span> <span class='ocrx_word' id='word_1_22' title='bbox 462 293 641 328; x_wconf 72' lang='grc' dir='ltr'>προσπεσεῖν,</span> <span class='ocrx_word' id='word_1_23' title='bbox 661 292 704 319; x_wconf 83' lang='grc' dir='ltr'>ἴνα</span> <span class='ocrx_word' id='word_1_24' title='bbox 734 293 769 320; x_wconf 88' lang='grc' dir='ltr'>δι’</span> <span class='ocrx_word' id='word_1_25' title='bbox 798 294 884 329; x_wconf 82' lang='grc' dir='ltr'>αὐτῆς</span> 
     </span>
    </p>
   </div>
   <div class='ocr_carea' id='block_1_7' title="bbox 934 291 1727 332">
    <p class='ocr_par' dir='ltr' id='par_1_7' title="bbox 934 294 1727 332">
     <span class='ocr_line' id='line_1_7' title="bbox 934 294 1727 332; baseline 0.005 -11"><span class='ocrx_word' id='word_1_26' title='bbox 934 302 991 321; x_wconf 87' lang='lat' dir='ltr'>rem</span> <span class='ocrx_word' id='word_1_27' title='bbox 1006 294 1032 321; x_wconf 92' lang='lat' dir='ltr'>in</span> <span class='ocrx_word' id='word_1_28' title='bbox 1050 295 1265 330; x_wconf 79' lang='lat' dir='ltr'>inexspectatam</span> <span class='ocrx_word' id='word_1_29' title='bbox 1288 296 1473 323; x_wconf 72' lang='lat' dir='ltr'>calamitatem</span> <span class='ocrx_word' id='word_1_30' title='bbox 1492 298 1564 331; x_wconf 73' lang='lat' dir='ltr'>(qua:</span> <span class='ocrx_word' id='word_1_31' title='bbox 1584 298 1644 331; x_wconf 86' lang='lat' dir='ltr'>ejus</span> <span class='ocrx_word' id='word_1_32' title='bbox 1663 307 1727 332; x_wconf 81' lang='lat' dir='ltr'>pro—</span> 
     </span>
    </p>
   </div>
   <div class='ocr_carea' id='block_1_8' title="bbox 105 336 885 374">
    <p class='ocr_par' dir='ltr' id='par_1_8' title="bbox 105 336 885 374">
     <span class='ocr_line' id='line_1_8' title="bbox 105 336 885 374; baseline 0 -10"><span class='ocrx_word' id='word_1_33' title='bbox 105 336 295 371; x_wconf 71' lang='grc' dir='ltr'>σωφρονισθεὶς</span> <span class='ocrx_word' id='word_1_34' title='bbox 312 337 360 363; x_wconf 75' lang='grc' dir='ltr'>καὶ</span> <span class='ocrx_word' id='word_1_35' title='bbox 379 337 433 364; x_wconf 85' lang='grc' dir='ltr'>τῶν</span> <span class='ocrx_word' id='word_1_36' title='bbox 448 338 558 365; x_wconf 72' lang='grc' dir='ltr'>οἰκείων</span> <span class='ocrx_word' id='word_1_37' title='bbox 577 339 606 365; x_wconf 81' lang='grc' dir='ltr'>ὲν</span> <span class='ocrx_word' id='word_1_38' title='bbox 639 337 816 374; x_wconf 87' lang='grc' dir='ltr'>συναισθήσει</span> <span class='ocrx_word' id='word_1_39' title='bbox 833 347 885 365; x_wconf 80' lang='grc' dir='ltr'>πα-</span> 
     </span>
    </p>
   </div>
   <div class='ocr_carea' id='block_1_9' title="bbox 104 383 887 419">
    <p class='ocr_par' dir='ltr' id='par_1_9' title="bbox 104 383 887 419">
     <span class='ocr_line' id='line_1_9' title="bbox 104 383 887 419; baseline 0.001 -9"><span class='ocrx_word' id='word_1_40' title='bbox 104 383 291 418; x_wconf 84' lang='grc' dir='ltr'>ραπτωμάτων</span> <span class='ocrx_word' id='word_1_41' title='bbox 304 383 450 418; x_wconf 86' lang='grc' dir='ltr'>γενόμενος</span> <span class='ocrx_word' id='word_1_42' title='bbox 473 383 612 419; x_wconf 70' lang='grc' dir='ltr'>σωτηρίας</span> <span class='ocrx_word' id='word_1_43' title='bbox 632 384 745 419; x_wconf 80' lang='grc' dir='ltr'>ἀξιωθῇ.</span> <span class='ocrx_word' id='word_1_44' title='bbox 763 384 887 419; x_wconf 87' lang='grc' dir='ltr'>Συνεχώ-</span> 
     </span>
    </p>
   </div>
   <div class='ocr_carea' id='block_1_10' title="bbox 104 428 888 465">
    <p class='ocr_par' dir='ltr' id='par_1_10' title="bbox 104 428 888 465">
     <span class='ocr_line' id='line_1_10' title="bbox 104 428 888 465; baseline 0.001 -10"><span class='ocrx_word' id='word_1_45' title='bbox 104 437 164 465; x_wconf 83' lang='grc' dir='ltr'>ρησε</span> <span class='ocrx_word' id='word_1_46' title='bbox 182 428 236 464; x_wconf 80' lang='grc' dir='ltr'>γᾴρ</span> <span class='ocrx_word' id='word_1_47' title='bbox 252 429 440 465; x_wconf 82' lang='grc' dir='ltr'>ὲπαναστῆναι</span> <span class='ocrx_word' id='word_1_48' title='bbox 463 430 537 465; x_wconf 83' lang='grc' dir='ltr'>αὐτῷ</span> <span class='ocrx_word' id='word_1_49' title='bbox 551 430 596 457; x_wconf 69' lang='grc' dir='ltr'>τὸν</span> <span class='ocrx_word' id='word_1_50' title='bbox 612 430 670 457; x_wconf 76' lang='grc' dir='ltr'>υἱὸν</span> <span class='ocrx_word' id='word_1_51' title='bbox 685 429 768 457; x_wconf 80' lang='grc' dir='ltr'>αὐτοῦ</span> <span class='ocrx_word' id='word_1_52' title='bbox 786 430 888 465; x_wconf 81' lang='grc' dir='ltr'>Στέφα-</span> 
     </span>
    </p>
   </div>
   <div class='ocr_carea' id='block_1_11' title="bbox 103 475 888 512">
    <p class='ocr_par' dir='ltr' id='par_1_11' title="bbox 103 475 888 512">
     <span class='ocr_line' id='line_1_11' title="bbox 103 475 888 512; baseline 0 -9"><span class='ocrx_word' id='word_1_53' title='bbox 103 484 151 509; x_wconf 83' lang='grc' dir='ltr'>νον,</span> <span class='ocrx_word' id='word_1_54' title='bbox 165 475 259 511; x_wconf 80' lang='grc' dir='ltr'>ὥσπερ</span> <span class='ocrx_word' id='word_1_55' title='bbox 286 475 351 502; x_wconf 73' lang='grc' dir='ltr'>ποτὲ</span> <span class='ocrx_word' id='word_1_56' title='bbox 376 475 558 511; x_wconf 77' lang='grc' dir='ltr'>Ἀὃεσσαλὼμ</span> <span class='ocrx_word' id='word_1_57' title='bbox 586 475 723 512; x_wconf 76' lang='grc' dir='ltr'>ἐπανέστη</span> <span class='ocrx_word' id='word_1_58' title='bbox 746 477 827 503; x_wconf 77' lang='grc' dir='ltr'>Δαδὶδ</span> <span class='ocrx_word' id='word_1_59' title='bbox 850 476 888 511; x_wconf 82' lang='grc' dir='ltr'>τῷ</span> 
     </span>
    </p>
   </div>
   <div class='ocr_carea' id='block_1_12' title="bbox 102 519 889 558">
    <p class='ocr_par' dir='ltr' id='par_1_12' title="bbox 102 519 889 558">
     <span class='ocr_line' id='line_1_12' title="bbox 102 519 889 558; baseline 0.001 -11"><span class='ocrx_word' id='word_1_60' title='bbox 102 521 187 555; x_wconf 77' lang='grc' dir='ltr'>οἰκείῳ</span> <span class='ocrx_word' id='word_1_61' title='bbox 214 521 309 557; x_wconf 85' lang='grc' dir='ltr'>πατρί.</span> <span class='ocrx_word' id='word_1_62' title='bbox 337 521 503 556; x_wconf 76' lang='grc' dir='ltr'>Συμόούλοις</span> <span class='ocrx_word' id='word_1_63' title='bbox 533 521 579 549; x_wconf 72' lang='grc' dir='ltr'>οὖν</span> <span class='ocrx_word' id='word_1_64' title='bbox 607 519 685 552; x_wconf 77' lang='grc' dir='ltr'>οὗτος</span> <span class='ocrx_word' id='word_1_65' title='bbox 715 522 783 558; x_wconf 82' lang='grc' dir='ltr'>πρὸς</span> <span class='ocrx_word' id='word_1_66' title='bbox 808 522 889 549; x_wconf 82' lang='grc' dir='ltr'>τοῦτο</span> 
     </span>
    </p>
   </div>
   <div class='ocr_carea' id='block_1_13' title="bbox 102 567 890 604">
    <p class='ocr_par' dir='ltr' id='par_1_13' title="bbox 102 567 890 604">
     <span class='ocr_line' id='line_1_13' title="bbox 102 567 890 604; baseline 0.001 -11"><span class='ocrx_word' id='word_1_67' title='bbox 102 567 270 603; x_wconf 80' lang='grc' dir='ltr'>χρησάμενος</span> <span class='ocrx_word' id='word_1_68' title='bbox 283 567 322 602; x_wconf 84' lang='grc' dir='ltr'>τῷ</span> <span class='ocrx_word' id='word_1_69' title='bbox 337 575 366 593; x_wconf 83' lang='grc' dir='ltr'>τε</span> <span class='ocrx_word' id='word_1_70' title='bbox 379 567 433 594; x_wconf 69' lang='grc' dir='ltr'>ἀπὸ</span> <span class='ocrx_word' id='word_1_71' title='bbox 447 567 572 604; x_wconf 78' lang='grc' dir='ltr'>μοναχῶν</span> <span class='ocrx_word' id='word_1_72' title='bbox 591 567 724 604; x_wconf 85' lang='grc' dir='ltr'>Μαριανῷ</span> <span class='ocrx_word' id='word_1_73' title='bbox 736 568 775 603; x_wconf 86' lang='grc' dir='ltr'>τῷ</span> <span class='ocrx_word' id='word_1_74' title='bbox 792 569 890 604; x_wconf 79' lang='grc' dir='ltr'>Ἀργυ-</span> 
     </span>
    </p>
   </div>
   <div class='ocr_carea' id='block_1_14' title="bbox 102 613 888 650">
    <p class='ocr_par' dir='ltr' id='par_1_14' title="bbox 102 613 888 650">
     <span class='ocr_line' id='line_1_14' title="bbox 102 613 888 650; baseline 0 -10"><span class='ocrx_word' id='word_1_75' title='bbox 102 613 137 650; x_wconf 82' lang='grc' dir='ltr'>ρῷ</span> <span class='ocrx_word' id='word_1_76' title='bbox 153 614 201 640; x_wconf 79' lang='grc' dir='ltr'>καὶ</span> <span class='ocrx_word' id='word_1_77' title='bbox 216 613 351 649; x_wconf 77' lang='grc' dir='ltr'>Βασιλείῳ</span> <span class='ocrx_word' id='word_1_78' title='bbox 371 613 409 649; x_wconf 84' lang='grc' dir='ltr'>τῷ</span> <span class='ocrx_word' id='word_1_79' title='bbox 438 614 679 650; x_wconf 86' lang='grc' dir='ltr'>πρωτοσπαθαρίῳ</span> <span class='ocrx_word' id='word_1_80' title='bbox 703 614 742 649; x_wconf 86' lang='grc' dir='ltr'>τῷ</span> <span class='ocrx_word' id='word_1_81' title='bbox 767 613 888 650; x_wconf 85' lang='grc' dir='ltr'>Πετεινῷ</span> 
     </span>
    </p>
   </div>
   <div class='ocr_carea' id='block_1_15' title="bbox 102 659 888 695">
    <p class='ocr_par' dir='ltr' id='par_1_15' title="bbox 102 659 888 695">
     <span class='ocr_line' id='line_1_15' title="bbox 102 659 888 695; baseline 0.003 -10"><span class='ocrx_word' id='word_1_82' title='bbox 102 660 143 685; x_wconf 81' lang='grc' dir='ltr'>καὶ</span> <span class='ocrx_word' id='word_1_83' title='bbox 158 659 287 695; x_wconf 79' lang='grc' dir='ltr'>Μανουὴλ</span> <span class='ocrx_word' id='word_1_84' title='bbox 298 659 336 694; x_wconf 85' lang='grc' dir='ltr'>τῷ</span> <span class='ocrx_word' id='word_1_85' title='bbox 349 659 499 695; x_wconf 85' lang='grc' dir='ltr'>Κουρτίκῃ,</span> <span class='ocrx_word' id='word_1_86' title='bbox 511 660 670 687; x_wconf 81' lang='grc' dir='ltr'>συνειδότων</span> <span class='ocrx_word' id='word_1_87' title='bbox 684 659 758 695; x_wconf 79' lang='grc' dir='ltr'>αὐτῷ</span> <span class='ocrx_word' id='word_1_88' title='bbox 771 660 819 687; x_wconf 77' lang='grc' dir='ltr'>καὶ</span> <span class='ocrx_word' id='word_1_89' title='bbox 833 660 888 687; x_wconf 84' lang='grc' dir='ltr'>τῶν</span> 
     </span>
    </p>
   </div>
   <div class='ocr_carea' id='block_1_16' title="bbox 101 703 889 742">
    <p class='ocr_par' dir='ltr' id='par_1_16' title="bbox 101 703 889 742">
     <span class='ocr_line' id='line_1_16' title="bbox 101 703 889 742; baseline 0.003 -11"><span class='ocrx_word' id='word_1_90' title='bbox 101 703 182 732; x_wconf 78' lang='grc' dir='ltr'>ἄλλων</span> <span class='ocrx_word' id='word_1_91' title='bbox 194 705 339 740; x_wconf 68' lang='grc' dir='ltr'>βασιλέων,</span> <span class='ocrx_word' id='word_1_92' title='bbox 354 705 449 733; x_wconf 83' lang='grc' dir='ltr'>τοῦτον</span> <span class='ocrx_word' id='word_1_93' title='bbox 457 706 503 732; x_wconf 81' lang='grc' dir='ltr'>τοῦ</span> <span class='ocrx_word' id='word_1_94' title='bbox 513 706 645 733; x_wconf 84' lang='grc' dir='ltr'>παλατίου</span> <span class='ocrx_word' id='word_1_95' title='bbox 660 706 751 738; x_wconf 76' lang='grc' dir='ltr'>κακῶς</span> <span class='ocrx_word' id='word_1_96' title='bbox 765 707 889 742; x_wconf 85' lang='grc' dir='ltr'>κατήγα-</span> 
     </span>
    </p>
   </div>
   <div class='ocr_carea' id='block_1_17' title="bbox 100 751 884 788">
    <p class='ocr_par' dir='ltr' id='par_1_17' title="bbox 100 751 884 788">
     <span class='ocr_line' id='line_1_17' title="bbox 100 751 884 788; baseline 0.001 -10"><span class='ocrx_word' id='word_1_97' title='bbox 100 758 145 785; x_wconf 86' lang='grc' dir='ltr'>γεν</span> <span class='ocrx_word' id='word_1_98' title='bbox 151 751 196 778; x_wconf 71' lang='grc' dir='ltr'>καὶ</span> <span class='ocrx_word' id='word_1_99' title='bbox 204 752 234 778; x_wconf 81' lang='grc' dir='ltr'>ὲν</span> <span class='ocrx_word' id='word_1_100' title='bbox 244 751 378 788; x_wconf 70' lang='grc' dir='ltr'>τῇΠρίὒτῃ</span> <span class='ocrx_word' id='word_1_101' title='bbox 388 752 461 788; x_wconf 85' lang='grc' dir='ltr'>νήσῳ</span> <span class='ocrx_word' id='word_1_102' title='bbox 470 752 593 788; x_wconf 72' lang='grc' dir='ltr'>ἒξορίσας</span> <span class='ocrx_word' id='word_1_103' title='bbox 601 752 747 788; x_wconf 78' lang='grc' dir='ltr'>ἀπέκειρεν</span> <span class='ocrx_word' id='word_1_104' title='bbox 757 752 884 787; x_wconf 80' lang='grc' dir='ltr'>μοναχόν.</span> 
     </span>
    </p>
   </div>
   <div class='ocr_carea' id='block_1_18' title="bbox 934 340 1728 379">
    <p class='ocr_par' dir='ltr' id='par_1_18' title="bbox 934 340 1728 379">
     <span class='ocr_line' id='line_1_18' title="bbox 934 340 1728 379; baseline 0.006 -12"><span class='ocrx_word' id='word_1_105' title='bbox 934 340 1087 375; x_wconf 70' lang='lat' dir='ltr'>ﬁdentia!)</span> <span class='ocrx_word' id='word_1_106' title='bbox 1104 341 1227 368; x_wconf 82' lang='lat' dir='ltr'>incidere</span> <span class='ocrx_word' id='word_1_107' title='bbox 1250 342 1386 377; x_wconf 93' lang='lat' dir='ltr'>permisit,</span> <span class='ocrx_word' id='word_1_108' title='bbox 1411 347 1439 369; x_wconf 92' lang='lat' dir='ltr'>ut</span> <span class='ocrx_word' id='word_1_109' title='bbox 1458 343 1481 369; x_wconf 89' lang='lat' dir='ltr'>is</span> <span class='ocrx_word' id='word_1_110' title='bbox 1508 343 1554 369; x_wconf 86' lang='lat' dir='ltr'>illa</span> <span class='ocrx_word' id='word_1_111' title='bbox 1574 344 1728 379; x_wconf 74' lang='lat' dir='ltr'>castigatus</span> 
     </span>
    </p>
   </div>
   <div class='ocr_carea' id='block_1_19' title="bbox 936 386 1727 421">
    <p class='ocr_par' dir='ltr' id='par_1_19' title="bbox 936 386 1727 421">
     <span class='ocr_line' id='line_1_19' title="bbox 936 386 1727 421; baseline 0.005 -8"><span class='ocrx_word' id='word_1_112' title='bbox 936 394 968 413; x_wconf 85' lang='lat' dir='ltr'>ac</span> <span class='ocrx_word' id='word_1_113' title='bbox 980 386 1014 413; x_wconf 88' lang='lat' dir='ltr'>de</span> <span class='ocrx_word' id='word_1_114' title='bbox 1028 387 1168 421; x_wconf 81' lang='lat' dir='ltr'>prioribus</span> <span class='ocrx_word' id='word_1_115' title='bbox 1187 388 1296 415; x_wconf 74' lang='lat' dir='ltr'>deliciis</span> <span class='ocrx_word' id='word_1_116' title='bbox 1312 388 1470 416; x_wconf 88' lang='lat' dir='ltr'>admonitus</span> <span class='ocrx_word' id='word_1_117' title='bbox 1493 389 1607 416; x_wconf 84' lang='lat' dir='ltr'>salutem</span> <span class='ocrx_word' id='word_1_118' title='bbox 1625 397 1727 417; x_wconf 77' lang='lat' dir='ltr'>consc-</span> 
     </span>
    </p>
   </div>
   <div class='ocr_carea' id='block_1_20' title="bbox 936 431 1727 468">
    <p class='ocr_par' dir='ltr' id='par_1_20' title="bbox 936 431 1727 468">
     <span class='ocr_line' id='line_1_20' title="bbox 936 431 1727 468; baseline 0.005 -11"><span class='ocrx_word' id='word_1_119' title='bbox 936 436 1077 466; x_wconf 88' lang='lat' dir='ltr'>querctur.</span> <span class='ocrx_word' id='word_1_120' title='bbox 1096 431 1226 459; x_wconf 82' lang='lat' dir='ltr'>Permisit</span> <span class='ocrx_word' id='word_1_121' title='bbox 1251 440 1370 467; x_wconf 78' lang='lat' dir='ltr'><strong>namque</strong></span> <span class='ocrx_word' id='word_1_122' title='bbox 1399 433 1568 468; x_wconf 84' lang='lat' dir='ltr'>Stephanum</span> <span class='ocrx_word' id='word_1_123' title='bbox 1593 434 1678 461; x_wconf 78' lang='lat' dir='ltr'>tilium</span> <span class='ocrx_word' id='word_1_124' title='bbox 1699 436 1727 462; x_wconf 91' lang='lat' dir='ltr'>in</span> 
     </span>
    </p>
   </div>
   <div class='ocr_carea' id='block_1_21' title="bbox 937 478 1726 514">
    <p class='ocr_par' dir='ltr' id='par_1_21' title="bbox 937 478 1726 514">
     <span class='ocr_line' id='line_1_21' title="bbox 937 478 1726 514; baseline 0.005 -10"><span class='ocrx_word' id='word_1_125' title='bbox 937 485 998 504; x_wconf 87' lang='lat' dir='ltr'>eum</span> <span class='ocrx_word' id='word_1_126' title='bbox 1017 478 1169 513; x_wconf 81' lang='lat' dir='ltr'>insurgere,</span> <span class='ocrx_word' id='word_1_127' title='bbox 1183 479 1222 505; x_wconf 93' lang='lat' dir='ltr'>uti</span> <span class='ocrx_word' id='word_1_128' title='bbox 1234 479 1299 506; x_wconf 91' lang='lat' dir='ltr'>olim</span> <span class='ocrx_word' id='word_1_129' title='bbox 1322 479 1450 506; x_wconf 77' lang='lat' dir='ltr'>Absalom</span> <span class='ocrx_word' id='word_1_130' title='bbox 1467 480 1495 506; x_wconf 89' lang='lat' dir='ltr'>in</span> <span class='ocrx_word' id='word_1_131' title='bbox 1517 484 1624 514; x_wconf 83' lang='lat' dir='ltr'>patrem</span> <span class='ocrx_word' id='word_1_132' title='bbox 1644 489 1726 508; x_wconf 87' lang='lat' dir='ltr'>suttm</span> 
     </span>
    </p>
   </div>
   <div class='ocr_carea' id='block_1_22' title="bbox 937 523 1725 561">
    <p class='ocr_par' dir='ltr' id='par_1_22' title="bbox 937 523 1725 561">
     <span class='ocr_line' id='line_1_22' title="bbox 937 523 1725 561; baseline 0.005 -11"><span class='ocrx_word' id='word_1_133' title='bbox 937 523 1065 551; x_wconf 81' lang='lat' dir='ltr'>Davidem</span> <span class='ocrx_word' id='word_1_134' title='bbox 1089 525 1250 552; x_wconf 75' lang='lat' dir='ltr'>insurrexit.</span> <span class='ocrx_word' id='word_1_135' title='bbox 1285 525 1401 552; x_wconf 83' lang='lat' dir='ltr'>Mariani</span> <span class='ocrx_word' id='word_1_136' title='bbox 1432 526 1532 561; x_wconf 79' lang='lat' dir='ltr'>itaque‘</span> <span class='ocrx_word' id='word_1_137' title='bbox 1560 527 1725 554; x_wconf 74' lang='lat' dir='ltr'>ennonachi</span> 
     </span>
    </p>
   </div>
   <div class='ocr_carea' id='block_1_23' title="bbox 936 569 1724 607">
    <p class='ocr_par' dir='ltr' id='par_1_23' title="bbox 936 569 1724 607">
     <span class='ocr_line' id='line_1_23' title="bbox 936 569 1724 607; baseline 0.006 -12"><span class='ocrx_word' id='word_1_138' title='bbox 936 569 1045 605; x_wconf 78' lang='lat' dir='ltr'>Argyri,</span> <span class='ocrx_word' id='word_1_139' title='bbox 1064 570 1215 606; x_wconf 75' lang='lat' dir='ltr'>Basiliique</span> <span class='ocrx_word' id='word_1_140' title='bbox 1241 572 1456 607; x_wconf 82' lang='lat' dir='ltr'>protospatharii</span> <span class='ocrx_word' id='word_1_141' title='bbox 1481 572 1581 606; x_wconf 84' lang='lat' dir='ltr'>Petini,</span> <span class='ocrx_word' id='word_1_142' title='bbox 1598 580 1648 600; x_wconf 89' lang='lat' dir='ltr'>nec</span> <span class='ocrx_word' id='word_1_143' title='bbox 1670 581 1724 600; x_wconf 87' lang='lat' dir='ltr'>non</span> 
     </span>
    </p>
   </div>
   <div class='ocr_carea' id='block_1_24' title="bbox 936 615 1725 651">
    <p class='ocr_par' dir='ltr' id='par_1_24' title="bbox 936 615 1725 651">
     <span class='ocr_line' id='line_1_24' title="bbox 936 615 1725 651; baseline 0.004 -9"><span class='ocrx_word' id='word_1_144' title='bbox 936 615 1070 644; x_wconf 84' lang='lat' dir='ltr'>Mannelis</span> <span class='ocrx_word' id='word_1_145' title='bbox 1092 616 1213 644; x_wconf 86' lang='lat' dir='ltr'>Curticis</span> <span class='ocrx_word' id='word_1_146' title='bbox 1235 618 1360 646; x_wconf 86' lang='lat' dir='ltr'>consiliis</span> <span class='ocrx_word' id='word_1_147' title='bbox 1381 618 1494 651; x_wconf 89' lang='lat' dir='ltr'>abusus,</span> <span class='ocrx_word' id='word_1_148' title='bbox 1509 618 1629 647; x_wconf 84' lang='lat' dir='ltr'>consciis</span> <span class='ocrx_word' id='word_1_149' title='bbox 1642 620 1725 646; x_wconf 87' lang='lat' dir='ltr'>etiam</span> 
     </span>
    </p>
   </div>
   <div class='ocr_carea' id='block_1_25' title="bbox 937 662 1726 700">
    <p class='ocr_par' dir='ltr' id='par_1_25' title="bbox 937 662 1726 700">
     <span class='ocr_line' id='line_1_25' title="bbox 937 662 1726 700; baseline 0.004 -12"><span class='ocrx_word' id='word_1_150' title='bbox 937 662 1050 697; x_wconf 81' lang='lat' dir='ltr'>reliquis</span> <span class='ocrx_word' id='word_1_151' title='bbox 1073 662 1298 698; x_wconf 72' lang='lat' dir='ltr'>imperatoribus.</span> <span class='ocrx_word' id='word_1_152' title='bbox 1317 672 1458 700; x_wconf 78' lang='lat' dir='ltr'>perperam</span> <span class='ocrx_word' id='word_1_153' title='bbox 1476 669 1581 699; x_wconf 83' lang='lat' dir='ltr'>patrem</span> <span class='ocrx_word' id='word_1_154' title='bbox 1598 665 1661 692; x_wconf 84' lang='lat' dir='ltr'>aula</span> <span class='ocrx_word' id='word_1_155' title='bbox 1676 665 1726 691; x_wconf 86' lang='lat' dir='ltr'>de-</span> 
     </span>
    </p>
   </div>
   <div class='ocr_carea' id='block_1_26' title="bbox 936 706 1726 744">
    <p class='ocr_par' dir='ltr' id='par_1_26' title="bbox 936 706 1726 744">
     <span class='ocr_line' id='line_1_26' title="bbox 936 706 1726 744; baseline 0.004 -11"><span class='ocrx_word' id='word_1_156' title='bbox 936 706 1068 739; x_wconf 80' lang='lat' dir='ltr'>turbavit,</span> <span class='ocrx_word' id='word_1_157' title='bbox 1098 707 1182 742; x_wconf 87' lang='lat' dir='ltr'>inque</span> <span class='ocrx_word' id='word_1_158' title='bbox 1207 708 1288 736; x_wconf 72' lang='lat' dir='ltr'>l’rote</span> <span class='ocrx_word' id='word_1_159' title='bbox 1307 709 1397 736; x_wconf 83' lang='lat' dir='ltr'>insula</span> <span class='ocrx_word' id='word_1_160' title='bbox 1427 710 1576 744; x_wconf 72' lang='lat' dir='ltr'>relegatum</span> <span class='ocrx_word' id='word_1_161' title='bbox 1596 708 1726 737; x_wconf 80' lang='lat' dir='ltr'>monachi</span> 
     </span>
    </p>
   </div>
   <div class='ocr_carea' id='block_1_27' title="bbox 942 752 1138 780">
    <p class='ocr_par' dir='ltr' id='par_1_27' title="bbox 942 752 1138 780">
     <span class='ocr_line' id='line_1_27' title="bbox 942 752 1138 780; baseline 0.005 -2"><span class='ocrx_word' id='word_1_162' title='bbox 942 752 994 778; x_wconf 84' lang='lat' dir='ltr'>ritu</span> <span class='ocrx_word' id='word_1_163' title='bbox 1012 753 1138 780; x_wconf 83' lang='lat' dir='ltr'>totondit.</span> 
     </span>
    </p>
   </div>
   <div class='ocr_carea' id='block_1_28' title="bbox 455 951 1367 999">
    <p class='ocr_par' dir='ltr' id='par_1_28' title="bbox 455 951 1367 999">
     <span class='ocr_line' id='line_1_28' title="bbox 455 951 1367 999; baseline -0.004 0"><span class='ocrx_word' id='word_1_164' title='bbox 455 953 878 999; x_wconf 84' lang='grc' dir='ltr'>ΑΥΤΟΚΡΑΤΟΡΙΑ</span> <span class='ocrx_word' id='word_1_165' title='bbox 916 951 1367 997; x_wconf 86' lang='grc' dir='ltr'>ΚΩΝΣΤΑΝΤΙΝΟΥ.</span> 
     </span>
    </p>
   </div>
   <div class='ocr_carea' id='block_1_29' title="bbox 522 1140 1305 1188">
    <p class='ocr_par' dir='ltr' id='par_1_29' title="bbox 522 1140 1305 1188">
     <span class='ocr_line' id='line_1_29' title="bbox 522 1140 1305 1188; baseline 0 -1"><span class='ocrx_word' id='word_1_166' title='bbox 522 1140 931 1187; x_wconf 80' lang='lat' dir='ltr'>CONSTANTINI</span> <span class='ocrx_word' id='word_1_167' title='bbox 972 1142 1305 1188; x_wconf 83' lang='lat' dir='ltr'>IMPERIUM.</span> 
     </span>
    </p>
   </div>
   <div class='ocr_carea' id='block_1_30' title="bbox 127 1300 892 1355">
    <p class='ocr_par' dir='ltr' id='par_1_30' title="bbox 127 1300 880 1355">
     <span class='ocr_line' id='line_1_30' title="bbox 127 1300 880 1355; baseline -0.005 -10"><span class='ocrx_word' id='word_1_168' title='bbox 127 1300 251 1355; x_wconf 73' lang='grc'>271]</span> <span class='ocrx_word' id='word_1_169' title='bbox 266 1317 300 1345; x_wconf 75' lang='grc' dir='ltr'>α’.</span> <span class='ocrx_word' id='word_1_170' title='bbox 330 1315 496 1351; x_wconf 65' lang='grc' dir='ltr'>’Υπελείφοη</span> <span class='ocrx_word' id='word_1_171' title='bbox 521 1314 568 1342; x_wconf 79' lang='grc' dir='ltr'>οὖν</span> <span class='ocrx_word' id='word_1_172' title='bbox 595 1314 774 1351; x_wconf 67' lang='grc' dir='ltr'>αὐτοκράτωρ</span> <span class='ocrx_word' id='word_1_173' title='bbox 801 1316 880 1342; x_wconf 84' lang='grc' dir='ltr'>Κων-</span> 
     </span>
    </p>
   </div>
   <div class='ocr_carea' id='block_1_31' title="bbox 934 1300 1724 1355">
    <p class='ocr_par' dir='ltr' id='par_1_31' title="bbox 971 1313 1724 1351">
     <span class='ocr_line' id='line_1_31' title="bbox 971 1313 1724 1351; baseline 0.007 -11"><span class='ocrx_word' id='word_1_174' title='bbox 971 1314 1049 1350; x_wconf 61' lang='grc' dir='ltr'>ωθ</span> <span class='ocrx_word' id='word_1_175' title='bbox 1065 1313 1299 1342; x_wconf 80' lang='lat' dir='ltr'>LConstantinus</span> <span class='ocrx_word' id='word_1_176' title='bbox 1317 1314 1409 1350; x_wconf 82' lang='lat' dir='ltr'>itaque</span> <span class='ocrx_word' id='word_1_177' title='bbox 1421 1316 1537 1342; x_wconf 71' lang='lat' dir='ltr'>domum</span> <span class='ocrx_word' id='word_1_178' title='bbox 1550 1323 1634 1351; x_wconf 74' lang='lat' dir='ltr'>gener</span> <span class='ocrx_word' id='word_1_179' title='bbox 1647 1325 1724 1345; x_wconf 85' lang='lat' dir='ltr'>sum-</span> 
     </span>
    </p>
   </div>
   <div class='ocr_carea' id='block_1_32' title="bbox 95 1360 884 1398">
    <p class='ocr_par' dir='ltr' id='par_1_32' title="bbox 95 1360 884 1398">
     <span class='ocr_line' id='line_1_32' title="bbox 95 1360 884 1398; baseline -0.008 -6"><span class='ocrx_word' id='word_1_180' title='bbox 95 1366 233 1396; x_wconf 75' lang='grc' dir='ltr'>σταντῖνος</span> <span class='ocrx_word' id='word_1_181' title='bbox 249 1365 264 1391; x_wconf 81' lang='grc' dir='ltr'><strong>ὁ</strong></span> <span class='ocrx_word' id='word_1_182' title='bbox 278 1362 374 1390; x_wconf 85' lang='grc' dir='ltr'>τούτου</span> <span class='ocrx_word' id='word_1_183' title='bbox 388 1361 515 1398; x_wconf 68' lang='grc' dir='ltr'>γαμϐρὸς</span> <span class='ocrx_word' id='word_1_184' title='bbox 527 1362 592 1397; x_wconf 80' lang='grc' dir='ltr'>μηνὶ</span> <span class='ocrx_word' id='word_1_185' title='bbox 606 1360 768 1396; x_wconf 77' lang='grc' dir='ltr'>Δεκεμϐρίῳ</span> <span class='ocrx_word' id='word_1_186' title='bbox 784 1361 884 1393; x_wconf 78' lang='grc' dir='ltr'>εἰκάδι,</span> 
     </span>
    </p>
   </div>
   <div class='ocr_carea' id='block_1_33' title="bbox 96 1406 885 1446">
    <p class='ocr_par' dir='ltr' id='par_1_33' title="bbox 96 1406 885 1446">
     <span class='ocr_line' id='line_1_33' title="bbox 96 1406 885 1446; baseline -0.01 -7"><span class='ocrx_word' id='word_1_187' title='bbox 96 1410 261 1442; x_wconf 74' lang='grc' dir='ltr'>ίνδικτιῶνος</span> <span class='ocrx_word' id='word_1_188' title='bbox 285 1410 392 1446; x_wconf 80' lang='grc' dir='ltr'>τρίτης,</span> <span class='ocrx_word' id='word_1_189' title='bbox 409 1409 438 1436; x_wconf 71' lang='grc' dir='ltr'>ὲν</span> <span class='ocrx_word' id='word_1_190' title='bbox 467 1408 522 1435; x_wconf 73' lang='grc' dir='ltr'>ἔτει</span> <span class='ocrx_word' id='word_1_191' title='bbox 539 1406 632 1440; x_wconf 77' lang='grc' dir='ltr'>ἑξάκις</span> <span class='ocrx_word' id='word_1_192' title='bbox 648 1406 774 1442; x_wconf 85' lang='grc' dir='ltr'>χιλιοστῷ</span> <span class='ocrx_word' id='word_1_193' title='bbox 787 1414 885 1441; x_wconf 85' lang='grc' dir='ltr'>τετρα-</span> 
     </span>
    </p>
   </div>
   <div class='ocr_carea' id='block_1_34' title="bbox 93 1452 884 1493">
    <p class='ocr_par' dir='ltr' id='par_1_34' title="bbox 93 1452 884 1493">
     <span class='ocr_line' id='line_1_34' title="bbox 93 1452 884 1493; baseline -0.009 -8"><span class='ocrx_word' id='word_1_194' title='bbox 93 1457 227 1493; x_wconf 80' lang='grc' dir='ltr'>κοσιοστῷ</span> <span class='ocrx_word' id='word_1_195' title='bbox 238 1455 416 1491; x_wconf 81' lang='grc' dir='ltr'>πεντηκοστῷ</span> <span class='ocrx_word' id='word_1_196' title='bbox 424 1455 558 1490; x_wconf 80' lang='grc' dir='ltr'>τετάρτῳ·</span> <span class='ocrx_word' id='word_1_197' title='bbox 570 1453 599 1486; x_wconf 76' lang='grc' dir='ltr'>ὃς</span> <span class='ocrx_word' id='word_1_198' title='bbox 611 1453 710 1480; x_wconf 75' lang='grc' dir='ltr'>αὐτίκα</span> <span class='ocrx_word' id='word_1_199' title='bbox 717 1452 824 1488; x_wconf 84' lang='grc' dir='ltr'>Βάρδαν</span> <span class='ocrx_word' id='word_1_200' title='bbox 837 1452 884 1479; x_wconf 86' lang='grc' dir='ltr'>τὺν</span> 
     </span>
    </p>
   </div>
   <div class='ocr_carea' id='block_1_35' title="bbox 93 1498 883 1538">
    <p class='ocr_par' dir='ltr' id='par_1_35' title="bbox 93 1498 883 1538">
     <span class='ocr_line' id='line_1_35' title="bbox 93 1498 883 1538; baseline -0.009 -8"><span class='ocrx_word' id='word_1_201' title='bbox 93 1503 139 1530; x_wconf 65' lang='grc' dir='ltr'>τοῦ</span> <span class='ocrx_word' id='word_1_202' title='bbox 153 1503 237 1529; x_wconf 60' lang='lat' dir='ltr'>dtur/.6</span> <span class='ocrx_word' id='word_1_203' title='bbox 246 1503 282 1538; x_wconf 69' lang='grc' dir='ltr'>τῇ</span> <span class='ocrx_word' id='word_1_204' title='bbox 295 1501 343 1528; x_wconf 82' lang='grc' dir='ltr'>τοῦ</span> <span class='ocrx_word' id='word_1_205' title='bbox 360 1500 512 1536; x_wconf 85' lang='grc' dir='ltr'>μαγίστρου</span> <span class='ocrx_word' id='word_1_206' title='bbox 522 1499 586 1535; x_wconf 77' lang='grc' dir='ltr'>ἀξίᾳ</span> <span class='ocrx_word' id='word_1_207' title='bbox 596 1499 727 1535; x_wconf 79' lang='grc' dir='ltr'>τιμήσας,</span> <span class='ocrx_word' id='word_1_208' title='bbox 744 1499 782 1531; x_wconf 85' lang='grc' dir='ltr'>ὡς</span> <span class='ocrx_word' id='word_1_209' title='bbox 795 1498 883 1533; x_wconf 85' lang='grc' dir='ltr'>χρόνῳ</span> 
     </span>
    </p>
   </div>
   <div class='ocr_carea' id='block_1_36' title="bbox 92 1544 884 1583">
    <p class='ocr_par' dir='ltr' id='par_1_36' title="bbox 92 1544 884 1583">
     <span class='ocr_line' id='line_1_36' title="bbox 92 1544 884 1583; baseline -0.006 -8"><span class='ocrx_word' id='word_1_210' title='bbox 92 1548 183 1583; x_wconf 67' lang='grc' dir='ltr'>πολλῷ</span> <span class='ocrx_word' id='word_1_211' title='bbox 192 1548 243 1583; x_wconf 83' lang='grc' dir='ltr'>τὴν</span> <span class='ocrx_word' id='word_1_212' title='bbox 252 1549 281 1574; x_wconf 78' lang='grc' dir='ltr'>ἑν</span> <span class='ocrx_word' id='word_1_213' title='bbox 289 1548 345 1578; x_wconf 80' lang='grc' dir='ltr'>τοῖς</span> <span class='ocrx_word' id='word_1_214' title='bbox 353 1546 483 1581; x_wconf 85' lang='grc' dir='ltr'>πολέμοις</span> <span class='ocrx_word' id='word_1_215' title='bbox 492 1544 676 1581; x_wconf 76' lang='grc' dir='ltr'>ἀνδραγαθίαν</span> <span class='ocrx_word' id='word_1_216' title='bbox 685 1544 815 1575; x_wconf 76' lang='grc' dir='ltr'>πολλάκις</span> <span class='ocrx_word' id='word_1_217' title='bbox 823 1544 884 1571; x_wconf 75' lang='grc' dir='ltr'>ἐπι-</span> 
     </span>
    </p>
   </div>
   <div class='ocr_carea' id='block_1_37' title="bbox 92 1588 884 1629">
    <p class='ocr_par' dir='ltr' id='par_1_37' title="bbox 92 1588 884 1629">
     <span class='ocr_line' id='line_1_37' title="bbox 92 1588 884 1629; baseline -0.009 -7"><span class='ocrx_word' id='word_1_218' title='bbox 92 1593 263 1629; x_wconf 77' lang='grc' dir='ltr'>δειξαμένου,</span> <span class='ocrx_word' id='word_1_219' title='bbox 287 1592 449 1628; x_wconf 83' lang='grc' dir='ltr'>δομέστικον</span> <span class='ocrx_word' id='word_1_220' title='bbox 474 1592 529 1618; x_wconf 85' lang='grc' dir='ltr'>τῶν</span> <span class='ocrx_word' id='word_1_221' title='bbox 545 1590 647 1626; x_wconf 83' lang='grc' dir='ltr'>σχολῶν</span> <span class='ocrx_word' id='word_1_222' title='bbox 666 1588 884 1626; x_wconf 78' lang='grc' dir='ltr'>προχειρίζεται,</span> 
     </span>
    </p>
   </div>
   <div class='ocr_carea' id='block_1_38' title="bbox 72 1636 882 1673">
    <p class='ocr_par' dir='ltr' id='par_1_38' title="bbox 72 1636 882 1673">
     <span class='ocr_line' id='line_1_38' title="bbox 72 1636 882 1673; baseline -0.007 -4"><span class='ocrx_word' id='word_1_223' title='bbox 72 1660 79 1669; x_wconf 58' lang='grc' dir='ltr'><strong><em>κ</em></strong></span> <span class='ocrx_word' id='word_1_224' title='bbox 92 1642 140 1669; x_wconf 78' lang='grc' dir='ltr'>καὶ</span> <span class='ocrx_word' id='word_1_225' title='bbox 156 1640 363 1668; x_wconf 80' lang='grc' dir='ltr'>Κωνσταντίνον</span> <span class='ocrx_word' id='word_1_226' title='bbox 370 1638 415 1666; x_wconf 76' lang='grc' dir='ltr'>τὸν</span> <span class='ocrx_word' id='word_1_227' title='bbox 431 1637 570 1673; x_wconf 83' lang='grc' dir='ltr'>Γογγύλην</span> <span class='ocrx_word' id='word_1_228' title='bbox 578 1636 734 1673; x_wconf 78' lang='grc' dir='ltr'>ναυμαχίας</span> <span class='ocrx_word' id='word_1_229' title='bbox 749 1637 882 1672; x_wconf 76' lang='grc' dir='ltr'>ἡγήτορα,</span> 
     </span>
    </p>
   </div>
   <div class='ocr_carea' id='block_1_39' title="bbox 90 1680 882 1722">
    <p class='ocr_par' dir='ltr' id='par_1_39' title="bbox 90 1680 882 1722">
     <span class='ocr_line' id='line_1_39' title="bbox 90 1680 882 1722; baseline -0.005 -9"><span class='ocrx_word' id='word_1_230' title='bbox 90 1686 138 1714; x_wconf 83' lang='grc' dir='ltr'>καὶ</span> <span class='ocrx_word' id='word_1_231' title='bbox 155 1685 342 1722; x_wconf 80' lang='grc' dir='ltr'>στρατιάρχας</span> <span class='ocrx_word' id='word_1_232' title='bbox 369 1683 446 1716; x_wconf 80' lang='grc' dir='ltr'>τινὰς</span> <span class='ocrx_word' id='word_1_233' title='bbox 463 1683 518 1711; x_wconf 85' lang='grc' dir='ltr'>τῶν</span> <span class='ocrx_word' id='word_1_234' title='bbox 532 1683 702 1719; x_wconf 79' lang='grc' dir='ltr'>εὐχρήστων.</span> <span class='ocrx_word' id='word_1_235' title='bbox 718 1680 786 1710; x_wconf 84' lang='grc' dir='ltr'>Εἶτα</span> <span class='ocrx_word' id='word_1_236' title='bbox 798 1682 882 1709; x_wconf 71' lang='grc' dir='ltr'>Βασί-</span> 
     </span>
    </p>
   </div>
   <div class='ocr_carea' id='block_1_40' title="bbox 90 1728 882 1766">
    <p class='ocr_par' dir='ltr' id='par_1_40' title="bbox 90 1728 882 1766">
     <span class='ocr_line' id='line_1_40' title="bbox 90 1728 882 1766; baseline -0.005 -7"><span class='ocrx_word' id='word_1_237' title='bbox 90 1729 211 1766; x_wconf 77' lang='grc' dir='ltr'>λειον,ᾧ</span> <span class='ocrx_word' id='word_1_238' title='bbox 235 1731 352 1766; x_wconf 67' lang='grc' dir='ltr'>ἐπίκλην</span> <span class='ocrx_word' id='word_1_239' title='bbox 375 1730 516 1762; x_wconf 82' lang='grc' dir='ltr'>Πετιινὺς,</span> <span class='ocrx_word' id='word_1_240' title='bbox 544 1729 691 1765; x_wconf 59' lang='grc' dir='ltr'>πατρίκιοι)</span> <span class='ocrx_word' id='word_1_241' title='bbox 719 1728 767 1755; x_wconf 75' lang='grc' dir='ltr'>καὶ</span> <span class='ocrx_word' id='word_1_242' title='bbox 794 1728 882 1763; x_wconf 79' lang='grc' dir='ltr'>μέγαν</span> 
     </span>
    </p>
   </div>
   <div class='ocr_carea' id='block_1_41' title="bbox 91 1774 880 1815">
    <p class='ocr_par' dir='ltr' id='par_1_41' title="bbox 91 1774 880 1815">
     <span class='ocr_line' id='line_1_41' title="bbox 91 1774 880 1815; baseline -0.006 -9"><span class='ocrx_word' id='word_1_243' title='bbox 91 1778 297 1815; x_wconf 79' lang='grc' dir='ltr'>ἐταιρειάρχην,</span> <span class='ocrx_word' id='word_1_244' title='bbox 322 1776 368 1803; x_wconf 86' lang='grc' dir='ltr'>τδν</span> <span class='ocrx_word' id='word_1_245' title='bbox 387 1776 416 1803; x_wconf 76' lang='grc' dir='ltr'>δὲ</span> <span class='ocrx_word' id='word_1_246' title='bbox 434 1777 466 1802; x_wconf 79' lang='grc' dir='ltr'>ὲκ</span> <span class='ocrx_word' id='word_1_247' title='bbox 482 1775 529 1802; x_wconf 83' lang='grc' dir='ltr'>τοῦ</span> <span class='ocrx_word' id='word_1_248' title='bbox 549 1775 647 1810; x_wconf 78' lang='grc' dir='ltr'>γένους</span> <span class='ocrx_word' id='word_1_249' title='bbox 664 1774 719 1802; x_wconf 87' lang='grc' dir='ltr'>τῶν</span> <span class='ocrx_word' id='word_1_250' title='bbox 735 1774 880 1811; x_wconf 79' lang='grc' dir='ltr'>Ἀργυρῶν</span> 
     </span>
    </p>
   </div>
   <div class='ocr_carea' id='block_1_42' title="bbox 89 1820 883 1861">
    <p class='ocr_par' dir='ltr' id='par_1_42' title="bbox 89 1820 883 1861">
     <span class='ocr_line' id='line_1_42' title="bbox 89 1820 883 1861; baseline -0.008 -8"><span class='ocrx_word' id='word_1_251' title='bbox 89 1825 232 1861; x_wconf 70' lang='grc' dir='ltr'>Μαριανὺν</span> <span class='ocrx_word' id='word_1_252' title='bbox 246 1823 282 1850; x_wconf 84' lang='grc' dir='ltr'>τὰ</span> <span class='ocrx_word' id='word_1_253' title='bbox 300 1822 434 1858; x_wconf 80' lang='grc' dir='ltr'>μοναχικὰ</span> <span class='ocrx_word' id='word_1_254' title='bbox 453 1821 593 1853; x_wconf 76' lang='grc' dir='ltr'>ἀποδύσας</span> <span class='ocrx_word' id='word_1_255' title='bbox 608 1821 753 1857; x_wconf 82' lang='grc' dir='ltr'>πατρίκιον</span> <span class='ocrx_word' id='word_1_256' title='bbox 770 1821 818 1847; x_wconf 80' lang='grc' dir='ltr'>καὶ</span> <span class='ocrx_word' id='word_1_257' title='bbox 837 1820 883 1848; x_wconf 90' lang='grc' dir='ltr'>κό-</span> 
     </span>
    </p>
   </div>
   <div class='ocr_carea' id='block_1_43' title="bbox 92 1867 881 1907">
    <p class='ocr_par' dir='ltr' id='par_1_43' title="bbox 92 1867 881 1907">
     <span class='ocr_line' id='line_1_43' title="bbox 92 1867 881 1907; baseline -0.005 -10"><span class='ocrx_word' id='word_1_258' title='bbox 92 1880 166 1907; x_wconf 82' lang='grc' dir='ltr'>μητα</span> <span class='ocrx_word' id='word_1_259' title='bbox 192 1869 241 1897; x_wconf 85' lang='grc' dir='ltr'>τοῦ</span> <span class='ocrx_word' id='word_1_260' title='bbox 270 1869 387 1897; x_wconf 77' lang='grc' dir='ltr'>στάὸλου</span> <span class='ocrx_word' id='word_1_261' title='bbox 414 1868 576 1904; x_wconf 83' lang='grc' dir='ltr'>πεποίηκεν.</span> <span class='ocrx_word' id='word_1_262' title='bbox 603 1867 741 1899; x_wconf 81' lang='grc' dir='ltr'>Ὡσαύτως</span> <span class='ocrx_word' id='word_1_263' title='bbox 759 1867 805 1894; x_wconf 74' lang='grc' dir='ltr'>καὶ</span> <span class='ocrx_word' id='word_1_264' title='bbox 819 1867 881 1894; x_wconf 88' lang='grc' dir='ltr'>Μα-</span> 
     </span>
    </p>
   </div>
   <div class='ocr_carea' id='block_1_44' title="bbox 91 1911 882 1952">
    <p class='ocr_par' dir='ltr' id='par_1_44' title="bbox 91 1911 882 1952">
     <span class='ocr_line' id='line_1_44' title="bbox 91 1911 882 1952; baseline -0.008 -8"><span class='ocrx_word' id='word_1_265' title='bbox 91 1917 174 1952; x_wconf 77' lang='grc' dir='ltr'>νουὴλ</span> <span class='ocrx_word' id='word_1_266' title='bbox 195 1916 242 1943; x_wconf 75' lang='grc' dir='ltr'>τὸν</span> <span class='ocrx_word' id='word_1_267' title='bbox 264 1914 459 1950; x_wconf 68' lang='grc' dir='ltr'>ἐπιλεγόμενον</span> <span class='ocrx_word' id='word_1_268' title='bbox 488 1913 645 1949; x_wconf 82' lang='grc' dir='ltr'>Κουρτίκην</span> <span class='ocrx_word' id='word_1_269' title='bbox 670 1911 814 1947; x_wconf 83' lang='grc' dir='ltr'>πατρίκιον</span> <span class='ocrx_word' id='word_1_270' title='bbox 834 1912 882 1939; x_wconf 73' lang='grc' dir='ltr'>καὶ</span> 
     </span>
    </p>
   </div>
   <div class='ocr_carea' id='block_1_45' title="bbox 91 1957 879 1999">
    <p class='ocr_par' dir='ltr' id='par_1_45' title="bbox 91 1957 879 1999">
     <span class='ocr_line' id='line_1_45' title="bbox 91 1957 879 1999; baseline -0.008 -9"><span class='ocrx_word' id='word_1_271' title='bbox 91 1962 275 1999; x_wconf 82' lang='grc' dir='ltr'>δρουγγάριον</span> <span class='ocrx_word' id='word_1_272' title='bbox 292 1961 341 1996; x_wconf 83' lang='grc' dir='ltr'>τῆς</span> <span class='ocrx_word' id='word_1_273' title='bbox 358 1961 452 1996; x_wconf 84' lang='grc' dir='ltr'>βίγλης</span> <span class='ocrx_word' id='word_1_274' title='bbox 470 1960 607 1995; x_wconf 71' lang='grc' dir='ltr'>ἰποίησεν.</span> <span class='ocrx_word' id='word_1_275' title='bbox 618 1959 751 1991; x_wconf 76' lang='grc' dir='ltr'>Οὖστινας</span> <span class='ocrx_word' id='word_1_276' title='bbox 765 1958 840 1993; x_wconf 83' lang='grc' dir='ltr'>τρεῖς</span> <span class='ocrx_word' id='word_1_277' title='bbox 849 1957 879 1984; x_wconf 76' lang='grc' dir='ltr'>οὗ</span> 
     </span>
    </p>
   </div>
   <div class='ocr_carea' id='block_1_46' title="bbox 935 1360 1723 1395">
    <p class='ocr_par' dir='ltr' id='par_1_46' title="bbox 935 1360 1723 1395">
     <span class='ocr_line' id='line_1_46' title="bbox 935 1360 1723 1395; baseline 0.005 -9"><span class='ocrx_word' id='word_1_278' title='bbox 935 1369 998 1388; x_wconf 73' lang='lat' dir='ltr'>mils</span> <span class='ocrx_word' id='word_1_279' title='bbox 1010 1362 1160 1395; x_wconf 81' lang='lat' dir='ltr'>imperator</span> <span class='ocrx_word' id='word_1_280' title='bbox 1178 1360 1291 1388; x_wconf 89' lang='lat' dir='ltr'>relictus</span> <span class='ocrx_word' id='word_1_281' title='bbox 1308 1365 1360 1394; x_wconf 86' lang='lat' dir='ltr'>est,</span> <span class='ocrx_word' id='word_1_282' title='bbox 1383 1362 1487 1388; x_wconf 79' lang='lat' dir='ltr'>mensis</span> <span class='ocrx_word' id='word_1_283' title='bbox 1507 1361 1665 1390; x_wconf 85' lang='lat' dir='ltr'>Decembris</span> <span class='ocrx_word' id='word_1_284' title='bbox 1677 1363 1723 1390; x_wconf 83' lang='lat' dir='ltr'>die</span> 
     </span>
    </p>
   </div>
   <div class='ocr_carea' id='block_1_47' title="bbox 935 1406 1722 1442">
    <p class='ocr_par' dir='ltr' id='par_1_47' title="bbox 935 1406 1722 1442">
     <span class='ocr_line' id='line_1_47' title="bbox 935 1406 1722 1442; baseline 0.005 -10"><span class='ocrx_word' id='word_1_285' title='bbox 935 1406 1078 1442; x_wconf 76' lang='lat' dir='ltr'>vigesima,</span> <span class='ocrx_word' id='word_1_286' title='bbox 1093 1406 1245 1434; x_wconf 83' lang='lat' dir='ltr'>indictione</span> <span class='ocrx_word' id='word_1_287' title='bbox 1273 1407 1366 1440; x_wconf 85' lang='lat' dir='ltr'>tertia,</span> <span class='ocrx_word' id='word_1_288' title='bbox 1382 1415 1454 1434; x_wconf 88' lang='lat' dir='ltr'>anno</span> <span class='ocrx_word' id='word_1_289' title='bbox 1470 1407 1551 1435; x_wconf 65' lang='grc'><strong>6454.</strong></span> <span class='ocrx_word' id='word_1_290' title='bbox 1567 1407 1616 1436; x_wconf 87' lang='lat' dir='ltr'>llic</span> <span class='ocrx_word' id='word_1_291' title='bbox 1627 1410 1722 1436; x_wconf 80' lang='lat' dir='ltr'>statim</span> 
     </span>
    </p>
   </div>
   <div class='ocr_carea' id='block_1_48' title="bbox 934 1452 1722 1488">
    <p class='ocr_par' dir='ltr' id='par_1_48' title="bbox 934 1452 1722 1488">
     <span class='ocr_line' id='line_1_48' title="bbox 934 1452 1722 1488; baseline 0.003 -9"><span class='ocrx_word' id='word_1_292' title='bbox 934 1452 1051 1479; x_wconf 82' lang='lat' dir='ltr'>Bardam</span> <span class='ocrx_word' id='word_1_293' title='bbox 1067 1452 1168 1480; x_wconf 68' lang='lat' dir='ltr'>Phocaa</span> <span class='ocrx_word' id='word_1_294' title='bbox 1190 1452 1277 1479; x_wconf 85' lang='lat' dir='ltr'>tilium</span> <span class='ocrx_word' id='word_1_295' title='bbox 1303 1452 1427 1488; x_wconf 69' lang='lat' dir='ltr'>magistri</span> <span class='ocrx_word' id='word_1_296' title='bbox 1446 1452 1579 1488; x_wconf 71' lang='lat' dir='ltr'>dignitate</span> <span class='ocrx_word' id='word_1_297' title='bbox 1599 1458 1722 1487; x_wconf 81' lang='lat' dir='ltr'>auctum,</span> 
     </span>
    </p>
   </div>
   <div class='ocr_carea' id='block_1_49' title="bbox 934 1497 1723 1534">
    <p class='ocr_par' dir='ltr' id='par_1_49' title="bbox 934 1497 1723 1534">
     <span class='ocr_line' id='line_1_49' title="bbox 934 1497 1723 1534; baseline 0.001 -8"><span class='ocrx_word' id='word_1_298' title='bbox 934 1499 1036 1534; x_wconf 88' lang='lat' dir='ltr'>quippe</span> <span class='ocrx_word' id='word_1_299' title='bbox 1049 1498 1124 1533; x_wconf 80' lang='lat' dir='ltr'>longi</span> <span class='ocrx_word' id='word_1_300' title='bbox 1150 1497 1284 1533; x_wconf 86' lang='lat' dir='ltr'>temporis</span> <span class='ocrx_word' id='word_1_301' title='bbox 1309 1498 1479 1533; x_wconf 84' lang='lat' dir='ltr'>experientia</span> <span class='ocrx_word' id='word_1_302' title='bbox 1492 1499 1599 1527; x_wconf 82' lang='lat' dir='ltr'>bellicis</span> <span class='ocrx_word' id='word_1_303' title='bbox 1618 1499 1723 1528; x_wconf 73' lang='lat' dir='ltr'>facino-</span> 
     </span>
    </p>
   </div>
   <div class='ocr_carea' id='block_1_50' title="bbox 934 1542 1723 1579">
    <p class='ocr_par' dir='ltr' id='par_1_50' title="bbox 934 1542 1723 1579">
     <span class='ocr_line' id='line_1_50' title="bbox 934 1542 1723 1579; baseline 0.001 -9"><span class='ocrx_word' id='word_1_304' title='bbox 934 1543 1012 1571; x_wconf 86' lang='lat' dir='ltr'>ribus</span> <span class='ocrx_word' id='word_1_305' title='bbox 1025 1543 1100 1570; x_wconf 86' lang='lat' dir='ltr'>clara</span> <span class='ocrx_word' id='word_1_306' title='bbox 1113 1543 1214 1578; x_wconf 63' lang='lat' dir='ltr'>saepius</span> <span class='ocrx_word' id='word_1_307' title='bbox 1229 1542 1310 1570; x_wconf 86' lang='lat' dir='ltr'>laude</span> <span class='ocrx_word' id='word_1_308' title='bbox 1325 1542 1450 1571; x_wconf 72' lang='lat' dir='ltr'>functura</span> <span class='ocrx_word' id='word_1_309' title='bbox 1467 1548 1549 1579; x_wconf 88' lang='lat' dir='ltr'>atque</span> <span class='ocrx_word' id='word_1_310' title='bbox 1563 1544 1723 1579; x_wconf 85' lang='lat' dir='ltr'>probatum,</span> 
     </span>
    </p>
   </div>
   <div class='ocr_carea' id='block_1_51' title="bbox 933 1589 1721 1625">
    <p class='ocr_par' dir='ltr' id='par_1_51' title="bbox 933 1589 1721 1625">
     <span class='ocr_line' id='line_1_51' title="bbox 933 1589 1721 1625; baseline 0.001 -9"><span class='ocrx_word' id='word_1_311' title='bbox 933 1589 1091 1617; x_wconf 83' lang='lat' dir='ltr'>scholarum</span> <span class='ocrx_word' id='word_1_312' title='bbox 1117 1589 1301 1617; x_wconf 83' lang='lat' dir='ltr'>domesticum</span> <span class='ocrx_word' id='word_1_313' title='bbox 1339 1590 1483 1625; x_wconf 66' lang='lat' dir='ltr'>prefecit;</span> <span class='ocrx_word' id='word_1_314' title='bbox 1512 1590 1721 1619; x_wconf 79' lang='lat' dir='ltr'>Constantinum</span> 
     </span>
    </p>
   </div>
   <div class='ocr_carea' id='block_1_52' title="bbox 934 1635 1721 1673">
    <p class='ocr_par' dir='ltr' id='par_1_52' title="bbox 934 1635 1721 1673">
     <span class='ocr_line' id='line_1_52' title="bbox 934 1635 1721 1673; baseline 0.004 -12"><span class='ocrx_word' id='word_1_315' title='bbox 934 1643 1043 1670; x_wconf 82' lang='lat' dir='ltr'>quoque</span> <span class='ocrx_word' id='word_1_316' title='bbox 1054 1635 1205 1671; x_wconf 73' lang='lat' dir='ltr'>Gongulem</span> <span class='ocrx_word' id='word_1_317' title='bbox 1223 1635 1348 1670; x_wconf 84' lang='lat' dir='ltr'>aliosque</span> <span class='ocrx_word' id='word_1_318' title='bbox 1364 1636 1497 1671; x_wconf 83' lang='lat' dir='ltr'>quosdam</span> <span class='ocrx_word' id='word_1_319' title='bbox 1519 1636 1634 1665; x_wconf 82' lang='lat' dir='ltr'>idoneos</span> <span class='ocrx_word' id='word_1_320' title='bbox 1651 1645 1721 1673; x_wconf 72' lang='lat' dir='ltr'>gna-</span> 
     </span>
    </p>
   </div>
   <div class='ocr_carea' id='block_1_53' title="bbox 934 1680 1721 1716">
    <p class='ocr_par' dir='ltr' id='par_1_53' title="bbox 934 1680 1721 1716">
     <span class='ocr_line' id='line_1_53' title="bbox 934 1680 1721 1716; baseline 0.004 -9"><span class='ocrx_word' id='word_1_321' title='bbox 934 1688 1038 1715; x_wconf 87' lang='lat' dir='ltr'>vosque</span> <span class='ocrx_word' id='word_1_322' title='bbox 1058 1680 1144 1709; x_wconf 83' lang='lat' dir='ltr'>duces</span> <span class='ocrx_word' id='word_1_323' title='bbox 1172 1681 1322 1709; x_wconf 74' lang='lat' dir='ltr'>Romanam</span> <span class='ocrx_word' id='word_1_324' title='bbox 1347 1681 1464 1709; x_wconf 82' lang='lat' dir='ltr'>classem</span> <span class='ocrx_word' id='word_1_325' title='bbox 1490 1681 1605 1709; x_wconf 83' lang='lat' dir='ltr'>ductare</span> <span class='ocrx_word' id='word_1_326' title='bbox 1632 1682 1721 1716; x_wconf 87' lang='lat' dir='ltr'>jubet.</span> 
     </span>
    </p>
   </div>
   <div class='ocr_carea' id='block_1_54' title="bbox 934 1725 1723 1762">
    <p class='ocr_par' dir='ltr' id='par_1_54' title="bbox 934 1725 1723 1762">
     <span class='ocr_line' id='line_1_54' title="bbox 934 1725 1723 1762; baseline 0.004 -10"><span class='ocrx_word' id='word_1_327' title='bbox 934 1725 1003 1753; x_wconf 87' lang='lat' dir='ltr'>Tum</span> <span class='ocrx_word' id='word_1_328' title='bbox 1019 1725 1162 1758; x_wconf 85' lang='lat' dir='ltr'>Basilium,</span> <span class='ocrx_word' id='word_1_329' title='bbox 1180 1726 1225 1753; x_wconf 90' lang='lat' dir='ltr'>cui</span> <span class='ocrx_word' id='word_1_330' title='bbox 1242 1733 1393 1762; x_wconf 66' lang='lat' dir='ltr'>cognomen</span> <span class='ocrx_word' id='word_1_331' title='bbox 1419 1725 1534 1755; x_wconf 86' lang='lat' dir='ltr'>Petinus</span> <span class='ocrx_word' id='word_1_332' title='bbox 1547 1728 1590 1762; x_wconf 82' lang='lat' dir='ltr'>(ac</span> <span class='ocrx_word' id='word_1_333' title='bbox 1607 1728 1632 1755; x_wconf 84' lang='lat' dir='ltr'>si</span> <span class='ocrx_word' id='word_1_334' title='bbox 1645 1727 1723 1755; x_wconf 80' lang='lat' dir='ltr'>volu-</span> 
     </span>
    </p>
   </div>
   <div class='ocr_carea' id='block_1_55' title="bbox 932 1772 1723 1808">
    <p class='ocr_par' dir='ltr' id='par_1_55' title="bbox 932 1772 1723 1808">
     <span class='ocr_line' id='line_1_55' title="bbox 932 1772 1723 1808; baseline 0.004 -9"><span class='ocrx_word' id='word_1_335' title='bbox 932 1781 1007 1800; x_wconf 76' lang='lat' dir='ltr'>crcm</span> <span class='ocrx_word' id='word_1_336' title='bbox 1016 1772 1116 1808; x_wconf 82' lang='lat' dir='ltr'>dicas),</span> <span class='ocrx_word' id='word_1_337' title='bbox 1134 1772 1281 1808; x_wconf 87' lang='lat' dir='ltr'>patricium</span> <span class='ocrx_word' id='word_1_338' title='bbox 1301 1776 1377 1801; x_wconf 82' lang='lat' dir='ltr'>creat</span> <span class='ocrx_word' id='word_1_339' title='bbox 1388 1780 1420 1800; x_wconf 89' lang='lat' dir='ltr'>ac</span> <span class='ocrx_word' id='word_1_340' title='bbox 1434 1780 1564 1808; x_wconf 75' lang='lat' dir='ltr'>magnum</span> <span class='ocrx_word' id='word_1_341' title='bbox 1576 1773 1723 1802; x_wconf 67' lang='lat' dir='ltr'>hetariar-</span> 
     </span>
    </p>
   </div>
   <div class='ocr_carea' id='block_1_56' title="bbox 933 1817 1723 1854">
    <p class='ocr_par' dir='ltr' id='par_1_56' title="bbox 933 1817 1723 1854">
     <span class='ocr_line' id='line_1_56' title="bbox 933 1817 1723 1854; baseline 0.003 -8"><span class='ocrx_word' id='word_1_342' title='bbox 933 1821 1023 1848; x_wconf 78' lang='lat' dir='ltr'>ctiam.</span> <span class='ocrx_word' id='word_1_343' title='bbox 1047 1817 1213 1852; x_wconf 74' lang='lat' dir='ltr'>Marianum,</span> <span class='ocrx_word' id='word_1_344' title='bbox 1237 1818 1407 1854; x_wconf 75' lang='lat' dir='ltr'>Argyrorum</span> <span class='ocrx_word' id='word_1_345' title='bbox 1431 1820 1519 1854; x_wconf 82' lang='lat' dir='ltr'>stirpe</span> <span class='ocrx_word' id='word_1_346' title='bbox 1546 1823 1648 1853; x_wconf 81' lang='lat' dir='ltr'>satum,</span> <span class='ocrx_word' id='word_1_347' title='bbox 1672 1819 1723 1848; x_wconf 84' lang='lat' dir='ltr'>de-</span> 
     </span>
    </p>
   </div>
   <div class='ocr_carea' id='block_1_57' title="bbox 932 1864 1723 1893">
    <p class='ocr_par' dir='ltr' id='par_1_57' title="bbox 932 1864 1723 1893">
     <span class='ocr_line' id='line_1_57' title="bbox 932 1864 1723 1893; baseline 0.003 -2"><span class='ocrx_word' id='word_1_348' title='bbox 932 1868 1022 1892; x_wconf 77' lang='lat' dir='ltr'>tracto</span> <span class='ocrx_word' id='word_1_349' title='bbox 1036 1864 1164 1892; x_wconf 85' lang='lat' dir='ltr'>monachi</span> <span class='ocrx_word' id='word_1_350' title='bbox 1179 1864 1276 1893; x_wconf 81' lang='lat' dir='ltr'>habitu</span> <span class='ocrx_word' id='word_1_351' title='bbox 1293 1864 1394 1892; x_wconf 83' lang='lat' dir='ltr'>stabuli</span> <span class='ocrx_word' id='word_1_352' title='bbox 1406 1865 1534 1892; x_wconf 84' lang='lat' dir='ltr'>comitem</span> <span class='ocrx_word' id='word_1_353' title='bbox 1553 1865 1629 1892; x_wconf 74' lang='lat' dir='ltr'>facit.</span> <span class='ocrx_word' id='word_1_354' title='bbox 1645 1864 1723 1893; x_wconf 83' lang='lat' dir='ltr'>Pari-</span> 
     </span>
    </p>
   </div>
   <div class='ocr_carea' id='block_1_58' title="bbox 932 1909 1721 1946">
    <p class='ocr_par' dir='ltr' id='par_1_58' title="bbox 932 1909 1721 1946">
     <span class='ocr_line' id='line_1_58' title="bbox 932 1909 1721 1946; baseline 0.003 -9"><span class='ocrx_word' id='word_1_355' title='bbox 932 1914 974 1937; x_wconf 87' lang='lat' dir='ltr'>ter</span> <span class='ocrx_word' id='word_1_356' title='bbox 997 1909 1150 1938; x_wconf 80' lang='lat' dir='ltr'>Manuelem</span> <span class='ocrx_word' id='word_1_357' title='bbox 1180 1909 1320 1938; x_wconf 84' lang='lat' dir='ltr'>Curticem</span> <span class='ocrx_word' id='word_1_358' title='bbox 1339 1910 1511 1938; x_wconf 82' lang='lat' dir='ltr'>nominatum</span> <span class='ocrx_word' id='word_1_359' title='bbox 1528 1911 1674 1946; x_wconf 82' lang='lat' dir='ltr'>patricium</span> <span class='ocrx_word' id='word_1_360' title='bbox 1688 1919 1721 1939; x_wconf 73' lang='lat' dir='ltr'>ac</span> 
     </span>
    </p>
   </div>
   <div class='ocr_carea' id='block_1_59' title="bbox 932 1955 1720 1992">
    <p class='ocr_par' dir='ltr' id='par_1_59' title="bbox 932 1955 1720 1992">
     <span class='ocr_line' id='line_1_59' title="bbox 932 1955 1720 1992; baseline 0.004 -9"><span class='ocrx_word' id='word_1_361' title='bbox 932 1956 1108 1984; x_wconf 77' lang='lat' dir='ltr'>excubiarum</span> <span class='ocrx_word' id='word_1_362' title='bbox 1120 1955 1302 1992; x_wconf 77' lang='lat' dir='ltr'>Drungarium</span> <span class='ocrx_word' id='word_1_363' title='bbox 1315 1957 1475 1990; x_wconf 76' lang='lat' dir='ltr'>constituit;</span> <span class='ocrx_word' id='word_1_364' title='bbox 1486 1964 1556 1992; x_wconf 84' lang='lat' dir='ltr'>quos</span> <span class='ocrx_word' id='word_1_365' title='bbox 1566 1961 1622 1985; x_wconf 86' lang='lat' dir='ltr'>tres</span> <span class='ocrx_word' id='word_1_366' title='bbox 1633 1957 1720 1990; x_wconf 80' lang='lat' dir='ltr'>viros.</span> 
     </span>
    </p>
   </div>
   <div class='ocr_carea' id='block_1_60' title="bbox 93 2001 892 2047">
    <p class='ocr_par' dir='ltr' id='par_1_60' title="bbox 93 2002 881 2047">
     <span class='ocr_line' id='line_1_60' title="bbox 93 2002 881 2047; baseline -0.008 -11"><span class='ocrx_word' id='word_1_367' title='bbox 93 2009 165 2044; x_wconf 70' lang='grc' dir='ltr'>μετὰ</span> <span class='ocrx_word' id='word_1_368' title='bbox 180 2008 264 2035; x_wconf 82' lang='grc' dir='ltr'>πολὺν</span> <span class='ocrx_word' id='word_1_369' title='bbox 283 2006 379 2042; x_wconf 85' lang='grc' dir='ltr'>χρόνον</span> <span class='ocrx_word' id='word_1_370' title='bbox 399 2005 479 2042; x_wconf 84' lang='grc' dir='ltr'>ὴτοῦ</span> <span class='ocrx_word' id='word_1_371' title='bbox 501 2004 569 2032; x_wconf 81' lang='grc' dir='ltr'>Θεοῦ</span> <span class='ocrx_word' id='word_1_372' title='bbox 595 2004 688 2032; x_wconf 83' lang='grc' dir='ltr'>δικαία</span> <span class='ocrx_word' id='word_1_373' title='bbox 716 2004 816 2047; x_wconf 79' lang='grc' dir='ltr'>κρίσις,</span> <span class='ocrx_word' id='word_1_374' title='bbox 843 2002 881 2035; x_wconf 83' lang='grc' dir='ltr'>ὡς</span> 
     </span>
    </p>
   </div>
   <div class='ocr_carea' id='block_1_61' title="bbox 934 2001 1720 2047">
    <p class='ocr_par' dir='ltr' id='par_1_61' title="bbox 934 2001 1720 2037">
     <span class='ocr_line' id='line_1_61' title="bbox 934 2001 1720 2037; baseline 0.003 -9"><span class='ocrx_word' id='word_1_375' title='bbox 934 2001 1008 2029; x_wconf 85' lang='lat' dir='ltr'>brevi</span> <span class='ocrx_word' id='word_1_376' title='bbox 1025 2001 1171 2036; x_wconf 86' lang='lat' dir='ltr'>interjecto</span> <span class='ocrx_word' id='word_1_377' title='bbox 1187 2005 1320 2037; x_wconf 83' lang='lat' dir='ltr'>tempore,</span> <span class='ocrx_word' id='word_1_378' title='bbox 1333 2001 1408 2036; x_wconf 82' lang='lat' dir='ltr'>justa</span> <span class='ocrx_word' id='word_1_379' title='bbox 1428 2001 1475 2029; x_wconf 87' lang='lat' dir='ltr'>Dei</span> <span class='ocrx_word' id='word_1_380' title='bbox 1501 2001 1573 2029; x_wconf 89' lang='lat' dir='ltr'>ultio</span> <span class='ocrx_word' id='word_1_381' title='bbox 1595 2001 1720 2030; x_wconf 78' lang='lat' dir='ltr'>insecuta</span> 
     </span>
    </p>
   </div>
   <div class='ocr_carea' id='block_1_62' title="bbox 90 2050 880 2090">
    <p class='ocr_par' dir='ltr' id='par_1_62' title="bbox 90 2050 880 2090">
     <span class='ocr_line' id='line_1_62' title="bbox 90 2050 880 2090; baseline -0.008 -8"><span class='ocrx_word' id='word_1_382' title='bbox 90 2056 131 2087; x_wconf 81' lang='grc' dir='ltr'>εἰς</span> <span class='ocrx_word' id='word_1_383' title='bbox 152 2054 265 2090; x_wconf 78' lang='grc' dir='ltr'>χριστὸν</span> <span class='ocrx_word' id='word_1_384' title='bbox 283 2052 335 2081; x_wconf 79' lang='grc' dir='ltr'>τοῦ</span> <span class='ocrx_word' id='word_1_385' title='bbox 352 2053 456 2088; x_wconf 80' lang='grc' dir='ltr'>Κυρίου</span> <span class='ocrx_word' id='word_1_386' title='bbox 484 2053 706 2087; x_wconf 83' lang='grc' dir='ltr'>παροινήσαντας</span> <span class='ocrx_word' id='word_1_387' title='bbox 721 2050 768 2078; x_wconf 77' lang='grc' dir='ltr'>καὶ</span> <span class='ocrx_word' id='word_1_388' title='bbox 784 2050 880 2086; x_wconf 74' lang='grc' dir='ltr'>χεῖρας</span> 
     </span>
    </p>
   </div>
   <div class='ocr_carea' id='block_1_63' title="bbox 87 2096 879 2133">
    <p class='ocr_par' dir='ltr' id='par_1_63' title="bbox 87 2096 879 2133">
     <span class='ocr_line' id='line_1_63' title="bbox 87 2096 879 2133; baseline -0.006 -6"><span class='ocrx_word' id='word_1_389' title='bbox 87 2101 192 2132; x_wconf 73' lang='grc' dir='ltr'>ἀδίκως</span> <span class='ocrx_word' id='word_1_390' title='bbox 222 2099 414 2132; x_wconf 66' lang='grc' dir='ltr'>ἐπιϐαλόντας,</span> <span class='ocrx_word' id='word_1_391' title='bbox 447 2098 497 2133; x_wconf 78' lang='grc' dir='ltr'>τῆς</span> <span class='ocrx_word' id='word_1_392' title='bbox 529 2097 669 2133; x_wconf 77' lang='grc' dir='ltr'>βασιλείας</span> <span class='ocrx_word' id='word_1_393' title='bbox 697 2096 879 2133; x_wconf 79' lang='grc' dir='ltr'>ὀρεγομένους</span> 
     </span>
    </p>
   </div>
   <div class='ocr_carea' id='block_1_64' title="bbox 88 2142 881 2181">
    <p class='ocr_par' dir='ltr' id='par_1_64' title="bbox 88 2142 881 2181">
     <span class='ocr_line' id='line_1_64' title="bbox 88 2142 881 2181; baseline -0.005 -8"><span class='ocrx_word' id='word_1_394' title='bbox 88 2145 242 2181; x_wconf 79' lang='grc' dir='ltr'>μετῆλθεν·</span> <span class='ocrx_word' id='word_1_395' title='bbox 264 2144 313 2172; x_wconf 74' lang='grc' dir='ltr'>ἐπὶ</span> <span class='ocrx_word' id='word_1_396' title='bbox 336 2143 501 2171; x_wconf 81' lang='grc' dir='ltr'>καθοσιώσει</span> <span class='ocrx_word' id='word_1_397' title='bbox 516 2144 571 2180; x_wconf 86' lang='grc' dir='ltr'>γὰρ</span> <span class='ocrx_word' id='word_1_398' title='bbox 587 2143 807 2179; x_wconf 75' lang='grc' dir='ltr'>καταληφθέντες</span> <span class='ocrx_word' id='word_1_399' title='bbox 819 2142 881 2169; x_wconf 80' lang='grc' dir='ltr'>ἑκά-</span> 
     </span>
    </p>
   </div>
   <div class='ocr_carea' id='block_1_65' title="bbox 86 2188 880 2227">
    <p class='ocr_par' dir='ltr' id='par_1_65' title="bbox 86 2188 880 2227">
     <span class='ocr_line' id='line_1_65' title="bbox 86 2188 880 2227; baseline -0.003 -10"><span class='ocrx_word' id='word_1_400' title='bbox 86 2200 164 2227; x_wconf 84' lang='grc' dir='ltr'>τεροι</span> <span class='ocrx_word' id='word_1_401' title='bbox 175 2190 306 2226; x_wconf 71' lang='grc' dir='ltr'>οἰκτίστῳ</span> <span class='ocrx_word' id='word_1_402' title='bbox 320 2190 426 2225; x_wconf 78' lang='grc' dir='ltr'>θανάτῳ</span> <span class='ocrx_word' id='word_1_403' title='bbox 437 2190 468 2217; x_wconf 82' lang='grc' dir='ltr'>τδ</span> <span class='ocrx_word' id='word_1_404' title='bbox 483 2190 533 2226; x_wconf 76' lang='grc' dir='ltr'>ζῇν</span> <span class='ocrx_word' id='word_1_405' title='bbox 547 2189 719 2226; x_wconf 73' lang='grc' dir='ltr'>ἀπέρρηξαν.</span> <span class='ocrx_word' id='word_1_406' title='bbox 732 2189 773 2215; x_wconf 80' lang='grc' dir='ltr'>Τὰ</span> <span class='ocrx_word' id='word_1_407' title='bbox 785 2188 814 2215; x_wconf 68' lang='grc' dir='ltr'>δὲ</span> <span class='ocrx_word' id='word_1_408' title='bbox 829 2197 880 2215; x_wconf 85' lang='grc' dir='ltr'>πι-</span> 
     </span>
    </p>
   </div>
   <div class='ocr_carea' id='block_1_66' title="bbox 87 2234 880 2272">
    <p class='ocr_par' dir='ltr' id='par_1_66' title="bbox 87 2234 880 2272">
     <span class='ocr_line' id='line_1_66' title="bbox 87 2234 880 2272; baseline -0.005 -8"><span class='ocrx_word' id='word_1_409' title='bbox 87 2237 117 2272; x_wconf 85' lang='grc' dir='ltr'>ρὶ</span> <span class='ocrx_word' id='word_1_410' title='bbox 132 2237 227 2264; x_wconf 79' lang='grc' dir='ltr'>αὐτῶν</span> <span class='ocrx_word' id='word_1_411' title='bbox 247 2236 416 2271; x_wconf 75' lang='grc' dir='ltr'>πλατύτερον</span> <span class='ocrx_word' id='word_1_412' title='bbox 431 2244 460 2262; x_wconf 85' lang='grc' dir='ltr'>τι</span> <span class='ocrx_word' id='word_1_413' title='bbox 476 2236 522 2263; x_wconf 71' lang='grc' dir='ltr'>καὶ</span> <span class='ocrx_word' id='word_1_414' title='bbox 536 2234 839 2271; x_wconf 80' lang='grc' dir='ltr'>ὲπεξεργαστικώτερον</span> <span class='ocrx_word' id='word_1_415' title='bbox 850 2235 880 2261; x_wconf 81' lang='grc' dir='ltr'>ὲν</span> 
     </span>
    </p>
   </div>
   <div class='ocr_carea' id='block_1_67' title="bbox 86 2281 658 2320">
    <p class='ocr_par' dir='ltr' id='par_1_67' title="bbox 86 2281 658 2320">
     <span class='ocr_line' id='line_1_67' title="bbox 86 2281 658 2320; baseline -0.002 -10"><span class='ocrx_word' id='word_1_416' title='bbox 86 2285 124 2320; x_wconf 64' lang='grc' dir='ltr'>τῇ</span> <span class='ocrx_word' id='word_1_417' title='bbox 139 2283 339 2320; x_wconf 72' lang='grc' dir='ltr'>προηγουμένῃ</span> <span class='ocrx_word' id='word_1_418' title='bbox 349 2282 479 2318; x_wconf 72' lang='grc' dir='ltr'>ἐξηγήσει</span> <span class='ocrx_word' id='word_1_419' title='bbox 495 2281 658 2317; x_wconf 67' lang='grc' dir='ltr'>ίκθήσομαι.</span> 
     </span>
    </p>
   </div>
   <div class='ocr_carea' id='block_1_68' title="bbox 91 2368 880 2411">
    <p class='ocr_par' dir='ltr' id='par_1_68' title="bbox 91 2368 880 2411">
     <span class='ocr_line' id='line_1_68' title="bbox 91 2368 880 2411; baseline -0.003 -12"><span class='ocrx_word' id='word_1_420' title='bbox 91 2368 94 2371; x_wconf 66' lang='grc'><strong>’</strong></span> <span class='ocrx_word' id='word_1_421' title='bbox 127 2372 161 2407; x_wconf 78' lang='grc' dir='ltr'>β’.</span> <span class='ocrx_word' id='word_1_422' title='bbox 183 2371 261 2399; x_wconf 80' lang='grc' dir='ltr'>Μετὰ</span> <span class='ocrx_word' id='word_1_423' title='bbox 275 2371 303 2398; x_wconf 70' lang='grc' dir='ltr'>δὲ</span> <span class='ocrx_word' id='word_1_424' title='bbox 317 2371 522 2407; x_wconf 73' lang='grc' dir='ltr'>τεσσαράκοντα</span> <span class='ocrx_word' id='word_1_425' title='bbox 539 2372 656 2411; x_wconf 80' lang='grc' dir='ltr'>ἡμέρας,</span> <span class='ocrx_word' id='word_1_426' title='bbox 677 2372 710 2407; x_wconf 80' lang='grc' dir='ltr'>τῇ</span> <span class='ocrx_word' id='word_1_427' title='bbox 731 2371 819 2398; x_wconf 74' lang='grc' dir='ltr'>εἰκάδι</span> <span class='ocrx_word' id='word_1_428' title='bbox 836 2370 880 2398; x_wconf 77' lang='grc' dir='ltr'>ἑδ-</span> 
     </span>
    </p>
   </div>
   <div class='ocr_carea' id='block_1_69' title="bbox 87 2417 880 2454">
    <p class='ocr_par' dir='ltr' id='par_1_69' title="bbox 87 2417 880 2454">
     <span class='ocr_line' id='line_1_69' title="bbox 87 2417 880 2454; baseline -0.003 -8"><span class='ocrx_word' id='word_1_429' title='bbox 87 2419 164 2454; x_wconf 73' lang='grc' dir='ltr'>δόμῃ</span> <span class='ocrx_word' id='word_1_430' title='bbox 176 2418 226 2445; x_wconf 78' lang='grc' dir='ltr'>τοῦ</span> <span class='ocrx_word' id='word_1_431' title='bbox 242 2417 409 2453; x_wconf 75' lang='grc' dir='ltr'>Ἰανουαρίου</span> <span class='ocrx_word' id='word_1_432' title='bbox 435 2418 531 2454; x_wconf 79' lang='grc' dir='ltr'>μηνδς,</span> <span class='ocrx_word' id='word_1_433' title='bbox 546 2417 720 2450; x_wconf 80' lang='grc' dir='ltr'>ὑποπτεύσας</span> <span class='ocrx_word' id='word_1_434' title='bbox 734 2418 880 2445; x_wconf 79' lang='grc' dir='ltr'>Κωνσταν-</span> 
     </span>
    </p>
   </div>
   <div class='ocr_carea' id='block_1_70' title="bbox 84 2463 879 2499">
    <p class='ocr_par' dir='ltr' id='par_1_70' title="bbox 84 2463 879 2499">
     <span class='ocr_line' id='line_1_70' title="bbox 84 2463 879 2499; baseline -0.001 -8"><span class='ocrx_word' id='word_1_435' title='bbox 84 2466 164 2497; x_wconf 82' lang='grc' dir='ltr'>τίνος</span> <span class='ocrx_word' id='word_1_436' title='bbox 183 2464 231 2491; x_wconf 81' lang='grc' dir='ltr'>τόν</span> <span class='ocrx_word' id='word_1_437' title='bbox 254 2472 284 2490; x_wconf 82' lang='grc' dir='ltr'>τε</span> <span class='ocrx_word' id='word_1_438' title='bbox 313 2463 426 2499; x_wconf 79' lang='grc' dir='ltr'>βασιλέα</span> <span class='ocrx_word' id='word_1_439' title='bbox 440 2463 578 2498; x_wconf 84' lang='grc' dir='ltr'>Στέφανον</span> <span class='ocrx_word' id='word_1_440' title='bbox 609 2464 655 2490; x_wconf 81' lang='grc' dir='ltr'>καὶ</span> <span class='ocrx_word' id='word_1_441' title='bbox 671 2464 879 2491; x_wconf 78' lang='grc' dir='ltr'>Κωνστανττνον</span> 
     </span>
    </p>
   </div>
   <div class='ocr_carea' id='block_1_71' title="bbox 82 2508 879 2545">
    <p class='ocr_par' dir='ltr' id='par_1_71' title="bbox 82 2508 879 2545">
     <span class='ocr_line' id='line_1_71' title="bbox 82 2508 879 2545; baseline -0.003 -8"><span class='ocrx_word' id='word_1_442' title='bbox 82 2511 136 2538; x_wconf 80' lang='grc' dir='ltr'>τὸν</span> <span class='ocrx_word' id='word_1_443' title='bbox 151 2510 236 2539; x_wconf 66' lang='grc' dir='ltr'>αὑτοῦ</span> <span class='ocrx_word' id='word_1_444' title='bbox 246 2510 374 2545; x_wconf 74' lang='grc' dir='ltr'>ἀδελφὸν,</span> <span class='ocrx_word' id='word_1_445' title='bbox 390 2510 428 2545; x_wconf 84' lang='grc' dir='ltr'>μή</span> <span class='ocrx_word' id='word_1_446' title='bbox 444 2517 510 2536; x_wconf 87' lang='grc' dir='ltr'>ποτε</span> <span class='ocrx_word' id='word_1_447' title='bbox 521 2508 569 2536; x_wconf 76' lang='grc' dir='ltr'>καὶ</span> <span class='ocrx_word' id='word_1_448' title='bbox 586 2509 647 2536; x_wconf 82' lang='grc' dir='ltr'>κατ’</span> <span class='ocrx_word' id='word_1_449' title='bbox 661 2508 744 2536; x_wconf 76' lang='grc' dir='ltr'>αὐτοῦ</span> <span class='ocrx_word' id='word_1_450' title='bbox 753 2509 788 2536; x_wconf 84' lang='grc' dir='ltr'>τὰ</span> <span class='ocrx_word' id='word_1_451' title='bbox 798 2509 879 2545; x_wconf 84' lang='grc' dir='ltr'>ὃμοια</span> 
     </span>
    </p>
   </div>
   <div class='ocr_carea' id='block_1_72' title="bbox 81 2552 878 2592">
    <p class='ocr_par' dir='ltr' id='par_1_72' title="bbox 81 2552 878 2592">
     <span class='ocr_line' id='line_1_72' title="bbox 81 2552 878 2592; baseline -0.004 -8"><span class='ocrx_word' id='word_1_452' title='bbox 81 2555 308 2592; x_wconf 69' lang='grc' dir='ltr'>διαπράξωνται,</span> <span class='ocrx_word' id='word_1_453' title='bbox 321 2555 369 2582; x_wconf 75' lang='grc' dir='ltr'>καὶ</span> <span class='ocrx_word' id='word_1_454' title='bbox 386 2555 578 2590; x_wconf 80' lang='grc' dir='ltr'>λογισάμενος,</span> <span class='ocrx_word' id='word_1_455' title='bbox 602 2555 671 2591; x_wconf 86' lang='grc' dir='ltr'>ὅπερ</span> <span class='ocrx_word' id='word_1_456' title='bbox 690 2552 725 2591; x_wconf 81' lang='grc' dir='ltr'>ἦν</span> <span class='ocrx_word' id='word_1_457' title='bbox 740 2555 824 2587; x_wconf 71' lang='grc' dir='ltr'>εἰκὸς,</span> <span class='ocrx_word' id='word_1_458' title='bbox 837 2555 878 2582; x_wconf 84' lang='grc' dir='ltr'>ὃτι</span> 
     </span>
    </p>
   </div>
   <div class='ocr_carea' id='block_1_73' title="bbox 79 2600 879 2638">
    <p class='ocr_par' dir='ltr' id='par_1_73' title="bbox 79 2600 879 2638">
     <span class='ocr_line' id='line_1_73' title="bbox 79 2600 879 2638; baseline -0.004 -8"><span class='ocrx_word' id='word_1_459' title='bbox 79 2603 109 2630; x_wconf 76' lang='grc' dir='ltr'>ιι</span> <span class='ocrx_word' id='word_1_460' title='bbox 124 2603 175 2630; x_wconf 77' lang='grc' dir='ltr'>τοῦ</span> <span class='ocrx_word' id='word_1_461' title='bbox 195 2602 262 2630; x_wconf 74' lang='grc' dir='ltr'>ἰδίου</span> <span class='ocrx_word' id='word_1_462' title='bbox 278 2601 382 2638; x_wconf 80' lang='grc' dir='ltr'>πατρὸς</span> <span class='ocrx_word' id='word_1_463' title='bbox 401 2601 452 2628; x_wconf 80' lang='grc' dir='ltr'>οὐκ</span> <span class='ocrx_word' id='word_1_464' title='bbox 467 2600 624 2636; x_wconf 72' lang='grc' dir='ltr'>ἐφείσαντο,</span> <span class='ocrx_word' id='word_1_465' title='bbox 642 2601 701 2634; x_wconf 78' lang='grc' dir='ltr'>πῶς</span> <span class='ocrx_word' id='word_1_466' title='bbox 716 2601 799 2628; x_wconf 81' lang='grc' dir='ltr'>αὑτοῦ</span> <span class='ocrx_word' id='word_1_467' title='bbox 819 2601 879 2635; x_wconf 71' lang='grc' dir='ltr'>φείι</span> 
     </span>
    </p>
   </div>
   <div class='ocr_carea' id='block_1_74' title="bbox 80 2640 878 2684">
    <p class='ocr_par' dir='ltr' id='par_1_74' title="bbox 80 2640 878 2684">
     <span class='ocr_line' id='line_1_74' title="bbox 80 2640 878 2684; baseline -0.003 -9"><span class='ocrx_word' id='word_1_468' title='bbox 80 2657 202 2681; x_wconf 80' lang='grc' dir='ltr'>σωνται,</span> <span class='ocrx_word' id='word_1_469' title='bbox 223 2640 353 2679; x_wconf 69' lang='grc' dir='ltr'>ἑστιάσας</span> <span class='ocrx_word' id='word_1_470' title='bbox 377 2647 489 2679; x_wconf 75' lang='grc' dir='ltr'>αὐτοὺς,</span> <span class='ocrx_word' id='word_1_471' title='bbox 504 2647 556 2682; x_wconf 71' lang='grc' dir='ltr'>ἤδη</span> <span class='ocrx_word' id='word_1_472' title='bbox 581 2648 610 2674; x_wconf 73' lang='grc' dir='ltr'>ἐν</span> <span class='ocrx_word' id='word_1_473' title='bbox 640 2648 674 2684; x_wconf 73' lang='grc' dir='ltr'>τῇ</span> <span class='ocrx_word' id='word_1_474' title='bbox 689 2647 815 2684; x_wconf 74' lang='grc' dir='ltr'>τραπέζῃ</span> <span class='ocrx_word' id='word_1_475' title='bbox 831 2647 878 2674; x_wconf 74' lang='grc' dir='ltr'>καὶ</span> 
     </span>
    </p>
   </div>
   <div class='ocr_carea' id='block_1_75' title="bbox 934 2047 1722 2084">
    <p class='ocr_par' dir='ltr' id='par_1_75' title="bbox 934 2047 1722 2084">
     <span class='ocr_line' id='line_1_75' title="bbox 934 2047 1722 2084; baseline 0 -9"><span class='ocrx_word' id='word_1_476' title='bbox 934 2053 988 2082; x_wconf 88' lang='lat' dir='ltr'>est,</span> <span class='ocrx_word' id='word_1_477' title='bbox 1003 2048 1077 2084; x_wconf 89' lang='lat' dir='ltr'>quod</span> <span class='ocrx_word' id='word_1_478' title='bbox 1107 2049 1135 2077; x_wconf 91' lang='lat' dir='ltr'>in</span> <span class='ocrx_word' id='word_1_479' title='bbox 1166 2051 1280 2076; x_wconf 85' lang='lat' dir='ltr'>unctum</span> <span class='ocrx_word' id='word_1_480' title='bbox 1301 2047 1410 2076; x_wconf 88' lang='lat' dir='ltr'>Domini</span> <span class='ocrx_word' id='word_1_481' title='bbox 1424 2048 1611 2077; x_wconf 63' lang='lat' dir='ltr'>deseviissent</span> <span class='ocrx_word' id='word_1_482' title='bbox 1626 2055 1659 2076; x_wconf 88' lang='lat' dir='ltr'>ac</span> <span class='ocrx_word' id='word_1_483' title='bbox 1671 2048 1722 2076; x_wconf 87' lang='lat' dir='ltr'>iui-</span> 
     </span>
    </p>
   </div>
   <div class='ocr_carea' id='block_1_76' title="bbox 933 2094 1721 2131">
    <p class='ocr_par' dir='ltr' id='par_1_76' title="bbox 933 2094 1721 2131">
     <span class='ocr_line' id='line_1_76' title="bbox 933 2094 1721 2131; baseline -0.001 -8"><span class='ocrx_word' id='word_1_484' title='bbox 933 2096 1026 2130; x_wconf 89' lang='lat' dir='ltr'>quein</span> <span class='ocrx_word' id='word_1_485' title='bbox 1039 2103 1102 2123; x_wconf 92' lang='lat' dir='ltr'>eum</span> <span class='ocrx_word' id='word_1_486' title='bbox 1113 2103 1211 2124; x_wconf 82' lang='lat' dir='ltr'>manus</span> <span class='ocrx_word' id='word_1_487' title='bbox 1231 2094 1402 2131; x_wconf 84' lang='lat' dir='ltr'>injecissent,</span> <span class='ocrx_word' id='word_1_488' title='bbox 1419 2102 1482 2123; x_wconf 88' lang='lat' dir='ltr'>cum</span> <span class='ocrx_word' id='word_1_489' title='bbox 1505 2095 1615 2125; x_wconf 73' lang='lat' dir='ltr'>scilicet</span> <span class='ocrx_word' id='word_1_490' title='bbox 1633 2095 1721 2131; x_wconf 71' lang='lat' dir='ltr'>impe~</span> 
     </span>
    </p>
   </div>
   <div class='ocr_carea' id='block_1_77' title="bbox 933 2140 1720 2176">
    <p class='ocr_par' dir='ltr' id='par_1_77' title="bbox 933 2140 1720 2176">
     <span class='ocr_line' id='line_1_77' title="bbox 933 2140 1720 2176; baseline 0.001 -8"><span class='ocrx_word' id='word_1_491' title='bbox 933 2141 1013 2168; x_wconf 84' lang='lat' dir='ltr'>randi</span> <span class='ocrx_word' id='word_1_492' title='bbox 1030 2141 1115 2169; x_wconf 85' lang='lat' dir='ltr'>libido</span> <span class='ocrx_word' id='word_1_493' title='bbox 1134 2149 1182 2169; x_wconf 89' lang='lat' dir='ltr'>eos</span> <span class='ocrx_word' id='word_1_494' title='bbox 1209 2141 1370 2169; x_wconf 76' lang='lat' dir='ltr'>incessisset</span> <span class='ocrx_word' id='word_1_495' title='bbox 1386 2149 1393 2168; x_wconf 90' lang='lat'><strong>:</strong></span> <span class='ocrx_word' id='word_1_496' title='bbox 1411 2140 1566 2176; x_wconf 86' lang='lat' dir='ltr'>majestatis</span> <span class='ocrx_word' id='word_1_497' title='bbox 1588 2141 1662 2169; x_wconf 79' lang='lat' dir='ltr'>enim</span> <span class='ocrx_word' id='word_1_498' title='bbox 1681 2142 1720 2169; x_wconf 90' lang='lat' dir='ltr'>rei</span> 
     </span>
    </p>
   </div>
   <div class='ocr_carea' id='block_1_78' title="bbox 933 2186 1720 2222">
    <p class='ocr_par' dir='ltr' id='par_1_78' title="bbox 933 2186 1720 2222">
     <span class='ocr_line' id='line_1_78' title="bbox 933 2186 1720 2222; baseline -0.001 -8"><span class='ocrx_word' id='word_1_499' title='bbox 933 2187 1047 2222; x_wconf 87' lang='lat' dir='ltr'>peracti,</span> <span class='ocrx_word' id='word_1_500' title='bbox 1060 2187 1217 2215; x_wconf 77' lang='lat' dir='ltr'>miserando</span> <span class='ocrx_word' id='word_1_501' title='bbox 1241 2194 1356 2222; x_wconf 85' lang='lat' dir='ltr'>prorsus</span> <span class='ocrx_word' id='word_1_502' title='bbox 1376 2186 1451 2214; x_wconf 82' lang='lat' dir='ltr'>exitu</span> <span class='ocrx_word' id='word_1_503' title='bbox 1466 2186 1551 2214; x_wconf 78' lang='lat' dir='ltr'>vitam</span> <span class='ocrx_word' id='word_1_504' title='bbox 1581 2186 1720 2214; x_wconf 77' lang='lat' dir='ltr'>ﬁnierunt.</span> 
     </span>
    </p>
   </div>
   <div class='ocr_carea' id='block_1_79' title="bbox 933 2226 1722 2270">
    <p class='ocr_par' dir='ltr' id='par_1_79' title="bbox 933 2226 1722 2270">
     <span class='ocr_line' id='line_1_79' title="bbox 933 2226 1722 2270; baseline -0.001 -8"><span class='ocrx_word' id='word_1_505' title='bbox 933 2226 1069 2264; x_wconf 62' lang='lat' dir='ltr'>caeterum</span> <span class='ocrx_word' id='word_1_506' title='bbox 1095 2241 1156 2270; x_wconf 66' lang='lat' dir='ltr'>qua</span> <span class='ocrx_word' id='word_1_507' title='bbox 1181 2233 1216 2261; x_wconf 79' lang='lat' dir='ltr'>ad</span> <span class='ocrx_word' id='word_1_508' title='bbox 1230 2233 1293 2262; x_wconf 88' lang='lat' dir='ltr'>illos</span> <span class='ocrx_word' id='word_1_509' title='bbox 1307 2237 1434 2269; x_wconf 80' lang='lat' dir='ltr'>spectant</span> <span class='ocrx_word' id='word_1_510' title='bbox 1455 2232 1545 2270; x_wconf 75' lang='grc' dir='ltr'>[μείω</span> <span class='ocrx_word' id='word_1_511' title='bbox 1561 2233 1722 2269; x_wconf 84' lang='lat' dir='ltr'>operosius-</span> 
     </span>
    </p>
   </div>
   <div class='ocr_carea' id='block_1_80' title="bbox 933 2279 1722 2316">
    <p class='ocr_par' dir='ltr' id='par_1_80' title="bbox 933 2279 1722 2316">
     <span class='ocr_line' id='line_1_80' title="bbox 933 2279 1722 2316; baseline -0.001 -9"><span class='ocrx_word' id='word_1_512' title='bbox 933 2288 987 2316; x_wconf 84' lang='lat' dir='ltr'>que</span> <span class='ocrx_word' id='word_1_513' title='bbox 1014 2287 1160 2316; x_wconf 83' lang='lat' dir='ltr'>exsequar,</span> <span class='ocrx_word' id='word_1_514' title='bbox 1187 2279 1233 2308; x_wconf 87' lang='lat' dir='ltr'>ubi</span> <span class='ocrx_word' id='word_1_515' title='bbox 1259 2287 1294 2307; x_wconf 76' lang='lat' dir='ltr'>ex</span> <span class='ocrx_word' id='word_1_516' title='bbox 1323 2279 1448 2315; x_wconf 76' lang='lat' dir='ltr'>professo</span> <span class='ocrx_word' id='word_1_517' title='bbox 1464 2286 1520 2307; x_wconf 87' lang='lat' dir='ltr'>rem</span> <span class='ocrx_word' id='word_1_518' title='bbox 1536 2286 1597 2306; x_wconf 85' lang='lat' dir='ltr'>sum</span> <span class='ocrx_word' id='word_1_519' title='bbox 1625 2286 1722 2307; x_wconf 84' lang='lat' dir='ltr'>narra-</span> 
     </span>
    </p>
   </div>
   <div class='ocr_carea' id='block_1_81' title="bbox 911 2329 1024 2355">
    <p class='ocr_par' dir='ltr' id='par_1_81' title="bbox 911 2329 1024 2355">
     <span class='ocr_line' id='line_1_81' title="bbox 911 2329 1024 2355; baseline 0.009 -2"><span class='ocrx_word' id='word_1_520' title='bbox 911 2329 914 2332; x_wconf 74' lang='lat'><em>‘</em></span> <span class='ocrx_word' id='word_1_521' title='bbox 933 2332 1024 2355; x_wconf 86' lang='lat' dir='ltr'>turus.</span> 
     </span>
    </p>
   </div>
   <div class='ocr_carea' id='block_1_82' title="bbox 968 2369 1721 2408">
    <p class='ocr_par' dir='ltr' id='par_1_82' title="bbox 968 2369 1721 2408">
     <span class='ocr_line' id='line_1_82' title="bbox 968 2369 1721 2408; baseline -0.003 -8"><span class='ocrx_word' id='word_1_522' title='bbox 968 2373 1049 2408; x_wconf 66' lang='grc'>437</span> <span class='ocrx_word' id='word_1_523' title='bbox 1067 2372 1095 2399; x_wconf 81' lang='grc'><strong>2.</strong></span> <span class='ocrx_word' id='word_1_524' title='bbox 1111 2372 1178 2400; x_wconf 86' lang='lat' dir='ltr'>Post</span> <span class='ocrx_word' id='word_1_525' title='bbox 1193 2371 1251 2399; x_wconf 85' lang='lat' dir='ltr'>dies</span> <span class='ocrx_word' id='word_1_526' title='bbox 1265 2370 1459 2407; x_wconf 77' lang='lat' dir='ltr'>quadraginta,</span> <span class='ocrx_word' id='word_1_527' title='bbox 1469 2369 1593 2398; x_wconf 80' lang='lat' dir='ltr'>Januarii</span> <span class='ocrx_word' id='word_1_528' title='bbox 1616 2371 1721 2399; x_wconf 75' lang='lat' dir='ltr'>mensis</span> 
     </span>
    </p>
   </div>
   <div class='ocr_carea' id='block_1_83' title="bbox 933 2417 1720 2454">
    <p class='ocr_par' dir='ltr' id='par_1_83' title="bbox 933 2417 1720 2454">
     <span class='ocr_line' id='line_1_83' title="bbox 933 2417 1720 2454; baseline -0.004 -7"><span class='ocrx_word' id='word_1_529' title='bbox 933 2420 1049 2454; x_wconf 85' lang='lat' dir='ltr'>septimo</span> <span class='ocrx_word' id='word_1_530' title='bbox 1064 2426 1146 2454; x_wconf 87' lang='lat' dir='ltr'>supra</span> <span class='ocrx_word' id='word_1_531' title='bbox 1156 2418 1330 2454; x_wconf 71' lang='lat' dir='ltr'>vigesimum,</span> <span class='ocrx_word' id='word_1_532' title='bbox 1341 2417 1538 2446; x_wconf 84' lang='lat' dir='ltr'>Constantinus</span> <span class='ocrx_word' id='word_1_533' title='bbox 1551 2417 1720 2453; x_wconf 71' lang='lat' dir='ltr'>Stephanum</span> 
     </span>
    </p>
   </div>
   <div class='ocr_carea' id='block_1_84' title="bbox 933 2463 1719 2501">
    <p class='ocr_par' dir='ltr' id='par_1_84' title="bbox 933 2463 1719 2501">
     <span class='ocr_line' id='line_1_84' title="bbox 933 2463 1719 2501; baseline -0.004 -8"><span class='ocrx_word' id='word_1_534' title='bbox 933 2465 1126 2501; x_wconf 85' lang='lat' dir='ltr'>imperatorem</span> <span class='ocrx_word' id='word_1_535' title='bbox 1148 2464 1264 2499; x_wconf 82' lang='lat' dir='ltr'>ejusque</span> <span class='ocrx_word' id='word_1_536' title='bbox 1289 2463 1404 2491; x_wconf 79' lang='lat' dir='ltr'>fratrem</span> <span class='ocrx_word' id='word_1_537' title='bbox 1432 2463 1644 2492; x_wconf 86' lang='lat' dir='ltr'>Constantinum</span> <span class='ocrx_word' id='word_1_538' title='bbox 1671 2470 1719 2491; x_wconf 92' lang='lat' dir='ltr'>su-</span> 
     </span>
    </p>
   </div>
   <div class='ocr_carea' id='block_1_85' title="bbox 932 2509 1719 2547">
    <p class='ocr_par' dir='ltr' id='par_1_85' title="bbox 932 2509 1719 2547">
     <span class='ocr_line' id='line_1_85' title="bbox 932 2509 1719 2547; baseline -0.003 -8"><span class='ocrx_word' id='word_1_539' title='bbox 932 2515 1041 2547; x_wconf 90' lang='lat' dir='ltr'>spectos</span> <span class='ocrx_word' id='word_1_540' title='bbox 1058 2510 1173 2543; x_wconf 87' lang='lat' dir='ltr'>habens,</span> <span class='ocrx_word' id='word_1_541' title='bbox 1197 2517 1233 2537; x_wconf 90' lang='lat' dir='ltr'>ne</span> <span class='ocrx_word' id='word_1_542' title='bbox 1259 2510 1370 2545; x_wconf 84' lang='lat' dir='ltr'>quando</span> <span class='ocrx_word' id='word_1_543' title='bbox 1395 2509 1424 2537; x_wconf 90' lang='lat' dir='ltr'>in</span> <span class='ocrx_word' id='word_1_544' title='bbox 1450 2516 1480 2537; x_wconf 85' lang='lat' dir='ltr'>se</span> <span class='ocrx_word' id='word_1_545' title='bbox 1495 2516 1607 2544; x_wconf 83' lang='lat' dir='ltr'>quoque</span> <span class='ocrx_word' id='word_1_546' title='bbox 1623 2509 1719 2537; x_wconf 79' lang='lat' dir='ltr'>eadem</span> 
     </span>
    </p>
   </div>
   <div class='ocr_carea' id='block_1_86' title="bbox 932 2555 1720 2591">
    <p class='ocr_par' dir='ltr' id='par_1_86' title="bbox 932 2555 1720 2591">
     <span class='ocr_line' id='line_1_86' title="bbox 932 2555 1720 2591; baseline 0 -8"><span class='ocrx_word' id='word_1_547' title='bbox 932 2560 1108 2588; x_wconf 77' lang='lat' dir='ltr'>attentarent,</span> <span class='ocrx_word' id='word_1_548' title='bbox 1134 2562 1283 2591; x_wconf 83' lang='lat' dir='ltr'>secumque</span> <span class='ocrx_word' id='word_1_549' title='bbox 1305 2559 1446 2590; x_wconf 86' lang='lat' dir='ltr'>reputans,</span> <span class='ocrx_word' id='word_1_550' title='bbox 1461 2555 1501 2582; x_wconf 89' lang='lat' dir='ltr'>uti</span> <span class='ocrx_word' id='word_1_551' title='bbox 1518 2562 1568 2590; x_wconf 89' lang='lat' dir='ltr'>par</span> <span class='ocrx_word' id='word_1_552' title='bbox 1586 2559 1656 2588; x_wconf 81' lang='lat' dir='ltr'>erat,</span> <span class='ocrx_word' id='word_1_553' title='bbox 1672 2562 1720 2583; x_wconf 84' lang='lat' dir='ltr'>eos</span> 
     </span>
    </p>
   </div>
   <div class='ocr_carea' id='block_1_87' title="bbox 932 2600 1719 2637">
    <p class='ocr_par' dir='ltr' id='par_1_87' title="bbox 932 2600 1719 2637">
     <span class='ocr_line' id='line_1_87' title="bbox 932 2600 1719 2637; baseline -0.001 -8"><span class='ocrx_word' id='word_1_554' title='bbox 932 2602 978 2637; x_wconf 89' lang='lat' dir='ltr'>qui</span> <span class='ocrx_word' id='word_1_555' title='bbox 993 2609 1043 2629; x_wconf 89' lang='lat' dir='ltr'>nec</span> <span class='ocrx_word' id='word_1_556' title='bbox 1062 2601 1134 2637; x_wconf 89' lang='lat' dir='ltr'>patri</span> <span class='ocrx_word' id='word_1_557' title='bbox 1159 2600 1356 2636; x_wconf 84' lang='lat' dir='ltr'>pepercissent,</span> <span class='ocrx_word' id='word_1_558' title='bbox 1380 2600 1452 2628; x_wconf 84' lang='lat' dir='ltr'>haud</span> <span class='ocrx_word' id='word_1_559' title='bbox 1478 2600 1530 2629; x_wconf 90' lang='lat' dir='ltr'>sibi</span> <span class='ocrx_word' id='word_1_560' title='bbox 1555 2601 1719 2636; x_wconf 83' lang='lat' dir='ltr'>pareitnros,</span> 
     </span>
    </p>
   </div>
   <div class='ocr_carea' id='block_1_88' title="bbox 932 2647 1722 2683">
    <p class='ocr_par' dir='ltr' id='par_1_88' title="bbox 932 2647 1722 2683">
     <span class='ocr_line' id='line_1_88' title="bbox 932 2647 1722 2683; baseline 0 -8"><span class='ocrx_word' id='word_1_561' title='bbox 932 2648 1058 2676; x_wconf 81' lang='lat' dir='ltr'>convivio</span> <span class='ocrx_word' id='word_1_562' title='bbox 1072 2652 1200 2683; x_wconf 89' lang='lat' dir='ltr'>acceptos</span> <span class='ocrx_word' id='word_1_563' title='bbox 1219 2647 1332 2683; x_wconf 85' lang='lat' dir='ltr'>jamque</span> <span class='ocrx_word' id='word_1_564' title='bbox 1354 2654 1457 2675; x_wconf 65' lang='lat' dir='ltr'>mensae</span> <span class='ocrx_word' id='word_1_565' title='bbox 1472 2648 1676 2680; x_wconf 80' lang='lat' dir='ltr'>accumbentes,</span> <span class='ocrx_word' id='word_1_566' title='bbox 1693 2652 1722 2675; x_wconf 77' lang='lat' dir='ltr'>et</span> 
     </span>
    </p>
   </div>
   <div class='ocr_carea' id='block_1_89' title="bbox 80 2691 892 2730">
    <p class='ocr_par' dir='ltr' id='par_1_89' title="bbox 80 2691 878 2729">
     <span class='ocr_line' id='line_1_89' title="bbox 80 2691 878 2729; baseline -0.001 -9"><span class='ocrx_word' id='word_1_567' title='bbox 80 2693 302 2729; x_wconf 70' lang='grc' dir='ltr'>καθεζομένους,</span> <span class='ocrx_word' id='word_1_568' title='bbox 321 2691 438 2729; x_wconf 71' lang='grc' dir='ltr'>[Ρ.272]</span> <span class='ocrx_word' id='word_1_569' title='bbox 454 2692 495 2719; x_wconf 75' lang='grc' dir='ltr'>ἔτι</span> <span class='ocrx_word' id='word_1_570' title='bbox 509 2693 559 2728; x_wconf 83' lang='grc' dir='ltr'>τῆς</span> <span class='ocrx_word' id='word_1_571' title='bbox 569 2692 696 2728; x_wconf 83' lang='grc' dir='ltr'>βρώσεως</span> <span class='ocrx_word' id='word_1_572' title='bbox 707 2693 789 2728; x_wconf 79' lang='grc' dir='ltr'>οῡσης</span> <span class='ocrx_word' id='word_1_573' title='bbox 803 2693 831 2719; x_wconf 78' lang='grc' dir='ltr'>ἰν</span> <span class='ocrx_word' id='word_1_574' title='bbox 839 2693 878 2729; x_wconf 80' lang='grc' dir='ltr'>τῷ</span> 
     </span>
    </p>
   </div>
   <div class='ocr_carea' id='block_1_90' title="bbox 934 2691 1722 2730">
    <p class='ocr_par' dir='ltr' id='par_1_90' title="bbox 934 2693 1722 2730">
     <span class='ocr_line' id='line_1_90' title="bbox 934 2693 1722 2730; baseline 0 -8"><span class='ocrx_word' id='word_1_575' title='bbox 934 2703 992 2722; x_wconf 80' lang='lat' dir='ltr'>cum</span> <span class='ocrx_word' id='word_1_576' title='bbox 1008 2695 1049 2722; x_wconf 88' lang='lat' dir='ltr'>eis</span> <span class='ocrx_word' id='word_1_577' title='bbox 1063 2694 1155 2722; x_wconf 87' lang='lat' dir='ltr'>adhuc</span> <span class='ocrx_word' id='word_1_578' title='bbox 1173 2693 1201 2722; x_wconf 91' lang='lat' dir='ltr'>in</span> <span class='ocrx_word' id='word_1_579' title='bbox 1213 2701 1260 2721; x_wconf 89' lang='lat' dir='ltr'>ore</span> <span class='ocrx_word' id='word_1_580' title='bbox 1276 2693 1355 2721; x_wconf 86' lang='lat' dir='ltr'>cibus</span> <span class='ocrx_word' id='word_1_581' title='bbox 1370 2697 1454 2728; x_wconf 86' lang='lat' dir='ltr'>esset,</span> <span class='ocrx_word' id='word_1_582' title='bbox 1466 2694 1658 2730; x_wconf 84' lang='lat' dir='ltr'>comprehendi</span> <span class='ocrx_word' id='word_1_583' title='bbox 1673 2702 1722 2722; x_wconf 84' lang='lat' dir='ltr'>eos</span> 
     </span>
    </p>
   </div>
   <div class='ocr_carea' id='block_1_91' title="bbox 79 2734 877 2773">
    <p class='ocr_par' dir='ltr' id='par_1_91' title="bbox 79 2734 877 2773">
     <span class='ocr_line' id='line_1_91' title="bbox 79 2734 877 2773; baseline -0.001 -8"><span class='ocrx_word' id='word_1_584' title='bbox 79 2738 208 2773; x_wconf 81' lang='grc' dir='ltr'>στόματι</span> <span class='ocrx_word' id='word_1_585' title='bbox 223 2738 326 2770; x_wconf 78' lang='grc' dir='ltr'>αὐτῶν,</span> <span class='ocrx_word' id='word_1_586' title='bbox 341 2737 506 2773; x_wconf 64' lang='grc' dir='ltr'>ἀνήρπασαν</span> <span class='ocrx_word' id='word_1_587' title='bbox 524 2734 598 2765; x_wconf 73' lang='grc' dir='ltr'>οὗτοι</span> <span class='ocrx_word' id='word_1_588' title='bbox 609 2738 633 2765; x_wconf 74' lang='grc' dir='ltr'>οἱ</span> <span class='ocrx_word' id='word_1_589' title='bbox 647 2737 790 2773; x_wconf 76' lang='grc' dir='ltr'>λεγόμενοι</span> <span class='ocrx_word' id='word_1_590' title='bbox 807 2738 877 2773; x_wconf 88' lang='grc' dir='ltr'>Τορ-</span> 
     </span>
    </p>
   </div>
   <div class='ocr_carea' id='block_1_92' title="bbox 77 2783 878 2819">
    <p class='ocr_par' dir='ltr' id='par_1_92' title="bbox 77 2783 878 2819">
     <span class='ocr_line' id='line_1_92' title="bbox 77 2783 878 2819; baseline -0.001 -7"><span class='ocrx_word' id='word_1_591' title='bbox 77 2785 174 2812; x_wconf 78' lang='grc' dir='ltr'>νικιοι</span> <span class='ocrx_word' id='word_1_592' title='bbox 192 2784 241 2812; x_wconf 69' lang='grc' dir='ltr'>καὶ</span> <span class='ocrx_word' id='word_1_593' title='bbox 267 2784 283 2810; x_wconf 76' lang='grc' dir='ltr'>ὁ</span> <span class='ocrx_word' id='word_1_594' title='bbox 300 2783 446 2819; x_wconf 80' lang='grc' dir='ltr'>πατρίκιος</span> <span class='ocrx_word' id='word_1_595' title='bbox 462 2783 605 2819; x_wconf 74' lang='grc' dir='ltr'>Παριανὸς</span> <span class='ocrx_word' id='word_1_596' title='bbox 629 2785 678 2811; x_wconf 81' lang='grc' dir='ltr'>καὶ</span> <span class='ocrx_word' id='word_1_597' title='bbox 696 2784 723 2810; x_wconf 76' lang='grc' dir='ltr'>οἱ</span> <span class='ocrx_word' id='word_1_598' title='bbox 742 2783 832 2811; x_wconf 78' lang='grc' dir='ltr'>λοιποὶ</span> <span class='ocrx_word' id='word_1_599' title='bbox 854 2785 878 2811; x_wconf 84' lang='lat' dir='ltr'>ot</span> 
     </span>
    </p>
   </div>
   <div class='ocr_carea' id='block_1_93' title="bbox 77 2829 878 2865">
    <p class='ocr_par' dir='ltr' id='par_1_93' title="bbox 77 2829 878 2865">
     <span class='ocr_line' id='line_1_93' title="bbox 77 2829 878 2865; baseline 0.004 -9"><span class='ocrx_word' id='word_1_600' title='bbox 77 2829 164 2865; x_wconf 78' lang='grc' dir='ltr'>πρὸς</span> <span class='ocrx_word' id='word_1_601' title='bbox 184 2829 263 2857; x_wconf 79' lang='grc' dir='ltr'>τοῦτο</span> <span class='ocrx_word' id='word_1_602' title='bbox 277 2829 507 2865; x_wconf 83' lang='grc' dir='ltr'>ηὐτρεπισμένοι,</span> <span class='ocrx_word' id='word_1_603' title='bbox 533 2830 582 2857; x_wconf 77' lang='grc' dir='ltr'>καὶ</span> <span class='ocrx_word' id='word_1_604' title='bbox 600 2830 646 2858; x_wconf 79' lang='grc' dir='ltr'>τοῦ</span> <span class='ocrx_word' id='word_1_605' title='bbox 661 2830 794 2858; x_wconf 78' lang='grc' dir='ltr'>παλατίου</span> <span class='ocrx_word' id='word_1_606' title='bbox 809 2840 878 2859; x_wconf 86' lang='grc' dir='ltr'>κατ-</span> 
     </span>
    </p>
   </div>
   <div class='ocr_carea' id='block_1_94' title="bbox 77 2874 878 2912">
    <p class='ocr_par' dir='ltr' id='par_1_94' title="bbox 77 2874 878 2912">
     <span class='ocr_line' id='line_1_94' title="bbox 77 2874 878 2912; baseline 0.005 -12"><span class='ocrx_word' id='word_1_607' title='bbox 77 2877 197 2910; x_wconf 73' lang='grc' dir='ltr'>ήγαγον</span> <span class='ocrx_word' id='word_1_608' title='bbox 210 2875 257 2902; x_wconf 80' lang='grc' dir='ltr'>καὶ</span> <span class='ocrx_word' id='word_1_609' title='bbox 269 2875 363 2906; x_wconf 77' lang='grc' dir='ltr'>ὲνταῑς</span> <span class='ocrx_word' id='word_1_610' title='bbox 375 2874 691 2912; x_wconf 76' lang='grc' dir='ltr'>πλησιαζούσαιςνήσοις</span> <span class='ocrx_word' id='word_1_611' title='bbox 704 2877 818 2910; x_wconf 73' lang='grc' dir='ltr'>τούτους</span> <span class='ocrx_word' id='word_1_612' title='bbox 828 2885 878 2904; x_wconf 80' lang='grc' dir='ltr'>πι-</span> 
     </span>
    </p>
   </div>
   <div class='ocr_carea' id='block_1_95' title="bbox 81 2919 631 2958">
    <p class='ocr_par' dir='ltr' id='par_1_95' title="bbox 81 2919 631 2958">
     <span class='ocr_line' id='line_1_95' title="bbox 81 2919 631 2958; baseline 0.004 -11"><span class='ocrx_word' id='word_1_613' title='bbox 81 2919 226 2957; x_wconf 72' lang='grc' dir='ltr'>μώρισαν</span> <span class='ocrx_word' id='word_1_614' title='bbox 236 2921 283 2948; x_wconf 76' lang='grc' dir='ltr'>καὶ</span> <span class='ocrx_word' id='word_1_615' title='bbox 305 2920 454 2957; x_wconf 75' lang='grc' dir='ltr'>κληρικοῦς</span> <span class='ocrx_word' id='word_1_616' title='bbox 469 2921 631 2958; x_wconf 82' lang='grc' dir='ltr'>ἁπέκειραν.</span> 
     </span>
    </p>
   </div>
   <div class='ocr_carea' id='block_1_96' title="bbox 928 2738 1719 2776">
    <p class='ocr_par' dir='ltr' id='par_1_96' title="bbox 928 2738 1719 2776">
     <span class='ocr_line' id='line_1_96' title="bbox 928 2738 1719 2776; baseline -0.001 -9"><span class='ocrx_word' id='word_1_617' title='bbox 928 2740 1017 2776; x_wconf 89' lang='lat' dir='ltr'>jubet.</span> <span class='ocrx_word' id='word_1_618' title='bbox 1032 2739 1142 2776; x_wconf 81' lang='lat' dir='ltr'>Arrepti</span> <span class='ocrx_word' id='word_1_619' title='bbox 1168 2739 1262 2775; x_wconf 85' lang='lat' dir='ltr'>itaque</span> <span class='ocrx_word' id='word_1_620' title='bbox 1279 2747 1294 2767; x_wconf 90' lang='lat' dir='ltr'>a</span> <span class='ocrx_word' id='word_1_621' title='bbox 1308 2738 1456 2773; x_wconf 84' lang='lat' dir='ltr'>Torniciis,</span> <span class='ocrx_word' id='word_1_622' title='bbox 1472 2747 1543 2775; x_wconf 89' lang='lat' dir='ltr'>quos</span> <span class='ocrx_word' id='word_1_623' title='bbox 1562 2744 1673 2772; x_wconf 82' lang='lat' dir='ltr'>vocant,</span> <span class='ocrx_word' id='word_1_624' title='bbox 1690 2744 1719 2767; x_wconf 85' lang='lat' dir='ltr'>ct</span> 
     </span>
    </p>
   </div>
   <div class='ocr_carea' id='block_1_97' title="bbox 932 2785 1721 2822">
    <p class='ocr_par' dir='ltr' id='par_1_97' title="bbox 932 2785 1721 2822">
     <span class='ocr_line' id='line_1_97' title="bbox 932 2785 1721 2822; baseline -0.001 -8"><span class='ocrx_word' id='word_1_625' title='bbox 932 2786 1049 2822; x_wconf 85' lang='lat' dir='ltr'>patricio</span> <span class='ocrx_word' id='word_1_626' title='bbox 1065 2785 1189 2814; x_wconf 73' lang='lat' dir='ltr'>Mariano</span> <span class='ocrx_word' id='word_1_627' title='bbox 1215 2785 1334 2821; x_wconf 84' lang='lat' dir='ltr'>aliisque</span> <span class='ocrx_word' id='word_1_628' title='bbox 1350 2792 1412 2813; x_wconf 91' lang='lat' dir='ltr'>eam</span> <span class='ocrx_word' id='word_1_629' title='bbox 1438 2785 1466 2813; x_wconf 92' lang='lat' dir='ltr'>in</span> <span class='ocrx_word' id='word_1_630' title='bbox 1491 2793 1549 2813; x_wconf 91' lang='lat' dir='ltr'>rem</span> <span class='ocrx_word' id='word_1_631' title='bbox 1574 2785 1721 2820; x_wconf 81' lang='lat' dir='ltr'>expeditis,</span> 
     </span>
    </p>
   </div>
   <div class='ocr_carea' id='block_1_98' title="bbox 931 2831 1723 2869">
    <p class='ocr_par' dir='ltr' id='par_1_98' title="bbox 931 2831 1723 2869">
     <span class='ocr_line' id='line_1_98' title="bbox 931 2831 1723 2869; baseline -0.003 -8"><span class='ocrx_word' id='word_1_632' title='bbox 931 2833 1049 2869; x_wconf 81' lang='lat' dir='ltr'>solaque</span> <span class='ocrx_word' id='word_1_633' title='bbox 1063 2832 1154 2861; x_wconf 87' lang='lat' dir='ltr'>educti</span> <span class='ocrx_word' id='word_1_634' title='bbox 1177 2836 1261 2868; x_wconf 83' lang='lat' dir='ltr'>atque</span> <span class='ocrx_word' id='word_1_635' title='bbox 1291 2832 1318 2859; x_wconf 85' lang='lat' dir='ltr'>in</span> <span class='ocrx_word' id='word_1_636' title='bbox 1335 2832 1475 2867; x_wconf 80' lang='lat' dir='ltr'>proximas</span> <span class='ocrx_word' id='word_1_637' title='bbox 1503 2831 1607 2861; x_wconf 87' lang='lat' dir='ltr'>insulas</span> <span class='ocrx_word' id='word_1_638' title='bbox 1623 2831 1723 2867; x_wconf 82' lang='lat' dir='ltr'>depor-</span> 
     </span>
    </p>
   </div>
   <div class='ocr_carea' id='block_1_99' title="bbox 933 2879 1367 2913">
    <p class='ocr_par' dir='ltr' id='par_1_99' title="bbox 933 2879 1367 2913">
     <span class='ocr_line' id='line_1_99' title="bbox 933 2879 1367 2913; baseline -0.002 -6"><span class='ocrx_word' id='word_1_639' title='bbox 933 2880 993 2913; x_wconf 86' lang='lat' dir='ltr'>tati,</span> <span class='ocrx_word' id='word_1_640' title='bbox 1006 2880 1034 2907; x_wconf 90' lang='lat' dir='ltr'>in</span> <span class='ocrx_word' id='word_1_641' title='bbox 1052 2879 1166 2907; x_wconf 79' lang='lat' dir='ltr'>clericos</span> <span class='ocrx_word' id='word_1_642' title='bbox 1177 2884 1241 2907; x_wconf 84' lang='lat' dir='ltr'>sunt</span> <span class='ocrx_word' id='word_1_643' title='bbox 1256 2879 1367 2909; x_wconf 80' lang='lat' dir='ltr'>attonsi.</span> 
     </span>
    </p>
   </div>
  </div>
