1997 3167
102 183 154 218 165

457 190 530 222 LIB.
544 191 591 222 Π·
608 204 642 209 -
662 190 950 222 CONSTANTINUS
969 189 1350 223 PORPHYROGENITUS.

1679 187 1733 220 466

101 244 283 280 ὶλυτρώσατο,
306 245 344 277 ὡς
375 245 478 278 πάντας
505 247 627 283 σωτήρια
652 249 832 286 ὶπευφημοῦν
848 248 894 274 τὸν

960 248 1075 280 timirum
1101 252 1131 279 ut
1153 254 1249 275 omnes
1272 246 1376 281 optimo
1401 245 1557 281 Christique
1583 246 1735 275 imitatione

102 289 204 324 ἀγαθὸν
231 291 279 317 καὶ
300 292 515 327 χριστομίμητον
541 293 646 320 ἄνακτα
673 295 888 324 Κωνσταντῖνον.

103 336 158 371 Τὴν
170 335 199 362 δὲ
215 336 318 372 ἀρετὴν
332 337 379 364 καὶ
392 337 442 372 τὴν
459 337 560 371 γνῶσιν
586 338 673 371 οὕτως
704 339 835 374 ἐτίμησεν
852 339 890 370 ὡς

103 380 182 411 ἄλλος
193 379 282 411 οὐδεὶς
297 380 352 407 τῶν
365 380 599 416 βεϐασιλευκότων
617 390 625 398 ·
650 382 698 409 καὶ
714 382 806 409 ὅντινα
822 380 891 416 γνῶ-

103 431 147 454 σιν
164 425 261 461 ἔχοντα
275 426 323 453 καὶ
346 428 415 463 πρὸς
433 428 497 460 τοὺς
506 428 606 463 νόμους
621 429 703 463 φύσιν
720 429 768 456 καὶ
795 429 892 463 ἐπιτη-

102 473 229 508 δειότητα
245 473 371 509 εὑρηκὼς
384 472 430 510 ἦν,
445 475 661 510 προανεὸίόασεν
673 475 720 502 καὶ
732 476 772 507 εἰς
791 475 893 510 ὑψηλό-

103 527 182 554 τερον
197 519 293 555 θρόνον
312 520 544 557 ἀποκατέστησεν.
559 522 615 548 Καὶ
627 519 661 558 ἦν
682 522 746 549 ίδεῖν
758 522 893 548 δικαιοδο-

105 565 166 592 σίαν
181 565 230 592 καὶ
245 566 375 601 εὐνομίαν
390 567 419 593 ὲν
435 568 530 601 πᾶσιν,
541 568 578 600 ὡς
595 567 642 594 τοῦ
668 569 895 604 Πορφυρογεννή-

103 610 277 646 τουζταύτην
288 612 498 647 φιλοσοφοῦντος
507 614 554 640 καὶ
568 613 825 650 κατασπαςομένου.
841 614 897 641 Καὶ

104 655 187 688 νόμον
208 658 223 684 ὀ
241 658 419 694 αὐτοκράτωρ
432 659 539 692 ἐξέθετο
550 668 557 675 ·
576 661 638 688 ἰδὼν
648 661 702 696 γὰρ
716 661 785 688 πολὺ
800 661 898 687 πλεον-

104 701 216 728 εκτικὸν
243 703 319 739 παρὰ
336 703 390 731 τῶν
403 705 558 741 ἀκορέστων
570 706 687 741 ἐκχυθὲν
711 707 758 734 καὶ
789 707 843 733 τῶν
870 707 898 734 ὲν

107 748 185 783 μέσῳ
197 748 252 776 τῶν
265 750 405 786 ἐπαρχιῶν
427 752 475 778 καὶ
494 751 617 788 [Ρ.,279]
642 752 750 789 χωρίων
774 753 900 781 ὑπεισελ-

105 794 210 821 οόντων
237 795 377 831 ἀρχόντων
398 797 447 824 καὶ
474 798 537 829 τοὺς
567 798 756 834 ταλαιπώρους
781 799 900 835 πένητας

107 841 409 876 καταδυναστευόντων,
425 844 472 871 καὶ
486 843 549 872 καθ’
563 845 693 880 ἁρπαγὴν
712 845 767 872 τῶν
780 845 901 872 δυνατῶν

106 886 260 922 προάστεια
275 891 527 925 προσ-κτησαμένων
541 889 585 925 διὰ
610 890 738 926 ποικίλης
758 891 808 926 τῇς
834 891 901 926 μεθ-

105 931 168 959 όδου
183 926 411 968 αίτίας,ἒγνωκεν
428 935 594 979 ποιήσασθαι
607 936 656 972 τὴν
670 937 772 964 τούτων
787 938 902 974 ἀφαίρε-

107 985 161 1007 σιν.
184 977 220 1004 Τί
234 979 330 1005 ποιεῖό
345 979 425 1014 σοφὸς
441 981 469 1006 ἐν
482 977 565 1008 πᾶσιν
580 990 587 1014 ;
616 982 782 1017 Συναγαγὼν
796 984 829 1018 τῇ
850 983 902 1010 ὑπὸ

107 1024 189 1057 χεῖρα
201 1023 360 1061 βουλευτικῇ
373 1027 490 1053 ποιεῖται
503 1027 618 1063 μεθόδῳ,
628 1028 691 1060 τοὺς
698 1029 751 1055 ἀπὸ
763 1029 812 1064 τῆς
820 1030 903 1066 ἀναῤ-

107 1069 218 1103 ρήσεως
237 1070 319 1097 αὖτοῦ
349 1071 559 1105 ὐπεισελθόντας
589 1073 790 1106 πλουσίους-καὶ
800 1075 903 1111 ἐξωνη-

108 1116 247 1150 σαμένους
258 1116 274 1152 ἢ
289 1117 502 1154 δωρησαμένους
513 1120 561 1146 καὶ
573 1121 837 1156 κατακρατήσαντας
857 1121 903 1148 τό-

110 1169 159 1187 πια
177 1160 195 1196 ἢ
210 1161 313 1196 ἀγροὺς
335 1164 376 1195 είς
406 1164 495 1199 χωρία
517 1165 689 1201 ἀναργύρους
713 1166 901 1202 ἐκδιώκεσθαι,

110 1208 158 1241 καὶ
182 1209 284 1244 μικρόν
304 1218 332 1236 τι
358 1210 409 1245 τῆς
433 1210 525 1247 λώϐης
543 1212 592 1240 καὶ
608 1213 659 1249 τῆς
673 1212 831 1246 πλεονεξίας
849 1214 903 1242 τῶν

108 1253 272 1290 ἁκορὲστων
284 1256 337 1283 ἀπε
341 1256 486 1293 ῤῥάπισεν.

146 1391 200 1422 ις’.
217 1389 248 1417 Ὀ
263 1390 292 1417 δὲ
310 1391 437 1428 ἐπιεικὴς
448 1393 495 1420 καὶ
509 1394 626 1430 γαληνὸς
636 1394 771 1431 δεσπότης
787 1397 846 1426 οὐδὲ
856 1397 905 1431 τὰς

106 1435 166 1461 τῶν
179 1437 348 1471 προσιόντων
359 1438 578 1477 ἀμφισϐητήσεις
598 1441 644 1468 καὶ
654 1441 836 1477 δικαιολογίας
859 1445 905 1472 καὶ

108 1481 226 1513 στάσεις
247 1483 409 1520 ἀπέγραφεν
428 1485 476 1512 τοῦ
490 1485 612 1519 δικάζειν
636 1486 670 1514 δι’
700 1488 809 1521 ἑαυτοῦ,
838 1489 906 1517 ἀλλὰ

107 1528 159 1554 καὶ
173 1528 232 1559 τοϊς
243 1527 383 1562 δικασταῖς
392 1531 562 1570 συνδικάζειν
577 1533 627 1560 οὐκ
640 1533 812 1564 ἀνεϐάλλετο.
831 1536 906 1572 Παρ-

942 293 1091 325 tn'ttlssitno
1101 300 1133 321 ac
1147 292 1277 321 clementi
1292 291 1449 326 imperatori
1461 291 1643 319 Gonstantino
1656 299 1735 319 acce-

945 344 1020 375 ptam
1032 339 1148 367 salutem
1164 338 1312 366 referentes
1324 338 1422 366 faustis
1438 338 1475 365 illi
1491 338 1737 365 acclamationibus

944 389 1197 419 comprecarentur.
1214 383 1314 411 Virtuti
1332 390 1364 410 ac
1376 383 1496 410 scientiae
1513 382 1644 417 majorem
1656 390 1736 417 supra

944 429 1105 458 decessores
1130 436 1226 457 omnes
1251 428 1391 464 Angustos
1412 428 1545 455 honorem
1573 427 1679 455 habuit.
1708 427 1738 455 Si

944 483 1025 511 quem
1040 481 1137 503 nactus
1145 480 1217 503 esset
1229 476 1320 503 virum
1329 475 1466 502 eruditum
1482 475 1629 510 legumque
1643 475 1735 502 scien-

945 522 990 549 tiae
1004 529 1036 549 ex
1051 521 1142 549 indole
1156 525 1345 556 comparatum
1359 528 1391 548 ac
1401 521 1541 554 idoneum,
1559 515 1741 555 honore—pro-

946 567 1072 594 movebat
1086 574 1118 594 ac
1130 566 1286 595 sublimiori
1297 574 1359 594 cum
1371 566 1435 594 sede
1443 566 1604 594 collocabat.
1617 565 1740 594 Vidisses

946 612 1016 647 mqui
1033 612 1157 648 justique
1179 612 1314 639 rationem
1336 612 1364 639 in
1383 611 1512 639 omnibus
1531 611 1686 647 vigentem,
1710 616 1741 639 ut

948 658 1028 693 cujus
1050 658 1124 685 cultu
1142 657 1421 693 Porphyrogennettts
1444 657 1685 692 philosopharetur
1708 665 1741 685 ac

949 711 1031 739 quam
1051 703 1261 738 amplexaretur.
1280 702 1378 739 Legem
1396 710 1507 740 quoque
1521 703 1607 731 edidit
1620 702 1741 737 impera-

949 756 1002 784 tor.
1018 750 1119 778 Videtis
1141 750 1215 782 enim
1239 750 1436 782 in_satiabilium
1454 750 1596 777 hominum
1619 750 1742 784 nequitia

951 796 1079 836 iniuriam
1102 795 1239 831 alienique
1263 796 1468 831 usurpationem
1497 796 1577 831 longe
1602 795 1741 829 diﬁ‘usam.

951 844 1134 878 proceresque
1150 841 1178 869 in
1193 841 1295 869 medias
1311 842 1467 877 provincias
1480 843 1633 877 oppidaque
1645 847 1672 870 et
1683 841 1742 870 loca

953 888 1144 922 subingressos
1159 888 1300 915 luctuosos
1317 895 1449 922 pauperes
1464 888 1627 923 opprimere,
1641 888 1743 924 vilique

954 934 1041 969 pretio
1053 941 1086 961 ac
1098 933 1194 968 rapina
1206 933 1289 961 variis
1305 933 1409 961 artibus
1425 938 1506 968 atque
1521 933 1664 961 fraudibus
1680 934 1742 961 illo-

953 986 1013 1007 rum
1030 979 1189 1007 suburbana
1210 978 1262 1006 sibi
1285 986 1471 1013 comparasse,
1488 979 1546 1006 haec
1561 979 1614 1007 illis
1634 980 1744 1007 auferre

953 1025 1105 1053 constituit.
1134 1024 1206 1058 Quid
1238 1031 1303 1059 ergo
1331 1024 1373 1051 vir
1398 1024 1499 1059 ubique
1526 1024 1743 1059 sapientissimus

953 1072 1048 1100 facit?
1071 1070 1175 1106 Nempe
1201 1075 1367 1107 congregato
1400 1075 1499 1099 senatu
1533 1071 1605 1099 illius
1633 1071 1744 1101 decreto

953 1118 1051 1150 sancit,
1065 1121 1093 1145 ut
1106 1118 1152 1153 qui
1165 1125 1198 1145 ex
1208 1125 1240 1145 eo
1254 1122 1374 1153 tempore
1385 1125 1439 1152 quo
1449 1117 1494 1145 ille
1502 1125 1594 1146 rerum
1606 1125 1742 1154 summam

953 1165 1068 1200 adeptus
1087 1168 1171 1198 esset,
1198 1163 1368 1199 subingreSsi
1384 1163 1482 1192 divites
1498 1164 1542 1191 vel
1561 1164 1678 1199 pecunia
1694 1172 1746 1191 nu-

953 1215 1055 1239 merata
1076 1210 1118 1238 vel
1136 1210 1207 1238 datis
1228 1210 1390 1238 muneribus
1413 1210 1570 1238 suburbana
1593 1214 1641 1237 aut
1664 1217 1745 1244 agros

953 1257 996 1285 vel
1014 1257 1113 1292 pratdia
1124 1256 1247 1291 suijuris
1263 1256 1403 1289 fecissent,
1425 1256 1467 1284 his
1483 1254 1566 1292 45.8
1577 1256 1652 1283 nullo
1666 1263 1746 1284 acce-

955 1308 1000 1338 pto
1016 1303 1102 1338 pretio
1118 1303 1304 1337 ejicerentur;
1328 1310 1381 1337 qua
1397 1309 1426 1330 re
1440 1302 1584 1330 hominum
1603 1302 1746 1330 insatiabi-

954 1349 1021 1376 lium
1033 1348 1161 1383 injuriam
1178 1349 1310 1382 tantisper
1326 1347 1470 1382 repressit.
1481 1370 1494 1377 ν

991 1394 1035 1422 l6.
1047 1394 1119 1421 Mitis
1134 1401 1198 1421 vero
1208 1385 1456 1428 serenissimnsque
1466 1393 1594 1428 princeps
1608 1400 1642 1420 ne
1651 1400 1746 1421 eorttm

956 1440 1064 1476 quidem
1079 1440 1124 1475 qui
1140 1439 1175 1467 ad
1190 1439 1277 1475 ipsum
1291 1439 1399 1471 adirent
1411 1439 1614 1470 controversias
1630 1440 1747 1475 litesque

957 1495 990 1515 ac
1013 1486 1223 1522 disceptationes
1245 1486 1350 1521 judicio
1373 1486 1451 1513 linire
1470 1485 1746 1521 detrectabat.-quin

956 1533 1037 1561 etiam
1068 1532 1165 1560 lubens
1185 1532 1212 1559 in
1237 1531 1359 1567 judicum
1386 1532 1445 1567 ipse
1467 1539 1599 1563 consessu
1625 1532 1748 1566 sedebat.

108 1573 273 1609 ισταμένων
283 1574 321 1610 τῷ
330 1575 438 1609 ἐκείνου
451 1577 555 1614 βήματι
564 1578 619 1608 τῶν
633 1587 663 1610 τε
673 1579 837 1613 δικαζόντων
852 1582 906 1609 τῶν

960 1577 1114 1606 astantibus
1128 1585 1179 1613 pro
1197 1577 1328 1605 tribttnali
1343 1582 1400 1604 tum
1419 1578 1564 1609 actoribus.
1574 1581 1632 1605 tum
1650 1585 1747 1605 eorum

106 1628 139 1645 τε
151 1621 378 1656 συνηγορούντων
389 1623 444 1654 τῶν
456 1624 654 1659 δικαζομένων,
675 1626 844 1662 ἀπεκρούετο
858 1628 908 1660 τὰς

107 1665 220 1692 τούτων
234 1666 418 1702 δικαιολογίας
433 1670 479 1699 καὶ
499 1669 549 1701 τὰς
563 1670 671 1703 ἀπάτας
695 1673 786 1700 αὐτῶν
801 1680 809 1689 ·
832 1673 908 1702 οὐδὲν

107 1710 170 1749 γὰρ
184 1711 236 1746 τὴν
248 1711 388 1747 ἀγχίνοιαν
400 1714 484 1745 αὐτοῦ
499 1714 637 1750 διέφυγεν,
667 1717 698 1744 οὐ
723 1717 820 1752 ψεῦδος
839 1719 907 1755 ἀλη-

107 1756 178 1792 Θείᾳ
191 1758 385 1793 συγκείμενον,
399 1761 430 1787 οὐ
441 1760 472 1787 re
488 1760 599 1789 πιθανὸν
627 1763 660 1799 τῇ
688 1763 814 1799 διηγήσει
842 1773 908 1799 συγ-

107 1804 332 1840 κεραννύμενον,
347 1806 378 1833 ob
398 1807 542 1842 περίεργοι
556 1810 714 1845 συγγραφαὶ
733 1811 780 1838 καὶ
789 1811 909 1848 κρύϐδην

110 1851 338 1886 συντεθειμέναι,
355 1852 457 1885 αἵτινες
478 1854 527 1881 καὶ
543 1854 607 1887 τοὺς
639 1855 710 1890 ἄγαν
730 1857 910 1893 δραστηρίους

108 1896 279 1924 διέλαθονὲν
291 1897 421 1934 ἀληθείας
435 1901 678 1936 παραπετάσματι.
701 1901 844 1930 Ἐντεῦθεν
871 1904 910 1940 τῷ

111 1941 196 1977 φόὕῳ
207 1942 263 1978 πρὸ
275 1942 327 1978 τῆς
355 1944 474 1979 κρίσεως
486 1946 755 1982 παιδαγωγηθέντες,
782 1948 911 1984 δικαστὴς

110 1987 147 2014 δι’
167 1987 269 2015 ἑαυτοῦ
282 1988 397 2022 ἕκαστος
418 1991 468 2026 τῆς
489 1991 569 2027 δίκης
581 1992 620 2028 τῷ
635 1993 776 2029 ἠδικηκότι
791 1994 910 2031 ἒγένετο.

153 2074 202 2108 ιζ’.
219 2076 280 2112 Χρὴ
306 2075 354 2105 οὖν
376 2080 440 2114 περὶ
451 2080 548 2107 κοινῶν
563 2081 712 2118 φροντίδων
735 2083 783 2113 τοῦ
796 2083 912 2119 ἄνακτος

113 2122 167 2148 καὶ
184 2121 243 2149 τῶν
256 2123 379 2159 ἀπείρων
389 2125 584 2162 διορθωμάτων
603 2129 650 2155 καὶ
666 2129 850 2165 διοικημάτων
865 2131 914 2158 αὒ-

113 2167 167 2194 τοΰ
197 2167 329 2201 ἐξειπεῖν.
354 2170 417 2198 Τῶν
442 2171 599 2208 ἅπανταχοῦ
617 2174 673 2210 γὰρ
687 2176 913 2213 στρατη-(ὤνκαὶ

114 2213 274 2248 βασιλικῶν
283 2217 509 2253 πρωτονοταρίων
526 2219 574 2246 καὶ
587 2220 647 2247 τῶν.
660 2221 694 2248 ὲν
704 2221 811 2257 κώμαις
826 2223 912 2258 smp-

959 1623 1080 1659 patrouis
1099 1623 1147 1658 qui
1166 1623 1192 1650 in
1213 1622 1260 1658 jus
1279 1622 1457 1650 vocabantur.
1481 1622 1682 1650 Advocatorum
1701 1622 1750 1649 dc-

959 1669 1097 1696 fensiones
1104 1676 1255 1703 eorumque
1265 1667 1375 1695 fraudes
1389 1668 1579 1700 amoliebatur.
1591 1668 1667 1701 Quod
1677 1668 1749 1695 enim

960 1715 1031 1743 illius
1046 1715 1222 1750 sagacitatem
1232 1714 1328 1746 lateret
1343 1714 1412 1745 nihil
1426 1719 1496 1744 erat.
1508 1722 1561 1741 non
1577 1714 1749 1741 mendacium

960 1761 1067 1788 veritati
1090 1760 1293 1794 haerenstnpn
1320 1760 1469 1795 probabilis
1490 1759 1569 1788 fucus
1600 1760 1750 1787 narrationi

960 1806 1108 1839 admixtus,
1124 1814 1178 1834 non
1197 1806 1342 1842 superﬂuae
1360 1807 1503 1842 scripturae
1520 1806 1659 1841 libellique
1675 1806 1751 1835 clan—

961 1851 1053 1880 culum
1070 1852 1230 1886 conscripti,
1250 1851 1296 1887 qul
1316 1852 1357 1879 vel
1376 1852 1571 1880 solertissimos
1591 1859 1752 1887 summeque

962 1897 1132 1932 pcrspicaces
1154 1897 1206 1925 sub
1232 1897 1360 1925 ementita
1377 1898 1501 1926 veritatis
1512 1897 1586 1925 larva
1606 1897 1685 1925 facile
1707 1906 1753 1925 va-

963 1943 1174 1979 lcantdecipere.
1186 1942 1253 1970 Hinc
1267 1943 1348 1971 ﬁebat
1358 1948 1423 1971 utet
1438 1944 1645 1978 antejudicium
1655 1944 1753 1976 timore

962 1989 1086 2025 castigati
1104 1996 1119 2017 a
1139 1996 1171 2017 sc
1186 1994 1293 2024 sponte,
1310 1990 1355 2024 qui
1369 1990 1496 2017 fecissent
1512 1989 1705 2024 injuriamtiu
1723 1998 1754 2017 se

963 2035 1015 2072 ipsi
1029 2035 1134 2070 judiees
1149 2040 1241 2063 essent
1255 2043 1286 2063 ac
1296 2036 1457 2064 sententiam
1479 2036 1592 2064 ferrent.

997 2073 1042 2108 Π.
1068 2079 1152 2116 Igitur
1170 2088 1282 2109 necesse
1295 2085 1338 2109 est
1356 2085 1388 2109 ιη
1402 2081 1434 2109 de
1448 2081 1564 2117 publicis
1579 2081 1753 2117 imperatoris

964 2127 1039 2163 curis
1060 2126 1148 2162 deque
1167 2126 1320 2158 innumeris
1335 2127 1408 2155 illius
1425 2135 1541 2155 censura
1555 2127 1708 2154 emendatis
1722 2134 1753 2154 ac

965 2173 1108 2214 deipsius
1132 2173 1414 2207 adrninistrationibus
1434 2181 1589 2202 sermonem
1615 2177 1753 2201 texamus.

965 2218 1033 2247 Cum
1048 2219 1120 2252 enim
1138 2219 1221 2247 duces
1239 2226 1271 2247 ac
1293 2223 1422 2254 przetores
1437 2219 1536 2255 ubique
1550 2219 1670 2254 gentium
1688 2226 1765 2246 conc'

115 2259 197 2294 χίαις
209 2268 242 2286 τε
255 2261 302 2288 καὶ
317 2262 437 2297 πόλεσιν,
454 2263 495 2290 ἔτι
511 2265 564 2300 μὴν
573 2265 620 2293 καὶ
631 2267 671 2300 είς
679 2253 818 2304 ἀρχηγοὺς
828 2253 906 2296 ὲονίύι

960 2265 1054 2294 'stituti
1079 2265 1248 2301 palatinique
1270 2253 1462 2300 protonotarii,
1489 2253 1517 2293 et
1535 2253 1580 2300 qui
1605 2265 1631 2293 in
1649 2265 1756 2301 oppidis

116 2305 368 2342 ἀποστελλομένων
393 2310 577 2345 γραμμάτων,
591 2314 639 2346 καὶ.
655 2312 758 2341 τούτων
783 2314 848 2350 παρ’
866 2314 911 2342 αὺ-

117 2351 170 2377 τοῦ
186 2351 463 2389 ἀναγινωσκομένων,
474 2356 556 2389 εὐθὺς
579 2357 610 2387 τὸ
635 2359 790 2395 φρόντισμα
824 2361 915 2388 αὐτῶν

119 2395 267 2443 διωρίζετο
274 2398 301 2425 τί
315 2399 365 2434 μὲν
376 2399 435 2428 δέον
448 2401 518 2437 περὶ,
528 2402 587 2433 τῶν,
594 2403 635 2439 ἐξ.
645 2403 789 2440 ’Δνατολῆς
801 2407 916 2443 γεγενῆ-

122 2442 199 2476 σθαι,
212 2442 242 2469 τί
256 2444 285 2471 δὲ
302 2446 368 2481 περὶ
382 2447 437 2474 τῶν
450 2447 500 2483 ἀφ’»
520 2449 666 2485 Ἑσπέρας,
692 2451 739 2478 καὶ
752 2451 857 2485 τούτοις
878 2453 917 2486 ὡς

122 2489 256 2518 τὰπολλὰ
268 2490 364 2528 ὥσπερ
379 2494 483 2533 πτηνὸς
503 2495 641 2532 διήρχετο,
667 2498 816 2533 πρεσϐείας
841 2499 918 2535 δεχό-

125 2544 217 2582 μενος,
237 2537 368 2574 ἄρχουσιν
383 2541 558 2575 ἐπιστέλλων,
576 2542 626 2576 τὰς
641 2544 786 2580 προπετῶς
802 2553 918 2582 γεγενη-

126 2581 213 2617 μένας
232 2585 393 2622 μσταὸολὰςν
409 2587 655 2624 ἐπανορθούμενος.
677 2589 706 2616 '0
731 2590 814 2622 αὐτὸς
838 2591 917 2618 Κων-

126 2629 267 2673 σταντινος
280 2629 437 2668 βουλευτὴς,
457 2634 630 2671 φροντιστὴς,
647 2636 811 2672 στρατηγὸς,
825 2637 917 2673 ’στρα-

127 2672 238 2710 ⁴τιιῖιτης,
255 2677 444 2713 στρμτίαρχος,
460 2678 570 2714 ἡγεμὼν
583 2679 818 2714 ἀνεφαίνετο.ζΚαὶ
828 2672 871 2714 τίς
882 2681 916 2709 ἂν

130 2717 161 2748 τὰ
171 2720 295 2748 τοιούτου
311 2724 509 2759 προτερήματα
527 2724 631 2758 ἐξείποι
644 2725 661 2761 ἢ
675 2726 783 2762 φράσῃ;

161 2812 209 2846 ιη’.
231 2812 293 2848 Χρὴ
306 2812 352 2840 οὖν
367 2815 413 2841 καὶ
428 2816 499 2850 ’περὶ
514 2815 561 2842 τοῦ
578 2817 752 2857 νοσοκομείου
777 2817 823 2843 τοῦ
842 2817 916 2844 ὁσίου

120 2858 257 2892 ἐξειπεῖν.
271 2859 314 2895 [Ρ.
323 2859 388 2896 2801
410 2860 438 2889 Ὀ
457 2861 581 2896 βασιλεὺς
597 2863 798 2895 Κωνσταντῖνος
815 2863 916 2891 θεασά-

123 2913 208 2941 ιιονος
238 2905 304 2933 αὐτὸ
329 2908 508 2944 σμικρότατον
543 2909 697 2945 οἰκοδομαῖς
732 2910 916 2946 μακροτάταις

968 2309 1179 2345 regionibusque
1192 2315 1216 2337 et
1232 2309 1346 2337 urbibus
1358 2310 1534 2344 magistratus
1546 2316 1634 2343 erant,
1648 2311 1713 2345 quin
1730 2315 1757 2337 et

968 2355 1089 2390 gentium
1104 2355 1240 2390 principes
1256 2355 1288 2381 ad
1299 2362 1362 2382 cum
1379 2355 1539 2387 scriberent.
1556 2363 1651 2383 eorum
1665 2355 1755 2382 statim

968 2406 1082 2435 scopum
1099 2399 1280 2432 discernebat,
1295 2399 1359 2435 quid
1375 2400 1408 2427 dc
1424 2399 1562 2432 Asiaticis,
1575 2400 1639 2436 quid
1655 2401 1687 2427 de
1702 2400 1755 2427 0c-

969 2445 1057 2473 ciduis
1069 2445 1261 2478 statuendum;
1273 2453 1324 2474 nec
1333 2453 1396 2473 raro
1405 2446 1458 2474 illis
1470 2446 1587 2474 volucria
1604 2447 1632 2474 in
1646 2446 1756 2474 modum

968 2491 1142 2527 praesentiam
1154 2490 1310 2524 adhibebat,
1326 2491 1477 2527 legationes
1491 2492 1654 2527 suscipiens,
1670 2493 1756 2527 magi-

969 2537 1101 2566 stratibus
1122 2537 1256 2570 scribens,
1278 2545 1473 2573 perperamque
1487 2546 1519 2566 ac
1534 2543 1636 2566 temere
1653 2543 1757 2566 mutata

968 2584 1120 2617 corrigens.
1136 2582 1219 2619 M9
1237 2582 1309 2610 Idem
1334 2583 1391 2619 ipse
1405 2583 1602 2615 Constantinus
1624 2589 1755 2616 senator,

969 2633 1090 2663 curator,
1106 2629 1160 2656 dux
1176 2629 1315 2657 exercitus
1330 2637 1363 2661 ac
1380 2634 1489 2664 praetor,
1511 2630 1599 2663 miles,
1618 2630 1757 2660 tribunus.

969 2684 1070 2712 praeses
1078 2679 1230 2711 erattuuua
1243 2676 1363 2703 omnium
1374 2677 1474 2706 muniis
1485 2677 1645 2714 defungens.
1659 2677 1759 2711 Ecquis

969 2731 1034 2751 vero
1054 2722 1106 2750 viri
1127 2722 1190 2750 talis
1214 2722 1338 2758 tantique
1362 2728 1523 2758 prmstantes
1546 2724 1624 2752 dotes
1645 2730 1759 2750 narrare

971 2769 1093 2804 satisque
1121 2768 1211 2796 verbis
1229 2769 1366 2804 explicare
1386 2776 1419 2797 ac
1438 2770 1588 2798 cdisserere
1612 2769 1730 2797 suﬂiciat
1747 2768 1760 2796 ἲ

1008 2816 1051 2843 l8.
1072 2815 1158 2851 Igitur
1181 2822 1270 2851 operae
1286 2816 1402 2851 pretium
1428 2816 1476 2847 sit,
1500 2820 1529 2843 ut
1549 2820 1576 2843 ct
1595 2815 1628 2843 de
1648 2815 1758 2850 publico

971 2862 1047 2890 urbis
1064 2861 1221 2889 nosocomio
1236 2860 1409 2896 (a‘grotorum
1427 2860 1532 2888 scilicet
1543 2859 1634 2892 domo)
1651 2859 1758 2887 scruto-

973 2916 1034 2936 nctn
1050 2912 1148 2936 texam.
1167 2907 1267 2935 Vidcns
1288 2908 1378 2943 itaquc
1394 2907 1541 2942 imperator
1560 2905 1757 2935 Constantinus
