  <div class='ocr_page' id='page_1' title='image "/cluster/home/n/w/nwhite01/storage/ocr_20150623/109/njp.32101077772927/283.png"; bbox 0 0 1997 3167; ppageno 0'>
   <div class='ocr_carea' id='block_1_1' title="bbox 250 170 300 202">
    <p class='ocr_par' dir='ltr' id='par_1_1' title="bbox 250 170 300 202">
     <span class='ocr_line' id='line_1_1' title="bbox 250 170 300 202; baseline 0 0"><span class='ocrx_word' id='word_1_1' title='bbox 250 170 300 202; x_wconf 80' lang='lat'><strong>527</strong></span> 
     </span>
    </p>
   </div>
   <div class='ocr_carea' id='block_1_2' title="bbox 877 163 1279 196">
    <p class='ocr_par' dir='ltr' id='par_1_2' title="bbox 877 163 1279 196">
     <span class='ocr_line' id='line_1_2' title="bbox 877 163 1279 196; baseline -0.005 0"><span class='ocrx_word' id='word_1_2' title='bbox 877 163 1046 196; x_wconf 78' lang='lat' dir='ltr'><strong>JOANNES</strong></span> <span class='ocrx_word' id='word_1_3' title='bbox 1063 165 1279 195; x_wconf 75' lang='lat' dir='ltr'><strong>CAMENIATA</strong></span> 
     </span>
    </p>
   </div>
   <div class='ocr_carea' id='block_1_3' title="bbox 1815 169 1857 201">
    <p class='ocr_par' dir='ltr' id='par_1_3' title="bbox 1815 169 1857 201">
     <span class='ocr_line' id='line_1_3' title="bbox 1815 169 1857 201; baseline 0 0"><span class='ocrx_word' id='word_1_4' title='bbox 1815 169 1857 201; x_wconf 62' lang='grc' dir='ltr'><strong>ιιι</strong></span> 
     </span>
    </p>
   </div>
   <div class='ocr_carea' id='block_1_4' title="bbox 249 219 1041 260">
    <p class='ocr_par' dir='ltr' id='par_1_4' title="bbox 249 220 1041 260">
     <span class='ocr_line' id='line_1_4' title="bbox 249 220 1041 260; baseline -0.009 -6"><span class='ocrx_word' id='word_1_5' title='bbox 249 225 380 258; x_wconf 87' lang='lat' dir='ltr'><strong>trutinas,</strong></span> <span class='ocrx_word' id='word_1_6' title='bbox 405 223 478 260; x_wconf 81' lang='lat' dir='ltr'><strong>quo&#39;d</strong></span> <span class='ocrx_word' id='word_1_7' title='bbox 500 222 634 250; x_wconf 85' lang='lat' dir='ltr'><strong>orationis</strong></span> <span class='ocrx_word' id='word_1_8' title='bbox 659 221 742 257; x_wconf 84' lang='lat' dir='ltr'><strong>hujus</strong></span> <span class='ocrx_word' id='word_1_9' title='bbox 765 220 925 248; x_wconf 81' lang='lat' dir='ltr'><strong>indecorum</strong></span> <span class='ocrx_word' id='word_1_10' title='bbox 950 223 992 248; x_wconf 88' lang='lat' dir='ltr'><strong>est</strong></span> <span class='ocrx_word' id='word_1_11' title='bbox 1010 226 1041 247; x_wconf 86' lang='lat' dir='ltr'><strong>ac</strong></span> 
     </span>
    </p>
   </div>
   <div class='ocr_carea' id='block_1_5' title="bbox 1094 219 1859 260">
    <p class='ocr_par' dir='ltr' id='par_1_5' title="bbox 1094 219 1859 260">
     <span class='ocr_line' id='line_1_5' title="bbox 1094 219 1859 260; baseline 0.001 -13"><span class='ocrx_word' id='word_1_12' title='bbox 1094 219 1139 247; x_wconf 99' lang='grc' dir='ltr'><strong>λον</strong></span> <span class='ocrx_word' id='word_1_13' title='bbox 1155 221 1200 247; x_wconf 77' lang='grc' dir='ltr'>καὶ</span> <span class='ocrx_word' id='word_1_14' title='bbox 1216 220 1318 252; x_wconf 64' lang='grc' dir='ltr'>παντὸς</span> <span class='ocrx_word' id='word_1_15' title='bbox 1333 219 1479 255; x_wconf 79' lang='grc' dir='ltr'>ἀλλοτρίαν</span> <span class='ocrx_word' id='word_1_16' title='bbox 1496 220 1543 247; x_wconf 80' lang='grc' dir='ltr'>καὶ</span> <span class='ocrx_word' id='word_1_17' title='bbox 1553 219 1664 254; x_wconf 74' lang='grc' dir='ltr'>ψεύδους</span> <span class='ocrx_word' id='word_1_18' title='bbox 1680 222 1723 248; x_wconf 68' lang='grc' dir='ltr'>καὶ</span> <span class='ocrx_word' id='word_1_19' title='bbox 1749 224 1859 260; x_wconf 54' lang='lat' dir='ltr'><strong>suam.</strong></span> 
     </span>
    </p>
   </div>
   <div class='ocr_carea' id='block_1_6' title="bbox 247 263 1045 306">
    <p class='ocr_par' dir='ltr' id='par_1_6' title="bbox 247 263 1045 306">
     <span class='ocr_line' id='line_1_6' title="bbox 247 263 1045 306; baseline -0.01 -6"><span class='ocrx_word' id='word_1_20' title='bbox 247 272 460 303; x_wconf 85' lang='lat' dir='ltr'><strong>inconcinnum,</strong></span> <span class='ocrx_word' id='word_1_21' title='bbox 487 270 572 306; x_wconf 64' lang='lat'><strong>489</strong></span> <span class='ocrx_word' id='word_1_22' title='bbox 601 263 733 303; x_wconf 84' lang='lat' dir='ltr'><strong>rejectum</strong></span> <span class='ocrx_word' id='word_1_23' title='bbox 753 267 799 300; x_wconf 87' lang='lat' dir='ltr'><strong>iri,</strong></span> <span class='ocrx_word' id='word_1_24' title='bbox 826 273 957 294; x_wconf 85' lang='lat' dir='ltr'><strong>eorumve</strong></span> <span class='ocrx_word' id='word_1_25' title='bbox 982 273 1045 301; x_wconf 63' lang='lat' dir='ltr'><strong>quae</strong></span> 
     </span>
    </p>
   </div>
   <div class='ocr_carea' id='block_1_7' title="bbox 249 312 1044 349">
    <p class='ocr_par' dir='ltr' id='par_1_7' title="bbox 249 312 1044 349">
     <span class='ocr_line' id='line_1_7' title="bbox 249 312 1044 349; baseline -0.01 -1"><span class='ocrx_word' id='word_1_26' title='bbox 249 323 316 349; x_wconf 86' lang='lat' dir='ltr'><strong>sunt</strong></span> <span class='ocrx_word' id='word_1_27' title='bbox 331 317 448 347; x_wconf 86' lang='lat' dir='ltr'><strong>dicenda</strong></span> <span class='ocrx_word' id='word_1_28' title='bbox 463 315 640 348; x_wconf 69' lang='lat' dir='ltr'><strong>seruentiam,</strong></span> <span class='ocrx_word' id='word_1_29' title='bbox 666 314 714 343; x_wconf 87' lang='lat' dir='ltr'><strong>sed</strong></span> <span class='ocrx_word' id='word_1_30' title='bbox 736 314 827 348; x_wconf 90' lang='lat' dir='ltr'><strong>potius</strong></span> <span class='ocrx_word' id='word_1_31' title='bbox 851 320 945 340; x_wconf 83' lang='lat' dir='ltr'><strong>veram</strong></span> <span class='ocrx_word' id='word_1_32' title='bbox 963 315 992 340; x_wconf 82' lang='lat' dir='ltr'><strong>et</strong></span> <span class='ocrx_word' id='word_1_33' title='bbox 1009 312 1044 340; x_wconf 83' lang='lat' dir='ltr'><strong>ab</strong></span> 
     </span>
    </p>
   </div>
   <div class='ocr_carea' id='block_1_8' title="bbox 1098 266 1860 308">
    <p class='ocr_par' dir='ltr' id='par_1_8' title="bbox 1098 266 1860 308">
     <span class='ocr_line' id='line_1_8' title="bbox 1098 266 1860 308; baseline 0.009 -16"><span class='ocrx_word' id='word_1_34' title='bbox 1098 275 1144 300; x_wconf 82' lang='grc' dir='ltr'><strong>τος</strong></span> <span class='ocrx_word' id='word_1_35' title='bbox 1163 267 1214 302; x_wconf 79' lang='grc' dir='ltr'>τὴν</span> <span class='ocrx_word' id='word_1_36' title='bbox 1225 266 1280 293; x_wconf 88' lang='grc' dir='ltr'>τῶν</span> <span class='ocrx_word' id='word_1_37' title='bbox 1299 266 1496 302; x_wconf 75' lang='grc' dir='ltr'>ῥηθησομένιιιν</span> <span class='ocrx_word' id='word_1_38' title='bbox 1506 266 1703 302; x_wconf 76' lang='grc' dir='ltr'>προδαίνουσαν</span> <span class='ocrx_word' id='word_1_39' title='bbox 1721 273 1860 308; x_wconf 71' lang='grc' dir='ltr'>συγγραφὴν</span> 
     </span>
    </p>
   </div>
   <div class='ocr_carea' id='block_1_9' title="bbox 1097 311 1545 348">
    <p class='ocr_par' dir='ltr' id='par_1_9' title="bbox 1097 311 1545 348">
     <span class='ocr_line' id='line_1_9' title="bbox 1097 311 1545 348; baseline 0 -8"><span class='ocrx_word' id='word_1_40' title='bbox 1097 311 1208 347; x_wconf 74' lang='grc' dir='ltr'>ἁπάσης</span> <span class='ocrx_word' id='word_1_41' title='bbox 1221 312 1354 348; x_wconf 73' lang='grc' dir='ltr'>μέμψεως</span> <span class='ocrx_word' id='word_1_42' title='bbox 1368 312 1545 340; x_wconf 78' lang='grc' dir='ltr'><strong>ἀπολύεσθαι.</strong></span> 
     </span>
    </p>
   </div>
   <div class='ocr_carea' id='block_1_10' title="bbox 248 359 1863 398">
    <p class='ocr_par' dir='ltr' id='par_1_10' title="bbox 248 359 1863 398">
     <span class='ocr_line' id='line_1_10' title="bbox 248 359 1863 398; baseline -0.001 -2"><span class='ocrx_word' id='word_1_43' title='bbox 248 366 324 396; x_wconf 88' lang='lat' dir='ltr'><strong>omni</strong></span> <span class='ocrx_word' id='word_1_44' title='bbox 351 363 495 394; x_wconf 88' lang='lat' dir='ltr'><strong>mendacio</strong></span> <span class='ocrx_word' id='word_1_45' title='bbox 516 363 699 398; x_wconf 81' lang='lat' dir='ltr'><strong>ﬁgmentoque</strong></span> <span class='ocrx_word' id='word_1_46' title='bbox 721 361 839 389; x_wconf 86' lang='lat' dir='ltr'><strong>alienam</strong></span> <span class='ocrx_word' id='word_1_47' title='bbox 861 359 1250 388; x_wconf 84' lang='lat' dir='ltr'><strong>dicendorum&#39;narrationem</strong></span> <span class='ocrx_word' id='word_1_48' title='bbox 1269 359 1345 388; x_wconf 86' lang='lat' dir='ltr'><strong>omni</strong></span> <span class='ocrx_word' id='word_1_49' title='bbox 1357 360 1407 389; x_wconf 88' lang='lat' dir='ltr'><strong>abs</strong></span> <span class='ocrx_word' id='word_1_50' title='bbox 1422 364 1448 388; x_wconf 86' lang='lat' dir='ltr'><strong>te</strong></span> <span class='ocrx_word' id='word_1_51' title='bbox 1458 361 1575 390; x_wconf 83' lang='lat' dir='ltr'><strong>crimine</strong></span> <span class='ocrx_word' id='word_1_52' title='bbox 1590 369 1622 389; x_wconf 87' lang='lat' dir='ltr'><strong>ac</strong></span> <span class='ocrx_word' id='word_1_53' title='bbox 1636 361 1694 391; x_wconf 82' lang='lat' dir='ltr'><strong>labe</strong></span> <span class='ocrx_word' id='word_1_54' title='bbox 1725 363 1779 393; x_wconf 78' lang='lat' dir='ltr'><strong>iure</strong></span> <span class='ocrx_word' id='word_1_55' title='bbox 1805 366 1863 394; x_wconf 81' lang='lat' dir='ltr'><strong>libe-</strong></span> 
     </span>
    </p>
   </div>
   <div class='ocr_carea' id='block_1_11' title="bbox 220 410 374 443">
    <p class='ocr_par' dir='ltr' id='par_1_11' title="bbox 220 410 374 443">
     <span class='ocr_line' id='line_1_11' title="bbox 220 410 374 443; baseline -0.019 1"><span class='ocrx_word' id='word_1_56' title='bbox 220 410 224 421; x_wconf 87' lang='grc'><em>’</em></span> <span class='ocrx_word' id='word_1_57' title='bbox 249 415 374 443; x_wconf 89' lang='lat' dir='ltr'><strong>randam.</strong></span> 
     </span>
    </p>
   </div>
   <div class='ocr_carea' id='block_1_12' title="bbox 284 456 1044 496">
    <p class='ocr_par' dir='ltr' id='par_1_12' title="bbox 284 456 1044 496">
     <span class='ocr_line' id='line_1_12' title="bbox 284 456 1044 496; baseline -0.008 -6"><span class='ocrx_word' id='word_1_58' title='bbox 284 463 311 490; x_wconf 70' lang='lat'><strong>2.</strong></span> <span class='ocrx_word' id='word_1_59' title='bbox 330 463 396 489; x_wconf 83' lang='lat' dir='ltr'><strong>Data</strong></span> <span class='ocrx_word' id='word_1_60' title='bbox 410 460 527 496; x_wconf 79' lang='lat' dir='ltr'><strong>epistola</strong></span> <span class='ocrx_word' id='word_1_61' title='bbox 543 459 651 486; x_wconf 81' lang='lat' dir='ltr'><strong>discere</strong></span> <span class='ocrx_word' id='word_1_62' title='bbox 668 457 801 494; x_wconf 69' lang='lat' dir='ltr'><strong>qumsiisti</strong></span> <span class='ocrx_word' id='word_1_63' title='bbox 817 456 942 490; x_wconf 88' lang='lat' dir='ltr'><strong>modum,</strong></span> <span class='ocrx_word' id='word_1_64' title='bbox 961 456 1044 491; x_wconf 88' lang='lat' dir='ltr'><strong>cujus</strong></span> 
     </span>
    </p>
   </div>
   <div class='ocr_carea' id='block_1_13' title="bbox 248 501 1048 544">
    <p class='ocr_par' dir='ltr' id='par_1_13' title="bbox 248 501 1048 544">
     <span class='ocr_line' id='line_1_13' title="bbox 248 501 1048 544; baseline -0.009 -7"><span class='ocrx_word' id='word_1_65' title='bbox 248 510 336 544; x_wconf 75' lang='lat' dir='ltr'><strong>gratia</strong></span> <span class='ocrx_word' id='word_1_66' title='bbox 364 514 504 535; x_wconf 85' lang='lat' dir='ltr'><strong>carcerem</strong></span> <span class='ocrx_word' id='word_1_67' title='bbox 540 511 666 534; x_wconf 85' lang='lat' dir='ltr'><strong>tenemus</strong></span> <span class='ocrx_word' id='word_1_68' title='bbox 692 504 932 537; x_wconf 86' lang='lat' dir='ltr'><strong>Barbarorumque</strong></span> <span class='ocrx_word' id='word_1_69' title='bbox 961 501 1048 530; x_wconf 83' lang='lat' dir='ltr'><strong>dediti</strong></span> 
     </span>
    </p>
   </div>
   <div class='ocr_carea' id='block_1_14' title="bbox 247 548 1046 586">
    <p class='ocr_par' dir='ltr' id='par_1_14' title="bbox 247 548 1046 586">
     <span class='ocr_line' id='line_1_14' title="bbox 247 548 1046 586; baseline -0.009 -4"><span class='ocrx_word' id='word_1_70' title='bbox 247 554 377 583; x_wconf 87' lang='lat' dir='ltr'><strong>manibus</strong></span> <span class='ocrx_word' id='word_1_71' title='bbox 405 560 514 585; x_wconf 87' lang='lat' dir='ltr'><strong>sumus,</strong></span> <span class='ocrx_word' id='word_1_72' title='bbox 535 559 567 580; x_wconf 86' lang='lat' dir='ltr'><strong>ac</strong></span> <span class='ocrx_word' id='word_1_73' title='bbox 592 558 647 586; x_wconf 88' lang='lat' dir='ltr'><strong>qua</strong></span> <span class='ocrx_word' id='word_1_74' title='bbox 673 551 781 578; x_wconf 88' lang='lat' dir='ltr'><strong>ratione</strong></span> <span class='ocrx_word' id='word_1_75' title='bbox 806 549 926 577; x_wconf 89' lang='lat' dir='ltr'><strong>alienum</strong></span> <span class='ocrx_word' id='word_1_76' title='bbox 956 548 1046 576; x_wconf 89' lang='lat' dir='ltr'><strong>solum</strong></span> 
     </span>
    </p>
   </div>
   <div class='ocr_carea' id='block_1_15' title="bbox 247 595 1045 637">
    <p class='ocr_par' dir='ltr' id='par_1_15' title="bbox 247 595 1045 637">
     <span class='ocr_line' id='line_1_15' title="bbox 247 595 1045 637; baseline -0.01 -8"><span class='ocrx_word' id='word_1_77' title='bbox 247 601 337 637; x_wconf 83' lang='lat' dir='ltr'><strong>patrio</strong></span> <span class='ocrx_word' id='word_1_78' title='bbox 354 598 604 631; x_wconf 87' lang='lat' dir='ltr'><strong>commutavimus;</strong></span> <span class='ocrx_word' id='word_1_79' title='bbox 620 604 675 632; x_wconf 87' lang='lat' dir='ltr'><strong>qua</strong></span> <span class='ocrx_word' id='word_1_80' title='bbox 691 597 756 624; x_wconf 87' lang='lat' dir='ltr'><strong>itetn</strong></span> <span class='ocrx_word' id='word_1_81' title='bbox 772 595 825 623; x_wconf 88' lang='lat' dir='ltr'><strong>orti</strong></span> <span class='ocrx_word' id='word_1_82' title='bbox 842 595 931 631; x_wconf 86' lang='lat' dir='ltr'><strong>patria</strong></span> <span class='ocrx_word' id='word_1_83' title='bbox 948 595 1045 628; x_wconf 88' lang='lat' dir='ltr'><strong>sitnus,</strong></span> 
     </span>
    </p>
   </div>
   <div class='ocr_carea' id='block_1_16' title="bbox 247 640 1046 683">
    <p class='ocr_par' dir='ltr' id='par_1_16' title="bbox 247 640 1046 683">
     <span class='ocr_line' id='line_1_16' title="bbox 247 640 1046 683; baseline -0.009 -8"><span class='ocrx_word' id='word_1_84' title='bbox 247 651 275 676; x_wconf 86' lang='lat' dir='ltr'><strong>et</strong></span> <span class='ocrx_word' id='word_1_85' title='bbox 300 654 362 683; x_wconf 77' lang='lat' dir='ltr'><strong>qua:</strong></span> <span class='ocrx_word' id='word_1_86' title='bbox 378 646 454 674; x_wconf 89' lang='lat' dir='ltr'><strong>illius</strong></span> <span class='ocrx_word' id='word_1_87' title='bbox 477 653 522 673; x_wconf 88' lang='lat' dir='ltr'><strong>res</strong></span> <span class='ocrx_word' id='word_1_88' title='bbox 541 645 639 680; x_wconf 84' lang='lat' dir='ltr'><strong>quisve</strong></span> <span class='ocrx_word' id='word_1_89' title='bbox 661 647 761 672; x_wconf 84' lang='lat' dir='ltr'><strong>status.</strong></span> <span class='ocrx_word' id='word_1_90' title='bbox 779 641 886 670; x_wconf 88' lang='lat' dir='ltr'><strong>Etenim</strong></span> <span class='ocrx_word' id='word_1_91' title='bbox 909 640 1046 676; x_wconf 83' lang='lat' dir='ltr'><strong>conjicere</strong></span> 
     </span>
    </p>
   </div>
   <div class='ocr_carea' id='block_1_17' title="bbox 248 687 1047 725">
    <p class='ocr_par' dir='ltr' id='par_1_17' title="bbox 248 687 1047 725">
     <span class='ocr_line' id='line_1_17' title="bbox 248 687 1047 725; baseline -0.009 -3"><span class='ocrx_word' id='word_1_92' title='bbox 248 695 343 722; x_wconf 81' lang='lat' dir='ltr'><strong>aiebas</strong></span> <span class='ocrx_word' id='word_1_93' title='bbox 356 701 391 722; x_wconf 82' lang='lat' dir='ltr'><strong>ex</strong></span> <span class='ocrx_word' id='word_1_94' title='bbox 415 693 491 721; x_wconf 86' lang='lat' dir='ltr'><strong>brevi</strong></span> <span class='ocrx_word' id='word_1_95' title='bbox 512 692 560 720; x_wconf 83' lang='lat' dir='ltr'><strong>illa</strong></span> <span class='ocrx_word' id='word_1_96' title='bbox 578 690 749 719; x_wconf 78' lang='lat' dir='ltr'><strong>fabulatione</strong></span> <span class='ocrx_word' id='word_1_97' title='bbox 762 698 828 725; x_wconf 79' lang='lat' dir='ltr'><strong>qua,</strong></span> <span class='ocrx_word' id='word_1_98' title='bbox 849 696 910 717; x_wconf 91' lang='lat' dir='ltr'><strong>cum</strong></span> <span class='ocrx_word' id='word_1_99' title='bbox 928 696 978 724; x_wconf 82' lang='lat' dir='ltr'><strong>per</strong></span> <span class='ocrx_word' id='word_1_100' title='bbox 995 687 1047 715; x_wconf 74' lang='lat' dir='ltr'><strong>via:</strong></span> 
     </span>
    </p>
   </div>
   <div class='ocr_carea' id='block_1_18' title="bbox 248 735 1047 774">
    <p class='ocr_par' dir='ltr' id='par_1_18' title="bbox 248 735 1047 774">
     <span class='ocr_line' id='line_1_18' title="bbox 248 735 1047 774; baseline -0.01 -6"><span class='ocrx_word' id='word_1_101' title='bbox 248 740 424 769; x_wconf 86' lang='lat' dir='ltr'><strong>occasionem</strong></span> <span class='ocrx_word' id='word_1_102' title='bbox 447 738 584 774; x_wconf 73' lang='lat' dir='ltr'><strong>Tripolim</strong></span> <span class='ocrx_word' id='word_1_103' title='bbox 615 736 787 768; x_wconf 88' lang='lat' dir='ltr'><strong>devenisses,</strong></span> <span class='ocrx_word' id='word_1_104' title='bbox 815 735 957 770; x_wconf 84' lang='lat' dir='ltr'><strong>paululum</strong></span> <span class='ocrx_word' id='word_1_105' title='bbox 980 741 1047 762; x_wconf 85' lang='lat' dir='ltr'><strong>con-</strong></span> 
     </span>
    </p>
   </div>
   <div class='ocr_carea' id='block_1_19' title="bbox 247 780 1044 822">
    <p class='ocr_par' dir='ltr' id='par_1_19' title="bbox 247 780 1044 822">
     <span class='ocr_line' id='line_1_19' title="bbox 247 780 1044 822; baseline -0.008 -10"><span class='ocrx_word' id='word_1_106' title='bbox 247 786 336 822; x_wconf 78' lang='lat' dir='ltr'><strong>gressi</strong></span> <span class='ocrx_word' id='word_1_107' title='bbox 365 792 472 816; x_wconf 83' lang='lat' dir='ltr'><strong>sumas,</strong></span> <span class='ocrx_word' id='word_1_108' title='bbox 502 791 585 819; x_wconf 85' lang='lat' dir='ltr'><strong>quam</strong></span> <span class='ocrx_word' id='word_1_109' title='bbox 617 782 698 817; x_wconf 81' lang='lat' dir='ltr'><strong>longa</strong></span> <span class='ocrx_word' id='word_1_110' title='bbox 725 780 886 809; x_wconf 74' lang='lat' dir='ltr'><strong>narratione</strong></span> <span class='ocrx_word' id='word_1_111' title='bbox 915 783 1044 808; x_wconf 89' lang='lat' dir='ltr'><strong>onustum</strong></span> 
     </span>
    </p>
   </div>
   <div class='ocr_carea' id='block_1_20' title="bbox 248 825 1046 867">
    <p class='ocr_par' dir='ltr' id='par_1_20' title="bbox 248 825 1046 867">
     <span class='ocr_line' id='line_1_20' title="bbox 248 825 1046 867; baseline -0.01 -8"><span class='ocrx_word' id='word_1_112' title='bbox 248 835 348 867; x_wconf 82' lang='lat' dir='ltr'><strong>pectus</strong></span> <span class='ocrx_word' id='word_1_113' title='bbox 377 836 547 866; x_wconf 81' lang='lat' dir='ltr'><strong>gereremus,</strong></span> <span class='ocrx_word' id='word_1_114' title='bbox 583 827 700 862; x_wconf 87' lang='lat' dir='ltr'><strong>diraque</strong></span> <span class='ocrx_word' id='word_1_115' title='bbox 731 826 855 862; x_wconf 61' lang='lat' dir='ltr'><strong>quaedam</strong></span> <span class='ocrx_word' id='word_1_116' title='bbox 887 830 915 853; x_wconf 90' lang='lat' dir='ltr'><strong>et</strong></span> <span class='ocrx_word' id='word_1_117' title='bbox 941 825 1046 860; x_wconf 75' lang='lat' dir='ltr'><strong>tragico</strong></span> 
     </span>
    </p>
   </div>
   <div class='ocr_carea' id='block_1_21' title="bbox 249 871 1047 910">
    <p class='ocr_par' dir='ltr' id='par_1_21' title="bbox 249 871 1047 910">
     <span class='ocr_line' id='line_1_21' title="bbox 249 871 1047 910; baseline -0.01 -5"><span class='ocrx_word' id='word_1_118' title='bbox 249 877 325 905; x_wconf 90' lang='lat' dir='ltr'><strong>omni</strong></span> <span class='ocrx_word' id='word_1_119' title='bbox 342 877 478 905; x_wconf 90' lang='lat' dir='ltr'><strong>cothurno</strong></span> <span class='ocrx_word' id='word_1_120' title='bbox 493 874 713 910; x_wconf 85' lang='lat' dir='ltr'><strong>lacrymabiliora</strong></span> <span class='ocrx_word' id='word_1_121' title='bbox 727 879 788 901; x_wconf 83' lang='lat' dir='ltr'><strong>esse</strong></span> <span class='ocrx_word' id='word_1_122' title='bbox 805 876 863 899; x_wconf 91' lang='lat' dir='ltr'><strong>tum</strong></span> <span class='ocrx_word' id='word_1_123' title='bbox 877 878 908 899; x_wconf 90' lang='lat' dir='ltr'><strong>ea</strong></span> <span class='ocrx_word' id='word_1_124' title='bbox 921 871 1047 906; x_wconf 64' lang='lat' dir='ltr'><strong>quaejam</strong></span> 
     </span>
    </p>
   </div>
   <div class='ocr_carea' id='block_1_22' title="bbox 249 918 1047 954">
    <p class='ocr_par' dir='ltr' id='par_1_22' title="bbox 249 918 1047 954">
     <span class='ocr_line' id='line_1_22' title="bbox 249 918 1047 954; baseline -0.011 -3"><span class='ocrx_word' id='word_1_125' title='bbox 249 923 330 952; x_wconf 85' lang='lat' dir='ltr'><strong>nobis</strong></span> <span class='ocrx_word' id='word_1_126' title='bbox 349 925 513 954; x_wconf 80' lang='lat' dir='ltr'><strong>evenerant,</strong></span> <span class='ocrx_word' id='word_1_127' title='bbox 541 924 598 947; x_wconf 93' lang='lat' dir='ltr'><strong>tum</strong></span> <span class='ocrx_word' id='word_1_128' title='bbox 626 926 687 954; x_wconf 61' lang='lat' dir='ltr'><strong>qua:</strong></span> <span class='ocrx_word' id='word_1_129' title='bbox 717 918 899 953; x_wconf 88' lang='lat' dir='ltr'><strong>imposterunt</strong></span> <span class='ocrx_word' id='word_1_130' title='bbox 930 921 1047 944; x_wconf 88' lang='lat' dir='ltr'><strong>ventura</strong></span> 
     </span>
    </p>
   </div>
   <div class='ocr_carea' id='block_1_23' title="bbox 248 961 1047 1004">
    <p class='ocr_par' dir='ltr' id='par_1_23' title="bbox 248 961 1047 1004">
     <span class='ocr_line' id='line_1_23' title="bbox 248 961 1047 1004; baseline -0.011 -7"><span class='ocrx_word' id='word_1_131' title='bbox 248 968 495 1004; x_wconf 77' lang='lat' dir='ltr'><strong>exspectabantur.</strong></span> <span class='ocrx_word' id='word_1_132' title='bbox 507 966 577 993; x_wconf 86' lang='lat' dir='ltr'><strong>Nam</strong></span> <span class='ocrx_word' id='word_1_133' title='bbox 600 969 628 992; x_wconf 89' lang='lat' dir='ltr'><strong>tu</strong></span> <span class='ocrx_word' id='word_1_134' title='bbox 648 970 758 1000; x_wconf 89' lang='lat' dir='ltr'><strong>quoque</strong></span> <span class='ocrx_word' id='word_1_135' title='bbox 781 963 841 998; x_wconf 86' lang='lat' dir='ltr'><strong>pari</strong></span> <span class='ocrx_word' id='word_1_136' title='bbox 857 961 937 990; x_wconf 83' lang='lat' dir='ltr'><strong>nobis</strong></span> <span class='ocrx_word' id='word_1_137' title='bbox 960 961 1047 988; x_wconf 89' lang='lat' dir='ltr'><strong>inl&#39;or-</strong></span> 
     </span>
    </p>
   </div>
   <div class='ocr_carea' id='block_1_24' title="bbox 248 1008 1046 1046">
    <p class='ocr_par' dir='ltr' id='par_1_24' title="bbox 248 1008 1046 1046">
     <span class='ocr_line' id='line_1_24' title="bbox 248 1008 1046 1046; baseline -0.013 -2"><span class='ocrx_word' id='word_1_138' title='bbox 248 1016 327 1044; x_wconf 89' lang='lat' dir='ltr'><strong>tunio</strong></span> <span class='ocrx_word' id='word_1_139' title='bbox 342 1013 518 1043; x_wconf 85' lang='lat' dir='ltr'><strong>errabundus</strong></span> <span class='ocrx_word' id='word_1_140' title='bbox 534 1017 639 1040; x_wconf 86' lang='lat' dir='ltr'><strong>etcum</strong></span> <span class='ocrx_word' id='word_1_141' title='bbox 666 1009 830 1046; x_wconf 78' lang='lat' dir='ltr'><strong>quibusdam</strong></span> <span class='ocrx_word' id='word_1_142' title='bbox 845 1008 962 1044; x_wconf 83' lang='lat' dir='ltr'><strong>captivis</strong></span> <span class='ocrx_word' id='word_1_143' title='bbox 981 1008 1046 1035; x_wconf 92' lang='lat' dir='ltr'><strong>illuc</strong></span> 
     </span>
    </p>
   </div>
   <div class='ocr_carea' id='block_1_25' title="bbox 248 1054 1046 1095">
    <p class='ocr_par' dir='ltr' id='par_1_25' title="bbox 248 1054 1046 1095">
     <span class='ocr_line' id='line_1_25' title="bbox 248 1054 1046 1095; baseline -0.011 -5"><span class='ocrx_word' id='word_1_144' title='bbox 248 1061 441 1093; x_wconf 81' lang='lat' dir='ltr'><strong>abducebaris,</strong></span> <span class='ocrx_word' id='word_1_145' title='bbox 459 1066 530 1095; x_wconf 82' lang='lat' dir='ltr'><strong>quos</strong></span> <span class='ocrx_word' id='word_1_146' title='bbox 550 1059 627 1086; x_wconf 86' lang='lat' dir='ltr'><strong>cives</strong></span> <span class='ocrx_word' id='word_1_147' title='bbox 653 1064 716 1085; x_wconf 88' lang='lat' dir='ltr'><strong>esse</strong></span> <span class='ocrx_word' id='word_1_148' title='bbox 734 1061 796 1084; x_wconf 86' lang='lat' dir='ltr'><strong>tuos</strong></span> <span class='ocrx_word' id='word_1_149' title='bbox 820 1055 965 1083; x_wconf 87' lang='lat' dir='ltr'><strong>asserebas</strong></span> <span class='ocrx_word' id='word_1_150' title='bbox 976 1054 1046 1090; x_wconf 78' lang='lat' dir='ltr'><strong>Cap-</strong></span> 
     </span>
    </p>
   </div>
   <div class='ocr_carea' id='block_1_26' title="bbox 249 1101 1043 1143">
    <p class='ocr_par' dir='ltr' id='par_1_26' title="bbox 249 1101 1043 1143">
     <span class='ocr_line' id='line_1_26' title="bbox 249 1101 1043 1143; baseline -0.01 -8"><span class='ocrx_word' id='word_1_151' title='bbox 249 1107 380 1143; x_wconf 83' lang='lat' dir='ltr'><strong>padoces,</strong></span> <span class='ocrx_word' id='word_1_152' title='bbox 395 1113 458 1133; x_wconf 91' lang='lat' dir='ltr'><strong>cum</strong></span> <span class='ocrx_word' id='word_1_153' title='bbox 474 1104 577 1140; x_wconf 84' lang='lat' dir='ltr'><strong>quibus</strong></span> <span class='ocrx_word' id='word_1_154' title='bbox 589 1103 671 1132; x_wconf 79' lang='lat' dir='ltr'><strong>etiam</strong></span> <span class='ocrx_word' id='word_1_155' title='bbox 686 1101 862 1130; x_wconf 78' lang='lat' dir='ltr'><strong>Antiochiam</strong></span> <span class='ocrx_word' id='word_1_156' title='bbox 877 1101 1043 1134; x_wconf 71' lang='lat' dir='ltr'><strong>mittebat-is,</strong></span> 
     </span>
    </p>
   </div>
   <div class='ocr_carea' id='block_1_27' title="bbox 249 1147 1044 1186">
    <p class='ocr_par' dir='ltr' id='par_1_27' title="bbox 249 1147 1044 1186">
     <span class='ocr_line' id='line_1_27' title="bbox 249 1147 1044 1186; baseline -0.009 -5"><span class='ocrx_word' id='word_1_157' title='bbox 249 1153 375 1182; x_wconf 79' lang='lat' dir='ltr'><strong>referens</strong></span> <span class='ocrx_word' id='word_1_158' title='bbox 391 1152 496 1179; x_wconf 78' lang='lat' dir='ltr'><strong>trullam</strong></span> <span class='ocrx_word' id='word_1_159' title='bbox 512 1150 634 1186; x_wconf 87' lang='lat' dir='ltr'><strong>requiem</strong></span> <span class='ocrx_word' id='word_1_160' title='bbox 651 1149 786 1177; x_wconf 85' lang='lat' dir='ltr'><strong>malorqu</strong></span> <span class='ocrx_word' id='word_1_161' title='bbox 803 1147 938 1181; x_wconf 77' lang='lat' dir='ltr'><strong>invertite,</strong></span> <span class='ocrx_word' id='word_1_162' title='bbox 954 1155 1044 1183; x_wconf 86' lang='lat' dir='ltr'><strong>quan-</strong></span> 
     </span>
    </p>
   </div>
   <div class='ocr_carea' id='block_1_28' title="bbox 249 1193 1042 1234">
    <p class='ocr_par' dir='ltr' id='par_1_28' title="bbox 249 1193 1042 1234">
     <span class='ocr_line' id='line_1_28' title="bbox 249 1193 1042 1234; baseline -0.01 -7"><span class='ocrx_word' id='word_1_163' title='bbox 249 1199 285 1227; x_wconf 91' lang='lat' dir='ltr'><strong>do</strong></span> <span class='ocrx_word' id='word_1_164' title='bbox 296 1206 347 1227; x_wconf 86' lang='lat' dir='ltr'><strong>nos</strong></span> <span class='ocrx_word' id='word_1_165' title='bbox 367 1205 479 1234; x_wconf 82' lang='lat' dir='ltr'><strong>quoque</strong></span> <span class='ocrx_word' id='word_1_166' title='bbox 500 1195 633 1228; x_wconf 68' lang='lat' dir='ltr'><strong>«videbas,</strong></span> <span class='ocrx_word' id='word_1_167' title='bbox 658 1199 687 1222; x_wconf 91' lang='lat' dir='ltr'><strong>ut</strong></span> <span class='ocrx_word' id='word_1_168' title='bbox 708 1199 735 1222; x_wconf 89' lang='lat' dir='ltr'><strong>et</strong></span> <span class='ocrx_word' id='word_1_169' title='bbox 754 1195 812 1230; x_wconf 87' lang='lat' dir='ltr'><strong>ipse</strong></span> <span class='ocrx_word' id='word_1_170' title='bbox 837 1193 966 1224; x_wconf 82' lang='lat' dir='ltr'><strong>testaris.</strong></span> <span class='ocrx_word' id='word_1_171' title='bbox 986 1196 1042 1220; x_wconf 88' lang='lat' dir='ltr'><strong>tum</strong></span> 
     </span>
    </p>
   </div>
   <div class='ocr_carea' id='block_1_29' title="bbox 248 1237 1042 1275">
    <p class='ocr_par' dir='ltr' id='par_1_29' title="bbox 248 1237 1042 1275">
     <span class='ocr_line' id='line_1_29' title="bbox 248 1237 1042 1275; baseline -0.009 -4"><span class='ocrx_word' id='word_1_172' title='bbox 248 1246 388 1271; x_wconf 84' lang='lat' dir='ltr'><strong>recentem</strong></span> <span class='ocrx_word' id='word_1_173' title='bbox 405 1242 509 1270; x_wconf 74' lang='lat' dir='ltr'><strong>luctum</strong></span> <span class='ocrx_word' id='word_1_174' title='bbox 524 1244 582 1268; x_wconf 83' lang='lat' dir='ltr'><strong>tum</strong></span> <span class='ocrx_word' id='word_1_175' title='bbox 600 1239 732 1275; x_wconf 67' lang='lat' dir='ltr'><strong>pmterili</strong></span> <span class='ocrx_word' id='word_1_176' title='bbox 751 1239 862 1266; x_wconf 89' lang='lat' dir='ltr'><strong>timoris</strong></span> <span class='ocrx_word' id='word_1_177' title='bbox 886 1238 1000 1273; x_wconf 73' lang='lat' dir='ltr'><strong>vestigia</strong></span> <span class='ocrx_word' id='word_1_178' title='bbox 1015 1237 1042 1264; x_wconf 86' lang='lat' dir='ltr'><strong>in</strong></span> 
     </span>
    </p>
   </div>
   <div class='ocr_carea' id='block_1_30' title="bbox 248 1284 1042 1323">
    <p class='ocr_par' dir='ltr' id='par_1_30' title="bbox 248 1284 1042 1323">
     <span class='ocr_line' id='line_1_30' title="bbox 248 1284 1042 1323; baseline -0.006 -7"><span class='ocrx_word' id='word_1_179' title='bbox 248 1288 320 1316; x_wconf 79' lang='lat' dir='ltr'><strong>facie</strong></span> <span class='ocrx_word' id='word_1_180' title='bbox 351 1294 481 1323; x_wconf 79' lang='lat' dir='ltr'><strong>expressa</strong></span> <span class='ocrx_word' id='word_1_181' title='bbox 506 1286 590 1320; x_wconf 75' lang='lat' dir='ltr'><strong>ferre,</strong></span> <span class='ocrx_word' id='word_1_182' title='bbox 620 1289 650 1313; x_wconf 84' lang='lat' dir='ltr'><strong>ut</strong></span> <span class='ocrx_word' id='word_1_183' title='bbox 676 1290 704 1313; x_wconf 88' lang='lat' dir='ltr'><strong>et</strong></span> <span class='ocrx_word' id='word_1_184' title='bbox 728 1285 855 1318; x_wconf 80' lang='lat' dir='ltr'><strong>tacendo,</strong></span> <span class='ocrx_word' id='word_1_185' title='bbox 872 1285 965 1312; x_wconf 85' lang='lat' dir='ltr'><strong>vultus</strong></span> <span class='ocrx_word' id='word_1_186' title='bbox 983 1284 1042 1319; x_wconf 90' lang='lat' dir='ltr'><strong>ipso</strong></span> 
     </span>
    </p>
   </div>
   <div class='ocr_carea' id='block_1_31' title="bbox 247 1329 1041 1362">
    <p class='ocr_par' dir='ltr' id='par_1_31' title="bbox 247 1329 1041 1362">
     <span class='ocr_line' id='line_1_31' title="bbox 247 1329 1041 1362; baseline -0.006 0"><span class='ocrx_word' id='word_1_187' title='bbox 247 1335 340 1362; x_wconf 89' lang='lat' dir='ltr'><strong>colore</strong></span> <span class='ocrx_word' id='word_1_188' title='bbox 366 1333 431 1361; x_wconf 86' lang='lat' dir='ltr'><strong>mali</strong></span> <span class='ocrx_word' id='word_1_189' title='bbox 454 1332 656 1360; x_wconf 81' lang='lat' dir='ltr'><strong>immanitatem</strong></span> <span class='ocrx_word' id='word_1_190' title='bbox 681 1331 876 1359; x_wconf 84' lang='lat' dir='ltr'><strong>clarnaremus.</strong></span> <span class='ocrx_word' id='word_1_191' title='bbox 893 1329 994 1358; x_wconf 74' lang='lat' dir='ltr'><strong>Verum</strong></span> <span class='ocrx_word' id='word_1_192' title='bbox 1018 1330 1041 1358; x_wconf 79' lang='lat' dir='ltr'><strong>si</strong></span> 
     </span>
    </p>
   </div>
   <div class='ocr_carea' id='block_1_32' title="bbox 247 1376 1043 1415">
    <p class='ocr_par' dir='ltr' id='par_1_32' title="bbox 247 1376 1043 1415">
     <span class='ocr_line' id='line_1_32' title="bbox 247 1376 1043 1415; baseline -0.005 -7"><span class='ocrx_word' id='word_1_193' title='bbox 247 1380 282 1408; x_wconf 88' lang='lat' dir='ltr'><strong>de</strong></span> <span class='ocrx_word' id='word_1_194' title='bbox 307 1380 350 1408; x_wconf 87' lang='lat' dir='ltr'><strong>his</strong></span> <span class='ocrx_word' id='word_1_195' title='bbox 375 1378 486 1415; x_wconf 79' lang='lat' dir='ltr'><strong>singula</strong></span> <span class='ocrx_word' id='word_1_196' title='bbox 507 1385 654 1407; x_wconf 77' lang='lat' dir='ltr'><strong>recensere</strong></span> <span class='ocrx_word' id='word_1_197' title='bbox 675 1377 768 1410; x_wconf 86' lang='lat' dir='ltr'><strong>velim,</strong></span> <span class='ocrx_word' id='word_1_198' title='bbox 793 1377 900 1413; x_wconf 77' lang='lat' dir='ltr'><strong>longior</strong></span> <span class='ocrx_word' id='word_1_199' title='bbox 916 1376 982 1404; x_wconf 89' lang='lat' dir='ltr'><strong>mihi</strong></span> <span class='ocrx_word' id='word_1_200' title='bbox 1004 1381 1043 1404; x_wconf 90' lang='lat' dir='ltr'><strong>tc-</strong></span> 
     </span>
    </p>
   </div>
   <div class='ocr_carea' id='block_1_33' title="bbox 246 1423 1041 1460">
    <p class='ocr_par' dir='ltr' id='par_1_33' title="bbox 246 1423 1041 1460">
     <span class='ocr_line' id='line_1_33' title="bbox 246 1423 1041 1460; baseline -0.006 -6"><span class='ocrx_word' id='word_1_201' title='bbox 246 1426 336 1454; x_wconf 76' lang='lat' dir='ltr'><strong>xenda</strong></span> <span class='ocrx_word' id='word_1_202' title='bbox 359 1433 410 1454; x_wconf 89' lang='lat' dir='ltr'><strong>nec</strong></span> <span class='ocrx_word' id='word_1_203' title='bbox 430 1424 605 1460; x_wconf 27' lang='lat' dir='ltr'><strong>justarsatis</strong></span> <span class='ocrx_word' id='word_1_204' title='bbox 620 1423 796 1452; x_wconf 79' lang='lat' dir='ltr'><strong>necessitatis</strong></span> <span class='ocrx_word' id='word_1_205' title='bbox 820 1423 912 1451; x_wconf 80' lang='lat' dir='ltr'><strong>oratio</strong></span> <span class='ocrx_word' id='word_1_206' title='bbox 936 1427 988 1455; x_wconf 86' lang='lat' dir='ltr'><strong>est,</strong></span> <span class='ocrx_word' id='word_1_207' title='bbox 1010 1426 1041 1449; x_wconf 90' lang='lat' dir='ltr'><strong>ut</strong></span> 
     </span>
    </p>
   </div>
   <div class='ocr_carea' id='block_1_34' title="bbox 246 1467 1039 1507">
    <p class='ocr_par' dir='ltr' id='par_1_34' title="bbox 246 1467 1039 1507">
     <span class='ocr_line' id='line_1_34' title="bbox 246 1467 1039 1507; baseline -0.006 -7"><span class='ocrx_word' id='word_1_208' title='bbox 246 1480 309 1507; x_wconf 66' lang='lat' dir='ltr'><strong>quae</strong></span> <span class='ocrx_word' id='word_1_209' title='bbox 329 1469 530 1499; x_wconf 81' lang='lat' dir='ltr'><strong>mediocritatis</strong></span> <span class='ocrx_word' id='word_1_210' title='bbox 549 1469 635 1505; x_wconf 75' lang='lat' dir='ltr'><strong>legem</strong></span> <span class='ocrx_word' id='word_1_211' title='bbox 660 1470 696 1496; x_wconf 87' lang='lat' dir='ltr'><strong>sit</strong></span> <span class='ocrx_word' id='word_1_212' title='bbox 721 1476 885 1502; x_wconf 78' lang='lat' dir='ltr'><strong>excessum;</strong></span> <span class='ocrx_word' id='word_1_213' title='bbox 901 1476 935 1496; x_wconf 90' lang='lat' dir='ltr'><strong>ne</strong></span> <span class='ocrx_word' id='word_1_214' title='bbox 949 1467 1039 1495; x_wconf 83' lang='lat' dir='ltr'><strong>dicam</strong></span> 
     </span>
    </p>
   </div>
   <div class='ocr_carea' id='block_1_35' title="bbox 245 1513 1039 1553">
    <p class='ocr_par' dir='ltr' id='par_1_35' title="bbox 245 1513 1039 1553">
     <span class='ocr_line' id='line_1_35' title="bbox 245 1513 1039 1553; baseline -0.006 -9"><span class='ocrx_word' id='word_1_215' title='bbox 245 1517 329 1553; x_wconf 54' lang='lat'><strong>5.90</strong></span> <span class='ocrx_word' id='word_1_216' title='bbox 353 1515 414 1544; x_wconf 80' lang='lat' dir='ltr'><strong>fore</strong></span> <span class='ocrx_word' id='word_1_217' title='bbox 446 1519 642 1550; x_wconf 82' lang='lat' dir='ltr'><strong>utnunquam</strong></span> <span class='ocrx_word' id='word_1_218' title='bbox 665 1514 792 1542; x_wconf 87' lang='lat' dir='ltr'><strong>socordia</strong></span> <span class='ocrx_word' id='word_1_219' title='bbox 818 1513 1039 1548; x_wconf 86' lang='lat' dir='ltr'><strong>torpescentibus</strong></span> 
     </span>
    </p>
   </div>
   <div class='ocr_carea' id='block_1_36' title="bbox 1133 458 1864 497">
    <p class='ocr_par' dir='ltr' id='par_1_36' title="bbox 1133 458 1864 497">
     <span class='ocr_line' id='line_1_36' title="bbox 1133 458 1864 497; baseline 0.004 -11"><span class='ocrx_word' id='word_1_220' title='bbox 1133 458 1167 495; x_wconf 80' lang='grc' dir='ltr'><strong>β’.</strong></span> <span class='ocrx_word' id='word_1_221' title='bbox 1185 460 1339 496; x_wconf 80' lang='grc' dir='ltr'>Ἐζήτησας</span> <span class='ocrx_word' id='word_1_222' title='bbox 1354 459 1452 495; x_wconf 80' lang='grc' dir='ltr'><strong>μαθεῖν</strong></span> <span class='ocrx_word' id='word_1_223' title='bbox 1465 459 1510 487; x_wconf 75' lang='grc' dir='ltr'><strong>διὰ</strong></span> <span class='ocrx_word' id='word_1_224' title='bbox 1526 460 1576 496; x_wconf 81' lang='grc' dir='ltr'>τῆς</span> <span class='ocrx_word' id='word_1_225' title='bbox 1591 460 1734 495; x_wconf 75' lang='grc' dir='ltr'><strong>ἐπιστολῆς</strong></span> <span class='ocrx_word' id='word_1_226' title='bbox 1750 460 1792 488; x_wconf 75' lang='grc' dir='ltr'><strong>τὸν</strong></span> <span class='ocrx_word' id='word_1_227' title='bbox 1813 461 1864 497; x_wconf 71' lang='lat'><strong>196-</strong></span> 
     </span>
    </p>
   </div>
   <div class='ocr_carea' id='block_1_37' title="bbox 1096 505 1867 542">
    <p class='ocr_par' dir='ltr' id='par_1_37' title="bbox 1096 505 1867 542">
     <span class='ocr_line' id='line_1_37' title="bbox 1096 505 1867 542; baseline 0.001 -10"><span class='ocrx_word' id='word_1_228' title='bbox 1096 513 1148 532; x_wconf 90' lang='grc' dir='ltr'><strong>πον</strong></span> <span class='ocrx_word' id='word_1_229' title='bbox 1161 505 1195 532; x_wconf 84' lang='grc' dir='ltr'>δι’</span> <span class='ocrx_word' id='word_1_230' title='bbox 1206 505 1235 532; x_wconf 80' lang='grc' dir='ltr'>ὃν</span> <span class='ocrx_word' id='word_1_231' title='bbox 1249 505 1300 540; x_wconf 84' lang='grc' dir='ltr'>τὴν</span> <span class='ocrx_word' id='word_1_232' title='bbox 1314 505 1439 541; x_wconf 73' lang='grc' dir='ltr'>φρουρὰν</span> <span class='ocrx_word' id='word_1_233' title='bbox 1462 505 1591 540; x_wconf 72' lang='grc' dir='ltr'><strong>οἰκοῦμεν</strong></span> <span class='ocrx_word' id='word_1_234' title='bbox 1613 505 1756 542; x_wconf 75' lang='grc' dir='ltr'>βαρϐάρων</span> <span class='ocrx_word' id='word_1_235' title='bbox 1789 507 1867 542; x_wconf 65' lang='grc' dir='ltr'>χερσὶν</span> 
     </span>
    </p>
   </div>
   <div class='ocr_carea' id='block_1_38' title="bbox 1096 551 1866 588">
    <p class='ocr_par' dir='ltr' id='par_1_38' title="bbox 1096 551 1866 588">
     <span class='ocr_line' id='line_1_38' title="bbox 1096 551 1866 588; baseline 0.003 -10"><span class='ocrx_word' id='word_1_236' title='bbox 1096 551 1263 583; x_wconf 74' lang='grc' dir='ltr'>ἐκδοθέντες,</span> <span class='ocrx_word' id='word_1_237' title='bbox 1276 551 1396 584; x_wconf 79' lang='grc' dir='ltr'>καὶπῶς</span> <span class='ocrx_word' id='word_1_238' title='bbox 1417 551 1465 587; x_wconf 85' lang='grc' dir='ltr'>τὴν</span> <span class='ocrx_word' id='word_1_239' title='bbox 1486 551 1631 587; x_wconf 76' lang='grc' dir='ltr'><strong>ἀλλοτρίαν</strong></span> <span class='ocrx_word' id='word_1_240' title='bbox 1661 553 1721 580; x_wconf 82' lang='grc' dir='ltr'>ἀντὶ</span> <span class='ocrx_word' id='word_1_241' title='bbox 1743 553 1789 588; x_wconf 79' lang='grc' dir='ltr'>τῆς</span> <span class='ocrx_word' id='word_1_242' title='bbox 1812 553 1866 586; x_wconf 73' lang='grc' dir='ltr'>ιδίας</span> 
     </span>
    </p>
   </div>
   <div class='ocr_carea' id='block_1_39' title="bbox 1096 596 1868 632">
    <p class='ocr_par' dir='ltr' id='par_1_39' title="bbox 1096 596 1868 632">
     <span class='ocr_line' id='line_1_39' title="bbox 1096 596 1868 632; baseline 0.003 -9"><span class='ocrx_word' id='word_1_243' title='bbox 1096 596 1314 632; x_wconf 79' lang='grc' dir='ltr'>διημειψάμεθα,</span> <span class='ocrx_word' id='word_1_244' title='bbox 1329 596 1409 628; x_wconf 85' lang='grc' dir='ltr'>ποίας</span> <span class='ocrx_word' id='word_1_245' title='bbox 1424 597 1454 623; x_wconf 87' lang='grc' dir='ltr'><strong>τέ</strong></span> <span class='ocrx_word' id='word_1_246' title='bbox 1467 598 1551 632; x_wconf 78' lang='grc' dir='ltr'>ἐσμεν</span> <span class='ocrx_word' id='word_1_247' title='bbox 1564 597 1705 632; x_wconf 74' lang='grc' dir='ltr'><strong>πατρίδος,</strong></span> <span class='ocrx_word' id='word_1_248' title='bbox 1719 598 1828 625; x_wconf 62' lang='grc' dir='ltr'>καὶ-τίνα</span> <span class='ocrx_word' id='word_1_249' title='bbox 1840 600 1868 625; x_wconf 69' lang='grc' dir='ltr'><strong>τὲ.</strong></span> 
     </span>
    </p>
   </div>
   <div class='ocr_carea' id='block_1_40' title="bbox 1097 642 1868 678">
    <p class='ocr_par' dir='ltr' id='par_1_40' title="bbox 1097 642 1868 678">
     <span class='ocr_line' id='line_1_40' title="bbox 1097 642 1868 678; baseline 0.001 -9"><span class='ocrx_word' id='word_1_250' title='bbox 1097 642 1158 669; x_wconf 84' lang='grc' dir='ltr'>κατ’</span> <span class='ocrx_word' id='word_1_251' title='bbox 1172 642 1268 677; x_wconf 82' lang='grc' dir='ltr'>αὑτήν.</span> <span class='ocrx_word' id='word_1_252' title='bbox 1285 642 1490 678; x_wconf 81' lang='grc' dir='ltr'>Τεκμαίρεσοαι</span> <span class='ocrx_word' id='word_1_253' title='bbox 1507 643 1562 678; x_wconf 79' lang='grc' dir='ltr'>γὰρ</span> <span class='ocrx_word' id='word_1_254' title='bbox 1579 642 1647 678; x_wconf 76' lang='grc' dir='ltr'>ἔφης</span> <span class='ocrx_word' id='word_1_255' title='bbox 1661 644 1693 669; x_wconf 80' lang='grc' dir='ltr'>ὲκ</span> <span class='ocrx_word' id='word_1_256' title='bbox 1711 644 1758 678; x_wconf 76' lang='grc' dir='ltr'><strong>τῆς</strong></span> <span class='ocrx_word' id='word_1_257' title='bbox 1784 645 1868 678; x_wconf 75' lang='grc' dir='ltr'>μικρᾶς</span> 
     </span>
    </p>
   </div>
   <div class='ocr_carea' id='block_1_41' title="bbox 1097 686 1869 725">
    <p class='ocr_par' dir='ltr' id='par_1_41' title="bbox 1097 686 1869 725">
     <span class='ocr_line' id='line_1_41' title="bbox 1097 686 1869 725; baseline 0.003 -11"><span class='ocrx_word' id='word_1_258' title='bbox 1097 689 1206 724; x_wconf 78' lang='grc' dir='ltr'><strong>ἐκείνης</strong></span> <span class='ocrx_word' id='word_1_259' title='bbox 1217 688 1335 724; x_wconf 81' lang='grc' dir='ltr'><strong>ὁμιλίας,</strong></span> <span class='ocrx_word' id='word_1_260' title='bbox 1357 688 1390 715; x_wconf 85' lang='grc' dir='ltr'>δι’</span> <span class='ocrx_word' id='word_1_261' title='bbox 1404 686 1438 724; x_wconf 88' lang='grc' dir='ltr'>ἦς</span> <span class='ocrx_word' id='word_1_262' title='bbox 1452 687 1630 725; x_wconf 81' lang='grc' dir='ltr'>παροδεύοντί</span> <span class='ocrx_word' id='word_1_263' title='bbox 1644 697 1686 715; x_wconf 90' lang='grc' dir='ltr'><strong>σοι</strong></span> <span class='ocrx_word' id='word_1_264' title='bbox 1699 688 1745 724; x_wconf 83' lang='grc' dir='ltr'>τὴν</span> <span class='ocrx_word' id='word_1_265' title='bbox 1757 687 1869 724; x_wconf 66' lang='grc' dir='ltr'>τρίπολιν</span> 
     </span>
    </p>
   </div>
   <div class='ocr_carea' id='block_1_42' title="bbox 1097 732 1870 773">
    <p class='ocr_par' dir='ltr' id='par_1_42' title="bbox 1097 732 1870 773">
     <span class='ocr_line' id='line_1_42' title="bbox 1097 732 1870 773; baseline 0.001 -11"><span class='ocrx_word' id='word_1_266' title='bbox 1097 735 1186 770; x_wconf 82' lang='grc' dir='ltr'>ὀλίγον</span> <span class='ocrx_word' id='word_1_267' title='bbox 1216 734 1430 773; x_wconf 63' lang='grc' dir='ltr'>συνεγενόμξϐα,</span> <span class='ocrx_word' id='word_1_268' title='bbox 1460 735 1576 770; x_wconf 75' lang='grc' dir='ltr'>πλήρεις</span> <span class='ocrx_word' id='word_1_269' title='bbox 1600 734 1650 771; x_wconf 80' lang='grc' dir='ltr'>μὲν</span> <span class='ocrx_word' id='word_1_270' title='bbox 1677 732 1781 762; x_wconf 65' lang='lat' dir='ltr'><strong>sint&quot;</strong></span> <span class='ocrx_word' id='word_1_271' title='bbox 1811 737 1870 771; x_wconf 75' lang='grc' dir='ltr'>ἡμᾶς</span> 
     </span>
    </p>
   </div>
   <div class='ocr_carea' id='block_1_43' title="bbox 1099 781 1870 818">
    <p class='ocr_par' dir='ltr' id='par_1_43' title="bbox 1099 781 1870 818">
     <span class='ocr_line' id='line_1_43' title="bbox 1099 781 1870 818; baseline -0.003 -8"><span class='ocrx_word' id='word_1_272' title='bbox 1099 783 1209 818; x_wconf 77' lang='grc' dir='ltr'>μακρᾶς</span> <span class='ocrx_word' id='word_1_273' title='bbox 1223 781 1391 818; x_wconf 78' lang='grc' dir='ltr'>ἐξηγήσεως,</span> <span class='ocrx_word' id='word_1_274' title='bbox 1405 783 1512 817; x_wconf 79' lang='grc' dir='ltr'>μεγάλα</span> <span class='ocrx_word' id='word_1_275' title='bbox 1520 782 1549 809; x_wconf 83' lang='grc' dir='ltr'><strong>δέ</strong></span> <span class='ocrx_word' id='word_1_276' title='bbox 1565 790 1627 808; x_wconf 91' lang='grc' dir='ltr'>τινα</span> <span class='ocrx_word' id='word_1_277' title='bbox 1643 782 1690 808; x_wconf 81' lang='grc' dir='ltr'>καὶ</span> <span class='ocrx_word' id='word_1_278' title='bbox 1703 782 1790 817; x_wconf 78' lang='grc' dir='ltr'>πάσης</span> <span class='ocrx_word' id='word_1_279' title='bbox 1801 790 1870 818; x_wconf 70' lang='grc' dir='ltr'>τραγ-</span> 
     </span>
    </p>
   </div>
   <div class='ocr_carea' id='block_1_44' title="bbox 1097 828 1871 864">
    <p class='ocr_par' dir='ltr' id='par_1_44' title="bbox 1097 828 1871 864">
     <span class='ocr_line' id='line_1_44' title="bbox 1097 828 1871 864; baseline -0.003 -8"><span class='ocrx_word' id='word_1_280' title='bbox 1097 829 1179 864; x_wconf 85' lang='grc' dir='ltr'>ῳδίας</span> <span class='ocrx_word' id='word_1_281' title='bbox 1203 829 1334 856; x_wconf 72' lang='grc' dir='ltr'><strong>ἐπέκεινα</strong></span> <span class='ocrx_word' id='word_1_282' title='bbox 1355 829 1389 856; x_wconf 83' lang='grc' dir='ltr'>τά</span> <span class='ocrx_word' id='word_1_283' title='bbox 1410 837 1441 856; x_wconf 87' lang='grc' dir='ltr'>τε</span> <span class='ocrx_word' id='word_1_284' title='bbox 1459 829 1510 864; x_wconf 76' lang='grc' dir='ltr'>ἤδη</span> <span class='ocrx_word' id='word_1_285' title='bbox 1537 828 1734 864; x_wconf 74' lang='grc' dir='ltr'>συμϐεϐηκότα</span> <span class='ocrx_word' id='word_1_286' title='bbox 1751 829 1812 864; x_wconf 87' lang='grc' dir='ltr'>ἡμῖν</span> <span class='ocrx_word' id='word_1_287' title='bbox 1836 829 1871 854; x_wconf 60' lang='grc' dir='ltr'>καὶ</span> 
     </span>
    </p>
   </div>
   <div class='ocr_carea' id='block_1_45' title="bbox 1099 874 1871 910">
    <p class='ocr_par' dir='ltr' id='par_1_45' title="bbox 1099 874 1871 910">
     <span class='ocr_line' id='line_1_45' title="bbox 1099 874 1871 910; baseline -0.003 -8"><span class='ocrx_word' id='word_1_288' title='bbox 1099 874 1134 902; x_wconf 80' lang='grc' dir='ltr'><strong>τὰ</strong></span> <span class='ocrx_word' id='word_1_289' title='bbox 1152 875 1182 907; x_wconf 72' lang='grc' dir='ltr'>ἐς</span> <span class='ocrx_word' id='word_1_290' title='bbox 1196 874 1310 910; x_wconf 76' lang='grc' dir='ltr'>ὕστερον</span> <span class='ocrx_word' id='word_1_291' title='bbox 1329 874 1554 910; x_wconf 83' lang='grc' dir='ltr'>προσδοκώμενα.</span> <span class='ocrx_word' id='word_1_292' title='bbox 1573 874 1630 902; x_wconf 75' lang='grc' dir='ltr'><strong>Καὶ</strong></span> <span class='ocrx_word' id='word_1_293' title='bbox 1643 874 1699 909; x_wconf 78' lang='grc' dir='ltr'><strong>γὰρ</strong></span> <span class='ocrx_word' id='word_1_294' title='bbox 1711 874 1801 909; x_wconf 75' lang='grc' dir='ltr'>ἔτυχες</span> <span class='ocrx_word' id='word_1_295' title='bbox 1823 875 1871 900; x_wconf 74' lang='grc' dir='ltr'>τότε</span> 
     </span>
    </p>
   </div>
   <div class='ocr_carea' id='block_1_46' title="bbox 1099 920 1874 957">
    <p class='ocr_par' dir='ltr' id='par_1_46' title="bbox 1099 920 1874 957">
     <span class='ocr_line' id='line_1_46' title="bbox 1099 920 1874 957; baseline -0.004 -8"><span class='ocrx_word' id='word_1_296' title='bbox 1099 922 1147 949; x_wconf 76' lang='grc' dir='ltr'>καὶ</span> <span class='ocrx_word' id='word_1_297' title='bbox 1162 921 1243 954; x_wconf 73' lang='grc' dir='ltr'>αὐτὸς</span> <span class='ocrx_word' id='word_1_298' title='bbox 1259 922 1402 957; x_wconf 78' lang='grc' dir='ltr'><strong>ἀλητεύων</strong></span> <span class='ocrx_word' id='word_1_299' title='bbox 1417 921 1489 948; x_wconf 85' lang='grc' dir='ltr'>κατὰ</span> <span class='ocrx_word' id='word_1_300' title='bbox 1499 921 1549 957; x_wconf 83' lang='grc' dir='ltr'>τὴν</span> <span class='ocrx_word' id='word_1_301' title='bbox 1562 920 1651 955; x_wconf 69' lang='grc' dir='ltr'>αὐτὴν</span> <span class='ocrx_word' id='word_1_302' title='bbox 1667 921 1689 937; x_wconf 70' lang='grc'><em>⁸³</em></span> <span class='ocrx_word' id='word_1_303' title='bbox 1719 921 1795 956; x_wconf 81' lang='grc' dir='ltr'>ἡμῶν</span> <span class='ocrx_word' id='word_1_304' title='bbox 1817 929 1874 955; x_wconf 85' lang='grc' dir='ltr'>συμ-</span> 
     </span>
    </p>
   </div>
   <div class='ocr_carea' id='block_1_47' title="bbox 1098 966 1874 1004">
    <p class='ocr_par' dir='ltr' id='par_1_47' title="bbox 1098 966 1874 1004">
     <span class='ocr_line' id='line_1_47' title="bbox 1098 966 1874 1004; baseline -0.006 -8"><span class='ocrx_word' id='word_1_305' title='bbox 1098 968 1197 1004; x_wconf 78' lang='grc' dir='ltr'>φορὰν,</span> <span class='ocrx_word' id='word_1_306' title='bbox 1214 967 1257 1004; x_wconf 81' lang='grc' dir='ltr'><strong>[Ρ.</strong></span> <span class='ocrx_word' id='word_1_307' title='bbox 1269 967 1333 1004; x_wconf 76' lang='grc'><strong>519]</strong></span> <span class='ocrx_word' id='word_1_308' title='bbox 1349 967 1396 994; x_wconf 89' lang='grc' dir='ltr'><strong>καί</strong></span> <span class='ocrx_word' id='word_1_309' title='bbox 1411 976 1482 994; x_wconf 82' lang='grc' dir='ltr'>τισιν</span> <span class='ocrx_word' id='word_1_310' title='bbox 1496 966 1688 1002; x_wconf 78' lang='grc' dir='ltr'><strong>αἰχμαλώτοις</strong></span> <span class='ocrx_word' id='word_1_311' title='bbox 1707 968 1796 994; x_wconf 71' lang='grc' dir='ltr'>ἐκεῖσε</span> <span class='ocrx_word' id='word_1_312' title='bbox 1821 975 1874 993; x_wconf 78' lang='grc' dir='ltr'>σνν-</span> 
     </span>
    </p>
   </div>
   <div class='ocr_carea' id='block_1_48' title="bbox 1097 1010 1872 1050">
    <p class='ocr_par' dir='ltr' id='par_1_48' title="bbox 1097 1010 1872 1050">
     <span class='ocr_line' id='line_1_48' title="bbox 1097 1010 1872 1050; baseline -0.004 -9"><span class='ocrx_word' id='word_1_313' title='bbox 1097 1014 1277 1050; x_wconf 84' lang='grc' dir='ltr'>επαγόμενος,</span> <span class='ocrx_word' id='word_1_314' title='bbox 1290 1013 1337 1046; x_wconf 75' lang='grc' dir='ltr'>οὓς</span> <span class='ocrx_word' id='word_1_315' title='bbox 1346 1013 1437 1047; x_wconf 71' lang='grc' dir='ltr'>ἔλεγες</span> <span class='ocrx_word' id='word_1_316' title='bbox 1446 1012 1636 1048; x_wconf 80' lang='grc' dir='ltr'>ὁμοπατρίους</span> <span class='ocrx_word' id='word_1_317' title='bbox 1647 1010 1719 1039; x_wconf 80' lang='grc' dir='ltr'>εἶναί</span> <span class='ocrx_word' id='word_1_318' title='bbox 1733 1012 1872 1039; x_wconf 72' lang='grc' dir='ltr'>σοιΚαππάε</span> 
     </span>
    </p>
   </div>
   <div class='ocr_carea' id='block_1_49' title="bbox 1096 1057 1875 1096">
    <p class='ocr_par' dir='ltr' id='par_1_49' title="bbox 1096 1057 1875 1096">
     <span class='ocr_line' id='line_1_49' title="bbox 1096 1057 1875 1096; baseline -0.006 -7"><span class='ocrx_word' id='word_1_319' title='bbox 1096 1062 1189 1096; x_wconf 83' lang='grc' dir='ltr'>δοκας,</span> <span class='ocrx_word' id='word_1_320' title='bbox 1208 1060 1269 1096; x_wconf 79' lang='grc' dir='ltr'>μεθ’</span> <span class='ocrx_word' id='word_1_321' title='bbox 1281 1057 1319 1087; x_wconf 83' lang='grc' dir='ltr'><strong>ὧν</strong></span> <span class='ocrx_word' id='word_1_322' title='bbox 1336 1059 1382 1087; x_wconf 67' lang='grc' dir='ltr'>καὶ</span> <span class='ocrx_word' id='word_1_323' title='bbox 1397 1060 1446 1095; x_wconf 85' lang='grc' dir='ltr'><strong>τὴν</strong></span> <span class='ocrx_word' id='word_1_324' title='bbox 1463 1059 1531 1095; x_wconf 76' lang='grc' dir='ltr'>πρὸς</span> <span class='ocrx_word' id='word_1_325' title='bbox 1547 1059 1596 1095; x_wconf 83' lang='grc' dir='ltr'><strong>τὴν</strong></span> <span class='ocrx_word' id='word_1_326' title='bbox 1611 1059 1638 1076; x_wconf 87' lang='grc'>³⁰</span> <span class='ocrx_word' id='word_1_327' title='bbox 1663 1059 1800 1094; x_wconf 69' lang='grc' dir='ltr'>Ἀντιόχου</span> <span class='ocrx_word' id='word_1_328' title='bbox 1813 1058 1875 1085; x_wconf 59' lang='grc' dir='ltr'>πόλιν</span> 
     </span>
    </p>
   </div>
   <div class='ocr_carea' id='block_1_50' title="bbox 1096 1105 1879 1144">
    <p class='ocr_par' dir='ltr' id='par_1_50' title="bbox 1096 1105 1879 1144">
     <span class='ocr_line' id='line_1_50' title="bbox 1096 1105 1879 1144; baseline -0.006 -8"><span class='ocrx_word' id='word_1_329' title='bbox 1096 1108 1234 1141; x_wconf 80' lang='grc' dir='ltr'>ὲστέλλου,</span> <span class='ocrx_word' id='word_1_330' title='bbox 1251 1106 1379 1144; x_wconf 82' lang='grc' dir='ltr'>μηδαμοῦ</span> <span class='ocrx_word' id='word_1_331' title='bbox 1396 1106 1493 1142; x_wconf 83' lang='grc' dir='ltr'>στῆναι</span> <span class='ocrx_word' id='word_1_332' title='bbox 1509 1105 1564 1135; x_wconf 81' lang='grc' dir='ltr'><strong>τῶν</strong></span> <span class='ocrx_word' id='word_1_333' title='bbox 1583 1105 1726 1140; x_wconf 79' lang='grc' dir='ltr'>ἀλγεινῶν</span> <span class='ocrx_word' id='word_1_334' title='bbox 1745 1105 1879 1140; x_wconf 80' lang='grc' dir='ltr'>ἐξηγούμε-</span> 
     </span>
    </p>
   </div>
   <div class='ocr_carea' id='block_1_51' title="bbox 1095 1151 1878 1188">
    <p class='ocr_par' dir='ltr' id='par_1_51' title="bbox 1095 1151 1878 1188">
     <span class='ocr_line' id='line_1_51' title="bbox 1095 1151 1878 1188; baseline -0.003 -9"><span class='ocrx_word' id='word_1_335' title='bbox 1095 1161 1141 1185; x_wconf 83' lang='grc' dir='ltr'><strong>νος</strong></span> <span class='ocrx_word' id='word_1_336' title='bbox 1155 1161 1162 1168; x_wconf 80' lang='lat'><strong>&#39;</strong></span> <span class='ocrx_word' id='word_1_337' title='bbox 1183 1152 1265 1179; x_wconf 80' lang='grc' dir='ltr'>ὁπότε</span> <span class='ocrx_word' id='word_1_338' title='bbox 1275 1153 1322 1179; x_wconf 73' lang='grc' dir='ltr'>καὶ</span> <span class='ocrx_word' id='word_1_339' title='bbox 1335 1152 1410 1188; x_wconf 79' lang='grc' dir='ltr'>ἡμᾶς</span> <span class='ocrx_word' id='word_1_340' title='bbox 1424 1151 1523 1187; x_wconf 80' lang='grc' dir='ltr'>ἐώρας,</span> <span class='ocrx_word' id='word_1_341' title='bbox 1540 1151 1578 1183; x_wconf 83' lang='grc' dir='ltr'>ὡς</span> <span class='ocrx_word' id='word_1_342' title='bbox 1605 1151 1658 1178; x_wconf 73' lang='grc' dir='ltr'><strong>καὶ</strong></span> <span class='ocrx_word' id='word_1_343' title='bbox 1676 1151 1758 1182; x_wconf 75' lang='grc' dir='ltr'>αὐτὸς</span> <span class='ocrx_word' id='word_1_344' title='bbox 1792 1158 1878 1186; x_wconf 77' lang='grc' dir='ltr'>μαρτυ-</span> 
     </span>
    </p>
   </div>
   <div class='ocr_carea' id='block_1_52' title="bbox 1096 1196 1880 1235">
    <p class='ocr_par' dir='ltr' id='par_1_52' title="bbox 1096 1196 1880 1235">
     <span class='ocr_line' id='line_1_52' title="bbox 1096 1196 1880 1235; baseline -0.004 -9"><span class='ocrx_word' id='word_1_345' title='bbox 1096 1200 1164 1235; x_wconf 87' lang='grc' dir='ltr'>ρεῖς,</span> <span class='ocrx_word' id='word_1_346' title='bbox 1176 1199 1206 1226; x_wconf 87' lang='grc' dir='ltr'><strong>τό</strong></span> <span class='ocrx_word' id='word_1_347' title='bbox 1222 1207 1253 1225; x_wconf 81' lang='grc' dir='ltr'>τε</span> <span class='ocrx_word' id='word_1_348' title='bbox 1265 1198 1363 1234; x_wconf 80' lang='grc' dir='ltr'>νεαρὸν</span> <span class='ocrx_word' id='word_1_349' title='bbox 1376 1198 1423 1225; x_wconf 72' lang='grc' dir='ltr'><strong>τοῦ</strong></span> <span class='ocrx_word' id='word_1_350' title='bbox 1432 1197 1547 1229; x_wconf 78' lang='grc' dir='ltr'>πένθους</span> <span class='ocrx_word' id='word_1_351' title='bbox 1563 1197 1685 1233; x_wconf 81' lang='grc' dir='ltr'>ἔχοντας</span> <span class='ocrx_word' id='word_1_352' title='bbox 1703 1198 1752 1224; x_wconf 82' lang='grc' dir='ltr'>καὶ</span> <span class='ocrx_word' id='word_1_353' title='bbox 1775 1197 1808 1223; x_wconf 79' lang='grc' dir='ltr'>τὰ</span> <span class='ocrx_word' id='word_1_354' title='bbox 1833 1196 1880 1231; x_wconf 79' lang='grc' dir='ltr'>ἴχνη</span> 
     </span>
    </p>
   </div>
   <div class='ocr_carea' id='block_1_53' title="bbox 1093 1241 1880 1281">
    <p class='ocr_par' dir='ltr' id='par_1_53' title="bbox 1093 1241 1880 1281">
     <span class='ocr_line' id='line_1_53' title="bbox 1093 1241 1880 1281; baseline -0.005 -9"><span class='ocrx_word' id='word_1_355' title='bbox 1093 1245 1142 1272; x_wconf 81' lang='grc' dir='ltr'>τοῦ</span> <span class='ocrx_word' id='word_1_356' title='bbox 1154 1245 1336 1281; x_wconf 82' lang='grc' dir='ltr'>προλαὸόντος</span> <span class='ocrx_word' id='word_1_357' title='bbox 1351 1244 1435 1280; x_wconf 77' lang='grc' dir='ltr'>φόϐου</span> <span class='ocrx_word' id='word_1_358' title='bbox 1447 1245 1503 1276; x_wconf 81' lang='grc' dir='ltr'>τοῖς</span> <span class='ocrx_word' id='word_1_359' title='bbox 1518 1243 1684 1279; x_wconf 74' lang='grc' dir='ltr'>προσώποις</span> <span class='ocrx_word' id='word_1_360' title='bbox 1695 1243 1775 1279; x_wconf 82' lang='grc' dir='ltr'>ἡμῶν</span> <span class='ocrx_word' id='word_1_361' title='bbox 1794 1241 1880 1278; x_wconf 74' lang='grc' dir='ltr'>ἐγκαθ-</span> 
     </span>
    </p>
   </div>
   <div class='ocr_carea' id='block_1_54' title="bbox 1094 1289 1883 1327">
    <p class='ocr_par' dir='ltr' id='par_1_54' title="bbox 1094 1289 1883 1327">
     <span class='ocr_line' id='line_1_54' title="bbox 1094 1289 1883 1327; baseline -0.005 -9"><span class='ocrx_word' id='word_1_362' title='bbox 1094 1292 1195 1327; x_wconf 87' lang='grc' dir='ltr'>ήμενα,</span> <span class='ocrx_word' id='word_1_363' title='bbox 1222 1291 1260 1323; x_wconf 82' lang='grc' dir='ltr'>ὡς</span> <span class='ocrx_word' id='word_1_364' title='bbox 1269 1291 1317 1318; x_wconf 59' lang='grc' dir='ltr'><strong>καὶ¹</strong></span> <span class='ocrx_word' id='word_1_365' title='bbox 1334 1290 1494 1323; x_wconf 75' lang='grc' dir='ltr'>σιωπῶντας</span> <span class='ocrx_word' id='word_1_366' title='bbox 1517 1290 1582 1326; x_wconf 72' lang='grc' dir='ltr'>βοᾷν</span> <span class='ocrx_word' id='word_1_367' title='bbox 1601 1289 1660 1325; x_wconf 79' lang='grc' dir='ltr'>τὴν</span> <span class='ocrx_word' id='word_1_368' title='bbox 1690 1289 1833 1324; x_wconf 69' lang='grc' dir='ltr'>συμφορὰν</span> <span class='ocrx_word' id='word_1_369' title='bbox 1856 1290 1883 1314; x_wconf 77' lang='grc' dir='ltr'>ἐκ</span> 
     </span>
    </p>
   </div>
   <div class='ocr_carea' id='block_1_55' title="bbox 1094 1336 1882 1373">
    <p class='ocr_par' dir='ltr' id='par_1_55' title="bbox 1094 1336 1882 1373">
     <span class='ocr_line' id='line_1_55' title="bbox 1094 1336 1882 1373; baseline -0.006 -8"><span class='ocrx_word' id='word_1_370' title='bbox 1094 1338 1140 1365; x_wconf 80' lang='grc' dir='ltr'>τοῦ</span> <span class='ocrx_word' id='word_1_371' title='bbox 1160 1337 1316 1373; x_wconf 81' lang='grc' dir='ltr'>χρώματος.</span> <span class='ocrx_word' id='word_1_372' title='bbox 1340 1337 1422 1364; x_wconf 81' lang='grc' dir='ltr'>Ἀλλὰ</span> <span class='ocrx_word' id='word_1_373' title='bbox 1438 1337 1503 1373; x_wconf 75' lang='grc' dir='ltr'>περὶ</span> <span class='ocrx_word' id='word_1_374' title='bbox 1519 1336 1628 1364; x_wconf 77' lang='grc' dir='ltr'>τούτων</span> <span class='ocrx_word' id='word_1_375' title='bbox 1653 1337 1678 1363; x_wconf 86' lang='grc' dir='ltr'>εί</span> <span class='ocrx_word' id='word_1_376' title='bbox 1695 1336 1758 1363; x_wconf 81' lang='grc' dir='ltr'>καθ’</span> <span class='ocrx_word' id='word_1_377' title='bbox 1784 1336 1882 1362; x_wconf 58' lang='grc' dir='ltr'>ἕκαστον</span> 
     </span>
    </p>
   </div>
   <div class='ocr_carea' id='block_1_56' title="bbox 1093 1382 1884 1420">
    <p class='ocr_par' dir='ltr' id='par_1_56' title="bbox 1093 1382 1884 1420">
     <span class='ocr_line' id='line_1_56' title="bbox 1093 1382 1884 1420; baseline -0.006 -9"><span class='ocrx_word' id='word_1_378' title='bbox 1093 1384 1232 1417; x_wconf 78' lang='grc' dir='ltr'>ἐπεξιέναι</span> <span class='ocrx_word' id='word_1_379' title='bbox 1248 1383 1419 1420; x_wconf 80' lang='grc' dir='ltr'><strong>βουληθείην,</strong></span> <span class='ocrx_word' id='word_1_380' title='bbox 1438 1383 1543 1419; x_wconf 78' lang='grc' dir='ltr'>μακρὸν</span> <span class='ocrx_word' id='word_1_381' title='bbox 1558 1383 1592 1410; x_wconf 85' lang='grc' dir='ltr'><strong>ἂν</strong></span> <span class='ocrx_word' id='word_1_382' title='bbox 1623 1383 1671 1418; x_wconf 74' lang='grc' dir='ltr'>εἴη</span> <span class='ocrx_word' id='word_1_383' title='bbox 1684 1383 1734 1409; x_wconf 78' lang='grc' dir='ltr'><strong>καὶ</strong></span> <span class='ocrx_word' id='word_1_384' title='bbox 1758 1383 1791 1418; x_wconf 82' lang='grc' dir='ltr'>τῇ</span> <span class='ocrx_word' id='word_1_385' title='bbox 1818 1382 1884 1417; x_wconf 77' lang='grc' dir='ltr'>χρείᾳ</span> 
     </span>
    </p>
   </div>
   <div class='ocr_carea' id='block_1_57' title="bbox 1094 1427 1884 1466">
    <p class='ocr_par' dir='ltr' id='par_1_57' title="bbox 1094 1427 1884 1466">
     <span class='ocr_line' id='line_1_57' title="bbox 1094 1427 1884 1466; baseline -0.008 -8"><span class='ocrx_word' id='word_1_386' title='bbox 1094 1431 1131 1466; x_wconf 87' lang='grc' dir='ltr'>μὴ</span> <span class='ocrx_word' id='word_1_387' title='bbox 1144 1430 1311 1466; x_wconf 80' lang='grc' dir='ltr'>κατάλληλον</span> <span class='ocrx_word' id='word_1_388' title='bbox 1325 1430 1369 1456; x_wconf 82' lang='grc' dir='ltr'>τὸν</span> <span class='ocrx_word' id='word_1_389' title='bbox 1382 1429 1462 1464; x_wconf 86' lang='grc' dir='ltr'>λόγον</span> <span class='ocrx_word' id='word_1_390' title='bbox 1474 1429 1644 1464; x_wconf 71' lang='grc' dir='ltr'>ποιήσομαι,</span> <span class='ocrx_word' id='word_1_391' title='bbox 1660 1429 1715 1464; x_wconf 78' lang='grc' dir='ltr'>τῆς</span> <span class='ocrx_word' id='word_1_392' title='bbox 1726 1427 1884 1464; x_wconf 74' lang='grc' dir='ltr'>συμμετρίας</span> 
     </span>
    </p>
   </div>
   <div class='ocr_carea' id='block_1_58' title="bbox 1091 1471 1887 1512">
    <p class='ocr_par' dir='ltr' id='par_1_58' title="bbox 1091 1471 1887 1512">
     <span class='ocr_line' id='line_1_58' title="bbox 1091 1471 1887 1512; baseline -0.006 -9"><span class='ocrx_word' id='word_1_393' title='bbox 1091 1477 1137 1504; x_wconf 81' lang='grc' dir='ltr'><strong>τὸν</strong></span> <span class='ocrx_word' id='word_1_394' title='bbox 1152 1476 1234 1512; x_wconf 89' lang='grc' dir='ltr'>νόμον</span> <span class='ocrx_word' id='word_1_395' title='bbox 1251 1475 1480 1511; x_wconf 81' lang='grc' dir='ltr'>καθυπερϐαίνων</span> <span class='ocrx_word' id='word_1_396' title='bbox 1493 1482 1500 1490; x_wconf 86' lang='lat'><strong>&#39;</strong></span> <span class='ocrx_word' id='word_1_397' title='bbox 1517 1475 1615 1511; x_wconf 85' lang='grc' dir='ltr'>ἵναμὴ</span> <span class='ocrx_word' id='word_1_398' title='bbox 1631 1475 1710 1510; x_wconf 82' lang='grc' dir='ltr'>λέγω</span> <span class='ocrx_word' id='word_1_399' title='bbox 1727 1475 1769 1501; x_wconf 84' lang='grc' dir='ltr'>ὅτι</span> <span class='ocrx_word' id='word_1_400' title='bbox 1783 1474 1828 1500; x_wconf 72' lang='grc' dir='ltr'>καὶ</span> <span class='ocrx_word' id='word_1_401' title='bbox 1847 1471 1887 1507; x_wconf 65' lang='grc' dir='ltr'>τὴν</span> 
     </span>
    </p>
   </div>
   <div class='ocr_carea' id='block_1_59' title="bbox 1093 1519 1886 1558">
    <p class='ocr_par' dir='ltr' id='par_1_59' title="bbox 1093 1519 1886 1558">
     <span class='ocr_line' id='line_1_59' title="bbox 1093 1519 1886 1558; baseline -0.006 -10"><span class='ocrx_word' id='word_1_402' title='bbox 1093 1523 1143 1558; x_wconf 82' lang='grc' dir='ltr'><strong>σὴν</strong></span> <span class='ocrx_word' id='word_1_403' title='bbox 1158 1521 1318 1558; x_wconf 76' lang='grc' dir='ltr'>ἀῤῥᾲθυμον</span> <span class='ocrx_word' id='word_1_404' title='bbox 1335 1522 1420 1557; x_wconf 78' lang='grc' dir='ltr'>ἀκοὴν</span> <span class='ocrx_word' id='word_1_405' title='bbox 1435 1521 1610 1553; x_wconf 82' lang='grc' dir='ltr'>ἀποκναίσω,</span> <span class='ocrx_word' id='word_1_406' title='bbox 1623 1522 1650 1547; x_wconf 82' lang='grc' dir='ltr'><strong>εί</strong></span> <span class='ocrx_word' id='word_1_407' title='bbox 1668 1521 1718 1548; x_wconf 81' lang='grc' dir='ltr'>καὶ</span> <span class='ocrx_word' id='word_1_408' title='bbox 1734 1520 1816 1547; x_wconf 80' lang='grc' dir='ltr'>ὂτιδι¹</span> <span class='ocrx_word' id='word_1_409' title='bbox 1833 1519 1886 1552; x_wconf 68' lang='grc' dir='ltr'><strong>ἐφέ-</strong></span> 
     </span>
    </p>
   </div>
   <div class='ocr_carea' id='block_1_60' title="bbox 246 1559 1041 1604">
    <p class='ocr_par' dir='ltr' id='par_1_60' title="bbox 246 1559 1039 1594">
     <span class='ocr_line' id='line_1_60' title="bbox 246 1559 1039 1594; baseline -0.005 -4"><span class='ocrx_word' id='word_1_410' title='bbox 246 1563 362 1591; x_wconf 86' lang='lat' dir='ltr'><strong>auribus</strong></span> <span class='ocrx_word' id='word_1_411' title='bbox 377 1561 500 1591; x_wconf 80' lang='lat' dir='ltr'><strong>audienti</strong></span> <span class='ocrx_word' id='word_1_412' title='bbox 521 1561 569 1589; x_wconf 85' lang='lat' dir='ltr'><strong>tibi</strong></span> <span class='ocrx_word' id='word_1_413' title='bbox 584 1560 745 1594; x_wconf 82' lang='lat' dir='ltr'><strong>obtundam,</strong></span> <span class='ocrx_word' id='word_1_414' title='bbox 760 1560 823 1588; x_wconf 84' lang='lat' dir='ltr'><strong>licet</strong></span> <span class='ocrx_word' id='word_1_415' title='bbox 838 1559 966 1587; x_wconf 81' lang='lat' dir='ltr'><strong>audiendi</strong></span> <span class='ocrx_word' id='word_1_416' title='bbox 983 1559 1039 1586; x_wconf 89' lang='lat' dir='ltr'><strong>avi-</strong></span> 
     </span>
    </p>
   </div>
   <div class='ocr_carea' id='block_1_61' title="bbox 1094 1559 1889 1604">
    <p class='ocr_par' dir='ltr' id='par_1_61' title="bbox 1094 1564 1889 1604">
     <span class='ocr_line' id='line_1_61' title="bbox 1094 1564 1889 1604; baseline -0.006 -9"><span class='ocrx_word' id='word_1_417' title='bbox 1094 1578 1162 1600; x_wconf 83' lang='grc' dir='ltr'>σεως</span> <span class='ocrx_word' id='word_1_418' title='bbox 1188 1568 1262 1604; x_wconf 77' lang='grc' dir='ltr'>ἔχεις</span> <span class='ocrx_word' id='word_1_419' title='bbox 1289 1570 1346 1600; x_wconf 81' lang='grc' dir='ltr'>τοῖς</span> <span class='ocrx_word' id='word_1_420' title='bbox 1370 1568 1530 1604; x_wconf 82' lang='grc' dir='ltr'>λεγομένοις</span> <span class='ocrx_word' id='word_1_421' title='bbox 1553 1566 1808 1603; x_wconf 79' lang='grc' dir='ltr'>ἑποικροὰσασθαι.</span> <span class='ocrx_word' id='word_1_422' title='bbox 1829 1564 1889 1592; x_wconf 73' lang='grc' dir='ltr'>Ἀλλ’</span> 
     </span>
    </p>
   </div>
   <div class='ocr_carea' id='block_1_62' title="bbox 246 1605 1040 1643">
    <p class='ocr_par' dir='ltr' id='par_1_62' title="bbox 246 1605 1040 1643">
     <span class='ocr_line' id='line_1_62' title="bbox 246 1605 1040 1643; baseline -0.005 -7"><span class='ocrx_word' id='word_1_423' title='bbox 246 1609 330 1637; x_wconf 79' lang='lat' dir='ltr'><strong>ditate</strong></span> <span class='ocrx_word' id='word_1_424' title='bbox 356 1609 391 1636; x_wconf 87' lang='lat' dir='ltr'><strong>ad</strong></span> <span class='ocrx_word' id='word_1_425' title='bbox 419 1615 452 1636; x_wconf 86' lang='lat' dir='ltr'><strong>ea</strong></span> <span class='ocrx_word' id='word_1_426' title='bbox 478 1614 540 1643; x_wconf 73' lang='lat' dir='ltr'><strong>quae</strong></span> <span class='ocrx_word' id='word_1_427' title='bbox 562 1606 677 1634; x_wconf 82' lang='lat' dir='ltr'><strong>dicenda</strong></span> <span class='ocrx_word' id='word_1_428' title='bbox 708 1613 723 1633; x_wconf 86' lang='lat' dir='ltr'><strong>a</strong></span> <span class='ocrx_word' id='word_1_429' title='bbox 752 1613 796 1634; x_wconf 88' lang='lat' dir='ltr'><strong>mc</strong></span> <span class='ocrx_word' id='word_1_430' title='bbox 829 1609 894 1634; x_wconf 87' lang='lat' dir='ltr'><strong>sunt</strong></span> <span class='ocrx_word' id='word_1_431' title='bbox 920 1605 1040 1633; x_wconf 85' lang='lat' dir='ltr'><strong>animum</strong></span> 
     </span>
    </p>
   </div>
   <div class='ocr_carea' id='block_1_63' title="bbox 246 1652 1043 1688">
    <p class='ocr_par' dir='ltr' id='par_1_63' title="bbox 246 1652 1043 1688">
     <span class='ocr_line' id='line_1_63' title="bbox 246 1652 1043 1688; baseline -0.004 -5"><span class='ocrx_word' id='word_1_432' title='bbox 246 1656 385 1683; x_wconf 84' lang='lat' dir='ltr'><strong>advertas.</strong></span> <span class='ocrx_word' id='word_1_433' title='bbox 416 1653 533 1687; x_wconf 85' lang='lat' dir='ltr'><strong>Quando</strong></span> <span class='ocrx_word' id='word_1_434' title='bbox 563 1653 646 1688; x_wconf 78' lang='lat' dir='ltr'><strong>igitur</strong></span> <span class='ocrx_word' id='word_1_435' title='bbox 672 1653 728 1688; x_wconf 87' lang='lat' dir='ltr'><strong>jam</strong></span> <span class='ocrx_word' id='word_1_436' title='bbox 758 1652 837 1680; x_wconf 89' lang='lat' dir='ltr'><strong>initio</strong></span> <span class='ocrx_word' id='word_1_437' title='bbox 872 1655 1043 1687; x_wconf 79' lang='lat' dir='ltr'><strong>per-attentas</strong></span> 
     </span>
    </p>
   </div>
   <div class='ocr_carea' id='block_1_64' title="bbox 247 1698 1042 1736">
    <p class='ocr_par' dir='ltr' id='par_1_64' title="bbox 247 1698 1042 1736">
     <span class='ocr_line' id='line_1_64' title="bbox 247 1698 1042 1736; baseline -0.005 -8"><span class='ocrx_word' id='word_1_438' title='bbox 247 1709 328 1729; x_wconf 85' lang='lat' dir='ltr'><strong>aures</strong></span> <span class='ocrx_word' id='word_1_439' title='bbox 352 1700 493 1736; x_wconf 85' lang='lat' dir='ltr'><strong>pollicitus</strong></span> <span class='ocrx_word' id='word_1_440' title='bbox 516 1706 563 1732; x_wconf 87' lang='lat' dir='ltr'><strong>es,</strong></span> <span class='ocrx_word' id='word_1_441' title='bbox 579 1699 612 1726; x_wconf 91' lang='lat' dir='ltr'><strong>ad</strong></span> <span class='ocrx_word' id='word_1_442' title='bbox 630 1703 725 1727; x_wconf 89' lang='lat' dir='ltr'><strong>nostra</strong></span> <span class='ocrx_word' id='word_1_443' title='bbox 753 1698 910 1726; x_wconf 83' lang='lat' dir='ltr'><strong>enarranda</strong></span> <span class='ocrx_word' id='word_1_444' title='bbox 926 1698 952 1725; x_wconf 89' lang='lat' dir='ltr'><strong>in</strong></span> <span class='ocrx_word' id='word_1_445' title='bbox 969 1698 1042 1725; x_wconf 87' lang='lat' dir='ltr'><strong>hunc</strong></span> 
     </span>
    </p>
   </div>
   <div class='ocr_carea' id='block_1_65' title="bbox 247 1746 781 1781">
    <p class='ocr_par' dir='ltr' id='par_1_65' title="bbox 247 1746 781 1781">
     <span class='ocr_line' id='line_1_65' title="bbox 247 1746 781 1781; baseline -0.011 -6"><span class='ocrx_word' id='word_1_446' title='bbox 247 1747 360 1775; x_wconf 85' lang='lat' dir='ltr'><strong>modum</strong></span> <span class='ocrx_word' id='word_1_447' title='bbox 387 1746 541 1781; x_wconf 80' lang='lat' dir='ltr'><strong>aggredior.</strong></span> <span class='ocrx_word' id='word_1_448' title='bbox 776 1766 781 1769; x_wconf 71' lang='grc'>,</span> 
     </span>
    </p>
   </div>
   <div class='ocr_carea' id='block_1_66' title="bbox 282 1788 1041 1825">
    <p class='ocr_par' dir='ltr' id='par_1_66' title="bbox 282 1788 1041 1825">
     <span class='ocr_line' id='line_1_66' title="bbox 282 1788 1041 1825; baseline -0.004 -7"><span class='ocrx_word' id='word_1_449' title='bbox 282 1790 309 1818; x_wconf 77' lang='grc'><strong>5.</strong></span> <span class='ocrx_word' id='word_1_450' title='bbox 342 1789 455 1823; x_wconf 82' lang='lat' dir='ltr'><strong>Nostra.</strong></span> <span class='ocrx_word' id='word_1_451' title='bbox 479 1797 495 1817; x_wconf 93' lang='grc' dir='ltr'><strong>ο</strong></span> <span class='ocrx_word' id='word_1_452' title='bbox 519 1789 617 1823; x_wconf 83' lang='lat' dir='ltr'><strong>amice,</strong></span> <span class='ocrx_word' id='word_1_453' title='bbox 643 1789 743 1825; x_wconf 82' lang='lat' dir='ltr'><strong>patria.</strong></span> <span class='ocrx_word' id='word_1_454' title='bbox 764 1788 963 1817; x_wconf 80' lang='lat' dir='ltr'><strong>Thessalonica</strong></span> <span class='ocrx_word' id='word_1_455' title='bbox 989 1792 1041 1816; x_wconf 87' lang='lat' dir='ltr'><strong>est.</strong></span> 
     </span>
    </p>
   </div>
   <div class='ocr_carea' id='block_1_67' title="bbox 246 1832 1041 1869">
    <p class='ocr_par' dir='ltr' id='par_1_67' title="bbox 246 1832 1041 1869">
     <span class='ocr_line' id='line_1_67' title="bbox 246 1832 1041 1869; baseline -0.004 -7"><span class='ocrx_word' id='word_1_456' title='bbox 246 1833 323 1862; x_wconf 84' lang='lat' dir='ltr'><strong>lianc</strong></span> <span class='ocrx_word' id='word_1_457' title='bbox 342 1834 415 1862; x_wconf 88' lang='lat' dir='ltr'><strong>enim</strong></span> <span class='ocrx_word' id='word_1_458' title='bbox 445 1834 564 1869; x_wconf 87' lang='lat' dir='ltr'><strong>primum</strong></span> <span class='ocrx_word' id='word_1_459' title='bbox 578 1833 627 1861; x_wconf 88' lang='lat' dir='ltr'><strong>tibi</strong></span> <span class='ocrx_word' id='word_1_460' title='bbox 645 1838 738 1861; x_wconf 90' lang='lat' dir='ltr'><strong>notam</strong></span> <span class='ocrx_word' id='word_1_461' title='bbox 759 1832 870 1866; x_wconf 77' lang='lat' dir='ltr'><strong>faciant,</strong></span> <span class='ocrx_word' id='word_1_462' title='bbox 892 1840 939 1868; x_wconf 88' lang='lat' dir='ltr'><strong>per</strong></span> <span class='ocrx_word' id='word_1_463' title='bbox 957 1840 1041 1868; x_wconf 83' lang='lat' dir='ltr'><strong>quam</strong></span> 
     </span>
    </p>
   </div>
   <div class='ocr_carea' id='block_1_68' title="bbox 247 1880 1042 1916">
    <p class='ocr_par' dir='ltr' id='par_1_68' title="bbox 247 1880 1042 1916">
     <span class='ocr_line' id='line_1_68' title="bbox 247 1880 1042 1916; baseline 0 -8"><span class='ocrx_word' id='word_1_464' title='bbox 247 1881 315 1909; x_wconf 83' lang='lat' dir='ltr'><strong>mihi</strong></span> <span class='ocrx_word' id='word_1_465' title='bbox 339 1881 426 1908; x_wconf 88' lang='lat' dir='ltr'><strong>multa</strong></span> <span class='ocrx_word' id='word_1_466' title='bbox 455 1887 622 1916; x_wconf 69' lang='lat' dir='ltr'><strong>cognoscere</strong></span> <span class='ocrx_word' id='word_1_467' title='bbox 640 1880 717 1908; x_wconf 89' lang='lat' dir='ltr'><strong>licuit</strong></span> <span class='ocrx_word' id='word_1_468' title='bbox 744 1888 806 1915; x_wconf 75' lang='lat' dir='ltr'><strong>qua:</strong></span> <span class='ocrx_word' id='word_1_469' title='bbox 838 1885 918 1908; x_wconf 85' lang='lat' dir='ltr'><strong>antea</strong></span> <span class='ocrx_word' id='word_1_470' title='bbox 949 1880 1042 1908; x_wconf 90' lang='lat' dir='ltr'><strong>nullus</strong></span> 
     </span>
    </p>
   </div>
   <div class='ocr_carea' id='block_1_69' title="bbox 246 1925 1041 1962">
    <p class='ocr_par' dir='ltr' id='par_1_69' title="bbox 246 1925 1041 1962">
     <span class='ocr_line' id='line_1_69' title="bbox 246 1925 1041 1962; baseline -0.001 -8"><span class='ocrx_word' id='word_1_471' title='bbox 246 1933 376 1954; x_wconf 82' lang='lat' dir='ltr'><strong>noveram</strong></span> <span class='ocrx_word' id='word_1_472' title='bbox 391 1934 399 1960; x_wconf 85' lang='lat'><strong>;</strong></span> <span class='ocrx_word' id='word_1_473' title='bbox 416 1929 443 1953; x_wconf 86' lang='lat' dir='ltr'><strong>et</strong></span> <span class='ocrx_word' id='word_1_474' title='bbox 462 1926 509 1962; x_wconf 90' lang='lat' dir='ltr'><strong>qui</strong></span> <span class='ocrx_word' id='word_1_475' title='bbox 524 1926 553 1954; x_wconf 91' lang='lat' dir='ltr'><strong>in</strong></span> <span class='ocrx_word' id='word_1_476' title='bbox 568 1925 607 1954; x_wconf 90' lang='lat' dir='ltr'><strong>tui</strong></span> <span class='ocrx_word' id='word_1_477' title='bbox 625 1926 683 1961; x_wconf 88' lang='lat' dir='ltr'><strong>jam</strong></span> <span class='ocrx_word' id='word_1_478' title='bbox 703 1925 890 1962; x_wconf 75' lang='lat' dir='ltr'><strong>cognitionem</strong></span> <span class='ocrx_word' id='word_1_479' title='bbox 907 1926 1041 1959; x_wconf 87' lang='lat' dir='ltr'><strong>venerim,</strong></span> 
     </span>
    </p>
   </div>
   <div class='ocr_carea' id='block_1_70' title="bbox 245 1971 1043 2008">
    <p class='ocr_par' dir='ltr' id='par_1_70' title="bbox 245 1971 1043 2008">
     <span class='ocr_line' id='line_1_70' title="bbox 245 1971 1043 2008; baseline 0 -9"><span class='ocrx_word' id='word_1_480' title='bbox 245 1972 306 2007; x_wconf 86' lang='lat' dir='ltr'><strong>ejus</strong></span> <span class='ocrx_word' id='word_1_481' title='bbox 342 1972 430 2008; x_wconf 89' lang='lat' dir='ltr'><strong>ipsius</strong></span> <span class='ocrx_word' id='word_1_482' title='bbox 470 1978 594 1999; x_wconf 82' lang='lat' dir='ltr'><strong>exactam</strong></span> <span class='ocrx_word' id='word_1_483' title='bbox 629 1972 711 2000; x_wconf 85' lang='lat' dir='ltr'><strong>edere</strong></span> <span class='ocrx_word' id='word_1_484' title='bbox 745 1971 930 2007; x_wconf 77' lang='lat' dir='ltr'><strong>cognitionem</strong></span> <span class='ocrx_word' id='word_1_485' title='bbox 961 1971 1043 2008; x_wconf 68' lang='lat' dir='ltr'><strong>cilicii</strong></span> 
     </span>
    </p>
   </div>
   <div class='ocr_carea' id='block_1_71' title="bbox 245 2016 1042 2054">
    <p class='ocr_par' dir='ltr' id='par_1_71' title="bbox 245 2016 1042 2054">
     <span class='ocr_line' id='line_1_71' title="bbox 245 2016 1042 2054; baseline -0.003 -8"><span class='ocrx_word' id='word_1_486' title='bbox 245 2019 326 2054; x_wconf 87' lang='lat' dir='ltr'><strong>quasi</strong></span> <span class='ocrx_word' id='word_1_487' title='bbox 351 2018 414 2054; x_wconf 86' lang='lat' dir='ltr'><strong>jure</strong></span> <span class='ocrx_word' id='word_1_488' title='bbox 435 2018 491 2045; x_wconf 85' lang='lat' dir='ltr'><strong>tuis</strong></span> <span class='ocrx_word' id='word_1_489' title='bbox 508 2018 579 2046; x_wconf 90' lang='lat' dir='ltr'><strong>votis</strong></span> <span class='ocrx_word' id='word_1_490' title='bbox 601 2017 762 2053; x_wconf 86' lang='lat' dir='ltr'><strong>compellor.</strong></span> <span class='ocrx_word' id='word_1_491' title='bbox 776 2016 880 2053; x_wconf 79' lang='lat' dir='ltr'><strong>Nempe</strong></span> <span class='ocrx_word' id='word_1_492' title='bbox 902 2017 968 2046; x_wconf 89' lang='lat' dir='ltr'><strong>urbs</strong></span> <span class='ocrx_word' id='word_1_493' title='bbox 983 2024 1042 2044; x_wconf 84' lang='lat' dir='ltr'><strong>ma-</strong></span> 
     </span>
    </p>
   </div>
   <div class='ocr_carea' id='block_1_72' title="bbox 245 2061 1041 2100">
    <p class='ocr_par' dir='ltr' id='par_1_72' title="bbox 245 2061 1041 2100">
     <span class='ocr_line' id='line_1_72' title="bbox 245 2061 1041 2100; baseline -0.001 -9"><span class='ocrx_word' id='word_1_494' title='bbox 245 2071 299 2100; x_wconf 77' lang='lat' dir='ltr'><strong>gna</strong></span> <span class='ocrx_word' id='word_1_495' title='bbox 319 2063 387 2091; x_wconf 90' lang='lat' dir='ltr'><strong>mihi</strong></span> <span class='ocrx_word' id='word_1_496' title='bbox 404 2063 579 2098; x_wconf 83' lang='lat' dir='ltr'><strong>explicanda,</strong></span> <span class='ocrx_word' id='word_1_497' title='bbox 596 2067 624 2090; x_wconf 88' lang='lat' dir='ltr'><strong>et</strong></span> <span class='ocrx_word' id='word_1_498' title='bbox 650 2070 712 2098; x_wconf 72' lang='lat' dir='ltr'><strong>qua:</strong></span> <span class='ocrx_word' id='word_1_499' title='bbox 738 2062 829 2099; x_wconf 78' lang='lat' dir='ltr'><strong>gentis</strong></span> <span class='ocrx_word' id='word_1_500' title='bbox 862 2061 1041 2090; x_wconf 82' lang='lat' dir='ltr'><strong>Macedonum</strong></span> 
     </span>
    </p>
   </div>
   <div class='ocr_carea' id='block_1_73' title="bbox 245 2107 1041 2145">
    <p class='ocr_par' dir='ltr' id='par_1_73' title="bbox 245 2107 1041 2145">
     <span class='ocr_line' id='line_1_73' title="bbox 245 2107 1041 2145; baseline -0.001 -8"><span class='ocrx_word' id='word_1_501' title='bbox 245 2110 375 2145; x_wconf 86' lang='lat' dir='ltr'><strong>primaria</strong></span> <span class='ocrx_word' id='word_1_502' title='bbox 403 2110 529 2138; x_wconf 60' lang='lat' dir='ltr'><strong>exsistat.</strong></span> <span class='ocrx_word' id='word_1_503' title='bbox 561 2108 633 2137; x_wconf 83' lang='lat' dir='ltr'><strong>Urbs</strong></span> <span class='ocrx_word' id='word_1_504' title='bbox 658 2110 739 2137; x_wconf 85' lang='lat' dir='ltr'><strong>rebus</strong></span> <span class='ocrx_word' id='word_1_505' title='bbox 763 2110 836 2143; x_wconf 84' lang='lat' dir='ltr'><strong>aliis,</strong></span> <span class='ocrx_word' id='word_1_506' title='bbox 866 2110 966 2145; x_wconf 88' lang='lat' dir='ltr'><strong>quibus</strong></span> <span class='ocrx_word' id='word_1_507' title='bbox 990 2107 1041 2137; x_wconf 83' lang='lat' dir='ltr'><strong>sibi</strong></span> 
     </span>
    </p>
   </div>
   <div class='ocr_carea' id='block_1_74' title="bbox 244 2155 1042 2192">
    <p class='ocr_par' dir='ltr' id='par_1_74' title="bbox 244 2155 1042 2192">
     <span class='ocr_line' id='line_1_74' title="bbox 244 2155 1042 2192; baseline 0 -8"><span class='ocrx_word' id='word_1_508' title='bbox 244 2157 361 2184; x_wconf 85' lang='lat' dir='ltr'><strong>nimium</strong></span> <span class='ocrx_word' id='word_1_509' title='bbox 378 2160 494 2183; x_wconf 86' lang='lat' dir='ltr'><strong>sumunt</strong></span> <span class='ocrx_word' id='word_1_510' title='bbox 519 2156 647 2183; x_wconf 83' lang='lat' dir='ltr'><strong>civitates</strong></span> <span class='ocrx_word' id='word_1_511' title='bbox 668 2163 701 2183; x_wconf 87' lang='lat' dir='ltr'><strong>ac</strong></span> <span class='ocrx_word' id='word_1_512' title='bbox 712 2155 906 2189; x_wconf 82' lang='lat' dir='ltr'><strong>bonestantur,</strong></span> <span class='ocrx_word' id='word_1_513' title='bbox 932 2156 1042 2192; x_wconf 86' lang='lat' dir='ltr'><strong>conspi-</strong></span> 
     </span>
    </p>
   </div>
   <div class='ocr_carea' id='block_1_75' title="bbox 245 2200 1039 2237">
    <p class='ocr_par' dir='ltr' id='par_1_75' title="bbox 245 2200 1039 2237">
     <span class='ocr_line' id='line_1_75' title="bbox 245 2200 1039 2237; baseline 0.001 -8"><span class='ocrx_word' id='word_1_514' title='bbox 245 2209 308 2235; x_wconf 86' lang='lat' dir='ltr'><strong>cua,</strong></span> <span class='ocrx_word' id='word_1_515' title='bbox 327 2205 355 2229; x_wconf 87' lang='lat' dir='ltr'><strong>ct</strong></span> <span class='ocrx_word' id='word_1_516' title='bbox 370 2208 433 2237; x_wconf 81' lang='lat' dir='ltr'><strong>quae</strong></span> <span class='ocrx_word' id='word_1_517' title='bbox 453 2201 521 2228; x_wconf 91' lang='lat' dir='ltr'><strong>nulli</strong></span> <span class='ocrx_word' id='word_1_518' title='bbox 543 2200 696 2228; x_wconf 89' lang='lat' dir='ltr'><strong>vicinarum</strong></span> <span class='ocrx_word' id='word_1_519' title='bbox 716 2201 869 2234; x_wconf 85' lang='lat' dir='ltr'><strong>civitatum.</strong></span> <span class='ocrx_word' id='word_1_520' title='bbox 891 2202 950 2236; x_wconf 88' lang='lat' dir='ltr'><strong>pari</strong></span> <span class='ocrx_word' id='word_1_521' title='bbox 975 2210 1039 2230; x_wconf 92' lang='lat' dir='ltr'><strong>cum</strong></span> 
     </span>
    </p>
   </div>
   <div class='ocr_carea' id='block_1_76' title="bbox 1093 1611 1888 1648">
    <p class='ocr_par' dir='ltr' id='par_1_76' title="bbox 1093 1611 1888 1648">
     <span class='ocr_line' id='line_1_76' title="bbox 1093 1611 1888 1648; baseline 0 -8"><span class='ocrx_word' id='word_1_522' title='bbox 1093 1613 1188 1648; x_wconf 73' lang='grc' dir='ltr'>ἐπειδὴ</span> <span class='ocrx_word' id='word_1_523' title='bbox 1203 1613 1295 1640; x_wconf 84' lang='grc' dir='ltr'>τοίνυν</span> <span class='ocrx_word' id='word_1_524' title='bbox 1309 1613 1388 1640; x_wconf 83' lang='grc' dir='ltr'>τοῦτο</span> <span class='ocrx_word' id='word_1_525' title='bbox 1400 1613 1556 1648; x_wconf 81' lang='grc' dir='ltr'>κατ’ἀρχὰς</span> <span class='ocrx_word' id='word_1_526' title='bbox 1570 1613 1715 1648; x_wconf 82' lang='grc' dir='ltr'>ὑπέσχου,</span> <span class='ocrx_word' id='word_1_527' title='bbox 1726 1612 1759 1639; x_wconf 85' lang='grc' dir='ltr'><strong>τδ</strong></span> <span class='ocrx_word' id='word_1_528' title='bbox 1770 1611 1888 1645; x_wconf 69' lang='grc' dir='ltr'>νουνεχῶς</span> 
     </span>
    </p>
   </div>
   <div class='ocr_carea' id='block_1_77' title="bbox 1093 1654 1678 1694">
    <p class='ocr_par' dir='ltr' id='par_1_77' title="bbox 1093 1654 1678 1694">
     <span class='ocr_line' id='line_1_77' title="bbox 1093 1654 1678 1694; baseline -0.003 -8"><span class='ocrx_word' id='word_1_529' title='bbox 1093 1659 1213 1692; x_wconf 73' lang='grc' dir='ltr'>ἀκούειν,</span> <span class='ocrx_word' id='word_1_530' title='bbox 1232 1658 1350 1694; x_wconf 80' lang='grc' dir='ltr'>ἄρχομαι</span> <span class='ocrx_word' id='word_1_531' title='bbox 1367 1657 1422 1684; x_wconf 82' lang='grc' dir='ltr'>τῶν</span> <span class='ocrx_word' id='word_1_532' title='bbox 1437 1657 1588 1693; x_wconf 74' lang='grc' dir='ltr'>καθ’ήμᾶς</span> <span class='ocrx_word' id='word_1_533' title='bbox 1607 1654 1678 1685; x_wconf 77' lang='grc' dir='ltr'>ὧδε.</span> 
     </span>
    </p>
   </div>
   <div class='ocr_carea' id='block_1_78' title="bbox 1128 1788 1893 1828">
    <p class='ocr_par' dir='ltr' id='par_1_78' title="bbox 1128 1788 1893 1828">
     <span class='ocr_line' id='line_1_78' title="bbox 1128 1788 1893 1828; baseline -0.007 -9"><span class='ocrx_word' id='word_1_534' title='bbox 1128 1801 1162 1827; x_wconf 91' lang='grc' dir='ltr'>γ.</span> <span class='ocrx_word' id='word_1_535' title='bbox 1186 1793 1292 1828; x_wconf 76' lang='grc' dir='ltr'>Ἰιμεις,</span> <span class='ocrx_word' id='word_1_536' title='bbox 1309 1791 1331 1818; x_wconf 85' lang='grc' dir='ltr'>ώ</span> <span class='ocrx_word' id='word_1_537' title='bbox 1348 1791 1440 1825; x_wconf 65' lang='grc' dir='ltr'>φῦος,</span> <span class='ocrx_word' id='word_1_538' title='bbox 1459 1789 1590 1826; x_wconf 78' lang='grc' dir='ltr'>πατρίδος</span> <span class='ocrx_word' id='word_1_539' title='bbox 1622 1791 1716 1825; x_wconf 74' lang='grc' dir='ltr'>ἐσμὲν</span> <span class='ocrx_word' id='word_1_540' title='bbox 1744 1788 1893 1817; x_wconf 78' lang='grc' dir='ltr'>Θεσσαλονί-</span> 
     </span>
    </p>
   </div>
   <div class='ocr_carea' id='block_1_79' title="bbox 1093 1831 1894 1875">
    <p class='ocr_par' dir='ltr' id='par_1_79' title="bbox 1093 1831 1894 1875">
     <span class='ocr_line' id='line_1_79' title="bbox 1093 1831 1894 1875; baseline -0.005 -9"><span class='ocrx_word' id='word_1_541' title='bbox 1093 1838 1264 1875; x_wconf 81' lang='grc' dir='ltr'>κης-αὑτὴν</span> <span class='ocrx_word' id='word_1_542' title='bbox 1289 1839 1343 1874; x_wconf 89' lang='grc' dir='ltr'><strong>γὰρ</strong></span> <span class='ocrx_word' id='word_1_543' title='bbox 1371 1837 1485 1874; x_wconf 71' lang='grc' dir='ltr'>πρώτην</span> <span class='ocrx_word' id='word_1_544' title='bbox 1511 1837 1702 1872; x_wconf 80' lang='grc' dir='ltr'>γνωριοῦμαί</span> <span class='ocrx_word' id='word_1_545' title='bbox 1730 1845 1786 1868; x_wconf 82' lang='grc' dir='ltr'>σοι,</span> <span class='ocrx_word' id='word_1_546' title='bbox 1807 1835 1838 1862; x_wconf 87' lang='grc' dir='ltr'>δι’</span> <span class='ocrx_word' id='word_1_547' title='bbox 1865 1831 1894 1870; x_wconf 71' lang='grc' dir='ltr'>ἧς</span> 
     </span>
    </p>
   </div>
   <div class='ocr_carea' id='block_1_80' title="bbox 1093 1881 1894 1920">
    <p class='ocr_par' dir='ltr' id='par_1_80' title="bbox 1093 1881 1894 1920">
     <span class='ocr_line' id='line_1_80' title="bbox 1093 1881 1894 1920; baseline -0.005 -8"><span class='ocrx_word' id='word_1_548' title='bbox 1093 1886 1178 1920; x_wconf 72' lang='grc' dir='ltr'>ἔγνων</span> <span class='ocrx_word' id='word_1_549' title='bbox 1188 1882 1225 1912; x_wconf 86' lang='grc' dir='ltr'>ὧν</span> <span class='ocrx_word' id='word_1_550' title='bbox 1240 1884 1315 1911; x_wconf 76' lang='grc' dir='ltr'>οὔπω</span> <span class='ocrx_word' id='word_1_551' title='bbox 1332 1883 1463 1918; x_wconf 77' lang='grc' dir='ltr'><strong>ἐγνώκειν</strong></span> <span class='ocrx_word' id='word_1_552' title='bbox 1472 1883 1558 1910; x_wconf 86' lang='grc' dir='ltr'>πολλά</span> <span class='ocrx_word' id='word_1_553' title='bbox 1568 1892 1576 1899; x_wconf 71' lang='grc' dir='ltr'><strong>ο</strong></span> <span class='ocrx_word' id='word_1_554' title='bbox 1586 1884 1643 1910; x_wconf 76' lang='grc' dir='ltr'>καὶ</span> <span class='ocrx_word' id='word_1_555' title='bbox 1663 1883 1711 1910; x_wconf 83' lang='grc' dir='ltr'>σοι</span> <span class='ocrx_word' id='word_1_556' title='bbox 1728 1892 1762 1918; x_wconf 75' lang='grc' dir='ltr'><strong>γε</strong></span> <span class='ocrx_word' id='word_1_557' title='bbox 1776 1881 1872 1918; x_wconf 77' lang='grc' dir='ltr'>γνωσθε</span> <span class='ocrx_word' id='word_1_558' title='bbox 1883 1890 1894 1912; x_wconf 87' lang='grc' dir='ltr'><strong>ς</strong></span> 
     </span>
    </p>
   </div>
   <div class='ocr_carea' id='block_1_81' title="bbox 1092 1929 1895 1968">
    <p class='ocr_par' dir='ltr' id='par_1_81' title="bbox 1092 1929 1895 1968">
     <span class='ocr_line' id='line_1_81' title="bbox 1092 1929 1895 1968; baseline -0.004 -9"><span class='ocrx_word' id='word_1_559' title='bbox 1092 1932 1153 1968; x_wconf 80' lang='grc' dir='ltr'>ἄρτι</span> <span class='ocrx_word' id='word_1_560' title='bbox 1164 1931 1214 1966; x_wconf 82' lang='grc' dir='ltr'>τὴν</span> <span class='ocrx_word' id='word_1_561' title='bbox 1230 1931 1294 1966; x_wconf 81' lang='grc' dir='ltr'>περὶ</span> <span class='ocrx_word' id='word_1_562' title='bbox 1309 1930 1394 1965; x_wconf 74' lang='grc' dir='ltr'>αὐτῆς</span> <span class='ocrx_word' id='word_1_563' title='bbox 1408 1929 1516 1965; x_wconf 71' lang='grc' dir='ltr'>ἐκείνης</span> <span class='ocrx_word' id='word_1_564' title='bbox 1539 1929 1652 1964; x_wconf 79' lang='grc' dir='ltr'>γνῶσιν</span> <span class='ocrx_word' id='word_1_565' title='bbox 1680 1931 1895 1965; x_wconf 73' lang='grc' dir='ltr'>εἶσπρὰττομσι.</span> 
     </span>
    </p>
   </div>
   <div class='ocr_carea' id='block_1_82' title="bbox 1093 1973 1897 2012">
    <p class='ocr_par' dir='ltr' id='par_1_82' title="bbox 1093 1973 1897 2012">
     <span class='ocr_line' id='line_1_82' title="bbox 1093 1973 1897 2012; baseline -0.007 -7"><span class='ocrx_word' id='word_1_566' title='bbox 1093 1978 1197 2010; x_wconf 82' lang='grc' dir='ltr'>πόλεως</span> <span class='ocrx_word' id='word_1_567' title='bbox 1216 1976 1339 2012; x_wconf 84' lang='grc' dir='ltr'>μεγάλης</span> <span class='ocrx_word' id='word_1_568' title='bbox 1356 1975 1404 2002; x_wconf 78' lang='grc' dir='ltr'>καὶ</span> <span class='ocrx_word' id='word_1_569' title='bbox 1413 1975 1526 2011; x_wconf 85' lang='grc' dir='ltr'>πρώτης</span> <span class='ocrx_word' id='word_1_570' title='bbox 1537 1975 1596 2002; x_wconf 76' lang='grc' dir='ltr'>τῶν</span> <span class='ocrx_word' id='word_1_571' title='bbox 1614 1976 1810 2010; x_wconf 77' lang='grc' dir='ltr'><strong>Μακεδόνων,</strong></span> <span class='ocrx_word' id='word_1_572' title='bbox 1823 1973 1897 2002; x_wconf 73' lang='grc' dir='ltr'>τᾶλλα</span> 
     </span>
    </p>
   </div>
   <div class='ocr_carea' id='block_1_83' title="bbox 1094 2018 1898 2059">
    <p class='ocr_par' dir='ltr' id='par_1_83' title="bbox 1094 2018 1898 2059">
     <span class='ocr_line' id='line_1_83' title="bbox 1094 2018 1898 2059; baseline -0.006 -9"><span class='ocrx_word' id='word_1_573' title='bbox 1094 2023 1143 2059; x_wconf 81' lang='grc' dir='ltr'>μὲν</span> <span class='ocrx_word' id='word_1_574' title='bbox 1158 2021 1327 2058; x_wconf 83' lang='grc' dir='ltr'>περιφανοῦς</span> <span class='ocrx_word' id='word_1_575' title='bbox 1341 2018 1383 2052; x_wconf 77' lang='grc' dir='ltr'><strong>οἷς</strong></span> <span class='ocrx_word' id='word_1_576' title='bbox 1398 2019 1561 2056; x_wconf 84' lang='grc' dir='ltr'>σεμνύνεται</span> <span class='ocrx_word' id='word_1_577' title='bbox 1581 2020 1687 2054; x_wconf 80' lang='grc' dir='ltr'>πόλις,</span> <span class='ocrx_word' id='word_1_578' title='bbox 1705 2021 1759 2048; x_wconf 76' lang='grc' dir='ltr'>καὶ</span> <span class='ocrx_word' id='word_1_579' title='bbox 1789 2018 1898 2057; x_wconf 76' lang='grc' dir='ltr'>μηδεμιᾷ</span> 
     </span>
    </p>
   </div>
   <div class='ocr_carea' id='block_1_84' title="bbox 1091 2066 1900 2103">
    <p class='ocr_par' dir='ltr' id='par_1_84' title="bbox 1091 2066 1900 2103">
     <span class='ocr_line' id='line_1_84' title="bbox 1091 2066 1900 2103; baseline -0.005 -8"><span class='ocrx_word' id='word_1_580' title='bbox 1091 2069 1146 2096; x_wconf 84' lang='grc' dir='ltr'>τῶν</span> <span class='ocrx_word' id='word_1_581' title='bbox 1177 2068 1292 2103; x_wconf 72' lang='grc' dir='ltr'>ἔγγιστα</span> <span class='ocrx_word' id='word_1_582' title='bbox 1324 2066 1544 2103; x_wconf 80' lang='grc' dir='ltr'>παραχωρούσης</span> <span class='ocrx_word' id='word_1_583' title='bbox 1580 2067 1625 2102; x_wconf 79' lang='grc' dir='ltr'>μὴ</span> <span class='ocrx_word' id='word_1_584' title='bbox 1653 2067 1703 2095; x_wconf 81' lang='grc' dir='ltr'>ὅτι</span> <span class='ocrx_word' id='word_1_585' title='bbox 1732 2067 1798 2095; x_wconf 79' lang='grc' dir='ltr'>κατ’</span> <span class='ocrx_word' id='word_1_586' title='bbox 1824 2066 1900 2099; x_wconf 78' lang='grc' dir='ltr'>αὐτὴν</span> 
     </span>
    </p>
   </div>
   <div class='ocr_carea' id='block_1_85' title="bbox 1091 2110 1901 2151">
    <p class='ocr_par' dir='ltr' id='par_1_85' title="bbox 1091 2110 1901 2151">
     <span class='ocr_line' id='line_1_85' title="bbox 1091 2110 1901 2151; baseline -0.006 -9"><span class='ocrx_word' id='word_1_587' title='bbox 1091 2115 1218 2151; x_wconf 83' lang='grc' dir='ltr'>ὀφθῆναι,</span> <span class='ocrx_word' id='word_1_588' title='bbox 1238 2113 1476 2149; x_wconf 81' lang='grc' dir='ltr'>περιφανεστέρας</span> <span class='ocrx_word' id='word_1_589' title='bbox 1499 2112 1528 2139; x_wconf 79' lang='grc' dir='ltr'>δὲ</span> <span class='ocrx_word' id='word_1_590' title='bbox 1547 2112 1601 2148; x_wconf 80' lang='grc' dir='ltr'>τὴν</span> <span class='ocrx_word' id='word_1_591' title='bbox 1624 2113 1797 2147; x_wconf 75' lang='grc' dir='ltr'>εὐσέόειαν,</span> <span class='ocrx_word' id='word_1_592' title='bbox 1821 2113 1854 2148; x_wconf 73' lang='grc' dir='ltr'>ἣν</span> <span class='ocrx_word' id='word_1_593' title='bbox 1876 2110 1901 2143; x_wconf 71' lang='grc' dir='ltr'><strong>ἐξ</strong></span> 
     </span>
    </p>
   </div>
   <div class='ocr_carea' id='block_1_86' title="bbox 1091 2157 1902 2198">
    <p class='ocr_par' dir='ltr' id='par_1_86' title="bbox 1091 2157 1902 2198">
     <span class='ocr_line' id='line_1_86' title="bbox 1091 2157 1902 2198; baseline -0.012 -10"><span class='ocrx_word' id='word_1_594' title='bbox 1091 2160 1178 2198; x_wconf 83' lang='grc' dir='ltr'>ἀρχῆς</span> <span class='ocrx_word' id='word_1_595' title='bbox 1190 2160 1300 2194; x_wconf 71' lang='grc' dir='ltr'>ἐδέξατο</span> <span class='ocrx_word' id='word_1_596' title='bbox 1313 2160 1360 2187; x_wconf 75' lang='grc' dir='ltr'>καὶ</span> <span class='ocrx_word' id='word_1_597' title='bbox 1374 2159 1510 2194; x_wconf 77' lang='grc' dir='ltr'>δεξαμένη</span> <span class='ocrx_word' id='word_1_598' title='bbox 1526 2159 1614 2194; x_wconf 81' lang='grc' dir='ltr'>μέχρι</span> <span class='ocrx_word' id='word_1_599' title='bbox 1648 2160 1707 2187; x_wconf 73' lang='grc' dir='ltr'>τοῦ</span> <span class='ocrx_word' id='word_1_600' title='bbox 1734 2161 1788 2187; x_wconf 68' lang='grc' dir='ltr'><strong>νῦν</strong></span> <span class='ocrx_word' id='word_1_601' title='bbox 1816 2157 1902 2186; x_wconf 78' lang='grc' dir='ltr'>διεσώ-</span> 
     </span>
    </p>
   </div>
   <div class='ocr_carea' id='block_1_87' title="bbox 1093 2204 1902 2242">
    <p class='ocr_par' dir='ltr' id='par_1_87' title="bbox 1093 2204 1902 2242">
     <span class='ocr_line' id='line_1_87' title="bbox 1093 2204 1902 2242; baseline -0.006 -8"><span class='ocrx_word' id='word_1_602' title='bbox 1093 2215 1167 2234; x_wconf 84' lang='grc' dir='ltr'>σατο.</span> <span class='ocrx_word' id='word_1_603' title='bbox 1197 2206 1284 2234; x_wconf 78' lang='grc' dir='ltr'>Αὐτὸν</span> <span class='ocrx_word' id='word_1_604' title='bbox 1305 2205 1360 2240; x_wconf 78' lang='grc' dir='ltr'><strong>γὰρ</strong></span> <span class='ocrx_word' id='word_1_605' title='bbox 1384 2205 1465 2241; x_wconf 78' lang='grc' dir='ltr'>αὐχεῖ</span> <span class='ocrx_word' id='word_1_606' title='bbox 1492 2204 1701 2242; x_wconf 81' lang='grc' dir='ltr'>Θεσσαλονίκη</span> <span class='ocrx_word' id='word_1_607' title='bbox 1725 2207 1778 2233; x_wconf 59' lang='grc' dir='ltr'>’τὸν</span> <span class='ocrx_word' id='word_1_608' title='bbox 1804 2205 1902 2233; x_wconf 75' lang='grc' dir='ltr'>Παῦλον</span> 
     </span>
    </p>
   </div>
   <div class='ocr_carea' id='block_1_88' title="bbox 245 2247 1041 2289">
    <p class='ocr_par' dir='ltr' id='par_1_88' title="bbox 245 2247 1038 2284">
     <span class='ocr_line' id='line_1_88' title="bbox 245 2247 1038 2284; baseline 0.003 -9"><span class='ocrx_word' id='word_1_609' title='bbox 245 2248 374 2276; x_wconf 84' lang='lat' dir='ltr'><strong>omnibus</strong></span> <span class='ocrx_word' id='word_1_610' title='bbox 390 2253 500 2276; x_wconf 86' lang='lat' dir='ltr'><strong>certans</strong></span> <span class='ocrx_word' id='word_1_611' title='bbox 513 2247 650 2280; x_wconf 86' lang='lat' dir='ltr'><strong>claritate,</strong></span> <span class='ocrx_word' id='word_1_612' title='bbox 669 2248 758 2281; x_wconf 86' lang='lat' dir='ltr'><strong>cedat,</strong></span> <span class='ocrx_word' id='word_1_613' title='bbox 775 2248 877 2284; x_wconf 87' lang='lat' dir='ltr'><strong>pietate</strong></span> <span class='ocrx_word' id='word_1_614' title='bbox 889 2256 954 2276; x_wconf 88' lang='lat' dir='ltr'><strong>vero</strong></span> <span class='ocrx_word' id='word_1_615' title='bbox 969 2256 1038 2277; x_wconf 91' lang='lat' dir='ltr'><strong>cun-</strong></span> 
     </span>
    </p>
   </div>
   <div class='ocr_carea' id='block_1_89' title="bbox 1094 2247 1903 2289">
    <p class='ocr_par' dir='ltr' id='par_1_89' title="bbox 1094 2251 1903 2289">
     <span class='ocr_line' id='line_1_89' title="bbox 1094 2251 1903 2289; baseline -0.006 -8"><span class='ocrx_word' id='word_1_616' title='bbox 1094 2254 1163 2289; x_wconf 75' lang='grc' dir='ltr'>ἔχειν</span> <span class='ocrx_word' id='word_1_617' title='bbox 1177 2253 1227 2286; x_wconf 84' lang='grc' dir='ltr'>τῆς</span> <span class='ocrx_word' id='word_1_618' title='bbox 1243 2252 1385 2284; x_wconf 73' lang='grc' dir='ltr'>εὐσεϐείας</span> <span class='ocrx_word' id='word_1_619' title='bbox 1400 2251 1571 2284; x_wconf 80' lang='grc' dir='ltr'>διδάσκαλον,</span> <span class='ocrx_word' id='word_1_620' title='bbox 1599 2251 1637 2278; x_wconf 72' lang='grc' dir='ltr'>τὸ</span> <span class='ocrx_word' id='word_1_621' title='bbox 1660 2253 1775 2285; x_wconf 78' lang='grc' dir='ltr'>σκεῦος</span> <span class='ocrx_word' id='word_1_622' title='bbox 1799 2253 1849 2287; x_wconf 82' lang='grc' dir='ltr'>τῆς</span> <span class='ocrx_word' id='word_1_623' title='bbox 1864 2253 1903 2277; x_wconf 77' lang='grc' dir='ltr'><strong>ὲκ-</strong></span> 
     </span>
    </p>
   </div>
   <div class='ocr_carea' id='block_1_90' title="bbox 245 2293 1039 2331">
    <p class='ocr_par' dir='ltr' id='par_1_90' title="bbox 245 2293 1039 2331">
     <span class='ocr_line' id='line_1_90' title="bbox 245 2293 1039 2331; baseline 0.001 -9"><span class='ocrx_word' id='word_1_624' title='bbox 245 2295 299 2323; x_wconf 87' lang='lat' dir='ltr'><strong>ctis</strong></span> <span class='ocrx_word' id='word_1_625' title='bbox 317 2294 451 2323; x_wconf 84' lang='lat' dir='ltr'><strong>illustrior</strong></span> <span class='ocrx_word' id='word_1_626' title='bbox 474 2293 600 2326; x_wconf 73' lang='lat' dir='ltr'><strong>exsistat,</strong></span> <span class='ocrx_word' id='word_1_627' title='bbox 617 2301 699 2329; x_wconf 88' lang='lat' dir='ltr'><strong>quam</strong></span> <span class='ocrx_word' id='word_1_628' title='bbox 723 2301 738 2320; x_wconf 88' lang='lat' dir='ltr'><strong>a</strong></span> <span class='ocrx_word' id='word_1_629' title='bbox 757 2294 892 2330; x_wconf 91' lang='lat' dir='ltr'><strong>principio</strong></span> <span class='ocrx_word' id='word_1_630' title='bbox 916 2295 1039 2331; x_wconf 85' lang='lat' dir='ltr'><strong>suscepit</strong></span> 
     </span>
    </p>
   </div>
   <div class='ocr_carea' id='block_1_91' title="bbox 244 2340 1037 2376">
    <p class='ocr_par' dir='ltr' id='par_1_91' title="bbox 244 2340 1037 2376">
     <span class='ocr_line' id='line_1_91' title="bbox 244 2340 1037 2376; baseline -0.001 -7"><span class='ocrx_word' id='word_1_631' title='bbox 244 2345 457 2376; x_wconf 77' lang='lat' dir='ltr'><strong>susceptamque</strong></span> <span class='ocrx_word' id='word_1_632' title='bbox 473 2340 607 2368; x_wconf 88' lang='lat' dir='ltr'><strong>hactenus</strong></span> <span class='ocrx_word' id='word_1_633' title='bbox 625 2340 790 2368; x_wconf 88' lang='lat' dir='ltr'><strong>incolumem</strong></span> <span class='ocrx_word' id='word_1_634' title='bbox 803 2341 934 2369; x_wconf 88' lang='lat' dir='ltr'><strong>servavit.</strong></span> <span class='ocrx_word' id='word_1_635' title='bbox 946 2340 1037 2376; x_wconf 87' lang='lat' dir='ltr'><strong>Ipsum</strong></span> 
     </span>
    </p>
   </div>
   <div class='ocr_carea' id='block_1_92' title="bbox 243 2386 1039 2422">
    <p class='ocr_par' dir='ltr' id='par_1_92' title="bbox 243 2386 1039 2422">
     <span class='ocr_line' id='line_1_92' title="bbox 243 2386 1039 2422; baseline -0.001 -7"><span class='ocrx_word' id='word_1_636' title='bbox 243 2389 316 2416; x_wconf 83' lang='lat' dir='ltr'><strong>enim</strong></span> <span class='ocrx_word' id='word_1_637' title='bbox 335 2387 461 2420; x_wconf 85' lang='lat' dir='ltr'><strong>Paulum,</strong></span> <span class='ocrx_word' id='word_1_638' title='bbox 475 2393 524 2414; x_wconf 83' lang='lat' dir='ltr'><strong>vas</strong></span> <span class='ocrx_word' id='word_1_639' title='bbox 538 2386 692 2419; x_wconf 86' lang='lat' dir='ltr'><strong>electionis,</strong></span> <span class='ocrx_word' id='word_1_640' title='bbox 709 2386 816 2421; x_wconf 88' lang='lat' dir='ltr'><strong>pietatis</strong></span> <span class='ocrx_word' id='word_1_641' title='bbox 832 2386 885 2414; x_wconf 89' lang='lat' dir='ltr'><strong>sibi</strong></span> <span class='ocrx_word' id='word_1_642' title='bbox 905 2387 1039 2422; x_wconf 82' lang='lat' dir='ltr'><strong>gloriatur</strong></span> 
     </span>
    </p>
   </div>
   <div class='ocr_carea' id='block_1_93' title="bbox 244 2431 1033 2469">
    <p class='ocr_par' dir='ltr' id='par_1_93' title="bbox 244 2431 1033 2469">
     <span class='ocr_line' id='line_1_93' title="bbox 244 2431 1033 2469; baseline 0 -9"><span class='ocrx_word' id='word_1_643' title='bbox 244 2434 423 2469; x_wconf 80' lang='lat' dir='ltr'><strong>magistrum;</strong></span> <span class='ocrx_word' id='word_1_644' title='bbox 438 2433 484 2468; x_wconf 90' lang='lat' dir='ltr'><strong>qui</strong></span> <span class='ocrx_word' id='word_1_645' title='bbox 502 2431 630 2460; x_wconf 88' lang='lat' dir='ltr'><strong>videlicet</strong></span> <span class='ocrx_word' id='word_1_646' title='bbox 645 2432 679 2459; x_wconf 89' lang='lat' dir='ltr'><strong>ab</strong></span> <span class='ocrx_word' id='word_1_647' title='bbox 691 2431 842 2460; x_wconf 78' lang='lat' dir='ltr'><strong>Jerusalem</strong></span> <span class='ocrx_word' id='word_1_648' title='bbox 857 2432 885 2460; x_wconf 93' lang='lat' dir='ltr'><strong>in</strong></span> <span class='ocrx_word' id='word_1_649' title='bbox 904 2432 1033 2465; x_wconf 85' lang='lat' dir='ltr'><strong>circuitu,</strong></span> 
     </span>
    </p>
   </div>
   <div class='ocr_carea' id='block_1_94' title="bbox 243 2477 1034 2514">
    <p class='ocr_par' dir='ltr' id='par_1_94' title="bbox 243 2477 1034 2514">
     <span class='ocr_line' id='line_1_94' title="bbox 243 2477 1034 2514; baseline 0 -8"><span class='ocrx_word' id='word_1_650' title='bbox 243 2484 271 2506; x_wconf 85' lang='lat' dir='ltr'><strong>ct</strong></span> <span class='ocrx_word' id='word_1_651' title='bbox 303 2485 390 2513; x_wconf 84' lang='lat' dir='ltr'><strong>usque</strong></span> <span class='ocrx_word' id='word_1_652' title='bbox 427 2478 456 2505; x_wconf 90' lang='lat' dir='ltr'><strong>in</strong></span> <span class='ocrx_word' id='word_1_653' title='bbox 489 2477 625 2514; x_wconf 81' lang='lat' dir='ltr'><strong>Illyricum</strong></span> <span class='ocrx_word' id='word_1_654' title='bbox 656 2477 815 2513; x_wconf 78' lang='lat' dir='ltr'><strong>evangelica</strong></span> <span class='ocrx_word' id='word_1_655' title='bbox 840 2478 1034 2512; x_wconf 64' lang='lat' dir='ltr'><strong>praedicatione</strong></span> 
     </span>
    </p>
   </div>
   <div class='ocr_carea' id='block_1_95' title="bbox 243 2523 1033 2560">
    <p class='ocr_par' dir='ltr' id='par_1_95' title="bbox 243 2523 1033 2560">
     <span class='ocr_line' id='line_1_95' title="bbox 243 2523 1033 2560; baseline 0.003 -10"><span class='ocrx_word' id='word_1_656' title='bbox 243 2525 403 2552; x_wconf 87' lang='lat' dir='ltr'><strong>universum</strong></span> <span class='ocrx_word' id='word_1_657' title='bbox 437 2524 534 2552; x_wconf 86' lang='lat' dir='ltr'><strong>orbem</strong></span> <span class='ocrx_word' id='word_1_658' title='bbox 565 2524 735 2559; x_wconf 79' lang='lat' dir='ltr'><strong>complexus,</strong></span> <span class='ocrx_word' id='word_1_659' title='bbox 764 2523 802 2551; x_wconf 90' lang='lat' dir='ltr'><strong>illi</strong></span> <span class='ocrx_word' id='word_1_660' title='bbox 832 2532 887 2560; x_wconf 69' lang='lat' dir='ltr'><strong>pra:</strong></span> <span class='ocrx_word' id='word_1_661' title='bbox 918 2524 1033 2560; x_wconf 85' lang='lat' dir='ltr'><strong>reliquis</strong></span> 
     </span>
    </p>
   </div>
   <div class='ocr_carea' id='block_1_96' title="bbox 243 2569 1033 2606">
    <p class='ocr_par' dir='ltr' id='par_1_96' title="bbox 243 2569 1033 2606">
     <span class='ocr_line' id='line_1_96' title="bbox 243 2569 1033 2606; baseline 0.005 -12"><span class='ocrx_word' id='word_1_662' title='bbox 243 2569 342 2596; x_wconf 68' lang='lat' dir='ltr'><strong>divina:</strong></span> <span class='ocrx_word' id='word_1_663' title='bbox 377 2569 542 2605; x_wconf 78' lang='lat' dir='ltr'><strong>cognitionis</strong></span> <span class='ocrx_word' id='word_1_664' title='bbox 573 2577 668 2597; x_wconf 86' lang='lat' dir='ltr'><strong>semen</strong></span> <span class='ocrx_word' id='word_1_665' title='bbox 701 2570 849 2602; x_wconf 85' lang='lat' dir='ltr'><strong>commisit,</strong></span> <span class='ocrx_word' id='word_1_666' title='bbox 883 2578 916 2598; x_wconf 82' lang='lat' dir='ltr'><strong>ex</strong></span> <span class='ocrx_word' id='word_1_667' title='bbox 945 2578 1033 2606; x_wconf 89' lang='lat' dir='ltr'><strong>coque</strong></span> 
     </span>
    </p>
   </div>
   <div class='ocr_carea' id='block_1_97' title="bbox 244 2614 1034 2651">
    <p class='ocr_par' dir='ltr' id='par_1_97' title="bbox 244 2614 1034 2651">
     <span class='ocr_line' id='line_1_97' title="bbox 244 2614 1034 2651; baseline 0.005 -11"><span class='ocrx_word' id='word_1_668' title='bbox 244 2614 399 2642; x_wconf 88' lang='lat' dir='ltr'><strong>uberrimos</strong></span> <span class='ocrx_word' id='word_1_669' title='bbox 431 2614 493 2641; x_wconf 79' lang='lat' dir='ltr'><strong>fidei</strong></span> <span class='ocrx_word' id='word_1_670' title='bbox 518 2614 624 2643; x_wconf 81' lang='lat' dir='ltr'><strong>fructus</strong></span> <span class='ocrx_word' id='word_1_671' title='bbox 651 2622 764 2651; x_wconf 76' lang='lat' dir='ltr'><strong>surgere</strong></span> <span class='ocrx_word' id='word_1_672' title='bbox 789 2616 864 2643; x_wconf 90' lang='lat' dir='ltr'><strong>omni</strong></span> <span class='ocrx_word' id='word_1_673' title='bbox 892 2615 1034 2651; x_wconf 77' lang='lat' dir='ltr'><strong>diligentia</strong></span> 
     </span>
    </p>
   </div>
   <div class='ocr_carea' id='block_1_98' title="bbox 242 2659 1031 2699">
    <p class='ocr_par' dir='ltr' id='par_1_98' title="bbox 242 2659 1031 2699">
     <span class='ocr_line' id='line_1_98' title="bbox 242 2659 1031 2699; baseline 0.005 -12"><span class='ocrx_word' id='word_1_674' title='bbox 242 2660 361 2688; x_wconf 86' lang='lat' dir='ltr'><strong>curavit.</strong></span> <span class='ocrx_word' id='word_1_675' title='bbox 378 2659 443 2688; x_wconf 85' lang='lat' dir='ltr'><strong>Post</strong></span> <span class='ocrx_word' id='word_1_676' title='bbox 458 2659 572 2688; x_wconf 89' lang='lat' dir='ltr'><strong>Paulum</strong></span> <span class='ocrx_word' id='word_1_677' title='bbox 588 2669 652 2689; x_wconf 87' lang='lat' dir='ltr'><strong>vero</strong></span> <span class='ocrx_word' id='word_1_678' title='bbox 667 2662 740 2689; x_wconf 90' lang='lat' dir='ltr'><strong>inter</strong></span> <span class='ocrx_word' id='word_1_679' title='bbox 754 2667 888 2699; x_wconf 86' lang='lat' dir='ltr'><strong>martyres</strong></span> <span class='ocrx_word' id='word_1_680' title='bbox 903 2670 1031 2698; x_wconf 75' lang='lat' dir='ltr'><strong>magnum</strong></span> 
     </span>
    </p>
   </div>
   <div class='ocr_carea' id='block_1_99' title="bbox 243 2707 1031 2745">
    <p class='ocr_par' dir='ltr' id='par_1_99' title="bbox 243 2707 1031 2745">
     <span class='ocr_line' id='line_1_99' title="bbox 243 2707 1031 2745; baseline 0.004 -10"><span class='ocrx_word' id='word_1_681' title='bbox 243 2707 371 2744; x_wconf 80' lang='lat' dir='ltr'><strong>interque</strong></span> <span class='ocrx_word' id='word_1_682' title='bbox 397 2707 517 2736; x_wconf 88' lang='lat' dir='ltr'><strong>victores</strong></span> <span class='ocrx_word' id='word_1_683' title='bbox 549 2713 697 2737; x_wconf 80' lang='lat' dir='ltr'><strong>coronatos</strong></span> <span class='ocrx_word' id='word_1_684' title='bbox 732 2709 812 2745; x_wconf 85' lang='lat' dir='ltr'><strong>digne</strong></span> <span class='ocrx_word' id='word_1_685' title='bbox 840 2709 1031 2738; x_wconf 88' lang='lat' dir='ltr'><strong>admirandum</strong></span> 
     </span>
    </p>
   </div>
   <div class='ocr_carea' id='block_1_100' title="bbox 243 2754 1032 2792">
    <p class='ocr_par' dir='ltr' id='par_1_100' title="bbox 243 2754 1032 2792">
     <span class='ocr_line' id='line_1_100' title="bbox 243 2754 1032 2792; baseline 0.004 -10"><span class='ocrx_word' id='word_1_686' title='bbox 243 2755 425 2791; x_wconf 82' lang='lat' dir='ltr'><strong>myroblytam</strong></span> <span class='ocrx_word' id='word_1_687' title='bbox 439 2754 598 2791; x_wconf 78' lang='lat' dir='ltr'><strong>(unguentis</strong></span> <span class='ocrx_word' id='word_1_688' title='bbox 613 2756 720 2784; x_wconf 84' lang='lat' dir='ltr'><strong>scilicet</strong></span> <span class='ocrx_word' id='word_1_689' title='bbox 745 2756 913 2792; x_wconf 86' lang='lat' dir='ltr'><strong>manantem)</strong></span> <span class='ocrx_word' id='word_1_690' title='bbox 934 2756 1032 2785; x_wconf 83' lang='lat' dir='ltr'><strong>Deme-</strong></span> 
     </span>
    </p>
   </div>
   <div class='ocr_carea' id='block_1_101' title="bbox 243 2801 1032 2838">
    <p class='ocr_par' dir='ltr' id='par_1_101' title="bbox 243 2801 1032 2838">
     <span class='ocr_line' id='line_1_101' title="bbox 243 2801 1032 2838; baseline 0.004 -10"><span class='ocrx_word' id='word_1_691' title='bbox 243 2801 337 2835; x_wconf 82' lang='lat' dir='ltr'><strong>trium,</strong></span> <span class='ocrx_word' id='word_1_692' title='bbox 359 2802 406 2837; x_wconf 92' lang='lat' dir='ltr'><strong>qui</strong></span> <span class='ocrx_word' id='word_1_693' title='bbox 418 2805 445 2830; x_wconf 90' lang='lat' dir='ltr'><strong>et</strong></span> <span class='ocrx_word' id='word_1_694' title='bbox 457 2802 516 2837; x_wconf 88' lang='lat' dir='ltr'><strong>ipse</strong></span> <span class='ocrx_word' id='word_1_695' title='bbox 533 2809 584 2837; x_wconf 91' lang='lat' dir='ltr'><strong>pro</strong></span> <span class='ocrx_word' id='word_1_696' title='bbox 599 2803 700 2838; x_wconf 83' lang='lat' dir='ltr'><strong>pietate</strong></span> <span class='ocrx_word' id='word_1_697' title='bbox 716 2802 866 2837; x_wconf 88' lang='lat' dir='ltr'><strong>plurimum</strong></span> <span class='ocrx_word' id='word_1_698' title='bbox 878 2803 1032 2832; x_wconf 88' lang='lat' dir='ltr'><strong>desudavit.</strong></span> 
     </span>
    </p>
   </div>
   <div class='ocr_carea' id='block_1_102' title="bbox 1085 2292 1903 2335">
    <p class='ocr_par' dir='ltr' id='par_1_102' title="bbox 1085 2292 1903 2335">
     <span class='ocr_line' id='line_1_102' title="bbox 1085 2292 1903 2335; baseline -0.005 -7"><span class='ocrx_word' id='word_1_699' title='bbox 1085 2292 1180 2335; x_wconf 79' lang='grc' dir='ltr'>λογῆς,</span> <span class='ocrx_word' id='word_1_700' title='bbox 1194 2300 1224 2331; x_wconf 85' lang='grc' dir='ltr'>ὃς</span> <span class='ocrx_word' id='word_1_701' title='bbox 1239 2299 1293 2326; x_wconf 75' lang='grc' dir='ltr'><strong>ἀπὸ</strong></span> <span class='ocrx_word' id='word_1_702' title='bbox 1328 2298 1507 2335; x_wconf 81' lang='grc' dir='ltr'>Ἰερουσαλὴμ</span> <span class='ocrx_word' id='word_1_703' title='bbox 1537 2297 1642 2334; x_wconf 83' lang='grc' dir='ltr'>κύκλῳ</span> <span class='ocrx_word' id='word_1_704' title='bbox 1676 2299 1732 2326; x_wconf 78' lang='grc' dir='ltr'>καὶ</span> <span class='ocrx_word' id='word_1_705' title='bbox 1763 2299 1848 2335; x_wconf 77' lang='grc' dir='ltr'>μέχρι</span> <span class='ocrx_word' id='word_1_706' title='bbox 1862 2295 1903 2324; x_wconf 73' lang='grc' dir='ltr'>τώ</span> 
     </span>
    </p>
   </div>
   <div class='ocr_carea' id='block_1_103' title="bbox 1093 2344 1906 2382">
    <p class='ocr_par' dir='ltr' id='par_1_103' title="bbox 1093 2344 1906 2382">
     <span class='ocr_line' id='line_1_103' title="bbox 1093 2344 1906 2382; baseline -0.002 -9"><span class='ocrx_word' id='word_1_707' title='bbox 1093 2345 1241 2381; x_wconf 80' lang='grc' dir='ltr'>Ἰλλυρικοῦ</span> <span class='ocrx_word' id='word_1_708' title='bbox 1257 2345 1296 2381; x_wconf 87' lang='grc' dir='ltr'>τῷ</span> <span class='ocrx_word' id='word_1_709' title='bbox 1312 2344 1484 2380; x_wconf 82' lang='grc' dir='ltr'>εὐαγγελικῷ</span> <span class='ocrx_word' id='word_1_710' title='bbox 1496 2344 1671 2380; x_wconf 78' lang='grc' dir='ltr'>περιλαϐὼν</span> <span class='ocrx_word' id='word_1_711' title='bbox 1699 2346 1758 2382; x_wconf 75' lang='grc' dir='ltr'><strong>τὴν</strong></span> <span class='ocrx_word' id='word_1_712' title='bbox 1783 2344 1906 2380; x_wconf 67' lang='grc' dir='ltr'>οίκουμέν</span> 
     </span>
    </p>
   </div>
   <div class='ocr_carea' id='block_1_104' title="bbox 1088 2389 1906 2428">
    <p class='ocr_par' dir='ltr' id='par_1_104' title="bbox 1088 2389 1906 2428">
     <span class='ocr_line' id='line_1_104' title="bbox 1088 2389 1906 2428; baseline 0.001 -10"><span class='ocrx_word' id='word_1_713' title='bbox 1088 2400 1136 2427; x_wconf 91' lang='grc' dir='ltr'>νην</span> <span class='ocrx_word' id='word_1_714' title='bbox 1149 2391 1319 2428; x_wconf 81' lang='grc' dir='ltr'>κηρύγματι,</span> <span class='ocrx_word' id='word_1_715' title='bbox 1335 2391 1364 2417; x_wconf 75' lang='grc' dir='ltr'><strong>ἐν</strong></span> <span class='ocrx_word' id='word_1_716' title='bbox 1382 2391 1451 2427; x_wconf 81' lang='grc' dir='ltr'>αὐτῇ</span> <span class='ocrx_word' id='word_1_717' title='bbox 1470 2389 1572 2425; x_wconf 84' lang='grc' dir='ltr'>μᾶλλον</span> <span class='ocrx_word' id='word_1_718' title='bbox 1591 2391 1649 2417; x_wconf 74' lang='grc' dir='ltr'><strong>τὸν</strong></span> <span class='ocrx_word' id='word_1_719' title='bbox 1664 2392 1724 2427; x_wconf 74' lang='grc' dir='ltr'>’τῆς</span> <span class='ocrx_word' id='word_1_720' title='bbox 1743 2390 1906 2427; x_wconf 64' lang='grc' dir='ltr'>θεογνωσίις</span> 
     </span>
    </p>
   </div>
   <div class='ocr_carea' id='block_1_105' title="bbox 1061 2435 1909 2472">
    <p class='ocr_par' dir='ltr' id='par_1_105' title="bbox 1061 2435 1909 2472">
     <span class='ocr_line' id='line_1_105' title="bbox 1061 2435 1909 2472; baseline 0.004 -9"><span class='ocrx_word' id='word_1_721' title='bbox 1061 2442 1066 2446; x_wconf 89' lang='grc'>·</span> <span class='ocrx_word' id='word_1_722' title='bbox 1088 2435 1190 2472; x_wconf 85' lang='grc' dir='ltr'>σπόρον</span> <span class='ocrx_word' id='word_1_723' title='bbox 1207 2436 1340 2463; x_wconf 76' lang='grc' dir='ltr'>κατέϐαλε</span> <span class='ocrx_word' id='word_1_724' title='bbox 1356 2436 1406 2463; x_wconf 81' lang='grc' dir='ltr'>καὶ</span> <span class='ocrx_word' id='word_1_725' title='bbox 1421 2435 1556 2471; x_wconf 81' lang='grc' dir='ltr'>πολύχουν</span> <span class='ocrx_word' id='word_1_726' title='bbox 1576 2435 1787 2466; x_wconf 78' lang='grc' dir='ltr'>ἀποδίδοσθαι</span> <span class='ocrx_word' id='word_1_727' title='bbox 1802 2438 1849 2464; x_wconf 77' lang='grc' dir='ltr'>τὸν</span> <span class='ocrx_word' id='word_1_728' title='bbox 1865 2436 1909 2470; x_wconf 79' lang='grc' dir='ltr'><strong>τῆς</strong></span> 
     </span>
    </p>
   </div>
   <div class='ocr_carea' id='block_1_106' title="bbox 1087 2481 1908 2518">
    <p class='ocr_par' dir='ltr' id='par_1_106' title="bbox 1087 2481 1908 2518">
     <span class='ocr_line' id='line_1_106' title="bbox 1087 2481 1908 2518; baseline -0.002 -10"><span class='ocrx_word' id='word_1_729' title='bbox 1087 2481 1206 2514; x_wconf 85' lang='grc' dir='ltr'>πίστεως</span> <span class='ocrx_word' id='word_1_730' title='bbox 1221 2483 1329 2518; x_wconf 78' lang='grc' dir='ltr'>καρπὸν</span> <span class='ocrx_word' id='word_1_731' title='bbox 1352 2481 1530 2509; x_wconf 78' lang='grc' dir='ltr'>διεσπούδασε</span> <span class='ocrx_word' id='word_1_732' title='bbox 1547 2490 1555 2499; x_wconf 88' lang='grc'><strong>·</strong></span> <span class='ocrx_word' id='word_1_733' title='bbox 1572 2483 1644 2517; x_wconf 77' lang='grc' dir='ltr'>μετ’</span> <span class='ocrx_word' id='word_1_734' title='bbox 1663 2484 1788 2511; x_wconf 67' lang='lat' dir='ltr'><strong>mth</strong></span> <span class='ocrx_word' id='word_1_735' title='bbox 1813 2483 1844 2510; x_wconf 81' lang='grc' dir='ltr'>δὲ</span> <span class='ocrx_word' id='word_1_736' title='bbox 1869 2481 1908 2508; x_wconf 72' lang='grc' dir='ltr'>τὸν</span> 
     </span>
    </p>
   </div>
   <div class='ocr_carea' id='block_1_107' title="bbox 1087 2527 1909 2564">
    <p class='ocr_par' dir='ltr' id='par_1_107' title="bbox 1087 2527 1909 2564">
     <span class='ocr_line' id='line_1_107' title="bbox 1087 2527 1909 2564; baseline 0.004 -10"><span class='ocrx_word' id='word_1_737' title='bbox 1087 2527 1174 2563; x_wconf 81' lang='grc' dir='ltr'>μέγαν</span> <span class='ocrx_word' id='word_1_738' title='bbox 1193 2528 1223 2555; x_wconf 81' lang='grc' dir='ltr'><strong>ὲν</strong></span> <span class='ocrx_word' id='word_1_739' title='bbox 1233 2529 1352 2563; x_wconf 81' lang='grc' dir='ltr'>μάρτυσι</span> <span class='ocrx_word' id='word_1_740' title='bbox 1367 2528 1414 2554; x_wconf 76' lang='grc' dir='ltr'>καὶ</span> <span class='ocrx_word' id='word_1_741' title='bbox 1436 2527 1677 2563; x_wconf 72' lang='grc' dir='ltr'>ἀξιοθαύμαστον</span> <span class='ocrx_word' id='word_1_742' title='bbox 1695 2531 1732 2556; x_wconf 75' lang='grc' dir='ltr'><strong>ἐν</strong></span> <span class='ocrx_word' id='word_1_743' title='bbox 1749 2529 1909 2564; x_wconf 78' lang='grc' dir='ltr'>ἀθλοφόροις</span> 
     </span>
    </p>
   </div>
   <div class='ocr_carea' id='block_1_108' title="bbox 1083 2573 1910 2610">
    <p class='ocr_par' dir='ltr' id='par_1_108' title="bbox 1083 2573 1910 2610">
     <span class='ocr_line' id='line_1_108' title="bbox 1083 2573 1910 2610; baseline -0.002 -10"><span class='ocrx_word' id='word_1_744' title='bbox 1083 2574 1240 2610; x_wconf 79' lang='grc' dir='ltr'>Δημήτριον</span> <span class='ocrx_word' id='word_1_745' title='bbox 1253 2574 1299 2600; x_wconf 79' lang='grc' dir='ltr'>τὸν</span> <span class='ocrx_word' id='word_1_746' title='bbox 1314 2573 1497 2609; x_wconf 72' lang='grc' dir='ltr'>μυροσλύιιην,</span> <span class='ocrx_word' id='word_1_747' title='bbox 1512 2573 1600 2600; x_wconf 84' lang='grc' dir='ltr'>πολὺν</span> <span class='ocrx_word' id='word_1_748' title='bbox 1620 2574 1737 2609; x_wconf 78' lang='grc' dir='ltr'>ἀγῶνα</span> <span class='ocrx_word' id='word_1_749' title='bbox 1754 2576 1822 2610; x_wconf 64' lang='lat' dir='ltr'><strong>aut;</strong></span> <span class='ocrx_word' id='word_1_750' title='bbox 1836 2573 1910 2601; x_wconf 72' lang='grc' dir='ltr'>αὐτὸν</span> 
     </span>
    </p>
   </div>
   <div class='ocr_carea' id='block_1_109' title="bbox 1085 2617 1912 2657">
    <p class='ocr_par' dir='ltr' id='par_1_109' title="bbox 1085 2617 1912 2657">
     <span class='ocr_line' id='line_1_109' title="bbox 1085 2617 1912 2657; baseline -0.001 -12"><span class='ocrx_word' id='word_1_751' title='bbox 1085 2619 1153 2655; x_wconf 79' lang='grc' dir='ltr'>ὑπὲρ</span> <span class='ocrx_word' id='word_1_752' title='bbox 1167 2618 1218 2654; x_wconf 83' lang='grc' dir='ltr'>τῆς</span> <span class='ocrx_word' id='word_1_753' title='bbox 1233 2619 1374 2650; x_wconf 79' lang='grc' dir='ltr'>εὐσεὸείας</span> <span class='ocrx_word' id='word_1_754' title='bbox 1389 2619 1624 2654; x_wconf 78' lang='grc' dir='ltr'>καταϐαλόμενον</span> <span class='ocrx_word' id='word_1_755' title='bbox 1650 2621 1677 2637; x_wconf 82' lang='grc'><strong>³·</strong></span> <span class='ocrx_word' id='word_1_756' title='bbox 1699 2621 1770 2657; x_wconf 71' lang='grc' dir='ltr'>(καὶ</span> <span class='ocrx_word' id='word_1_757' title='bbox 1799 2622 1857 2656; x_wconf 75' lang='grc' dir='ltr'><strong>γὰρ</strong></span> <span class='ocrx_word' id='word_1_758' title='bbox 1883 2617 1912 2653; x_wconf 78' lang='grc' dir='ltr'>ἦν</span> 
     </span>
    </p>
   </div>
   <div class='ocr_carea' id='block_1_110' title="bbox 1084 2664 1912 2700">
    <p class='ocr_par' dir='ltr' id='par_1_110' title="bbox 1084 2664 1912 2700">
     <span class='ocr_line' id='line_1_110' title="bbox 1084 2664 1912 2700; baseline -0.001 -9"><span class='ocrx_word' id='word_1_759' title='bbox 1084 2664 1153 2700; x_wconf 78' lang='grc' dir='ltr'>πρὸς</span> <span class='ocrx_word' id='word_1_760' title='bbox 1163 2665 1218 2696; x_wconf 83' lang='grc' dir='ltr'>τοῖς</span> <span class='ocrx_word' id='word_1_761' title='bbox 1235 2664 1323 2696; x_wconf 81' lang='grc' dir='ltr'>ἄλλοις</span> <span class='ocrx_word' id='word_1_762' title='bbox 1339 2664 1389 2699; x_wconf 82' lang='grc' dir='ltr'>τῆς</span> <span class='ocrx_word' id='word_1_763' title='bbox 1403 2665 1504 2700; x_wconf 86' lang='grc' dir='ltr'>ἀρετῆς</span> <span class='ocrx_word' id='word_1_764' title='bbox 1515 2664 1696 2700; x_wconf 79' lang='grc' dir='ltr'>αὐχήμασιν</span> <span class='ocrx_word' id='word_1_765' title='bbox 1715 2666 1763 2693; x_wconf 76' lang='grc' dir='ltr'>ἐτι</span> <span class='ocrx_word' id='word_1_766' title='bbox 1777 2667 1829 2692; x_wconf 76' lang='grc' dir='ltr'>καὶ</span> <span class='ocrx_word' id='word_1_767' title='bbox 1837 2664 1912 2694; x_wconf 78' lang='grc' dir='ltr'>θείοις</span> 
     </span>
    </p>
   </div>
   <div class='ocr_carea' id='block_1_111' title="bbox 1086 2710 1914 2748">
    <p class='ocr_par' dir='ltr' id='par_1_111' title="bbox 1086 2710 1914 2748">
     <span class='ocr_line' id='line_1_111' title="bbox 1086 2710 1914 2748; baseline 0.001 -11"><span class='ocrx_word' id='word_1_768' title='bbox 1086 2711 1237 2747; x_wconf 73' lang='grc' dir='ltr'>ἐμπρέπων</span> <span class='ocrx_word' id='word_1_769' title='bbox 1262 2710 1425 2746; x_wconf 78' lang='grc' dir='ltr'>διδάγμασιν</span> <span class='ocrx_word' id='word_1_770' title='bbox 1444 2711 1494 2738; x_wconf 80' lang='grc' dir='ltr'>καὶ</span> <span class='ocrx_word' id='word_1_771' title='bbox 1517 2713 1552 2746; x_wconf 83' lang='grc' dir='ltr'>τῇ</span> <span class='ocrx_word' id='word_1_772' title='bbox 1568 2712 1650 2747; x_wconf 76' lang='grc' dir='ltr'>περὶ</span> <span class='ocrx_word' id='word_1_773' title='bbox 1675 2713 1744 2741; x_wconf 82' lang='grc' dir='ltr'>τῶν</span> <span class='ocrx_word' id='word_1_774' title='bbox 1771 2713 1914 2748; x_wconf 75' lang='grc' dir='ltr'>δογμάτων</span> 
     </span>
    </p>
   </div>
   <div class='ocr_carea' id='block_1_112' title="bbox 1086 2755 1913 2795">
    <p class='ocr_par' dir='ltr' id='par_1_112' title="bbox 1086 2755 1913 2795">
     <span class='ocr_line' id='line_1_112' title="bbox 1086 2755 1913 2795; baseline -0.001 -10"><span class='ocrx_word' id='word_1_775' title='bbox 1086 2757 1215 2793; x_wconf 72' lang='grc' dir='ltr'>ἀκριῆείᾳ</span> <span class='ocrx_word' id='word_1_776' title='bbox 1236 2759 1452 2793; x_wconf 80' lang='grc' dir='ltr'>κεκοσμημένος,</span> <span class='ocrx_word' id='word_1_777' title='bbox 1478 2757 1508 2790; x_wconf 79' lang='grc' dir='ltr'><strong>ἐξ</strong></span> <span class='ocrx_word' id='word_1_778' title='bbox 1521 2755 1552 2785; x_wconf 79' lang='grc' dir='ltr'><strong>οὗ</strong></span> <span class='ocrx_word' id='word_1_779' title='bbox 1563 2759 1621 2785; x_wconf 74' lang='grc' dir='ltr'>καὶ</span> <span class='ocrx_word' id='word_1_780' title='bbox 1643 2761 1768 2795; x_wconf 83' lang='grc' dir='ltr'>μᾶλλον</span> <span class='ocrx_word' id='word_1_781' title='bbox 1794 2761 1828 2787; x_wconf 67' lang='grc' dir='ltr'><strong>’τὸ</strong></span> <span class='ocrx_word' id='word_1_782' title='bbox 1856 2757 1913 2791; x_wconf 73' lang='grc' dir='ltr'>περὶ</span> 
     </span>
    </p>
   </div>
   <div class='ocr_carea' id='block_1_113' title="bbox 1089 2802 1911 2840">
    <p class='ocr_par' dir='ltr' id='par_1_113' title="bbox 1089 2802 1911 2840">
     <span class='ocr_line' id='line_1_113' title="bbox 1089 2802 1911 2840; baseline 0.004 -10"><span class='ocrx_word' id='word_1_783' title='bbox 1089 2804 1171 2831; x_wconf 77' lang='grc' dir='ltr'>αὐτοῦ</span> <span class='ocrx_word' id='word_1_784' title='bbox 1188 2804 1292 2840; x_wconf 85' lang='grc' dir='ltr'>διεδόθη</span> <span class='ocrx_word' id='word_1_785' title='bbox 1306 2804 1383 2836; x_wconf 79' lang='grc' dir='ltr'>κλέος</span> <span class='ocrx_word' id='word_1_786' title='bbox 1397 2805 1454 2836; x_wconf 82' lang='grc' dir='ltr'>τοῖς</span> <span class='ocrx_word' id='word_1_787' title='bbox 1469 2804 1602 2840; x_wconf 77' lang='grc' dir='ltr'>πέρασιν)</span> <span class='ocrx_word' id='word_1_788' title='bbox 1626 2814 1635 2821; x_wconf 89' lang='grc'><strong>·</strong></span> <span class='ocrx_word' id='word_1_789' title='bbox 1657 2805 1732 2834; x_wconf 78' lang='grc' dir='ltr'>εἶτα</span> <span class='ocrx_word' id='word_1_790' title='bbox 1765 2808 1835 2840; x_wconf 75' lang='grc' dir='ltr'>τοὺς</span> <span class='ocrx_word' id='word_1_791' title='bbox 1859 2802 1911 2833; x_wconf 64' lang='grc' dir='ltr'>τιαῆ</span> 
     </span>
    </p>
   </div>
   <div class='ocr_carea' id='block_1_114' title="bbox 903 2847 1241 2876">
    <p class='ocr_par' dir='ltr' id='par_1_114' title="bbox 903 2847 1241 2876">
     <span class='ocr_line' id='line_1_114' title="bbox 903 2847 1241 2876; baseline 0 0"><span class='ocrx_word' id='word_1_792' title='bbox 903 2847 1019 2876; x_wconf 72' lang='lat' dir='ltr'><strong>VARUE</strong></span> <span class='ocrx_word' id='word_1_793' title='bbox 1041 2849 1241 2876; x_wconf 76' lang='lat' dir='ltr'><strong>LECTIONES.</strong></span> 
     </span>
    </p>
   </div>
   <div class='ocr_carea' id='block_1_115' title="bbox 283 2888 1573 2930">
    <p class='ocr_par' dir='ltr' id='par_1_115' title="bbox 283 2888 1573 2930">
     <span class='ocr_line' id='line_1_115' title="bbox 283 2888 1573 2930; baseline 0.004 -12"><span class='ocrx_word' id='word_1_794' title='bbox 283 2891 306 2908; x_wconf 83' lang='grc'><em>³⁸</em></span> <span class='ocrx_word' id='word_1_795' title='bbox 318 2888 400 2927; x_wconf 78' lang='grc' dir='ltr'>εἶναι]</span> <span class='ocrx_word' id='word_1_796' title='bbox 415 2891 493 2923; x_wconf 79' lang='grc' dir='ltr'>δντας</span> <span class='ocrx_word' id='word_1_797' title='bbox 506 2892 539 2920; x_wconf 82' lang='grc' dir='ltr'><strong>Α.</strong></span> <span class='ocrx_word' id='word_1_798' title='bbox 578 2893 601 2910; x_wconf 74' lang='grc'><strong><em>³⁵</em></strong></span> <span class='ocrx_word' id='word_1_799' title='bbox 616 2892 700 2929; x_wconf 74' lang='grc' dir='ltr'>αὐτὴν</span> <span class='ocrx_word' id='word_1_800' title='bbox 718 2900 773 2920; x_wconf 91' lang='lat' dir='ltr'><strong>om.</strong></span> <span class='ocrx_word' id='word_1_801' title='bbox 796 2892 825 2920; x_wconf 88' lang='lat' dir='ltr'><strong>P.</strong></span> <span class='ocrx_word' id='word_1_802' title='bbox 863 2894 886 2909; x_wconf 82' lang='grc'>³⁰</span> <span class='ocrx_word' id='word_1_803' title='bbox 897 2893 946 2930; x_wconf 80' lang='grc' dir='ltr'>τὴν</span> <span class='ocrx_word' id='word_1_804' title='bbox 960 2900 1020 2929; x_wconf 87' lang='lat' dir='ltr'><strong>post</strong></span> <span class='ocrx_word' id='word_1_805' title='bbox 1033 2895 1100 2930; x_wconf 75' lang='grc' dir='ltr'>πρὸς</span> <span class='ocrx_word' id='word_1_806' title='bbox 1115 2902 1171 2922; x_wconf 89' lang='lat' dir='ltr'><strong>om.</strong></span> <span class='ocrx_word' id='word_1_807' title='bbox 1186 2895 1218 2922; x_wconf 83' lang='lat' dir='ltr'><strong>A.</strong></span> <span class='ocrx_word' id='word_1_808' title='bbox 1258 2895 1278 2911; x_wconf 82' lang='grc'><strong>²¹</strong></span> <span class='ocrx_word' id='word_1_809' title='bbox 1295 2895 1573 2930; x_wconf 67' lang='grc' dir='ltr'>καταϐαλλόμενονᾼ.</span> 
     </span>
    </p>
   </div>
  </div>
