1997 3167
102 244 158 278 529

645 250 694 281 DE
712 251 871 282 EXCIDIO
888 252 1196 283 ἸἨΕΞΞΑΙΏΝΠΖΑΞΔ

1697 260 1750 293 530

100 304 167 339 εξῆς
182 303 323 340 ἀρχιερεῖς
335 304 439 336 πάντας
458 303 506 331 τοῦ
529 305 664 341 σωτηρίου
682 306 763 341 λόγου
779 307 898 343 στερρῶς

953 308 980 335 ls
1000 316 1128 344 namque,
1143 312 1243 345 praeter
1259 309 1380 345 reliquas
1404 310 1466 346 ejus
1494 313 1610 341 eximias
1640 315 1750 344 virtutis

100 349 314 384 ἀντεχομένους,
326 349 356 382 ἐξ
370 348 407 377 ὧν
420 350 698 387 ἀεὶκαταρτιξομένη
717 352 767 379 καὶ
793 353 895 380 παιδα-

100 398 267 433 γωγουμένη
292 398 342 432 τὴν
368 398 506 434 θειοτέραν
534 399 676 426 παίδευσιν
708 399 896 434 δαιμονιώδεις

100 445 148 470 καὶ
166 444 297 479 μυσαρὰς
313 443 355 480 [Ρ.
372 444 437 480 520]
449 444 551 476 πλάνας
568 446 615 472 καὶ
629 445 708 478 δόξας
725 446 771 473 καὶ
788 446 895 474 ειδωλι-

100 488 152 521 κάς
165 489 357 525 εἰκαιομυθίας
369 492 425 522 τοῖς
439 491 540 526 τιμῶσι
553 492 616 523 τοὺς
627 491 756 527 δαίμονας
770 493 896 528 ἀπεπέμ-

99 535 182 569 ψατο,
203 536 339 572 ὀρθοδόξῳ
363 537 392 564 δὲ
408 537 502 573 διδαχῇ
522 537 571 573 τὴν
595 538 686 565 πίστιν
709 539 894 574 σφραγίσασα,

100 583 147 608 καὶ
162 583 216 608 πᾶν
232 582 390 615 ζιζανιῶδες
406 584 490 617 φυτὸν
505 584 551 611 καὶ
565 585 704 620 αἱρετικὸν
719 586 766 612 καὶ
779 586 897 621 ἀλλόφυο

99 627 144 654 λον
155 628 289 662 οὐμενοῦν
310 628 440 656 οὐδέποτε
455 629 495 664 τῷ
520 630 585 666 θείῳ
605 631 698 667 σπόρῳ
722 633 894 668 συγκαταμι-

98 674 169 707 ξασα
181 675 214 708 ³²,
227 674 352 710 καθαρὰν
364 676 412 702 καὶ
424 675 569 711 ἀκίϐδηλον
578 676 728 704 διεσώσατο
743 678 793 713 τὴν
814 679 894 706 εὐσέ-

99 717 244 752 ϐειαν.Ἧς
254 720 342 750 πολλὰ
355 721 406 756 μὲν
413 722 460 748 καὶ
472 722 736 758 ἄλλαγνωρίσματα,
753 723 783 758 ἐξ
793 724 816 740 ³³
829 721 866 752 ὦν
879 725 896 755 ἡ

98 767 180 802 φήμη
211 767 261 799 τὰς
287 766 416 802 ἀφορμὰς
443 767 621 802 λαμϐάνουσα
634 769 763 805 λαμπρὸν
787 770 817 797 τὺ
832 771 896 807 περὶ

97 813 186 848 αὐτῆς
197 814 346 849 ἐκήρυττεν
353 813 448 849 ὄνομα,
461 813 490 841 ἓν
502 815 530 842 δὲ
538 815 619 842 τοῦτο
633 815 742 852 πρῶτον
756 817 803 844 καὶ
819 817 898 845 ιδιαί-.

96 868 182 886 raro-1
203 860 420 894 διεδείκνυτο,τδ
436 860 575 898 ὀρθόδοξον
591 862 678 898 αὐτὴν
705 863 754 890 καὶ
766 861 836 891 εἶναι
849 865 897 891 καὶ

94 905 295 941 ὀνομάζεσθαι,
306 907 353 933 καὶ
363 906 453 943 τούτῳ
466 906 489 924 ³⁸
504 907 606 943 μᾶλλον
619 908 692 944 ἥπερ
720 910 779 941 τοῖς
806 909 897 944 ἄλλοις

93 951 296 987 σεμνύνεσθαι.
313 952 384 980 Ἀλλ’
401 953 497 989 ἐπειδὴ
509 954 555 980 καὶ
570 953 605 981 τά
621 955 683 981 κατ’
711 955 797 992 αὐτὴν
825 957 897 983 ἐκεί-

95 1007 148 1032 νην
164 998 217 1033 τὴν
227 998 304 1025 πόλιν
319 998 473 1034 φιλοπόνως
491 1000 589 1035 μαθεῖν
612 1001 796 1037 ὲπεζήτησας,
817 1003 897 1030 τοῦτο
913 995 935 1024 Β

93 1042 124 1075 δὲ
135 1043 363 1079 δυσεπιχείρητόν
376 1053 408 1071 τεη
423 1045 461 1077 ὡς
476 1045 498 1061 ³⁵
509 1045 571 1080 ἐμοὶ
583 1047 615 1081 τῇ
630 1053 660 1072 τε
674 1047 800 1083 παρούσῃ
821 1048 895 1084 ὁρμῇ

95 1087 146 1114 τοῦ
158 1088 241 1122 λόγου
260 1089 335 1125 παρά
352 1090 451 1126 μικρὸν
467 1090 658 1124 ἀνακόλουθον,
671 1091 753 1127 ὀλίγα
769 1092 840 1127 τινὰ,
852 1094 898 1121 καὶ

95 1131 135 1166 οἷς
157 1135 277 1169 μάλιστα
291 1135 381 1169 ἔξεστι
395 1137 485 1164 δοκεῖν
501 1137 569 1173 όρᾷν
583 1146 614 1164 σε
629 1138 686 1165 τῶν
695 1138 850 1174 λεγομένων
863 1139 899 1167 τὰ

97 1181 265 1216 πράγματα,
287 1183 320 1218 τῇ
333 1182 460 1218 διηγήσει
483 1183 614 1218 προσθεὶς
645 1184 668 1200 ³⁸
691 1184 738 1212 ἐπὶ
765 1185 814 1221 τὴν
835 1185 899 1213 καθ’

97 1226 174 1261 ἡμεῖς
191 1228 292 1260 αὐτοὺς
305 1229 481 1265 τραπῆσομαι
493 1230 647 1266 συμφοράν.

952 354 1058 395 laudes,
1078 355 1178 383 divinae
1196 355 1278 384 etiam
1306 356 1441 385 doctrinae
1468 358 1530 386 lucc
1564 359 1686 395 fulgebat
1704 370 1751 390 ex-

952 393 1067 436 actaque
1096 401 1253 436 dogmatum
1278 403 1437 438 cognitione
1462 410 1577 434 ornatus
1601 412 1676 441 erat,
1694 417 1750 443 quo

950 446 1029 482 491
1049 450 1077 474 ct
1096 448 1184 483 magis
1202 449 1262 483 ejus
1281 449 1401 478 nominis
1415 450 1528 480 claritas
1542 452 1570 480 in
1586 453 1661 482 orbis
1683 455 1751 483 ﬁnes

950 493 1034 520 didita
1058 498 1112 522 est.
1130 493 1199 522 Tum
1219 496 1265 530 qui
1289 495 1418 532 deinceps
1436 499 1525 526 secuti
1554 504 1630 532 sunt,
1649 508 1748 529 omnes

950 540 1095 574 praesules,
1113 541 1244 569 salutaris
1261 542 1392 571 doctrinm
1416 544 1469 579 ipsi
1483 544 1553 572 ﬁrmi
1575 551 1728 576 assertores
1740 568 1748 581 ,

951 593 1068 621 quorum
1092 595 1187 622 opera,
1215 588 1279 615 dum
1308 589 1444 618 diviniorc
1473 598 1582 626 semper
1604 593 1750 628 perﬁcitur

950 640 1091 669 manuque
1118 634 1230 662 ducitur
1252 642 1284 663 ae
1307 636 1435 664 eruditur
1458 636 1618 672 disciplina,
1642 638 1748 667 daemo-

950 679 1047 707 niacos
1075 679 1257 717 impurosque
1284 689 1394 711 errores
1421 690 1454 711 ac
1478 684 1625 719 opiniones
1654 685 1746 714 idolo-

950 731 1066 760 rumque
1098 734 1219 762 nugaces
1246 727 1363 756 fabellas
1392 735 1425 757 ac
1455 730 1592 758 vanitates
1625 731 1749 766 ipsorum

950 771 1105 800 cultoribus
1133 773 1252 807 dimisit,
1278 778 1415 811 rectaeque
1445 777 1585 811 opinionis
1622 777 1751 806 doctrina

952 817 1031 846 ﬁdem
1049 818 1209 855 obsignans,
1230 828 1262 848 ac
1277 822 1412 858 quidquid
1429 823 1601 852 zizaniorum
1614 828 1642 852 ct
1659 825 1748 853 luere-

951 865 1069 892 ticorum
1097 865 1371 903 alienigenarumque
1402 869 1582 903 plantationis
1610 875 1663 905 est,
1681 871 1750 899 nihil

951 918 1067 945 usquam
1095 911 1196 940 divinas
1226 913 1344 941 sementi
1374 914 1555 950 conjunctum
1589 916 1749 950 admittens,

951 964 1048 991 puram
1074 957 1264 994 illibatamque
1290 960 1419 995 pietatem
1451 963 1634 991 conservavit.
1664 963 1750 999 Cujus

950 1010 1012 1030 cum
1025 1008 1052 1030 et
1068 1004 1122 1032 alia
1137 1005 1255 1041 insignia
1275 1014 1307 1034 ac
1317 1012 1389 1035 notae
1405 1013 1565 1044 suppetunt,
1585 1010 1659 1038 unde
1675 1009 1748 1037 fama

949 1050 1114 1078 occasiones
1128 1057 1211 1080 nacta
1235 1053 1310 1082 illius
1335 1055 1441 1082 clarum
1464 1063 1566 1084 nomen
1577 1055 1679 1087 eﬂ‘ecit,
1692 1061 1748 1084 tum

949 1104 1035 1124 unum
1051 1097 1118 1126 illud
1138 1099 1257 1134 primum
1279 1107 1312 1128 ac
1336 1101 1589 1137 singularissimum
1609 1107 1749 1131 monstra-

948 1146 1007 1177 tur,
1033 1144 1107 1180 quod
1124 1150 1207 1174 rectte
1223 1146 1283 1175 ﬁdei
1303 1151 1386 1175 tenax
1404 1148 1521 1176 exsistat
1535 1156 1568 1178 ac
1580 1149 1746 1183 celebretur,

947 1189 1056 1225 hocque
1081 1191 1170 1227 magis
1201 1199 1284 1228 quam
1309 1193 1373 1222 ullis
1400 1194 1463 1222 aliis
1490 1195 1662 1223 ornamentis
1690 1195 1746 1223 sibi

947 1235 1055 1271 placeat
1071 1241 1155 1273 atque
1174 1239 1319 1267 clarescat.
1344 1239 1398 1268 Sed
1415 1241 1480 1276 quia
1495 1241 1554 1274 ejus
1568 1241 1656 1276 ipsius
1676 1241 1747 1269 civi-

97 1275 163 1301 tatis
187 1283 232 1303 res
255 1281 383 1304 accurate
408 1285 441 1305 ex
465 1285 510 1306 me
522 1277 629 1306 discere
642 1279 789 1314 quaesiisti,
813 1281 896 1318 idque
914 1287 947 1310 ut
971 1291 1098 1320 praestem
1119 1287 1236 1315 arduum
1261 1289 1328 1316 mihi
1347 1296 1397 1317 nec
1432 1290 1575 1324 praesentis
1610 1291 1752 1320 sermonis

97 1321 232 1349 instituto
259 1321 406 1350 admodum
432 1328 649 1353 consentaneum
664 1326 787 1360 exsistit,
802 1329 900 1362 paucis
918 1330 1071 1363 nonnullis,
1084 1338 1116 1359 ac
1130 1332 1233 1367 quibus
1249 1334 1367 1361 maxime
1384 1341 1416 1361 ea
1432 1321 1500 1369 quae
1533 1334 1651 1362 dicenda
1683 1339 1748 1362 sunt

97 1369 189 1397 oculis
205 1377 340 1405 usurpare
358 1371 407 1398 tibi
432 1371 492 1406 ipse
514 1372 601 1400 videri
622 1373 725 1409 possis,
742 1375 895 1404 narrationi
915 1376 1065 1413 adjunctis,
1102 1379 1135 1407 ad
1163 1377 1286 1408 nostrain
1312 1381 1434 1417 ipsorum
1458 1381 1644 1410 calamitatem
1687 1388 1751 1409 ora-

96 1418 204 1445 tionem
232 1423 405 1446 convertam.

134 1465 167 1491 δ’.
188 1465 283 1492 Ἔστιν
296 1465 343 1492 οὖν
357 1467 373 1502 ἡ
389 1466 523 1499 πόλις,ὠς
537 1467 658 1504 εἴρηται,
678 1469 784 1506 μεγάλη
805 1479 835 1497 τε
852 1471 900 1498 καὶ

96 1512 206 1547 εὖρεῖα,
223 1512 327 1548 τείχεσι
338 1514 386 1540 καὶ
398 1513 542 1548 προϐόλοις
557 1516 665 1550 συχνοῖς
674 1517 896 1554 κατωχυρωμένη

95 1559 147 1584 καὶ
164 1558 196 1584 τὸ
207 1558 330 1592 ἀσφαλὲς
346 1560 403 1591 τοῖς
423 1560 582 1596 οἰκήτορσιν
592 1561 653 1588 ὅσον
670 1562 702 1589 ἐκ
725 1563 776 1598 τῆς
795 1563 900 1591 τούτων

93 1604 247 1639 οἰκοδομῆς
259 1605 449 1642 παρεχομένη,
469 1606 616 1635 θαλάσσιον
632 1608 734 1643 ἔχουσα
752 1609 854 1636 κόλπον
868 1611 901 1638 ἐκ

94 1651 179 1678 νότου
199 1651 427 1688 καθηπλωμένον,
453 1651 475 1688 ᾧ
492 1655 541 1681 καὶ
566 1656 785 1693 περικλυζομὲνη
805 1658 855 1695 τὴν
869 1660 901 1687 ἐκ

93 1697 218 1730 πλαγίου
237 1697 358 1733 πλευρὰν
374 1699 434 1731 ταῖς
452 1699 642 1735 ἁπανταχόθεν
656 1701 828 1736 είσρεούσαις
847 1702 901 1738 [6),-

93 1744 184 1771 κάσιν
197 1744 361 1773 εὐεπίϐατον
372 1746 423 1781 τὴν
437 1746 507 1781 πρὸς
516 1746 601 1782 αὐτὴν
613 1748 727 1782 πορείαν
738 1748 899 1785 παρέχεται,

99 1790 342 1819 ’Υποκοιλαίνεται
364 1793 418 1828 γάρ
443 1801 487 1824 τις
506 1793 598 1820 ἐκεῖσε
618 1793 775 1829 θαυμαστὸς
800 1795 895 1831 λιμὴν,

92 1837 233 1871 ἀσφαλῶς
249 1838 388 1871 ὑπτιάζων
403 1840 460 1871 τοῖς
475 1839 618 1875 πλωτῆρσι
637 1840 687 1876 τὴν
709 1840 822 1873 εἴσοδον,
840 1842 901 1874 ταῖς

93 1885 132 1910 ὲκ
146 1883 313 1918 πνευμάτων
327 1885 468 1917 παντελῶς
483 1885 631 1921 ἀπείρατος
648 1888 782 1922 ταραχαῖς
794 1887 842 1914 καὶ
855 1887 901 1914 τὸν

92 1931 189 1964 ὅρμον
205 1930 333 1966 ἀκύμονα
346 1931 494 1958 καθιστῶν.
514 1932 564 1959 Ὃν
578 1933 610 1958 ὲκ
623 1932 673 1967 τῆς
686 1932 783 1968 λοιπῆς
799 1933 900 1960 θαλάσ-

94 1985 153 2011 σης
172 1976 188 2002 δ
201 1976 329 2011 τεχνίτης
345 1977 468 2012 ἀπέτεμε
489 1985 496 1992 ·
521 1977 605 2013 μέσον
624 1978 679 2013 γὰρ
693 1978 828 2014 ἀπείρξας
857 1979 901 2006 διά

91 2030 176 2053 τινος
192 2021 297 2057 τείχους
309 2022 359 2058 τὴν
370 2023 425 2050 τῶν
436 2023 541 2050 ὑδάτων
556 2023 710 2059 ὲπίρῤοιαν,
722 2025 901 2060 συναπεῖρξεν

91 2067 133 2093 ἐκ
155 2066 204 2093 τοῦ
225 2067 293 2102 πρὸς
307 2067 444 2096 θάλασσαν
458 2068 505 2095 καὶ
520 2068 576 2095 τῶν
594 2069 761 2104 πνευμάτων
774 2070 820 2097 τὸν
833 2069 900 2097 κλύ-

90 2113 185 2139 δωνα.
207 2113 241 2139 Ἠ
256 2112 378 2140 θάλασσα
398 2114 452 2150 γὰρ
466 2114 505 2148 τῷ
523 2114 597 2150 βυθῷ
619 2115 767 2151 φυσωμένη
787 2115 833 2143 καὶ
850 2116 906 2152 τὴν,

90 2159 242 2194 ἐκδρομὴν
262 2160 330 2196 πρὸς
343 2160 391 2196 τὴν
407 2162 505 2197 χέρσον
519 2162 699 2199 ὲρευγομένη,
731 2164 770 2200 τῷ
784 2164 900 2200 διαφρά-

91 2214 193 2240 γματι
206 2205 253 2232 τοῦ
264 2207 326 2242 τῇδε
346 2207 454 2242 τείχους
465 2208 635 2244 κωλυομένη,
651 2209 688 2244 μὴ
718 2209 819 2245 ἔχουσα
845 2212 899 2238 τίνι

88 2253 152 2287 τὴν
165 2252 282 2288 ἀπειλὴν
295 2253 443 2289 ὲπαφήσει,
460 2255 544 2289 χωρεῖ
553 2256 609 2286 τοῖς
637 2255 680 2290 ἐφ’
707 2256 825 2292 ἑκάτερα
853 2258 900 2285 τοῦ

87 2299 212 2334 ’τείχους
233 2299 339 2334 μέρεσι,
354 2300 401 2326 καὶ
423 2299 454 2326 τὸ
464 2299 536 2335 ὕδωρ
548 2299 643 2335 ἠρέμα
668 2310 727 2332 πως
752 2294 900 2339 ὀλισθῆσαν

88 2346 190 2382 ζάλης
206 2346 316 2382 ἀπάσης
338 2346 418 2378 ἐκτὸς
440 2346 486 2374 τὸν
513 2347 634 2374 τοιοῦτον
653 2348 738 2384 ὅρμον
761 2349 896 2386 διατηρεῖ.
915 2367 937 2394 D

98 2392 136 2419 Ὀ
148 2392 179 2418 δὲ
194 2392 226 2427 δὴ
240 2392 342 2424 κόλπος
352 2392 385 2419 ὲκ
397 2393 447 2428 τῆς
465 2393 587 2429 μεγάλης
609 2393 748 2430 θαλάσσης
765 2396 898 2432 ’ἀποτμη-

88 2438 159 2469 θεὶς
173 2437 220 2464 διά
235 2446 307 2470 τινος
324 2438 449 2473 αὐχένος,
462 2439 586 2473 ἀγκῶνος
607 2439 684 2475 δίκην
705 2441 899 2477 προϐεϐλημέ-

86 2494 147 2511 you
163 2484 214 2511 καὶ
227 2485 274 2511 ἐπὶ
290 2485 422 2520 μήκιστον
435 2486 491 2517 τοῖς
517 2485 596 2512 ὕδασι
610 2485 809 2522 διικνονμένου,
826 2488 856 2514 ὃν
874 2489 899 2515 οἱ

86 2531 175 2558 κατὰ
191 2529 284 2566 χώραν
296 2532 318 2548 ³⁷
346 2531 477 2558 Ἔκϐολον
492 2531 656 2567 ὀνομάζουσι
684 2533 728 2560 διὰ
753 2533 785 2560 τὺ
805 2535 900 2570 πόρρω

83 2587 155 2605 που
167 2578 227 2608 τοῖς
243 2576 338 2604 ὕδασιν
363 2577 559 2614 ἐκϐεϐλῆσθαι,
582 2578 761 2613 στενούμενός
779 2589 810 2607 τε
832 2581 901 2617 πρὸς

84 2624 152 2659 τὴν
167 2623 267 2657 ἑτέραν
282 2623 312 2656 ἑξ
330 2623 456 2656 ἐναντίας
468 2624 564 2659 χέρσον
581 2623 621 2660 [Ρ.
638 2624 702 2661 521]
726 2627 758 2661 τῇ
781 2626 828 2653 τοῦ
852 2628 900 2654 αὺ-

84 2669 185 2704 χένος
210 2669 308 2696 τούτου
331 2670 509 2706 καινοτομίᾳ,
540 2670 634 2706 ἕτερος
661 2670 744 2707 λιμὴν
772 2672 901 2707 πελάγιος

82 2714 210 2749 γίνεται
228 2721 234 2727 ·
251 2712 281 2746 ἐξ
291 2711 321 2741 οὗ
336 2713 367 2749 δή
377 2722 429 2748 περ
438 2714 563 2748 ἀγκῶνος
576 2713 674 2750 μέχρις
687 2715 771 2742 αὑτοῦ
780 2715 827 2742 τοῦ
844 2716 902 2743 τεί-

85 2760 229 2800 χουςτῆς
245 2760 349 2791 πόλεως
364 2761 464 2788 κύκλον
478 2761 660 2797 πανευπρετι-ῖι
676 2761 708 2788 τὸ
722 2761 794 2798 ὕδωρ
806 2764 899 2798 μιμεί-

84 2816 163 2837 ςσιι,
176 2808 233 2838 τοῖς
242 2806 286 2841 ἐφ’
299 2807 417 2841 ἑκάτερα
435 2807 546 2843 μέρεσιν
571 2808 619 2834 ἐπὶ
647 2807 716 2835 πολὺ
741 2809 899 2844 ἐκτεινόμε-

86 2862 152 2881 νον
169 2851 193 2868 ⁸⁸
204 2853 253 2879 καὶ
265 2852 334 2888 πρὸς
346 2853 395 2888 τὴν
408 2853 486 2880 πόλιν
495 2852 566 2880 κατά
577 2853 665 2889 βραχὺ
676 2854 899 2890 συστελλόμενον.

990 1474 1016 1501 4.
1034 1473 1072 1501 Ea
1092 1473 1187 1510 igitur,
1204 1473 1244 1501 uti
1258 1473 1362 1501 dictum
1383 1477 1437 1506 est,
1453 1479 1550 1508 magna
1567 1472 1663 1500 civitas
1679 1471 1750 1500 lato-

953 1526 1009 1555 que
1030 1518 1092 1546 fusa
1113 1519 1228 1551 ambitu,
1245 1526 1277 1546 ac
1305 1518 1444 1547 menibus
1473 1519 1633 1553 crebrisque
1648 1525 1750 1553 propu-

954 1563 1080 1599 gnaculis
1102 1568 1183 1598 atque
1211 1563 1322 1592 arcibus
1344 1563 1461 1594 munita.
1487 1562 1624 1598 ejusmodi
1642 1562 1750 1590 scilicet

955 1616 1016 1644 quze
1031 1608 1149 1642 civibus,
1173 1612 1307 1644 quantum
1326 1609 1359 1636 ad
1375 1609 1473 1636 horum
1503 1613 1668 1636 structuram
1683 1609 1749 1635 atti-

955 1658 1013 1686 net,
1028 1658 1117 1682 tutum
1136 1654 1325 1682 habitaculum
1348 1653 1430 1690 492
1452 1655 1585 1690 praebeat.
1611 1653 1747 1681 Marinum

956 1702 1048 1729 sinum
1072 1701 1106 1728 ad
1132 1705 1228 1728 notum
1254 1705 1416 1735 protensum
1444 1700 1537 1733 habet,
1555 1707 1619 1736 quo,
1637 1700 1750 1735 obliquo

955 1747 1040 1774 latere
1064 1745 1242 1779 circumluta,
1267 1745 1384 1773 navibus
1412 1745 1531 1780 undique
1549 1752 1660 1773 versum
1679 1752 1754 1773 conn

953 1792 1101 1821 ﬂuentibus
1126 1792 1234 1820 facilem
1258 1792 1285 1819 in
1312 1796 1399 1820 semet
1431 1795 1543 1827 praestat
1565 1792 1679 1819 aditum.
1699 1791 1750 1819 Hic

953 1839 1026 1866 enim
1045 1842 1142 1874 portus
1165 1839 1276 1873 quidam
1292 1838 1429 1866 mirabilis
1444 1845 1513 1865 cavo
1529 1845 1638 1866 recessu
1655 1837 1749 1866 tundi-

954 1889 1009 1917 tur,
1033 1892 1176 1920 pronoquc
1191 1885 1217 1911 in
1233 1891 1263 1912 se
1277 1884 1352 1912 aditu
1371 1884 1565 1919 navigantibus
1583 1888 1642 1911 tuto
1667 1891 1749 1911 resu-

953 1929 1075 1965 pinatur,
1091 1937 1106 1956 a
1130 1933 1275 1957 ventorum
1304 1929 1415 1963 injuriis
1440 1936 1556 1964 prorsus
1577 1929 1708 1956 innoxius
1721 1932 1749 1957 et

953 1976 1065 2004 navium
1097 1975 1210 2003 stationi
1242 1975 1368 2011 placidus
1394 1981 1427 2002 ac
1463 1974 1640 2010 tranquillus.
1666 1973 1747 2002 Hunc

953 2021 1050 2054 artifex
1067 2029 1082 2048 a
1094 2021 1202 2057 reliquo
1215 2021 1284 2049 mari
1294 2021 1399 2054 divisit,
1417 2021 1511 2049 medio
1519 2021 1654 2056 siquidem
1667 2028 1748 2048 muro

952 2074 1085 2103 aquarum
1109 2066 1213 2095 inﬂuxu
1236 2067 1368 2100 coercito,
1388 2075 1441 2094 una
1471 2074 1583 2102 quoque
1607 2067 1747 2101 praeclusit

953 2121 1015 2149 quae
1039 2121 1072 2142 ex
1094 2113 1185 2141 vicino
1214 2113 1284 2144 mari
1304 2117 1507 2150 ventorumque
1529 2112 1594 2140 ﬂatu
1613 2111 1746 2140 ﬂuctuum

952 2161 995 2189 vis
1016 2160 1190 2195 procellaque
1202 2160 1329 2188 illiditur.
1345 2159 1420 2188 Mare
1433 2167 1554 2195 namque
1569 2159 1626 2186 alto
1639 2159 1747 2194 gurgite

953 2206 1078 2234 inﬂatum
1107 2207 1294 2238 continentem
1311 2213 1474 2240 excurrens,
1489 2213 1568 2233 muro
1584 2205 1747 2241 interposito

952 2252 1239 2287 praepeditum,-cum
1269 2259 1324 2280 non
1357 2252 1457 2285 habeat
1486 2260 1541 2288 quo
1566 2253 1656 2280 minas
1681 2259 1747 2280 suas

953 2303 1096 2330 exoneret,
1124 2299 1151 2326 in
1177 2299 1262 2326 latera
1294 2299 1364 2326 nutri
1394 2299 1591 2332 convolvitur;
1618 2302 1646 2326 et
1675 2305 1746 2334 aqua

953 2345 1027 2372 lento
1054 2345 1173 2380 quodam
1191 2345 1273 2373 modo
1288 2346 1390 2373 sensim
1406 2345 1533 2373 dilabeus
1544 2345 1580 2373 ab
1594 2345 1669 2373 omni
1687 2344 1746 2373 salo

951 2395 1075 2425 astuque
1107 2391 1225 2418 liberum
1256 2395 1401 2418 conservat
1435 2390 1589 2419 istiusmodi
1622 2395 1744 2425 portum.

952 2435 1038 2464 Sinus
1064 2444 1148 2472 porro
1171 2443 1187 2463 a
1214 2443 1315 2472 magno
1342 2437 1410 2464 mari
1438 2437 1547 2465 cervice
1571 2436 1689 2472 quadam
1713 2443 1746 2463 ac

952 2482 1080 2510 faucibus
1109 2483 1195 2510 cubiti
1228 2483 1317 2511 instar
1350 2482 1572 2518 prominentibus
1604 2489 1635 2509 ac
1662 2489 1744 2517 quam

951 2529 1114 2562 longissime
1126 2529 1182 2556 alto
1193 2536 1304 2564 aequore
1317 2529 1546 2564 procurrentibus
1565 2527 1635 2564 (eam
1644 2527 1746 2556 accolae

951 2575 1086 2603 cervicem
1105 2575 1238 2603 Ecbolum
1256 2575 1404 2610 appellant,
1416 2574 1490 2610 quod
1505 2575 1532 2602 in
1550 2582 1626 2602 mare
1647 2575 1745 2610 procul

954 2621 1077 2656 projecta
1108 2620 1270 2657 eﬂunditur)
1298 2621 1455 2653 abscissus,
1484 2620 1569 2656 inque
1600 2619 1744 2649 adversam

954 2668 1063 2703 sibique
1100 2667 1254 2703 oppositam
1293 2667 1479 2695 continentem
1514 2667 1630 2695 cervicis
1661 2667 1746 2701 hujus

955 2715 1074 2742 artiﬁcio
1089 2721 1121 2741 ac
1136 2714 1277 2742 molimine
1293 2718 1444 2747 coartatus,
1455 2713 1538 2740 alium
1551 2717 1659 2749 portum
1672 2714 1744 2740 intra

956 2761 1069 2796 pelagus
1082 2761 1160 2788 cilicii
1172 2769 1180 2794 ;
1194 2769 1228 2788 ex
1243 2767 1298 2796 quo
1310 2760 1437 2788 videlicet
1458 2760 1553 2788 cubitu
1573 2759 1699 2794 ﬂexuque
1710 2759 1746 2788 ad

954 2808 1044 2843 ipsum
1058 2808 1136 2836 urbis
1150 2815 1260 2835 murum
1278 2808 1371 2835 orbem
1383 2806 1607 2842 pulcherrimum,
1619 2806 1744 2841 partibus

954 2854 1085 2889 utrinque
1105 2854 1158 2882 latc
1177 2854 1247 2882 fusis
1272 2861 1424 2888 versusque
1450 2852 1545 2880 urbem
1560 2853 1662 2880 sensim
1683 2860 1744 2881 sese

735 2911 852 2940 VARI/E
868 2910 1071 2940 LECTIONES.

133 2957 166 2973 ³³
179 2956 401 2990 πυγκαταδέξασα
411 2956 440 2983 Ρ.
494 2957 516 2973 ³³
532 2957 561 2990 ἐξ
576 2965 630 2986 om.
645 2959 675 2987 Ρ.

83 2999 159 3029 ρας
176 2992 226 3019 .U’.
265 2992 287 3008 ”
301 2991 484 3028 ὲντεινόμενον
500 2991 530 3020 Ρ.

728 2959 750 2976 ³⁸
768 2959 846 2986 τοῦτο
863 2958 917 2986 Al‘.

957 2959 978 2975 ³⁸
992 2957 1061 2990 τέως
1074 2957 1127 2985 AP.
1185 2958 1206 2974 "
1219 2958 1330 2994 προθεὶς
1345 2957 1490 2986 Combeﬁs.
1510 2965 1595 2994 marg.
1653 2957 1676 2974 ³⁷
1690 2955 1743 2992 χώ-
