1997 3167
127 235 181 267 533

661 233 713 264 DE
726 231 884 263 EXCIDIO
901 228 1212 262 THESSALONICIE.

1712 225 1766 259 524

126 293 214 328 ἧτταν
225 293 458 330 καταψηφίσεται.
474 284 511 319 Tt
525 291 554 320 δδ
577 290 672 319 λοιπὸν
686 291 734 319 τοῦ
748 290 840 318 πεδίου
853 290 926 317 ἀνεῖ-

990 288 1065 315 :loria
1082 290 1134 320 est,
1146 285 1202 314 utri
1219 283 1284 313 victi
1299 275 1420 313 dedecus
1436 283 1587 314 adsoribat,
1598 282 1680 319 5.95
1694 283 1766 310 valet

125 350 172 368 ται
183 341 240 372 τοῖς
254 341 397 376 γεωργοῖς,
413 338 619 376 παραχωρεῖται
632 338 690 370 τοῖς
706 336 797 369 ζώοις,
813 337 869 368 τοῖς
889 344 920 363 τε

126 385 303 421 πειθομένοις
318 386 378 416 ταῖς
396 385 451 412 τῶν
479 382 632 420 ἀνθρώπων
658 383 769 418 τέχναις
791 382 839 409 καὶ¹
863 382 921 413 τοῖς

127 431 274 467 ᾰλεύθερον
287 431 390 466 ἀφιεῖσι
405 431 435 458 τὸ
453 431 524 466 ῐχνος
538 430 596 462 τοϊς
607 430 710 465 δρεσιν.
731 428 847 463 Ἔλαφοι
866 428 921 463 γὰρ

127 479 165 507 τὰ
181 479 232 514 ὅρη
244 478 371 505 λιποῦσαι
381 478 428 504 καὶ
449 478 509 510 ταῖς
531 476 641 512 λίμναις
659 475 754 511 ὥσπερ
780 475 834 502 τῶν
856 474 922 501 ὑδά-

126 534 184 552 των
195 524 409 560 ὲπιτερπόμεναι
423 523 490 559 όμοῦ
500 531 531 550 τε.
541 522 648 558 ἔχουσιν
656 521 771 557 ἄφθονον
783 521 814 548 τδ
830 520 921 554 ποτὸν,

130 572 180 599 καὶ
190 572 253 603 ταῖς
266 570 359 606 βουσὶν
375 571 404 598 ἐν
423 569 498 606 αὑτῷ
521 568 771 604 συναγελαζόμεναι
790 567 870 594 κοινὰ
889 566 924 594 τὰ

130 619 194 645 σῖτα
210 616 420 652 προσφέρονται.

170 664 208 698 ς’.
227 663 298 691 Ἀλλ’
316 663 417 696 ἱκανῶς
430 664 460 690 ὲν
468 662 574 694 τούτοις
588 662 622 689 τά
638 670 668 688 τε
694 660 762 696 πρὸς
792 659 925 696 ἀνατολὴν

129 711 183 739 καὶ
199 710 301 747 βορρᾶν
315 711 365 745 τῆς
378 710 492 742 πόλεως,
508 710 587 744 ἔτιγε
605 709 658 744 μὴν
673 708 719 735 καὶ
732 707 766 735 τὰ
785 706 854 743 πρὸς
881 707 924 734 νό-

129 765 180 784 τον
193 756 412 792 διαγραψάμενοι
423 755 473 790 τὴν
488 755 556 791 πρὸς
570 754 648 782 δύσιν
666 754 752 790 αὐτῆς
763 754 786 770 ⁸⁸
813 753 860 781 τοῦ
872 762 927 789 χω-

132 803 192 838 ρίου
207 802 283 830 θέσιν
298 801 410 830 κατὰτὸ
424 801 536 829 δυνατὸν
550 801 748 837 ἱστορήσωμεν.
767 800 861 827 Ἔστιν
868 799 928 826 ἓτε-

133 857 182 884 ρον
206 848 309 880 πεδίον,
336 847 385 875 ἁπ⁸
403 847 487 874 αὑτοῦ
514 846 561 874 τοῦ
580 847 690 882 τείχους
718 846 768 881 τῆς
798 845 928 880 Ἐκὸολῆς

131 894 338 930 ἁπαρχόμενον,
359 895 392 930 τῇ
420 892 496 929 δεξιᾷ
523 893 571 920 τοῦ
599 893 680 928 δρους
704 891 868 927 ἁπτόμενον,
894 892 928 927 τῇ

130 941 199 976 λαιᾷ
215 940 243 968 δὲ
262 941 295 976 τῇ
315 939 439 976 θαλάσσῃ
457 937 638 975 συιθομοροῦν,
666 937 806 973 ἀμύθητον
835 936 929 964 κάλλει

132 988 196 1019 ταῖς
210 986 266 1014 τῶν
282 986 409 1022 ὁρώντων
435 985 617 1020 ὑποκείμενον
638 983 744 1019 ὕψεσιν.
768 983 847 1011 Ἐστι
875 982 930 1019 γὰρ

132 1033 166 1060 τδ
182 1033 232 1068 μὲν
250 1031 333 1060 αὐτοῦ
346 1032 491 1067 διάϐροχον
513 1030 618 1064 ὕδασιν,
646 1030 708 1058 ὅσον
733 1030 813 1065 αὐχεῖ
829 1029 880 1065 τήν
899 1037 930 1056 τε

134 1079 215 1107 πόλιν
231 1079 304 1114 ἔχειν
317 1078 364 1106 καὶ
379 1079 429 1113 τὴν
442 1077 583 1105 θάλασσαν
597 1076 718 1111 γείτονα,
733 1075 868 1112 ἀμπέλοις
882 1074 931 1102 καλ¹

133 1125 259 1162 δένδρεσι
281 1125 450 1160 κατακόμοις
472 1125 520 1152 καὶ
541 1123 714 1159 παραδείσοις
742 1122 932 1158 κατεστεμμέ-

135 1181 192 1205 νον,
205 1171 341 1208 οἰκήμασι
352 1180 383 1198 τε
402 1171 449 1198 καί
463 1179 518 1198 τισι
539 1169 678 1202 πλείστοις
696 1168 858 1204 σεϐασμίοις
881 1176 932 1203 ση-

136 1220 196 1252 κοῖς
210 1219 435 1254 κεκοσμημένον,
449 1214 488 1245 ὧν
503 1218 568 1250 τοὺς
580 1217 707 1248 πλείονας
723 1215 850 1252 μοναχῶν
870 1214 933 1249 ἀγέ-

136 1265 181 1292 λαι
197 1265 340 1298 διείλοντο,
363 1265 418 1292 πᾶν
432 1261 501 1295 εἶδος
511 1263 613 1299 ἀρετῆς
633 1262 781 1293 ἀσκοῦντες
811 1261 858 1288 καὶ
875 1259 935 1296 Θεῷ

140 1310 214 1346 μόνῳ
229 1310 342 1342 ζῶντες,
361 1309 430 1344 πρὸς
444 1308 473 1335 ὃν
487 1307 644 1342 ἐπείγονται
662 1306 710 1333 καὶ
721 1305 756 1332 δι’
769 1304 799 1331 ὃν
822 1304 873 1336 τὰς
887 1312 936 1330 πο-

138 1356 246 1388 λιτικὰς
257 1355 382 1393 ταραχὰς
396 1355 522 1386 λιπόντες
545 1353 594 1389 τὴν
606 1352 675 1389 πρὸς
688 1351 769 1379 αὑτὸν
787 1350 834 1378 καὶ
856 1349 936 1386 μόνον

139 1402 278 1438 φέρουσαν
299 1401 393 1436 τρίϐον
417 1399 565 1427 ἀνείλοντο.
591 1398 629 1425 To
653 1398 676 1424 δ’
706 1396 832 1426 ἐντεῦθεν
853 1395 936 1423 αὐτοῦ

138 1449 276 1483 διαχεῖται
291 1448 324 1483 τῇ
336 1447 429 1483 χέρσῳ
449 1446 531 1482 μέχρι
548 1444 659 1478 πολλοῦ,
676 1443 776 1477 ἇξυλον
788 1443 837 1479 μὲν
854 1441 893 1474 ὡς
907 1441 938 1469 τὰ

139 1494 228 1522 πολλὰ
236 1494 285 1530 τὴν
301 1493 422 1529 βλάστην
431 1491 503 1528 ἔχον,
518 1491 609 1527 πάσης
622 1491 650 1518 δὲ
666 1490 823 1526 γεωργικῆς
842 1489 940 1525 ἐπιμε-

141 1542 220 1574 λείας
236 1540 415 1576 ἐπιτήδευσιν
425 1538 624 1575 παρεχόμενον,
636 1538 732 1573 Διήκει
748 1537 777 1564 δὲ
798 1536 847 1573 τὴν
862 1535 938 1572 ἡλίου

141 1588 219 1615 δύσιν
235 1586 422 1620 ἀποσκοποῦν,
436 1586 489 1618 ἕως
503 1585 584 1613 τινῶν
600 1584 692 1612 ἄλλων
718 1583 805 1620 ὀρέων
829 1581 940 1618 ὑψηλῶν

142 1635 192 1661 καὶ
219 1633 346 1669 μεγάλων
370 1631 621 1668 παρατεινόμενον·
648 1630 713 1658 ἔνθα
735 1630 782 1657 καὶ
797 1629 876 1661 πόλις
898 1637 940 1660 τις

142 1679 261 1716 Βέῥροια
276 1679 433 1714 καλουμένη
445 1678 624 1714 κατῴκισται,
637 1677 685 1704 καὶ
701 1676 772 1710 αὑτὴ
790 1683 940 1711 περιφανε-

143 1727 231 1762 στάτη
247 1727 304 1758 τοῖς
317 1726 458 1762 οῐκήτορσί
470 1734 500 1752 τε
516 1725 564 1752 καὶ
576 1725 644 1752 πᾶσι
659 1724 716 1756 τοῖς
730 1723 820 1755 ἄλλοις
837 1721 878 1754 οἷς
892 1722 942 1749 αὑ-

143 1775 188 1808 χιῖ
206 1774 283 1805 πόλις
291 1773 340 1808 τὴν
354 1772 495 1800 σύστασιν.
513 1771 689 1807 Ἐμπεριέχει
703 1771 732 1797 δὲ
745 1770 784 1806 τῷ
801 1770 845 1797 διὰ
857 1770 941 1806 μέσου

143 1821 228 1856 χώρῳ
246 1820 277 1847 τδ
289 1819 380 1847 πεδίον
395 1819 476 1846 τοῦτο
504 1818 553 1846 καὶ
576 1818 765 1854 ἅμφιμίκτους
788 1816 865 1847 τινας
887 1815 942 1842 κὼ-

145 1875 212 1901 μας,
226 1862 264 1893 ὧν
281 1866 307 1893 αἱ
324 1866 373 1901 μὲν
387 1866 454 1902 πρὸς
467 1866 501 1900 τῇ
520 1865 597 1892 πόλει
611 1864 731 1897 τελοῦσι,
748 1861 942 1899 Δρουγουϐῖταί

143 1921 218 1944 τινες
236 1913 284 1940 καὶ
295 1912 460 1947 Σαγουδάτοι
477 1911 528 1948 τὴν
553 1911 651 1946 κλῆσιν
680 1909 890 1945 ὀνομαζόμενοι,
914 1907 943 1936 ut

144 1959 175 1987 δὲ
196 1959 236 1995 τῷ
254 1957 452 1995 συνομοροῦντι
474 1957 530 1984 τῶν
548 1956 661 1985 Σκυθῶν
688 1955 760 1982 ἔθνει
783 1955 814 1981 οὺ
833 1953 943 1990 μακρὰν

144 2006 203 2033 δντι
218 2006 282 2037 τοὺς
297 2005 398 2041 φόρους
410 2004 578 2032 ἀποδιδόασι.
594 2001 637 2038 [Ρ.
656 2000 720 2037 525]
734 2000 807 2036 Πλὴν
823 1999 944 2034 γειτνιά-

145 2051 241 2082 ζουσιν
255 2049 385 2085 ἀλλήλαις
395 2049 423 2076 at
439 2048 531 2084 κῶμαι
544 2048 594 2083 τὴν
607 2046 726 2082 οἴκησιν,
741 2045 790 2072 καὶ
811 2045 871 2072 ἔστι
897 2044 944 2072 καὶ

146 2096 229 2124 τοῦτο
245 2096 314 2131 πρὸς
324 2097 380 2128 τοῖς
397 2095 488 2128 ἄλλοις
510 2093 757 2123 Θεσσαλονικεῦσιν
777 2092 808 2119 οὐ
838 2091 945 2127 μικρῶς

147 2143 386 2179 συμϐαλλόμενον,
405 2142 436 2169 τὸ
451 2141 518 2178 πρὸς
529 2140 594 2172 τοὺς
611 2139 717 2171 Σκύθας
728 2138 774 2165 διὰ
788 2137 843 2165 τῶν
858 2138 946 2173 εμπο-

147 2192 236 2229 ρικῶν
252 2191 372 2228 μεθόδων
398 2189 663 2225 συναναμίγνυσθαι,
686 2187 735 2215 καὶ
757 2185 867 2223 μάλισθ’
881 2185 946 2213 ὅταν

146 2238 314 2274 ἔχωσιπρὸς
326 2237 458 2273 ἀλλήλους
487 2236 578 2268 καλῶς
604 2235 653 2262 καὶ
675 2235 713 2270 μὴ
738 2233 851 2261 κινῶσιν
876 2230 947 2259 ὅπλα

147 2286 200 2320 τὴν
215 2285 306 2320 μάχην
322 2283 531 2319 ἑξαγριαίνοντα
546 2289 555 2298 ο
571 2281 585 2308 ὃ
602 2281 634 2317 δὴ
651 2280 698 2308 καὶ
723 2278 815 2315 πολλῷ
831 2287 886 2306 τινι
908 2277 947 2312 τῷ

148 2314 238 2360 παλαι
252 2314 429 2367 χρόνῳήπαεν
445 2329 585 2365 ἑκατέρων
613 2314 772 2364 μελετηθὲν,
805 2325 937 2359 κοινότητι

1003 2327 1157 2356 rationibus
1169 2333 1275 2354 merces
1290 2325 1360 2353 alias
1381 2324 1443 2352 aliis
1458 2326 1640 2356 commutant,
1657 2321 1796 2349 admiran-
1846 2314 1850 2317 ’

149 2378 228 2414 ζωῆς
238 2378 288 2410 τὰς
301 2377 397 2414 χρείας
409 2376 535 2412 ἀλλήλοις
550 2374 706 2410 ἀμείϐουσι,
718 2372 873 2408 θαυμασίαν
887 2370 948 2399 τινὰ

151 2425 202 2451 καὶ
227 2423 338 2459 βαθεῖαν
360 2422 472 2458 εἰρήνην
498 2422 529 2448 ιν
543 2420 566 2437 ⁸⁸
583 2420 692 2451 δαυτοῖς
721 2417 946 2454 συντηρούμενοι.

152 2470 278 2505 Ποταμοὶ
287 2469 316 2496 δέ
326 2477 399 2500 τινες
416 2465 608 2502 παμμεγέθεις
623 2465 656 2492 ὲκ
665 2494 668 2497 ,
678 2464 729 2500 τῆς
742 2463 853 2491 Σκυθῶν
871 2463 949 2499 εξορ-

155 2515 280 2552 μώμενοι
294 2514 343 2542 καὶ
360 2514 391 2541 τὸ
417 2512 567 2549 προλεχθὲν
582 2511 673 2540 πεδίον
698 2510 759 2539 καθ’
774 2509 888 2541 ἑαυτοὺς
912 2510 951 2537 δι-

154 2564 280 2599 ελόμενοι
296 2561 397 2598 πολλὴν
419 2561 559 2596 δαψίλειαν
574 2559 622 2587 καὶ
636 2559 713 2586 αὐτοὶ
727 2559 761 2594 τῇ
783 2557 861 2585 πόλει
880 2565 951 2593 παρ-

155 2610 265 2645 έχονται
281 2609 337 2639 ταῖς
349 2616 379 2635 τε
394 2607 538 2644 χορηγίαις
554 2607 615 2638 ταῖς
637 2605 692 2633 ἀπὸ
705 2604 760 2631 τῶν
777 2603 877 2639 ἰχθύων
903 2603 952 2630 καὶ

156 2657 218 2688 ταῖς
230 2654 264 2681 δι’
279 2653 369 2681 αὐτῶν
383 2653 439 2680 ἀπὸ
449 2653 499 2687 τῆς
514 2651 654 2687 θαλάσσης
667 2650 722 2678 τῶν
737 2651 810 2686 νηῶν
838 2649 952 2684 ἀναδρο-

114 2704 119 2708 ’
159 2703 236 2740 μαῖς,
263 2701 297 2728 δι’
325 2696 364 2728 ὧν
381 2700 530 2727 ἐπινοεῖται
547 2698 658 2733 ποικίλη
679 2705 721 2729 τις
742 2695 872 2732 πρόσοδος
895 2696 950 2723 τῶν

115 2771 126 2782 _.
160 2746 261 2783 χρειῶν
277 2746 332 2774 τῶν
346 2745 451 2774 ὑδάτων
465 2745 579 2773 ἐκείνων
588 2743 844 2780 συγκαταῤῥέουσα.

192 2794 228 2827 ζ’.
248 2793 330 2821 Ἀλλὰ
340 2793 395 2829 γὰρ
410 2792 505 2820 ἔλαθον
515 2791 635 2828 ἐμαυτὸν
649 2790 758 2827 μακρὰν
770 2790 805 2824 ³ο,
821 2790 838 2826 ἢ
850 2790 887 2822 ὡς
906 2789 954 2817 ἀπ’

161 2839 250 2876 ἀρχῆς
269 2839 442 2875 ὑπεσχόμην,
456 2839 502 2866 τὸν
519 2837 702 2874 περὶτούτων
720 2836 890 2873 παρατείνας
908 2836 954 2864 λό-

162 2894 219 2917 γον.
235 2885 372 2921 ﬂemina
382 2884 412 2912 δὲ
426 2883 505 2912 τοῦτο
519 2883 607 2919 όπερὶ
636 2883 687 2918 τὴν
716 2882 832 2919 πατρίδα
854 2882 946 2915 πόθος,

973 340 1106 363 statuere.
1129 331 1195 368 Agri
1225 338 1293 367 pars
1319 330 1428 366 reliqua
1453 329 1638 365 agricolarum
1669 328 1767 356 usibus

973 381 1064 415 cedit;
1085 378 1270 407 animantibus
1293 385 1403 414 quoque
1427 376 1594 412 indulgetur,
1618 379 1677 403 tum
1706 382 1768 410 qua

975 426 1106 454 humanis
1121 428 1219 461 parent
1235 423 1342 451 artibus
1360 429 1393 450 ac
1407 425 1694 454 mansuescunt,.tum
1707 427 1768 456 quae

975 481 1024 510 per
1051 477 1181 500 montana
1196 471 1284 498 libero
1300 469 1368 505 pede
1390 473 1536 505 vagantur.
1552 467 1631 497 Cervi
1650 473 1769 502 namque

977 518 1081 546 relictis
1095 517 1248 549 montibus,
1269 515 1397 551 velutque
1412 515 1522 542 lacuum
1540 513 1619 549 aquis
1638 511 1768 544 recreati,

977 570 1035 592 tum
1058 564 1144 592 ubere
1167 563 1298 590 fruuntur
1323 565 1399 597 potu,
1416 565 1473 589 tum
1493 560 1530 588 ad
1548 560 1638 596 ipsum
1668 566 1770 587 conve-

977 611 1084 639 nientes
1106 609 1245 638 communi
1261 615 1324 636 cum
1351 608 1437 635 bobus
1451 606 1551 642 pabulo
1571 611 1734 634 vescuntur.

1011 657 1038 685 6.
1058 656 1112 685 Sed
1120 657 1176 692 jam
1194 655 1263 684 satis
1275 655 1304 682 in
1319 653 1393 687 istis,
1407 660 1469 688 quae
1487 652 1521 680 ad
1540 655 1631 679 ortum
1646 654 1678 678 et
1690 650 1771 686 aqui-

978 703 1070 731 lonem
1103 710 1136 730 ac
1159 709 1221 737 quae
1250 701 1315 729 item
1331 700 1366 728 ad
1397 703 1523 727 austrum
1536 697 1615 726 urbis
1630 700 1707 729 sunt,
1720 696 1769 724 de-

979 750 1104 786 scriptis,
1120 749 1204 777 situm
1220 749 1273 776 loci
1291 747 1338 784 qui
1355 747 1387 774 ad
1400 753 1530 774 occasum
1544 743 1691 780 vergit,uli
1712 742 1771 770 ﬁeri

980 796 1091 832 poterit,
1124 795 1326 823 enarrabimus.
1355 794 1434 821 Alius
1458 799 1572 827 campus
1596 796 1639 818 est
1662 790 1697 818 ab
1712 789 1772 824 ipso

980 843 1074 871 Ecboii
1091 848 1171 869 muro
1187 841 1322 876 incipiens
1333 840 1489 875 dextraeque
1500 837 1604 865 montis
1617 837 1770 868 adhmrcns,

980 890 1048 918 laeva
1060 896 1125 917 vero
1139 888 1209 916 mari
1218 887 1468 922 contiguus,quam
1489 891 1571 912 nemo
1587 883 1656 912 satis
1671 881 1773 917 capiat,

968 935 1187 972 pulchritudine
1219 933 1371 962 videntium
1395 931 1493 959 oculos
1522 929 1556 957 ad
1583 937 1614 957 se
1638 928 1774 957 alliciens.

983 983 1031 1012 Est
1050 982 1124 1010 enim
1142 981 1221 1016 aquis
1236 979 1367 1016 irriguus,
1380 985 1434 1013 qua
1451 981 1529 1013 parte
1541 975 1617 1003 urbis
1636 974 1776 1007 marisque

982 1029 1125 1058 vicinitate
1137 1027 1283 1063 gloriatur,
1299 1025 1460 1060 ritibusque
1474 1027 1501 1051 et
1523 1021 1615 1050 densis
1630 1019 1776 1048 arboribus

983 1086 1016 1106 ac
1025 1075 1139 1106 vivariis
1169 1075 1315 1109 hortisque
1332 1075 1493 1103 coronatus,
1521 1077 1574 1097 nec
1594 1075 1648 1096 non
1670 1066 1777 1095 adibus

984 1124 1165 1159 plurimisque
1207 1119 1415 1150 venerabiiibus
1448 1116 1571 1146 delubris
1607 1114 1781 1146 decoratus;

985 1177 1102 1206 quorum
1115 1169 1247 1204 pleraque
1261 1166 1458 1195 monachorum
1473 1163 1582 1199 agmina
1595 1162 1706 1189 interse
1715 1167 1784 1195 pare

986 1215 1029 1248 titi
1047 1218 1122 1247 sunt,
1140 1213 1193 1242 viri
1201 1221 1282 1241 omne
1310 1212 1444 1240 virtutum
1462 1217 1550 1246 genus
1573 1208 1694 1237 colentes
1714 1206 1780 1234 soli-

986 1269 1040 1298 que
1065 1261 1121 1289 Deo
1153 1260 1294 1292 viventes,
1318 1258 1353 1286 ad
1369 1265 1451 1294 quem
1474 1261 1502 1284 et
1526 1255 1677 1287 festinanti,
1700 1252 1780 1289 cujus

987 1297 1070 1336 etiam
1088 1313 1173 1335 causa
1198 1304 1304 1333 relictis
1331 1303 1426 1331 saeculi
1447 1301 1536 1329 turbis
1557 1307 1654 1331 unam,
1675 1307 1734 1333 qua:
1747 1297 1780 1324 ad

988 1355 1077 1390 ipsum
1100 1352 1192 1381 tendit
1218 1355 1304 1387 atque
1324 1349 1387 1382 fert,
1402 1348 1530 1378 semitam
1555 1347 1706 1382 elegerunt.
1722 1344 1781 1377 Qua

988 1408 1055 1429 vero
1066 1399 1130 1429 inde
1141 1400 1216 1427 intra
1232 1402 1333 1426 terram
1345 1395 1510 1432 longissimo
1525 1392 1670 1421 intervallo
1686 1391 1783 1420 ditl'un-

989 1448 1073 1481 ditur,
1089 1446 1166 1475 nullo
1177 1445 1234 1473 fere
1249 1444 1382 1473 silvarum
1401 1446 1448 1470 aut
1463 1442 1642 1470 arbustorum
1650 1441 1783 1473 opacatur

989 1493 1123 1530 germine,
1143 1491 1191 1520 sed
1213 1491 1260 1527 qui
1273 1490 1404 1519 idoneum
1427 1488 1516 1517 solum
1536 1485 1666 1514 exhibeat
1681 1483 1784 1520 agrico~

992 1542 1079 1569 larum
1096 1539 1251 1568 industriae.
1274 1537 1420 1565 Procurrit
1446 1542 1512 1563 vero
1538 1540 1636 1562 versus
1657 1532 1724 1561 solis
1740 1538 1785 1559 or-

993 1592 1061 1620 tum,
1072 1585 1156 1622 496
1173 1585 1206 1613 ad
1223 1584 1294 1612 alios
1310 1590 1398 1618 usque
1413 1581 1537 1610 excelsos
1562 1587 1594 1607 ac
1609 1577 1786 1614 praegrandes

954 1644 978 1675 ο
993 1637 1100 1661 montes
1116 1636 1275 1668 proteusus,
1303 1630 1350 1658 ubi
1375 1633 1403 1657 et
1415 1627 1513 1656 civitas
1534 1625 1580 1653 cui
1601 1631 1701 1652 nomen
1720 1623 1785 1650 Ber-

994 1679 1078 1707 rhoea
1097 1677 1210 1706 condita
1237 1681 1289 1710 est,
1317 1676 1377 1712 ipsa
1403 1671 1514 1710 quoque
1528 1671 1716 1700 habitatorum
1730 1669 1786 1698 tre-

993 1724 1106 1761 quentia
1122 1731 1154 1753 ac
1166 1724 1280 1759 rcliquis
1295 1722 1424 1751 omnibus
1436 1720 1539 1756 quibus
1549 1726 1580 1747 se
1592 1717 1787 1752 urbesjactare

993 1770 1298 1800 solentiilustrissima.
1326 1767 1462 1796 Planities
1490 1765 1584 1794 medio
1607 1772 1660 1792 suo
1682 1762 1787 1792 ambitu

994 1816 1093 1853 oppida
1114 1817 1274 1853 promiscue
1301 1815 1434 1846 continet,
1463 1819 1581 1849 quorum
1599 1811 1694 1846 aliqua
1709 1809 1788 1838 urbis

994 1864 1106 1892 ditionis
1134 1867 1200 1892 sunt
1225 1863 1307 1898 eique
1330 1861 1558 1892 contribuuntur,
1583 1858 1741 1894 Drugubita:
1762 1861 1789 1884 et

995 1910 1127 1946 Sagudati
1141 1909 1263 1941 nomine,
1277 1908 1369 1943 aliqua
1385 1907 1509 1936 ﬁnitima
1522 1905 1689 1941 Scytharum
1701 1903 1787 1940 genti,

996 1964 1050 1984 non
1061 1957 1142 1992 longe
1155 1955 1272 1988 dissitas,
1285 1954 1389 1983 tributa
1405 1953 1526 1982 solvunt.
1536 1952 1671 1980 Caeterum
1688 1950 1789 1986 oppida

996 2002 1151 2038 eproximo
1173 2001 1343 2033 habitantur,
1360 1999 1434 2036 quod
1457 1998 1547 2035 ipsum
1574 2002 1673 2033 praeter
1687 1996 1740 2024 alia
1762 1996 1789 2023 iu

997 2048 1291 2077 Thessalonicensium
1304 2055 1361 2076 rem
1383 2054 1437 2074 non
1452 2053 1550 2082 parum
1566 2043 1708 2076 conducit,
1726 2043 1789 2071 dum

997 2099 1155 2132 quaestuosa
1166 2098 1326 2123 mercatura
1356 2093 1523 2129 Scytharum
1550 2090 1717 2119 commercia
1735 2097 1792 2116 am-

998 2142 1096 2175 biunt;
1114 2145 1173 2169 tum
1190 2140 1344 2176 praesertim
1358 2146 1422 2167 cum
1447 2138 1556 2173 utrique
1570 2137 1643 2173 genti
1671 2137 1743 2164 inter
1761 2142 1792 2163 se

998 2189 1069 2217 bene
1083 2188 1253 2219 convenerit.
1271 2193 1323 2215 nec
1352 2185 1456 2221 quibus
1473 2184 1507 2212 ad
1522 2183 1616 2220 praelia
1642 2181 1793 2210 etlerantur

999 2242 1078 2263 arma
1094 2234 1231 2263 moverint
1247 2231 1331 2269 (quod
1348 2232 1443 2267 utique
1459 2231 1494 2258 ab
1508 2229 1628 2265 antiquis
1642 2227 1707 2256 olim
1724 2231 1793 2254 tctu-

999 2281 1113 2316 poribus
1126 2281 1162 2309 iis
1175 2280 1320 2315 diligenter
1334 2278 1503 2314 quaesitum),
1520 2275 1714 2305 communibus
1732 2273 1795 2300 vita:

1003 2374 1064 2402 dam
1075 2373 1222 2408 quamdam
1237 2372 1377 2407 altamque
1401 2371 1474 2402 inter
1488 2378 1519 2399 se
1528 2373 1674 2398 servantes
1689 2376 1794 2404 pacem.

1002 2420 1069 2449 item
1085 2419 1172 2453 ﬂuvii,
1191 2419 1266 2455 iique
1280 2419 1418 2453 ingentes,
1434 2426 1469 2445 ex
1490 2417 1656 2453 Scytharum
1684 2416 1797 2451 regione

1004 2469 1180 2502 erumpentes
1190 2469 1229 2499 et,
1243 2472 1325 2500 quem
1339 2464 1476 2497 dicebam,
1498 2470 1606 2498 agrum,
1625 2461 1697 2490 inter
1711 2469 1741 2489 se
1754 2461 1797 2488 di-

1005 2514 1140 2546 videntes,
1157 2513 1210 2549 ipsi
1236 2519 1347 2548 quoque
1378 2512 1489 2540 uberem
1516 2509 1577 2537 urbi
1603 2513 1733 2544 praestant
1748 2515 1797 2535 an-

1006 2567 1120 2593 nonam,
1133 2563 1190 2587 tum
1203 2559 1321 2595 piscium
1351 2556 1588 2594 praistationibus,
1608 2559 1667 2582 tum
1686 2554 1797 2582 navium

1007 2615 1055 2642 pur
1068 2614 1117 2634 eos
1141 2614 1157 2634 e
1187 2606 1254 2633 mari
1274 2604 1483 2634 ascendentium
1502 2606 1627 2634 vectura,
1643 2601 1745 2636 quibus
1758 2608 1799 2628 rc-

1007 2659 1068 2678 rum
1081 2650 1114 2678 ad
1137 2651 1199 2678 vita:
1225 2658 1304 2678 usum
1325 2649 1554 2681 conducentium,
1569 2655 1624 2676 una
1646 2655 1707 2674 cum
1720 2647 1798 2678 aquis

1007 2697 1062 2725 illis
1077 2698 1230 2728 continens.
1256 2696 1351 2725 varius
1383 2696 1557 2732 excogitatus
1579 2698 1621 2723 est
1638 2696 1799 2729 proventus.

1048 2789 1074 2816 7.
1087 2787 1234 2817 Enimvero
1261 2786 1422 2822 imprudens
1455 2793 1504 2813 nee
1525 2783 1606 2812 nimis
1627 2785 1707 2810 caute
1718 2781 1789 2817 proli

1013 2836 1076 2864 xius
1089 2836 1132 2864 his
1144 2835 1178 2867 dc
1191 2835 1273 2863 rebus
1295 2834 1378 2870 597
1409 2832 1559 2861 orationem
1587 2829 1701 2866 produxi
1718 2836 1800 2864 quam

1003 2882 1063 2917 ipse
1083 2882 1162 2910 initio
1187 2882 1214 2910 in
1242 2889 1284 2909 me
1309 2886 1478 2915 receperant.
1499 2878 1527 2906 lu
1545 2884 1628 2904 causa
1651 2875 1702 2904 fuit
1726 2877 1803 2902 auior

796 2929 914 2958 νΑιιιιΕ
931 2928 1132 2959 LECTIONES.
1163 2922 1173 2927 ’

196 2980 223 2998 ⁸⁸
237 2979 327 3012 αὐτοῖς
342 2979 397 3008 AL.
438 2981 457 2997 "
478 2981 506 3008 ἰν
519 2988 574 3009 om.
593 2979 623 3008 L.
658 2979 680 2995 "’
697 2978 801 3015 μακρὸν
815 2978 871 3007 AL.
