1997 3167
242 218 294 249 535

872 221 1042 254 JOANNES
1061 224 1281 258 CAMENIATA

1836 229 1885 262 536

242 276 347 310 patriae,
367 281 420 303 non
447 275 600 304 insuaviter
623 284 685 304 cum
717 278 850 306 memoria
871 279 1031 314 distractus,

1087 282 1174 317 ἡδέως
1187 285 1220 319 τῇ
1239 293 1268 311 τε
1283 284 1380 321 μνήμῃ
1398 285 1640 321 συνεφελκόμενος,
1659 287 1705 314 καὶ
1730 288 1791 319 ταῖς
1817 288 1884 315 ἀνα-

242 330 389 357 rorumquc
405 323 584 359 imaginibus,
602 332 680 359 aeque
706 331 738 351 ac
762 332 895 360 praesens,
917 326 951 354 iis
964 326 1033 361 ipsis

241 369 422 405 rliceudisque
437 370 549 403 infixus,
567 379 617 398 nec
639 379 693 400 non
718 376 852 407 prompta:
866 380 898 401 ac
911 373 1034 409 explora-

241 417 325 444 trices
342 421 394 444 tua:
415 418 571 445 sedulitatis
580 425 672 449 aures.
684 426 754 454 quas
764 413 844 447 nobis
853 420 1030 454 concredere,

242 463 317 491 nullo
335 464 390 491 alio
406 471 453 491 eas
477 464 658 492 subtrahente
681 473 732 492 nec
754 466 788 492 ab
806 467 858 494 ista
874 467 1034 495 narratione

241 510 386 541 avellente.
410 510 490 538 initio
515 511 657 546 pollicitus
678 520 718 540 es.
739 512 770 540 Et
786 513 844 540 haec
858 513 968 547 quidem
995 514 1032 542 ita

240 565 270 584 se
290 557 402 584 habent.
418 556 456 584 Ea
471 557 545 585 enim
563 565 624 593 quae
637 559 725 586 amori
752 559 889 587 habentur
911 567 943 587 ac
958 559 1034 588 desi-

240 603 384 636 dcrantur,
402 607 429 631 et
457 608 616 632 narrantem
638 609 666 632 et
685 605 842 632 audientem
859 606 1034 634 necessitatis

239 649 358 677 vinculis
372 650 504 678 continuo
515 650 604 678 solent
616 650 759 685 colligare,
774 655 804 678 ιιι
818 659 872 679 non
889 651 927 679 ita
952 651 1034 680 facile

239 704 330 732 neque
343 697 420 725 visus
430 705 451 724 ta
462 689 671 732 iucundissimis
685 698 852 733 spectaculis
870 706 960 734 neque
983 706 1033 726 au-

239 743 277 770 ris
301 750 317 770 a
344 743 518 771 suavissimis
546 743 737 772 auditionibus
767 745 911 777 avellatur,
945 753 1034 780 neque

238 788 328 817 dulcis
354 789 490 816 orationis
524 789 644 824 impetus
676 790 904 825 interrumpatur.
945 790 1034 818 donec

239 836 388 864 terminum
406 836 530 872 attigerit
546 836 579 864 ad
607 843 688 872 quem
719 837 753 864 ab
777 837 857 864 initio
879 837 1032 865 contendit.

238 881 436 915 Nihilominus,
451 882 474 910 si
499 882 585 915 lubet,
612 882 647 909 ad
677 881 802 911 eamdem
828 883 917 918 ipsam
936 883 1032 911 urbem

239 936 430 958 rccurramus.
447 929 599 964 Quousque
615 929 688 956 enim
705 929 779 956 velut
797 929 824 956 in
842 930 956 964 speculo
976 934 1034 958 sta.

238 979 314 1002 tuam
327 975 482 1011 emugimus
495 979 523 1003 et
544 975 630 1002 variis
655 974 767 1002 aliunde
791 975 915 1010 quaesitis
935 975 1034 1003 colori’

238 1022 290 1050 bus
307 1021 425 1057 primum
438 1021 577 1056 exemplar
588 1019 709 1056 eiligiare
720 1028 866 1054 conamur,
876 1028 938 1048 cum
953 1021 1034 1049 liceat

239 1067 285 1095 Illa
307 1068 366 1103 ipsa
387 1075 437 1103 per
463 1075 556 1094 rerum
571 1066 812 1101 {necessariarum
839 1066 1031 1094 narrationem

239 1114 325 1142 adire.
356 1118 387 1141 ut
407 1113 530 1148 apertius
564 1113 722 1141 innotescat
759 1113 833 1148 quod
865 1113 1035 1142 subobscure

239 1160 443 1196 quodammodo
455 1159 614 1187 indicatur?
629 1159 855 1188 Thessalonicam
882 1160 1033 1195 siquidem,

238 1207 330 1242 qualis
343 1211 396 1239 est,
419 1206 546 1233 oratione
574 1206 744 1238 describere,
758 1206 832 1241 quod
853 1206 910 1234 ﬁeri
932 1211 1031 1241 potest,

239 1254 318 1281 initio
339 1253 463 1288 polliciti,
490 1257 517 1280 et
532 1253 622 1288 qualis
637 1260 699 1280 cum
722 1257 795 1281 esset
811 1256 902 1284 antea.
920 1253 947 1280 in
965 1253 1033 1288 quid

237 1305 334 1335 posth
355 1300 464 1328 redacta
478 1299 525 1332 sit,
545 1299 668 1334 pulchris
681 1299 782 1334 quibus
795 1300 840 1327 illa
855 1299 959 1327 circum
975 1307 1034 1327 am-

238 1347 296 1374 bitu
309 1346 456 1374 decoratur
470 1346 588 1381 abrepti,
606 1349 634 1374 et
656 1345 684 1373 in
698 1345 886 1374 exterioribus
900 1353 1034 1374 enarran-

237 1393 292 1425 dis,
308 1398 337 1420 ut
352 1393 490 1428 quispiam
501 1392 614 1425 dixerit,
624 1392 759 1421 hactenus
771 1393 922 1425 immorati,
935 1401 1032 1428 parum

237 1445 280 1469 est
296 1444 325 1468 ut
338 1441 372 1469 iis
385 1448 446 1476 quae
457 1440 595 1476 praecipua
611 1443 677 1467 sunt
691 1447 723 1468 ac
732 1439 890 1467 necessaria
901 1447 1033 1467 enarran-

237 1487 281 1515 dis
295 1491 406 1522 torpere
424 1486 578 1514 videamur.
593 1485 689 1521 Operm
707 1485 826 1521 pretium
841 1485 927 1521 igitur
947 1490 989 1514 est
1003 1490 1032 1513 ut

237 1539 264 1561 et
281 1534 314 1560 ad
329 1533 417 1567 ipsam
432 1532 531 1560 iterum
548 1539 677 1560 sermone
689 1532 846 1566 redeamus,
860 1532 1033 1568 primamque

237 1579 323 1616 [.93
338 1571 676 1614 illius-pulchritudinem
703 1585 735 1606 ac
752 1579 907 1606 claritatem
932 1585 1032 1606 nosca-

1085 328 1242 356 τυπώσεσιν
1252 328 1308 358 οἷον
1325 330 1412 358 δοκῶν
1435 333 1556 359 συνεῖναι
1572 334 1628 364 τοῖς
1645 333 1816 369 λεγομένοις,
1840 332 1885 361 καὶ

1085 374 1115 402 τὸ
1124 375 1265 412 πρόθυμον
1273 376 1321 403 καὶ
1330 375 1476 412 ζητητικδν
1484 379 1535 414 τῆς
1542 378 1592 414 σῆς
1603 379 1772 414 φιλομαθοῦς
1783 380 1881 415 ἀκοῆς,

1084 421 1117 456 ἣν
1124 420 1154 454 ἐξ
1166 422 1255 457 ἀρχῆς
1265 422 1435 458 παραθέσθαι
1445 425 1535 451 πᾶσαν
1545 425 1612 460 ἡμίν
1627 425 1818 461 καθυπέσχου,
1830 434 1885 460 μη-

1083 466 1159 499 δενδς
1167 467 1249 495 ἄλλου
1261 469 1454 504 περισπῶντος
1464 470 1550 506 αὐτὴν
1563 471 1578 506 ἢ
1593 471 1672 512 τοιξδε
1685 471 1733 498 τοῦ
1747 472 1886 507 διηγήμα-

1085 522 1130 546 τος
1142 513 1335 550 ὑποσύροντος.
1351 515 1445 543 Ταῦτα
1466 516 1494 542 δὲ
1512 515 1600 549 οὕτως
1617 517 1684 552 ἔχει.
1701 517 1814 544 Φιλοῦσι
1834 518 1886 553 γὰρ

1085 559 1130 586 ἀεὶ
1144 559 1179 586 τὰ
1196 560 1354 596 ποθούμενα
1370 562 1425 589 τῶν
1435 563 1609 598 πραγμάτων
1631 563 1758 600 ἀνάγκης
1771 564 1884 598 δεσμοῖς

1085 603 1134 630 καὶ
1145 604 1191 631 τὸν
1207 604 1322 640 λέγοντα
1337 607 1403 642 περὶ
1414 606 1505 634 αὐτῶν
1522 607 1649 643 κατέχειν
1660 609 1708 636 κιιῖ⁵
1719 609 1765 636 τὸν
1774 609 1885 637 ἀκούον-

1084 658 1120 677 τα
1137 658 1143 665 ·
1174 650 1222 678 καὶ
1248 651 1298 678 οὐκ
1323 651 1356 679 ἂν
1383 651 1470 684 οὕτως
1496 653 1618 689 εὐχερῶς
1633 654 1682 682 καὶ
1704 655 1808 691 ῥᾳδίως
1825 656 1883 684 οὕτε

1085 696 1147 731 ὄψις
1156 696 1211 724 τῶν
1221 697 1338 732 ἡδίστων
1349 698 1495 734 θεαμάτων
1509 699 1572 727 οὔτε
1584 700 1653 737 ἀκοὴ
1677 701 1732 728 τῶν
1759 703 1885 738 τερπνῶν

1085 743 1270 779 ἀποστήσεται
1279 745 1475 780 ἀκουσμάτων,
1489 746 1551 774 οὔτε
1563 747 1644 782 λόγος
1658 748 1724 783 ἡδὺς
1731 748 1784 784 τῆς
1797 749 1884 784 ὁρμῆς

1085 789 1301 826 ἀνακοπήσεται,
1332 791 1429 827 μέχρις
1447 792 1482 820 ἂν
1500 793 1591 829 φθάσῃ
1617 794 1649 821 τὺ
1672 795 1762 830 τιάρας
1782 795 1853 831 πρὸς
1871 795 1884 822 ὃ

1085 837 1146 863 κατ’
1158 836 1247 872 ἀρχὰς
1260 837 1411 872 ἐπείγεται.
1424 839 1499 875 Πλὴν
1518 839 1543 866 εἰ
1561 839 1646 873 δοκεῖ,
1662 841 1745 868 πάλιν
1759 842 1884 877 ἀναδρά-

1086 891 1184 918 μωμεν
1204 883 1273 919 πρὸς
1295 883 1381 919 αὐτὴν
1398 885 1508 920 ἐκείνην
1524 885 1575 921 τὴν
1587 886 1666 913 πόλιν
1680 895 1689 903 ο
1717 888 1802 924 μέχρι
1833 888 1884 923 γὰρ

1084 928 1158 961 τίνος
1172 928 1212 960 ὡς
1230 930 1259 956 ιν
1271 929 1377 957 κατόπι
1383 939 1421 967 ρῳ
1431 930 1477 958 τὸν
1491 931 1641 967 ἀνδριάντα
1663 933 1883 970 διαμορφοῦμεν,

1085 975 1134 1002 καὶ
1143 976 1205 1007 ταῖς
1216 975 1316 1009 ἔξωθεν
1334 977 1389 1004 τῶν
1402 978 1558 1013 χρωμάτων
1573 979 1723 1012 ποικιλίαις
1744 981 1885 1008 ἀπεικονί-

1085 1022 1143 1055 ζειν
1159 1023 1318 1059 πειρώμεθα
1333 1024 1364 1051 τὸ
1379 1024 1543 1061 ἀρχέτυπον,
1568 1026 1629 1059 ἐξὸν
1653 1027 1745 1060 αὐτοῖς
1771 1028 1884 1062 ἐκείνοις

1086 1071 1208 1105 ἐντυχεῖν
1220 1069 1264 1097 διὰ
1280 1070 1335 1098 τῶν
1347 1071 1463 1107 καιρίων
1478 1072 1657 1108 διηγημάτων
1677 1075 1735 1106 τοῖς
1751 1075 1884 1110 πράγμα-

1087 1124 1139 1148 σιν,
1153 1116 1191 1148 ώς
1203 1115 1236 1143 ἂν
1248 1116 1462 1153 γνωριμώτερον
1475 1119 1518 1152 εῐη
1533 1118 1564 1145 τὸ
1578 1119 1708 1154 ἀμυδρῶς
1727 1129 1787 1152 πως
1799 1129 1885 1156 παρα-

1085 1161 1268 1197 δηλούμενονς
1285 1162 1489 1199 Θεσσαλονίκην
1508 1164 1574 1200 γὰρ,
1586 1165 1666 1192 ὁποία
1686 1165 1834 1202 τυγχάνει,
1849 1166 1885 1203 τῷ

1085 1206 1156 1242 λόγῳ
1175 1207 1325 1244 διαγράψαι
1340 1208 1400 1235 καθ’
1416 1209 1478 1235 ὅσον
1488 1207 1543 1236 οἶόν
1559 1218 1589 1236 τε
1617 1210 1680 1236 κατ’
1697 1210 1790 1246 ἀρχὰς
1819 1211 1883 1238 ὑπο-

1087 1253 1225 1288 σχόμενοι,
1236 1254 1283 1280 καὶ
1292 1254 1334 1286 τίς
1348 1254 1416 1281 οὖσα
1441 1255 1576 1292 πρότερον
1600 1256 1641 1288 εἰς
1662 1256 1689 1283 τί
1720 1255 1885 1293 κεχώρηκεν

1087 1299 1212 1335 ὕστερον,
1223 1301 1355 1336 τοῖςπερὶ
1369 1300 1456 1336 αὐτὴν
1477 1300 1571 1338 ὥσπερ
1592 1302 1815 1336 ὐποκλαπέντες,
1841 1303 1885 1330 καὶ

1085 1346 1142 1376 τοῖς
1154 1344 1264 1378 ἔξωθεν,
1277 1345 1315 1377 ὡς
1329 1346 1362 1373 ἂν
1378 1347 1449 1373 εῐποι
1466 1356 1520 1380 τις,
1534 1349 1619 1384 μέχρι
1631 1348 1709 1376 τοῦδε
1733 1349 1884 1384 σχολάσαν-

1085 1401 1129 1424 τες
1143 1392 1306 1428 διηγήμασι,
1331 1393 1526 1429 κινδυνεύομεν
1552 1393 1732 1430 βραδύνοντες
1758 1396 1812 1431 τὴν
1832 1396 1885 1423 τῶν

1086 1437 1458 1475 καιρίωνδιήγησιν.Χρεὼν
1482 1440 1600 1468 obviam
1631 1442 1678 1469 καὶ
1709 1442 1796 1469 πάλιν
1817 1442 1885 1478 πρὸς

1085 1485 1171 1520 αὐτὴν
1187 1485 1328 1512 ἐπανιέναι
1338 1485 1377 1521 τῷ
1405 1486 1477 1522 λόγῳ
1507 1487 1549 1523 [Ρ.
1565 1487 1630 1524 524]
1652 1488 1701 1515 καὶ
1720 1489 1753 1516 τὺ
1775 1489 1886 1524 πρῶτον

1085 1531 1150 1567 περὶ
1164 1531 1248 1567 αὐτὴν
1262 1532 1434 1567 καταμαθεῖν
1443 1533 1553 1568 κάλλος,
1565 1532 1626 1562 εἶτα
1639 1534 1712 1562 οὕτω
1726 1544 1758 1570 γε
1769 1535 1820 1562 τοῦ
1833 1535 1885 1563 πά-

1086 1577 1149 1610 θους
1165 1578 1285 1611 ἐξειπεῖν
1300 1580 1329 1606 ὲν
1343 1579 1451 1616 ὑστέρῳ
1462 1581 1494 1608 τὸ
1511 1581 1636 1617 μέγεθος,
1650 1582 1694 1609 ῐνα
1708 1583 1774 1609 ὅσον
1786 1582 1885 1618 φανείη

239 1632 312 1659 mus,
329 1632 361 1653 ac
391 1629 448 1652 tum
473 1624 604 1660 deinceps
631 1625 701 1659 ejus,
727 1632 809 1660 quam
839 1631 967 1660 perpessa
979 1628 1031 1657 est,

1085 1623 1140 1650 τῶν
1156 1623 1244 1650 ἄλλων
1256 1624 1361 1651 πόλεων
1379 1626 1555 1662 ἀσυγκρίτως
1572 1627 1813 1663 ὑπερτερεύουσα,
1840 1637 1886 1654 το-

237 1672 325 1700 τιιίηω
340 1679 372 1700 ac
384 1671 705 1706 cladis:magnitudinem
716 1671 881 1702 referamus,
899 1675 930 1697 ut
942 1678 1031 1706 quan-

237 1722 294 1746 tum
313 1718 429 1753 reliquis
446 1718 563 1746 urbibus
586 1717 799 1753 incomparabili
828 1725 945 1745 excessu
964 1725 1033 1752 prte-

1088 1669 1185 1697 σοῦτον
1209 1670 1272 1703 ἀξία
1295 1672 1403 1709 κριθείη
1429 1674 1508 1709 παρὰ
1528 1673 1623 1700 πασῶν
1650 1674 1816 1710 θρηνεῖσθαι
1839 1674 1888 1701 καὶ

1088 1717 1245 1750 κατοικτίζε
1251 1718 1324 1746 σθαι.

237 1771 312 1795 stare
344 1766 501 1799 videbatur,
529 1770 636 1794 tantum
662 1765 745 1802 digna
772 1765 915 1801 iudicetur
943 1773 1026 1801 quam
1047 1765 1188 1794 communi
1201 1773 1299 1795 omnes
1330 1767 1407 1796 luctu
1438 1774 1642 1804 prosequantur
1675 1771 1795 1808 ejusque
1835 1771 1889 1800 mi—

237 1814 374 1843 seratione
385 1813 531 1842 ducantur.

273 1861 299 1889 8.
311 1861 438 1890 Diximus
463 1869 546 1897 quam
565 1861 630 1890 latis
655 1861 788 1898 pomeriis
813 1864 898 1896 atque
925 1860 1030 1889 ambitu

237 1915 392 1945 magnaque
403 1909 513 1941 civitas,
525 1914 550 1936 et
561 1916 622 1944 qua
636 1913 744 1936 vastum
767 1908 886 1937 limitem
898 1915 931 1936 co
943 1908 1031 1948 inter-

236 1956 349 1984 cludat:
368 1956 415 1984 sed
436 1963 533 1985 murus
551 1956 738 1984 continentem
749 1962 848 1983 versus
872 1955 1031 1983 tutissimus

236 2008 277 2031 est
291 2010 318 2031 et
333 2007 481 2032 structurae
493 2003 622 2032 crassitie
641 2002 864 2033 munitissimus.
887 2002 1028 2030 exteriori-

237 2056 290 2086 que
307 2058 387 2078 muro
398 2058 430 2078 ac
445 2050 653 2086 propugnaculo
669 2053 727 2077 tuta
744 2048 1030 2083 undiquemunitioue

236 2098 380 2133 obscptus,
398 2097 616 2133 propugnaculis
635 2100 663 2124 ct
683 2096 776 2132 pinnis
796 2095 871 2136 omni
887 2103 951 2123 area
964 2102 1032 2122 con-

237 2144 368 2178 stipatus,
381 2151 432 2171 nec
443 2143 527 2170 ullam
550 2142 697 2179 oppidanis
707 2142 776 2177 justi
790 2141 898 2169 timoris
908 2141 1031 2169 necessi-

235 2192 318 2216 tatem
348 2189 483 2224 prmbens.
496 2189 565 2216 Pars
589 2188 663 2216 illius
688 2188 720 2215 ad
735 2191 831 2215 notum
852 2186 965 2214 humilis
986 2190 1030 2215 est

236 2243 269 2263 ac
287 2242 403 2270 prorsus
425 2234 557 2270 depressa
585 2234 714 2269 belloque
730 2233 812 2269 plane
831 2232 947 2260 inutilis.
959 2231 1029 2260 Nam

235 2289 300 2309 reor
325 2280 470 2314 artiﬁcem,
501 2280 575 2316 quod
595 2280 698 2308 nullam
726 2279 880 2315 antiquitus
894 2286 926 2306 ex
942 2279 1028 2307 maris

1110 1865 1157 1898 ιη’.
1172 1861 1294 1898 Εἴπομεν
1303 1863 1341 1895 ὡς
1352 1863 1447 1900 εὐρεῖά
1461 1871 1504 1897 τις
1513 1863 1562 1892 καὶ
1574 1863 1680 1900 μεγάλη
1695 1865 1712 1900 ὴ
1727 1863 1819 1897 πόλις,
1838 1863 1890 1891 καὶ

1085 1907 1125 1944 τῷ
1137 1908 1294 1945 περιέχοντι
1314 1909 1399 1937 πολὺν
1416 1911 1461 1938 τὸν
1479 1911 1610 1947 διαμέσον
1625 1911 1647 1927 ⁸¹
1669 1910 1761 1947 χῶρον
1783 1911 1890 1938 ἐναπο-

1086 1956 1229 1984 κλείσασα.
1261 1957 1334 1984 Ἀλλ’
1356 1957 1420 1984 ὅσον
1451 1958 1500 1993 μὲν
1515 1958 1562 1984 τοῦ
1589 1957 1696 1992 τείχους
1718 1956 1770 1993 τὴν
1784 1957 1890 1993 χέρσον

1085 2003 1446 2039 ἀποσκοπεϊ,ὲρυμνότατόν
1465 2003 1495 2030 τέ
1510 2004 1570 2030 ἐστι
1590 2003 1638 2030 καὶ
1662 2002 1702 2038 τῷ
1730 2003 1817 2038 πάχει
1836 2003 1890 2038 τῆς

1084 2048 1230 2084 οἰκοδομῆς
1247 2049 1495 2085 κατωχυρωμένον,
1506 2048 1546 2084 τῷ
1571 2048 1672 2082 ἔξωθέν
1690 2057 1721 2076 τε
1742 2048 1890 2084 προτειχί-

1085 2103 1171 2130 σματι
1184 2095 1216 2122 τὸ
1230 2095 1351 2130 ἀσφαλὲς
1364 2095 1497 2122 πάντοθεν
1511 2096 1533 2111 ⁵⁵
1548 2095 1712 2130 συντηροῦν,
1737 2095 1891 2132 προϐόλοις

1084 2141 1133 2168 καὶ
1146 2140 1291 2174 ἐπάλξεσιν
1307 2140 1380 2168 ἅπαν
1395 2140 1696 2176 καταπεπυκνωμένον,
1721 2140 1770 2167 καὶ
1801 2140 1891 2175 μηδε-

1086 2187 1152 2223 μίαν
1161 2187 1286 2223 άνάγκην
1302 2187 1385 2223 φόϐου
1400 2187 1423 2203 ⁵³
1439 2188 1495 2219 τοῖς
1512 2187 1653 2223 οἰκήτορσι
1677 2186 1890 2222 παρεχόμενον.

1083 2234 1121 2261 Τὸ
1135 2234 1164 2262 δὲ
1179 2235 1247 2270 πρὸς
1258 2234 1334 2262 νότον
1346 2234 1429 2261 αὑτοῦ
1443 2234 1583 2270 χθαμαλὸν
1596 2234 1627 2260 τέ
1651 2234 1710 2261 ἐστι
1738 2233 1891 2264 παντελῶς

1084 2280 1131 2307 καὶ
1147 2280 1217 2316 πρὸς
1229 2281 1349 2316 πόλεμον
1364 2281 1561 2316 ἀπαράσκευον
1574 2287 1581 2295 ·
1597 2279 1676 2316 οἶμαι
1693 2279 1750 2316 γὰρ
1766 2279 1806 2315 τῷ
1831 2288 1891 2315 μη-

235 2335 284 2355 ora
306 2327 427 2356 hostium
459 2326 666 2362 aggressionem
692 2329 840 2357 metueret.
860 2329 1029 2353 structuram

1084 2326 1180 2362 δεμίαν
1191 2326 1347 2362 ὑφορᾶσθαι
1371 2327 1526 2362 προσϐολὴν
1555 2326 1657 2362 βλάϐης
1680 2327 1713 2353 ἐκ
1736 2325 1785 2352 τοῦ
1813 2325 1892 2361 πρὸς

234 2375 398 2409 neglexisse.
428 2374 527 2402 Fertur
551 2381 617 2402 vero
640 2373 758 2409 antiquo
783 2380 907 2405 rumore,
921 2373 968 2409 qui
993 2373 1028 2399 ad

234 2426 330 2451 nostra
343 2422 400 2450 haec
421 2425 544 2457 tempora
572 2421 709 2456 pervenit,
725 2420 822 2448 urbem
838 2428 871 2447 cx
901 2427 933 2447 ea
950 2421 1028 2454 parte

233 2476 281 2504 per
299 2469 402 2497 multos
420 2475 508 2496 annos
522 2467 598 2495 omni
625 2474 706 2494 muro
731 2469 864 2501 septaque
888 2465 1025 2496 caruisse,

233 2523 265 2543 ac.
277 2515 366 2544 donec
381 2514 481 2543 Xerxis
495 2514 634 2550 quondam
657 2513 799 2540 Medorum
826 2512 899 2546 regis
926 2511 1025 2539 timore

234 2560 307 2595 (ejus
335 2561 442 2588 Scilicet
459 2561 506 2595 qui
537 2565 638 2587 tcrram
669 2558 854 2594 navigabilem
883 2557 1028 2585 fecerat‘et

233 2604 354 2638 copiosis
369 2606 525 2639 agminibus
538 2605 651 2632 Graecia
675 2604 776 2632 bellum
799 2604 946 2639 indixerat)
970 2603 1027 2631 Ro-
1049 2612 1051 2614 ·

233 2655 379 2676 manorum
396 2657 488 2677 rerum
517 2650 676 2677 dominator
693 2650 806 2684 pusillo,
821 2653 848 2677 et
863 2654 893 2677 ut
910 2657 969 2677 sese
984 2657 1028 2677 oc-

233 2695 312 2722 casio
328 2695 440 2726 tulerat,
458 2702 557 2730 aggere
565 2703 626 2723 eam
635 2700 739 2731 partem
752 2696 966 2730 circumsepsit;
981 2696 1025 2730 qui

234 2742 293 2777 ipse
312 2749 396 2778 agger
409 2749 442 2770 ex
457 2750 491 2770 eo
519 2746 643 2778 tempore
667 2743 701 2770 ad
733 2743 786 2770 hoc
809 2743 859 2770 aevi
887 2742 1025 2774 subsistit,

234 2789 337 2816 nullam
368 2789 432 2817 inde
452 2796 554 2816 noxam
585 2789 743 2824 atrocisque
775 2789 813 2816 rei
839 2789 1025 2823 suspicionem

233 2843 354 2870 unquam
369 2830 428 2865 fore
444 2837 617 2865 existimans.
636 2836 714 2864 Licet
729 2836 814 2873 599
834 2837 907 2864 enim
935 2836 1026 2871 plera-

233 2890 287 2918 que
301 2883 402 2918 saepius
411 2884 493 2916 bella.
509 2892 596 2920 eaque
612 2883 816 2917 crudelissima,
833 2883 941 2914 civitas,
966 2886 1024 2910 tum

1083 2371 1223 2399 θάλασσαν
1235 2373 1250 2399 ὀ
1264 2373 1393 2408 τεχνίτης
1414 2372 1499 2399 πάλαι
1514 2372 1563 2407 τῆς
1583 2372 1732 2407 οἰκοδομῆς
1755 2371 1892 2407 κατημέ-

1080 2417 1158 2452 λησε.
1168 2417 1284 2453 Φέρεται
1295 2417 1324 2444 δέ
1335 2426 1377 2450 τις
1388 2418 1435 2445 καὶ
1451 2418 1568 2450 παλαιὸς
1581 2418 1663 2452 λόγος
1684 2418 1783 2453 μέχρις
1795 2417 1888 2453 ἡμῶν

1080 2462 1199 2498 φθάσας.
1219 2463 1257 2494 ὡς
1273 2463 1426 2498 ἀτείχιστος
1437 2460 1471 2499 ἦν
1483 2463 1513 2496 ἐξ
1526 2463 1632 2490 ἐκείνου
1658 2463 1706 2490 τοῦ
1735 2463 1844 2498 μέρους
1871 2464 1889 2497 ἡ

1079 2509 1157 2541 πόλις
1169 2509 1284 2545 χρόνους
1297 2509 1423 2542 πολλοὺς,
1439 2511 1464 2536 εἱ
1480 2509 1517 2545 μὴ
1532 2509 1571 2545 τῷ
1593 2509 1648 2537 δέει
1665 2510 1731 2537 ποτὲ
1749 2509 1797 2536 τοῦ
1815 2510 1889 2545 Μή-

1077 2555 1256 2590 δων⁹Ξέρξου,
1271 2555 1384 2592 πλωτὴν
1395 2557 1446 2590 γῆν
1459 2556 1664 2591 τεκτηναμένου
1682 2557 1730 2583 καὶ
1744 2555 1819 2583 κατὰ
1830 2556 1890 2591 τῆς

1082 2601 1210 2634 Ἑλλάδος
1232 2602 1516 2637 στρατοπεδεύσαντος
1550 2602 1599 2630 καὶ
1623 2602 1732 2629 πολλῶν
1769 2602 1890 2638 πληθὺν

1077 2647 1289 2683 ἐπιφερομένου,
1308 2649 1322 2675 δ
1346 2648 1402 2675 τῶν
1430 2649 1575 2684 Ῥωμαίων
1601 2649 1635 2676 τὰ
1656 2649 1786 2684 σκῆπτρα
1816 2650 1889 2676 κατ’

1077 2695 1200 2727 ἐκείνους
1214 2695 1278 2728 τοὺς
1295 2696 1411 2731 καιροὺς
1428 2695 1526 2723 ἰθύνων
1542 2697 1641 2732 μικρόν
1653 2705 1715 2724 τινα
1728 2698 1776 2724 καὶ
1787 2697 1833 2729 ὡς
1850 2698 1890 2724 ἑκ

1080 2741 1128 2768 τοῦ
1143 2742 1348 2777 παρατυχόντος
1365 2743 1493 2778 φραγμὸν
1513 2743 1552 2778 τῷ
1565 2743 1629 2778 τῇδε
1653 2743 1804 2778 περιέΐηκε
1830 2744 1890 2778 μὲ-

1081 2797 1134 2823 ρει.
1158 2788 1217 2823 Ἀφ’
1232 2785 1264 2816 οὗ
1277 2789 1310 2824 δὴ
1322 2789 1419 2824 χρόνον
1434 2789 1482 2816 καὶ
1495 2789 1576 2826 μέχρι
1592 2789 1639 2816 τοῦ
1655 2789 1737 2825 δεῦρο
1751 2789 1780 2816 τὸ
1809 2791 1890 2816 αὐτὸ

1079 2835 1159 2862 τοῦτο
1170 2835 1383 2872 διαμεμένηκεν,
1398 2836 1529 2863 οὐδέποτε
1543 2836 1593 2872 τῆς
1623 2836 1729 2864 ὲκείθεν
1757 2835 1887 2872 βλάδης,

1079 2880 1118 2913 ὡς
1131 2881 1211 2917 ᾤετο,
1221 2881 1273 2910 κᾶν
1289 2882 1317 2910 ιν
1333 2882 1447 2919 ὑπονοίᾳ
1461 2883 1532 2910 τισὶν
1545 2881 1690 2918 ἐσομένης.
1705 2883 1736 2910 Et
1755 2882 1815 2918 γὰρ
1830 2885 1889 2911 τισὶ

878 2930 997 2959 νΑιιιΑε
1013 2929 1215 2959 LECTIONES.

269 2974 292 2991 "
305 2975 350 3002 διὰ
366 2977 477 3011 μέσονΑ
494 2987 500 3005 :
519 2985 554 3006 an
566 2978 610 3006 διὰ
626 2977 730 3014 placo?
767 2979 790 2995 "
806 2977 920 3005 πάντοτε
936 2977 967 3006 Ρ.
1005 2977 1121 3013 ⁸³φόὸον
1137 2978 1171 3005 Α.
