1997 3167
110 250 161 281 541

647 247 696 277 DE
715 245 873 277 EXCIDIO
887 244 1194 278 THESSALONlC/E.

1685 249 1738 281 542’.

110 305 157 332 τὸν
173 292 292 340 φῦόγγον
306 304 478 337 διατιθέντες,
492 303 539 330 καὶ
557 302 678 339 μεγάλην
690 302 750 329 τινὰ
769 302 817 329 καὶ
830 301 903 335 ἀξιο-
917 328 918 331 η

972 306 982 328 ι
1001 302 1116 333 alternis
1127 309 1223 330 versus
1241 302 1370 336 tinniant,
1388 310 1574 338 manuumque
1591 302 1670 339 503
1686 312 1747 330 mo-

111 352 208 378 θέατον
223 351 332 386 χορείαν
346 351 534 382 συνιστῶντες,
554 349 592 385 τῷ
606 357 634 375 τε
655 349 720 376 εῖδει
739 349 789 384 τῆς
803 349 906 384 ἀστρα-

111 397 235 432 atto-5311:;
250 397 346 431 στολῆς
359 395 401 432 [Ρ.
418 395 483 432 5‘27]
496 396 545 427 τὰς
556 395 611 422 τῶν
623 394 751 430 ὁρώντων
763 394 905 428 θέλγοντες

111 442 199 477 δψεις,
211 442 258 468 καὶ
271 443 304 477 τῇ
318 441 474 477 τεχνωμένη
484 441 539 467 τῶν
550 440 665 475 ψαλμῶν
676 439 746 475 λύρᾳ
758 439 808 475 τὴν
821 439 906 475 ἀκοὴν

112 488 346 524 κατατέρποντες.
358 487 390 515 Τί
402 488 455 523 γὰρ
470 485 504 523 ἦν
520 487 588 522 πρὸς
607 486 701 514 τοῦτον
723 486 769 513 τδν
795 485 877 521 ὕμνον
892 486 906 512 ό

115 534 230 570 μυθικὸς
271 534 387 570 Ὀρφεὺς
412 533 428 569 ἢ
455 533 625 569 ἠὉμηρικῆ
653 532 741 568 μοῦσα
768 530 836 566 ἢτά
852 529 907 557 τῶν

114 582 255 617 Σειρήνων
266 581 423 617 ληρήματα,
436 578 474 615 τῷ
482 579 573 615 ψεύδει
588 579 642 606 τῶν
656 578 824 611 πλασμάτων
840 577 906 603 ἀνα-
920 605 924 606 ν

114 627 289 663 γραφόμενα,
309 624 380 658 οἷς⁷⁰
399 626 479 660 λόγος
493 625 543 661 μὲν
564 623 683 651 ἐπαίνων
694 623 778 654 οὐδεὶς
793 621 906 657 ἀληθὴς,

115 676 207 709 φῆμαι
218 673 247 700 δὲ
260 673 367 708 ψευδεῖς
381 672 444 703 τοὺς
453 671 500 698 ἀνθ
506 671 612 706 ρώπους
630 669 769 696 πλανῶσαι
781 668 828 695 καὶ
840 667 907 702 πρὸς

115 721 228 755 ἀπάτην
251 718 492 755 ἀνδραποδίζουσαι
510 725 519 751 ;'
539 716 635 751 Μάτην
662 715 710 742 οὖν
742 716 770 741 ἑν
803 713 908 745 τούτοις

117 765 359 801 ὲψευδοκτύπησαν
374 765 428 792 oi"
448 763 587 799 Ἕλληνες,
615 764 666 798 τὴν
691 761 777 797 ἀληθῆ
808 760 910 796 γνῶσιν

116 814 172 841 τῶν
189 812 361 850 πραγμάτων
387 810 561 847 ἀφῃρημένοι
585 810 631 836 καὶ
656 809 716 840 ταῖς
742 806 910 840 κενολογίαις

117 860 168 893 τῆς
196 859 287 886 αὐτῶν
310 856 520 892 δεισιδαιμονίας
541 856 563 870 ⁷¹
592 854 653 881 καθ’
678 852 783 880 ἑαυτῶν
798 851 909 878 ὁπλισά-

119 913 206 940 μενοι.
229 905 310 938 Ἡμῖν
325 903 354 930 δὲ
370 903 417 930 καὶ
429 902 459 929 τὺ
475 901 657 936 σεδαζὰμενον
682 898 716 935 ἦν
737 898 836 934 ἀληθὲς
864 896 911 923 καὶ

119 952 186 980 αὑτδ
200 952 228 980 δὲ
240 951 271 978 τὸ
284 950 463 989 ὑμνούμενον.

156 1042 203 1077 ιβ’.
217 1041 303 1069 Ἔνθα
318 1041 349 1075 δή
366 1049 410 1075 μοι
423 1039 472 1067 καὶ
484 1037 589 1073 θάμϐος
600 1035 749 1071 ἐπέρχεται
764 1034 812 1060 καὶ
824 1033 911 1069 φρίκη

120 1091 168 1117 καὶ
184 1088 328 1123 ἔκπληξις,
355 1087 420 1113 ὅταν
434 1085 506 1113 κατά
519 1083 583 1110 νοῦν
597 1081 673 1109 λάδω
689 1081 748 1112 πῶς
762 1081 775 1107 ὁ
792 1079 913 1111 τοιοῦτος

121 1135 170 1163 καὶ
189 1134 318 1166 τοσοῦτος
331 1132 427 1168 ὕμνος,
447 1132 462 1158 ὁ
476 1130 561 1166 μήπω
574 1129 629 1156 τινὶ
651 1127 704 1154 τῶν
720 1127 807 1154 ἄλλων
829 1134 913 1161 προσ-

122 1180 282 1217 φερομένων
314 1178 338 1195 ⁷³
362 1177 465 1205 θυσιῶν
492 1175 531 1212 τῷ
555 1174 666 1211 μεγέθει
695 1171 912 1207 ὲξομοιούμενος,

122 1227 222 1263 ἀθρόον
236 1225 322 1257 οὕτως
336 1225 447 1260 ἐσίγησε
465 1223 513 1250 καὶ
525 1223 565 1254 είς
580 1221 656 1248 οὐδὲν
672 1219 800 1255 ἐλογίσθη
815 1219 861 1246 καὶ
876 1217 914 1249 ὡς

122 1272 189 1307 ὕναρ
206 1269 414 1305 ὕπανεχώρησε.
432 1268 506 1303 Πλήν
523 1275 555 1301 γε
566 1266 645 1292 τοῦτο
659 1264 814 1298 λογίζομαι,
828 1263 869 1290 ὅτι
885 1262 914 1289 ὲν

122 1318 184 1349 ταῖς
199 1317 224 1333 ⁷⁵
234 1315 381 1351 ἁμαρτίαις
394 1313 471 1345 ὄντες
485 1312 519 1340 τά
543 1312 602 1339 θεῖα
621 1310 690 1338 κατὰ
704 1309 749 1336 τὸν
762 1307 915 1343 Ψαλμῳδον

123 1361 307 1398 ὶδιηγούμεθα
322 1359 505 1394 δικαιώματα,
517 1357 566 1384 καὶ
578 1357 609 1383 τδ
625 1355 762 1392 μοχθηρὸν
771 1354 849 1390 ήμῶν
861 1353 915 1380 τῶν

124 1410 234 1446 τρόπων
247 1407 378 1440 ἀδόκιμον
390 1406 422 1432 τὸ
439 1403 589 1441 περιφανὲς
603 1402 683 1429 τοῦτο
696 1401 744 1428 καὶ
768 1400 915 1435 σεϐάσμιον

124 1455 324 1491 ἀπειργάσατο,
345 1452 455 1484 ἀνάξιον
473 1450 617 1487 κρίναντος
642 1447 690 1475 τοῦ
707 1446 775 1474 Θεοῦ
792 1446 917 1482 βεϐήλοις

125 1503 173 1530 καὶ
187 1501 297 1535 ὲναγέσι
318 1499 435 1535 χείλεσιν
450 1496 596 1533 ὑμνεῖσθαι
611 1503 640 1522 τε
655 1494 703 1521 καὶ
727 1492 915 1529 γεραίρεσθαι.

124 1548 217 1582 Μέχρι
233 1546 288 1581 γὰρ
303 1546 375 1576 τίνος
386 1543 435 1578 τὴν
451 1541 541 1576 ἀληθῆ
559 1539 649 1567 αἰτίαν
659 1537 705 1565 τοῦ
722 1537 812 1564 πάντα
828 1535 918 1563 κίνδυ-

124 1581 365 1626 νονγεπενεχθῆναι
380 1589 446 1624 ἡμῖν
469 1587 509 1618 είς
535 1585 617 1621 μέσον
633 1585 664 1611 οὐ
680 1582 869 1619 παριστῶμεν,
884 1581 918 1608 ἵν’

125 1639 212 1674 ἔχωσι
235 1636 338 1671 γνῶναι
362 1635 407 1662 διὰ
430 1632 479 1660 τοῦ
504 1631 566 1660 καθ’
581 1631 654 1666 ἡμᾶς
680 1629 881 1663 ὑποδείγματος
893 1627 918 1653 οἱ

129 1685 278 1722 μετέπειτα
289 1684 363 1714 ὅπως
378 1682 418 1708 δεῖ
429 1679 572 1715 λατρεύειν
581 1677 641 1713 θεῷ
653 1677 734 1710 ζῶντι
743 1676 790 1704 καὶ
800 1674 920 1710 ἀληθινῷ

126 1732 176 1759 καὶ
191 1730 306 1761 ἑαυτοὺς
318 1728 446 1763 ὑπεράνω
460 1725 560 1756 παντδς
577 1724 690 1759 ὀλέθρου
712 1722 862 1757 διατηρεῖν,
877 1721 922 1748 ἵνα

128 1780 169 1816 μὴ
181 1779 238 1809 τοῖς
265 1776 368 1812 ὁμοίοις
393 1773 473 1810 ήμῶν
488 1773 538 1809 τῆς
559 1771 658 1803 κακίας
676 1769 921 1808 ,ὑπολισθαίνοντες

127 1824 348 1861 πλημμελήμασι
366 1821 415 1857 τήν
435 1821 512 1847 θείαν
537 1819 726 1853 ἀγανάκτησιν
751 1816 794 1851 ἐφ’
809 1815 922 1845 ἑαυτοὺς

128 1859 313 1900 ιπισπῶνται.
327 1868 395 1896 Οὐδὲ
409 1867 464 1902 γὰρ
479 1865 560 1894 ἄλλον
575 1863 648 1895 τινὸς
662 1863 756 1890 ἕνεκεν
771 1861 821 1896 τῆς
839 1859 923 1895 μεγά-

127 1919 178 1952 λης
195 1915 310 1950 ἀπειλῆς
321 1913 440 1948 ἐκείνης,
452 1909 486 1948 ἧς
499 1911 546 1938 καὶ
564 1908 735 1945 μεμνημένος
748 1907 893 1940 ἐξίσταμαι
909 1925 916 1937 ,

127 1951 174 1992 διά
189 1962 288 1998 πείρας
301 1959 467 1995 γεγόναμεν,
480 1957 539 1984 ἀλλ’
564 1956 582 1991 ἢ
596 1955 640 1982 διὰ
658 1953 798 1998 μοχθηρᾶς
810 1951 858 1998 οιαὶ
874 1959 924 1998 καῖ

129 2010 183 2044 xii;
210 1994 410 2044 προαιρέσεως,
439 2002 494 2030 εἴτε
516 2000 560 2027 διὰ
575 2000 606 2025 eo
633 1995 862 2033 παρηλλαγμένον
876 1994 924 2022 καὶ

128 2042 262 2088 διάφορον
275 2050 324 2085 τῆς
340 2058 369 2076 τε
382 2042 522 2078 πολιτείας
536 2046 585 2073 καὶ
597 2045 652 2071 τῶν
661 2043 745 2079 ⁴ήθῶν,
756 2042 809 2069 τῶν
819 2048 925 2067 συνεισ-

130 2087 251 2137 ρεόντων
265 2098 288 2114 ⁷⁸
302 2098 335 2133 τῇ
360 2096 437 2123 πόλει
453 2092 607 2129 ἀνθρώπων
626 2091 650 2107 ⁷⁸
663 2091 696 2117 ὲκ
715 2088 815 2119 παντὸς
831 2087 924 2117 ἔθνους

129 2132 180 2175 iui.
192 2146 278 2173 τόπου
293 2143 382 2171 ἄλλων
402 2142 468 2169 ἄλλο
481 2149 508 2167 τι
532 2137 764 2173 συνεισφερόντων
781 2134 864 2161 κακὸν
878 2132 926 2159 καὶ

128 2189 237 2220 τούτου
253 2190 293 2227 τῷ
318 2189 434 2225 πλησίον
453 2185 651 2223 μεταδιδόντων
678 2183 737 2219 (καὶ
756 2182 811 2216 γὰρ
833 2180 867 2207 δι’
892 2179 926 2215 ἢν

131 2240 250 2274 ιῐπομεν
260 2237 377 2272 ἄφθονον
391 2235 445 2262 τῶν
456 2233 555 2270 χρειῶν
567 2231 700 2268 χορηγίαν
711 2230 735 2257 oi
747 2229 802 2256 τῶν
813 2227 926 2263 πλησίον

130 2285 233 2323 χωρῶν
248 2284 296 2311 καὶ
314 2282 419 2310 πόλεων
441 2280 580 2316 ἄνθρωποι
598 2279 629 2305 ὲν
649 2277 735 2312 ταύτῃ
749 2276 798 2310 τὴν
809 2274 926 2309 ῖοίκησιν

959 347 1033 375 libus
1047 347 1263 375 modulationum
1285 355 1370 378 sonos
1388 349 1551 384 disponant,
1565 356 1597 377 ac
1620 357 1746 385 magnam

960 393 1108 427 quamdam
1128 394 1265 429 digneque
1291 395 1467 430 spectabilem
1495 396 1623 424 choream
1641 398 1748 424 consti-
1775 424 1782 430 ,

960 443 1048 471 tuant,
1063 443 1120 467 tum
1145 439 1293 475 effulgente
1319 442 1436 469 vestium
1463 441 1549 470 forma
1563 443 1746 477 spectantium:

960 486 1056 514 oculos
1068 485 1266 520 demulcentes,
1278 491 1336 515 tum
1348 488 1495 516 artiﬁciosa
1506 488 1674 523 psalmorum
1690 489 1748 525 lyra

961 530 1084 558 auditum
1099 532 1278 560 obiectantes.
1297 532 1367 567 Quid
1387 534 1460 560 enim
1475 538 1544 565 erat,
1567 534 1589 562 si
1607 534 1664 561 haec
1681 542 1750 561 can-

961 575 1015 603 tica
1032 576 1201 610 consideres,
1227 577 1370 605 fabulosus
1385 578 1512 612 (lrpheus
1537 583 1583 606 aut
1601 578 1677 606 Musa
1695 578 1750 605 Ho-

961 622 1063 650 merica
1078 627 1124 650 aut
1138 622 1264 650 Sirenum
1294 623 1489 658 deliramenta,
1515 625 1656 653 ﬁctionum
1674 633 1750 652 meu-

962 667 1049 695 daciis
1062 668 1179 703 digesta,
1194 672 1223 695 ut
1239 669 1314 696 nulla
1329 669 1440 696 laudum
1461 677 1525 697 vera
1548 670 1616 698 ratio
1633 670 1680 701 sit,
1701 670 1749 698 sed

963 713 1023 741 falsi
1040 721 1177 748 rumores,
1200 715 1356 742 mortalium
1371 723 1457 750 genus
1480 715 1644 744 seducentes
1669 721 1751 750 atque

963 760 1049 789 errori
1078 761 1286 796 mancipantes?
1304 760 1420 790 Frustra
1447 762 1531 797 igitur
1548 762 1575 789 in
1595 761 1639 789 his
1662 761 1750 790 Graeci

964 806 1141 840 crepantibus
1169 806 1266 834 buccis
1290 814 1351 835 sese
1378 806 1494 840 jactant,
1510 807 1555 842 qui
1580 815 1643 834 vera
1659 814 1750 834 rerum

964 850 1078 879 scientia
1088 855 1200 878 careant
1212 851 1345 886 vanisque
1369 853 1543 880 sermonibus
1557 853 1608 888 ipsi
1624 844 1753 881 sibimet-

964 896 1033 932 ipsis
1053 901 1190 933 pugnent:
1212 898 1291 926 nobis
1307 906 1372 926 vero
1388 902 1445 925 tum
1467 898 1572 927 Numen
1590 906 1683 926 verum
1700 904 1752 932 est,

966 947 1024 970 tum
1039 943 1128 979 ipsum
1142 943 1214 978 quod
1239 945 1366 972 canimus
1387 945 1533 981 laudisque
1547 945 1681 980 obsequio
1699 946 1753 973 fre-

962 994 1139 1024 quentamus.

998 1035 1043 1062 η.
1058 1034 1110 1062 Hic
1126 1035 1193 1062 mihi
1207 1038 1234 1062 et
1252 1034 1400 1063 admiratio
1416 1035 1492 1063 subit
1506 1035 1679 1070 incessitque
1691 1035 1755 1062 hor-

963 1089 1011 1109 ror
1022 1089 1054 1109 ac
1068 1087 1177 1116 stupor,
1195 1082 1260 1110 dum
1282 1085 1374 1109 mente
1391 1082 1482 1110 recolo
1499 1083 1636 1116 quomodo
1652 1081 1713 1109 talis
1726 1085 1756 1108 et

964 1131 1040 1156 tanta
1054 1128 1215 1161 modulatio,
1228 1127 1287 1162 ipsa
1303 1127 1371 1156 nulli
1384 1135 1439 1155 non
1454 1127 1500 1155 alii
1514 1127 1679 1157 hostiarum,
1693 1135 1755 1161 quae

964 1174 1020 1202 Deo
1032 1173 1198 1206 offeruntur,
1215 1173 1406 1209 magnitudine
1422 1178 1566 1209 praestans,
1578 1173 1620 1201 sic
1646 1177 1757 1208 repente

965 1219 1100 1248 conticuit
1116 1224 1144 1247 et
1167 1220 1195 1247 in
1220 1219 1337 1247 nihilum
1366 1219 1434 1247 abiit
1461 1219 1592 1254 velutque
1619 1219 1756 1246 somnium

966 1267 1112 1294 abscessit.
1126 1265 1205 1293 Enim
1219 1273 1286 1293 vero
1300 1265 1352 1293 hoc
1364 1266 1486 1300 recogito
1504 1274 1511 1293 :
1535 1273 1633 1300 nempe
1649 1272 1711 1292 cum
1730 1265 1756 1292 in

966 1314 1087 1349 peccatis
1104 1320 1238 1346 essemus,
1257 1313 1332 1348 juxta
1356 1311 1509 1339 Psalmista:
1524 1310 1614 1346 (Prol.
1627 1319 1701 1342 xux,
1718 1310 1753 1343 ὓ)

967 1357 1257 1390 sententiam,divinas
1278 1357 1475 1384 enarrabamus
1491 1355 1622 1391 justitias,
1636 1362 1758 1382 tuorum-

967 1412 1021 1440 que
1031 1409 1187 1431 nostrorum
1197 1402 1357 1437 improbitas
1373 1402 1506 1429 illustrem
1518 1400 1592 1428 hunc
1601 1407 1634 1428 ac
1644 1408 1760 1427 venera-

966 1449 1049 1477 bilem
1062 1449 1165 1476 cultum
1190 1448 1337 1483 reprobum
1353 1445 1607 1480 eli'ecit,indignum
1618 1445 1760 1478 iudicante

967 1498 1085 1526 Numine
1102 1497 1224 1534 profanis
1248 1497 1418 1533 impurisque
1435 1495 1517 1524 labiis
1542 1494 1649 1522 laudari
1664 1502 1694 1522 se
1709 1493 1761 1521 ho-

970 1544 1089 1579 norique
1120 1543 1227 1570 haberi.
1258 1542 1408 1576 Quousque
1433 1541 1506 1568 enim
1535 1539 1644 1567 tandem
1667 1546 1759 1566 veram

969 1597 1092 1621 causam,
1109 1588 1144 1616 ob
1157 1595 1238 1624 quam
1253 1587 1332 1615 nobis
1343 1587 1432 1615 omnis
1448 1587 1506 1614 haec
1520 1585 1593 1613 illata
1607 1583 1688 1622 504
1699 1592 1760 1611 ma-

933 1649 955 1678 c
971 1635 1061 1662 lorum
1076 1633 1129 1666 vis,
1146 1634 1173 1661 in
1189 1633 1308 1662 medium
1329 1640 1384 1660 non
1410 1631 1586 1662 adducimus.
1613 1634 1643 1658 ut
1666 1634 1762 1658 nostro

971 1680 1098 1716 exemplo
1123 1680 1233 1708 discant
1260 1679 1363 1714 posteri
1390 1685 1509 1714 quonam
1535 1680 1616 1714 pacto
1631 1675 1761 1705 colendus

972 1727 1009 1756 sit
1022 1726 1093 1754 Deus
1113 1726 1193 1754 vivus
1212 1732 1244 1752 ac
1263 1733 1355 1758 verus,
1375 1731 1461 1759 seque
1490 1723 1524 1751 ab
1547 1723 1621 1750 omni
1652 1725 1763 1749 servent

972 1773 1107 1800 immunes
1121 1770 1248 1803 interitu,
1259 1777 1294 1797 ne
1311 1769 1408 1796 iisdem
1424 1772 1505 1802 atque
1521 1773 1571 1794 nos
1586 1765 1701 1792 delectis
1714 1765 1763 1790 ob-

973 1818 1047 1846 noxii
1062 1817 1182 1845 divinam
1198 1816 1226 1843 in
1242 1823 1271 1843 se
1282 1815 1422 1842 attrahunt
1438 1812 1650 1848 indignationem
1669 1810 1680 1837 ?
1694 1809 1762 1836 Nam

973 1863 1048 1891 nulla
1061 1863 1114 1890 alia
1128 1869 1213 1890 causa
1228 1860 1357 1888 immanis
1368 1860 1442 1886 illius
1451 1865 1538 1893 pcenae
1553 1858 1665 1891 iraeque,
1683 1855 1763 1890 cujus

973 1910 1015 1936 vel
1029 1909 1087 1936 sola
1101 1907 1235 1935 memoria
1252 1911 1329 1933 extra
1350 1905 1451 1932 mentis
1467 1903 1560 1932 sedem
1583 1910 1663 1934 exeo,
1692 1901 1765 1937 pcri-

974 1955 1065 1983 culum
1081 1953 1197 1982 fecimus
1212 1952 1266 1979 nisi
1287 1951 1323 1978 ob
1337 1957 1448 1986 pravam
1465 1949 1654 1985 perditamque
1666 1947 1764 1974 volun-

975 2004 1068 2032 tatem,
1081 1999 1140 2027 sive
1156 2001 1267 2034 propter
1285 1997 1413 2025 dissonos
1432 1995 1611 2029 diversosqne
1628 2000 1720 2020 mores
1734 2000 1766 2019 ac

974 2046 1085 2081 ingenia
1102 2053 1149 2073 seu
1164 2045 1300 2075 instituta,
1315 2043 1391 2071 omni
1404 2050 1437 2070 ex
1455 2046 1536 2076 gente
1553 2048 1585 2068 ac
1602 2040 1664 2067 loco
1677 2039 1704 2065 in
1718 2046 1766 2065 ur—

975 2091 1036 2120 bem
1056 2090 1254 2119 confluentium
1270 2093 1352 2124 atque
1367 2087 1440 2115 aliud
1458 2087 1528 2114 alias
1545 2086 1647 2113 malum
1662 2085 1768 2118 impor-

976 2137 1094 2164 tantium
1114 2143 1146 2164 ac
1162 2143 1224 2163 cum
1243 2134 1369 2170 proximo
1394 2132 1460 2160 illud
1489 2130 1766 2160 communicantium.

977 2182 1048 2210 Nam
1064 2185 1179 2218 propter
1192 2188 1265 2214 eum,
1284 2187 1367 2216 quam
1387 2178 1519 2211 diximus,
1542 2176 1652 2205 uberem
1673 2182 1767 2202 rerum

977 2229 1005 2257 in
1019 2229 1082 2256 vitae
1095 2225 1436 2261 usum.suppeditationem
1452 2223 1604 2251 vicinarum
1624 2220 1768 2256 regionum

977 2281 1059 2310 atque
1072 2274 1183 2302 urbium
1196 2272 1293 2301 incolae
1313 2270 1429 2300 mutatis
1448 2269 1560 2298 sedibus
1573 2268 1601 2296 in
1624 2267 1676 2295 hac
1691 2267 1770 2294 habi-

133 2313 365 2367 ’μετηλλάττοντφ
384 2327 432 2354 καὶ
453 2313 563 2362 μάλισθ’
587 2324 644 2351 ὅσοι
661 2323 721 2353 ταῖς
734 2322 784 2357 ήδη
802 2320 918 2356 προαλω·

977 2321 1107 2349 tationem
1122 2321 1269 2352 locabant;
1285 2325 1318 2346 ac
1333 2317 1471 2353 praecipue
1484 2316 1531 2351 qui
1547 2323 1580 2343 ex
1603 2313 1693 2349 captis
1708 2313 1766 2348 jam

132 2366 241 2409 δείσαις
250 2376 343 2411 νήσοις
354 2375 387 2401 ὲκ
403 2373 452 2409 τῆς
467 2373 489 2388 ⁷⁷
502 2371 557 2399 τῶν
572 2369 738 2404 δυσωνύμων
768 2366 926 2403 Ἀγαρηνῶν

132 2422 288 2458 ἰπιδρομῆς
317 2419 533 2454 ὑπελείφθησαν,
558 2416 606 2443 litt
631 2415 712 2450 τήνδε
728 2413 927 2449 προσέφευγον,

137 2467 289 2504 μηδεμίαν,
302 2466 340 2498 ὡς
356 2463 560 2499 ὑπελάμϐανον,
572 2462 601 2487 ὲν
615 2461 683 2496 αὐτῇ
699 2458 837 2493 πολεμίων
848 2466 930 2492 φρον-

133 2503 199 2542 τίδα
216 2503 267 2540 τοῦ
290 2511 385 2540 λοιποῦ
400 2507 601 2546 ποιησόμενοι),
619 2507 675 2533 είτε
692 2506 720 2533 δὲ
744 2505 824 2532 πάλιν
838 2504 881 2531 διὰ
898 2503 929 2531 τὸ

134 2559 282 2596 ἀνειμένον
294 2556 411 2595 [Ρ.528]
430 2556 479 2591 τῆς
493 2555 598 2590 τρυφῆς
615 2553 663 2580 xal.
674 2552 853 2587 ἀφρόντιστον
880 2551 927 2577 καὶ

137 2595 209 2642 πρὸς
225 2605 315 2632 πᾶσαν
329 2604 427 2640 ἡδονὴν
441 2601 563 2628 ποικίλον
588 2599 638 2635 τῆς
651 2597 745 2634 χρείας
770 2597 817 2624 καὶ
833 2595 928 2631 ἐπιτή-

134 2640 211 2679 δειον
223 2649 318 2685 ὥσπερ
329 2648 390 2676 τινὰ
409 2647 495 2683 λήθην
506 2644 685 2680 πεπόνθαμεν
700 2642 748 2670 τοῦ
774 2640 852 2675 Θεοῦ,
876 2647 928 2676 μα-

137 2698 213 2734 κράν
226 2704 286 2724 τινα
302 2695 350 2722 καὶ
362 2693 545 2726 ἀδιεξὸδευτον
559 2689 733 2725 πλανώμενοι
751 2687 864 2723 πλάνην,
884 2687 932 2714 καὶ

136 2742 234 2774 καθώς
251 2749 333 2777 φησιν
344 2742 358 2767 ὁ
371 2737 547 2770 Ἀπόστολος,
573 2737 688 2767 ἕκαστος
702 2736 761 2767 ταῖς
782 2734 860 2766 ίδίαις
872 2735 931 2762 ἑπι-

139 2789 254 2826 ουμίαις
271 2784 471 2822 ἐπορευόμεθα,
495 2783 581 2814 ἀδεῶς
595 2781 666 2808 κατὰ
682 2781 772 2815 πάσης
791 2778 929 2815 ἁμαρτίας

979 2367 1079 2396 insulis
1094 2366 1280 2402 perimpuros
1299 2364 1440 2400 Agarenos
1470 2363 1579 2390 illorum
1606 2359 1772 2396 grassationi

981 2412 1145 2449 superstites
1171 2410 1295 2443 fuerant,
1320 2408 1354 2436 ad
1383 2416 1443 2436 eam
1467 2405 1674 2442 confugiebant,
1697 2403 1772 2430 nulla

979 2459 1120 2493 deinceps,
1137 2461 1168 2484 ut
1185 2456 1238 2484 sibi
1258 2455 1412 2488 videbatur,
1429 2453 1548 2482 hostium
1564 2459 1628 2479 cura
1644 2449 1770 2493 solliciti,

979 2508 1062 2539 atque
1078 2491 1112 2530 in
1135 2508 1194 2529 eam
1225 2500 1346 2529 rationes
1374 2506 1440 2526 suas
1471 2494 1683 2524 transferebant.
1709 2491 1773 2518 Sive

979 2556 1078 2578 rursus
1095 2548 1177 2576 etiam
1192 2551 1305 2582 propter
1320 2544 1420 2574 molles
1435 2542 1548 2571 delicias
1565 2539 1703 2574 nullisque
1712 2541 1772 2566 stu-

981 2596 1035 2624 diis
1050 2594 1171 2622 animum
1188 2593 1370 2629 implicatum,
1398 2595 1455 2619 tum
1482 2588 1516 2616 ad
1540 2593 1649 2615 omnem
1678 2584 1773 2612 libidi-

982 2649 1057 2673 nem,
1070 2641 1108 2668 ita
1133 2647 1185 2667 usu
1210 2638 1448 2669 subministrante,
1475 2634 1598 2671 proclive
1620 2630 1774 2667 ingenium,

984 2687 1058 2715 velut
1070 2686 1097 2714 in
1119 2686 1166 2714 Dei
1181 2685 1329 2721 quamdam
1343 2683 1511 2711 oblivionem
1533 2679 1671 2710 venimus,
1694 2677 1776 2710 longo

981 2733 1103 2768 quodam
1120 2735 1146 2760 et
1163 2730 1350 2759 inextricabili
1368 2729 1474 2757 viarum
1490 2734 1584 2756 errore
1598 2725 1632 2752 ab
1656 2724 1704 2750 illo

978 2767 1080 2814 juncti.
1095 2777 1136 2810 Et,
1151 2781 1181 2805 ut
1197 2777 1235 2804 ait
1251 2776 1410 2812 Apostolus,
1423 2773 1617 2809 unusquisque
1630 2767 1776 2797 desideriis

785 2859 904 2889 VARle
924 2856 1125 2888 LECTlONES.

175 2941 201 2956 "
217 2939 256 2971 ὡς
277 2939 305 2966 Ρ.
362 2938 416 2964 “ol
436 2945 489 2965 om.
510 2936 542 2963 A.

595 2935 620 2968 ἐ
631 2933 680 2968 τῆς
696 2933 784 2960 αὐτῶν
814 2931 1021 2968 δεισιδαιμονίκ
1047 2938 1101 2958 om.
1128 2929 1158 2956 Ρ.
1192 2929 1214 2944 ’³
1236 2922 1493 2962 προφερομένωνΛ.

1546 2922 1567 2938 ⁷⁵
1579 2921 1638 2952 ταῖς
1669 2928 1723 2946 out.
1741 2917 1774 2943 A.

134 2979 162 2995 τ’
182 2958 373 3003 συνεὶισιόντων
389 2973 417 3000 Ρ.
455 2973 477 2988 ⁷⁸
490 2958 640 3007 ἁνθρὼπῶν
653 2958 706 2997 ὁῖιι.
725 2968 754 2995 Ρ.
793 2968 813 2983 ⁷⁷
826 2970 873 3003 τῆς
889 2958 943 2994 oni.
960 2964 988 2992 Ρ.
