1997 3167
249 216 303 249 143

868 220 1039 252 JOANNES
1058 221 1277 254 CAMENIATA

1834 221 1880 253 544

244 263 586 308 nostrisambulabamus,
601 275 635 304 ad
664 277 757 304 omnia
785 277 904 306 licenter
928 279 1034 306 scelera

1095 280 1240 315 (ωροῦντες
1254 280 1301 307 καὶ
1327 279 1376 315 τῆς
1392 279 1460 316 πρὸς
1476 278 1577 315 ἀρετὴν
1600 278 1722 314 ἀγούσης
1747 278 1880 314 μηδεμίαν

244 325 449 355 procurrentes,
467 324 494 348 et
515 321 588 349 viam
602 330 664 358 quae
680 322 713 350 ad
729 323 860 352 virtutem
885 323 968 352 ducat
988 332 1037 360 pro

245 366 333 393 nihilo
349 366 492 394 habentes.

281 412 362 448 505
380 413 424 440 15.
442 413 520 446 Quod
535 414 608 442 enim
628 416 741 443 malitia:
767 424 865 452 genus.
887 421 917 445 ut
940 425 1037 445 verum

244 458 380 491 dicamus,
392 459 420 486 in
438 460 519 488 nobis
536 468 590 488 non
603 462 803 490 exercebatur?
817 462 1036 498 Fornicationes,

244 505 391 538 a-lulteria,
409 505 600 541 immunditiae,
615 508 689 542 odia,
702 510 856 543 mendacia,
867 510 950 543 furta,
962 512 1037 545 lites,

244 551 450 585 contentiones,
465 553 602 585 convicia,
621 554 678 587 irae,
697 556 811 591 rapinae,
828 556 992 592 injustitiae;
1008 563 1036 586 et

243 598 380 630 malorum
393 598 516 625 omnium
531 606 626 632 causa,
640 599 804 635 invidentia,
818 609 966 630 commune
978 610 1038 630 om—

244 643 320 670 nium
338 643 461 672 studium
477 649 504 671 et
520 645 712 680 quotidianum
729 652 813 682 atque
834 647 955 676 forensis
980 656 1038 676 me-

244 688 342 716 ditatio
361 693 432 717 erat.
450 689 545 726 Neque
560 691 633 719 enim
653 691 725 720 ullus
739 696 866 721 nostrum
888 694 940 721 hoc
960 698 1037 722 sata-

245 735 326 770 gebat
343 740 373 763 ut
391 736 426 765 de
450 738 577 772 proximo
594 738 664 766 bene
687 743 854 772 mereretur,
874 740 923 768 sed
943 744 974 768 ut
997 742 1038 769 illi

246 781 365 809 invisum
381 783 485 818 aliquid
503 784 661 820 malumque
682 785 799 814 inferret
814 786 913 815 stolide
930 788 1037 815 machi-

244 828 374 857 nahatur.
394 828 450 857 Nec
467 834 496 857 ut
512 837 545 857 ex
558 838 610 858 suo
633 832 723 867 egenti
748 832 892 866 tribueret,
921 832 1038 869 implens

244 875 317 908 quod
336 875 534 903 misericordiae
549 880 602 910 est,
619 877 712 905 animo
726 878 881 913 reputabat,
896 880 942 907 sed
961 883 990 907 ut
1004 879 1038 908 de
1065 871 1068 875 ’

244 919 333 946 alieno
349 921 531 949 substantiam
551 927 673 958 augeret,
689 924 837 958 gentilibus
857 925 915 953 suis
932 933 1035 961 pugna-

244 965 300 997 bat,
318 973 380 993 cum
397 974 427 995 se
443 966 561 995 invicem
575 968 746 1002 deriderent,
766 976 863 998 mutuo
889 972 1035 1006 caederent,

244 1012 313 1039 alter
326 1012 404 1040 alteri
420 1013 589 1040 calumniam
607 1017 728 1042 strueret
743 1022 775 1042 ac
792 1016 961 1050 detraheret,
977 1019 1037 1046 nul-

244 1059 300 1085 lum
320 1066 374 1086 non
389 1059 492 1086 malum
510 1067 604 1087 secum
626 1061 681 1096 ipsi
697 1062 896 1098 excogitarent,
917 1065 1037 1100 pupillos

245 1104 424 1138 snti‘ocarent,
442 1105 587 1133 viduarum
604 1106 674 1134 fines
688 1107 859 1142 invaderent,
878 1110 1037 1141 inimicitias

245 1154 395 1178 necterent.
414 1151 561 1180 Enimvero
575 1153 638 1188 quis
653 1154 754 1182 horum
781 1156 905 1183 omnium
925 1157 1038 1186 exitus?

245 1197 348 1233 Torpet
364 1199 473 1226 animus
484 1207 632 1236 rerumque
645 1201 825 1236 magnitudini
838 1203 959 1238 linguam
975 1204 1038 1239 inji-

245 1252 308 1271 cere
318 1244 431 1278 horret;
448 1253 500 1273 nec
513 1253 611 1274 rursus
626 1246 774 1281 malorum,
790 1248 960 1283 quibusjam
976 1258 1038 1286 per-

245 1290 333 1318 functi
346 1298 454 1324 smnus,
466 1291 629 1320 mcminisse
643 1292 829 1320 sustinebam.
855 1293 925 1326 Quia
946 1298 1037 1322 tamen

245 1335 303 1362 ﬂeri
320 1343 375 1363 non
393 1340 484 1371 potest
497 1340 527 1363 ut
540 1336 698 1365 istiusmodi
724 1338 917 1366 narrationum
936 1348 1040 1368 memo-

243 1381 314 1408 riam
329 1380 458 1415 vitemus,
481 1389 534 1418 qua
553 1383 660 1410 ratione
682 1391 753 1411 nova
771 1384 896 1419 quaedam
910 1393 941 1412 ac
957 1386 1039 1413 terri-

244 1427 310 1454 bilis
327 1431 450 1455 narratio
464 1428 568 1456 mundo
584 1428 673 1457 relicti
699 1437 808 1462 sumus,
840 1430 957 1465 periculi
981 1439 1039 1460 ma-

245 1472 415 1507 gnitudinem
432 1479 597 1502 narraturus
609 1474 723 1509 accedo,
738 1479 768 1502 ut
780 1479 808 1503 et
818 1475 876 1510 ipse
889 1483 1039 1511 cognoscas

245 1526 369 1555 quaenam
386 1519 442 1547 sint
472 1522 578 1555 peccati
596 1522 709 1549 obsonia
723 1527 806 1556 atque
822 1522 933 1558 praemia
949 1522 1036 1559 (Rom.

244 1572 283 1596 vt,
296 1565 430 1600 25).Cum
446 1567 518 1594 enim
538 1567 602 1595 luxu
626 1568 724 1602 perditi
746 1576 881 1602 essemus,
895 1569 1037 1605 voluptate

246 1611 465 1646 liquesceremus
479 1620 511 1640 ac
524 1613 639 1641 mollitie
651 1613 812 1647 ﬂueremus,
828 1615 964 1650 malisque
979 1623 1038 1643 om-

246 1657 330 1686 nibus
351 1658 484 1687 institutis
498 1659 582 1687 vitam
596 1659 782 1694 duceremus;
796 1669 870 1694 cum,
891 1667 921 1690 ut
933 1662 1039 1691 Psaltes
1055 1646 1077 1676 θ

245 1703 366 1732 concinit
379 1704 466 1740 (Psal.
488 1713 548 1738 xm,
561 1705 605 1741 5),
620 1713 717 1735 omnes
732 1707 929 1742 declinassent,
951 1709 1032 1737 simul

246 1748 358 1778 inutiles
370 1750 433 1778 facti
450 1756 551 1784 essent,
563 1759 613 1780 nec
625 1756 699 1781 esset
709 1753 756 1788 qui
773 1753 856 1781 Deum
870 1755 1032 1790 requireret,

1090 325 1248 361 ποιούμενοι
1263 325 1435 361 ἐπιμέλειαν.

1125 415 1257 450 ιγ’.ῐιοῖον
1265 415 1319 450 γὰρ
1330 413 1400 448 εἶδος
1409 415 1520 446 κακίας.
1531 416 1555 442 εἰ
1564 415 1607 441 δεῖ
1618 414 1737 449 τάληθὲς
1748 415 1850 447 εἰπεῖν,
1859 415 1882 442 ἑν

1088 462 1154 497 ἡμῖν
1164 462 1214 488 οὐκ
1225 461 1379 497 ἐπράττετο
1389 471 1396 494 ;
1407 462 1544 497 Πορνεῖαι,
1559 462 1692 496 μοιχεῖαι,
1701 460 1882 496 ἀκαθαρσὲαι,

1091 508 1168 543 μίση.
1183 507 1279 542 ψεύδη,
1293 507 1405 539 κλοπαὶ,
1425 507 1525 543 ἔριδες,
1542 507 1718 542 φιλονεικίαι,
1744 507 1882 542 λοιδορίαι.

1089 552 1184 589 θυμοὶ,
1201 553 1366 587 πλεονεξίαι,
1376 553 1489 580 ἀδικίαι·
1504 553 1549 580 καὶ
1564 554 1578 580 ό
1593 553 1714 589 ἀρχηγὸς
1726 552 1782 579 τῶν
1795 553 1883 579 κακῶν

1089 598 1189 633 φθόνος
1204 599 1293 626 κοινὸν
1305 599 1486 634 ἔμμελέτημα
1499 599 1560 626 καθ’
1576 599 1697 635 ἑκάστην
1710 600 1736 615 ⁷⁸
1750 599 1800 626 καὶ
1824 600 1883 633 ἀγο-

1091 646 1166 680 ραῖον
1177 641 1221 680 ἦν.
1233 645 1270 672 Οὺ
1283 645 1338 681 γὰρ
1348 645 1422 677 ὅστις
1431 646 1509 680 ἡμῶν
1519 645 1557 681 τῷ
1566 646 1679 681 πλησίον
1688 645 1790 682 πράξει
1798 646 1883 678 καλῶς

1088 692 1133 718 διὰ
1152 691 1272 727 σπουδῆς
1291 689 1375 726 εἶχεν,
1388 691 1445 718 ἀλλ’
1466 692 1541 724 ὅστις
1557 691 1632 727 αὐτῷ
1653 692 1709 718 τῶν
1726 692 1882 726 ἀϐουλήτων

1089 735 1251 770 ἐπενεγκεῖν
1264 745 1290 763 τι
1312 736 1505 772 φρενοϐλαϐὦς
1523 737 1693 764 ἐτεκταίνετο
1704 745 1711 752 ·
1739 737 1798 764 οὐδ’
1814 737 1884 770 ὅστις

1089 782 1121 808 ὲκ
1139 781 1186 809 τοῦ
1203 782 1306 809 οἰκείου
1323 782 1484 817 μεταδοῦναι
1500 782 1539 818 τῷ
1555 782 1685 818 χρῄζοντι
1701 783 1731 809 τὸ
1744 783 1884 818 συμπαθὲς

1089 827 1203 863 πληρῶν
1215 827 1390 863 ὲϐεϐούλητο,
1405 827 1463 854 ἀλλ’
1476 828 1552 860 ὅστις
1568 829 1602 854 ἐκ
1622 828 1668 855 τοῦ
1696 829 1842 863 ἀλλοτρίου
1858 829 1884 857 τὸ

1088 875 1189 901 οἰκεῖον
1211 874 1359 902 πλεονάσαι
1378 874 1447 910 πρὸς
1463 875 1509 901 τὸν
1535 874 1559 890 "'
1574 874 1711 910 ὁμόφυλον
1730 875 1885 910 διεμάχετο,

1090 919 1153 947 κατ’
1170 918 1294 956 ἀλλήλων
1316 919 1536 955 εἰρωνευόμενοι.
1556 919 1691 955 ἀλλήλους
1711 920 1884 956 πλήττοντες,

1051 963 1076 992 Β
1091 965 1225 1002 ἀλλήλους
1243 964 1436 997 διαϐάλλοντες
1455 965 1489 999 ⁸ο,
1501 967 1556 993 πᾶν
1566 965 1657 993 ὁτιοῦν
1673 966 1761 993 κακὸν
1778 967 1809 992 ὲν
1829 967 1886 993 ἑαυ-

1091 1013 1148 1044 τοῖς
1161 1011 1377 1046 ἐξευρίσκοντες,
1391 1011 1680 1047 ὀρφανοὺςίάγχοντες,
1698 1012 1785 1048 ὁρίοις
1797 1012 1885 1048 χηρῶν

1092 1056 1316 1092 ἐπεμϐαίνοντες,
1347 1056 1448 1093 ἔχθρας
1471 1056 1664 1089 συνάπτοντες.
1693 1058 1752 1085 Καὶ
1769 1058 1798 1085 τί
1813 1058 1846 1093 δὴ
1858 1057 1885 1085 τὸ

1092 1102 1168 1134 τέλος
1183 1102 1287 1129 τούτων
1300 1101 1445 1136 ἁπάντωνς
1470 1102 1558 1129 Ὀκνῶ
1579 1102 1629 1138 μὲν
1641 1102 1690 1138 τὴν
1706 1102 1837 1137 γλῶτταν
1853 1103 1886 1139 τῷ

1094 1150 1204 1185 μεγέθει
1222 1149 1276 1175 τῶν
1290 1148 1462 1183 πραγμάτων
1478 1150 1637 1184 ἐπαφιέναι,
1653 1149 1701 1176 καὶ
1717 1150 1769 1176 οὐκ
1784 1150 1819 1177 ἂν
1844 1151 1887 1185 ὴν-

1092 1198 1214 1233 εσχόμην
1225 1198 1279 1224 τῶν
1302 1197 1436 1232 ἀλγεινῶν
1452 1196 1564 1223 ἐκείνων
1583 1192 1620 1222 ὧν
1636 1196 1685 1232 ἢθη
1711 1196 1886 1231 πεπόνθαμεν

1093 1245 1140 1272 καὶ
1155 1244 1235 1271 πάλιν
1254 1243 1456 1280 ἐπιμνησθῆναι
1469 1252 1476 1259 ’
1493 1243 1551 1270 ἀλλ’
1572 1242 1667 1278 ἐπειδὴ
1683 1242 1738 1269 τῶν
1760 1243 1886 1270 τοιούτων

1092 1290 1272 1326 διηγημάτων
1284 1290 1333 1316 οὐκ
1347 1289 1421 1316 ἔστιν
1436 1289 1510 1320 ὅπως
1524 1288 1686 1314 ὑπεκκλῖναι
1700 1288 1750 1324 τὴν
1766 1289 1885 1324 μνήμην.

1092 1337 1126 1363 δι’
1142 1334 1179 1363 ὧν
1198 1336 1236 1372 τῷ
1253 1336 1302 1372 βίῳ
1318 1335 1411 1363 καινόν
1437 1344 1463 1361 τι
1477 1334 1524 1361 καὶ
1542 1334 1657 1369 φοϐερὸν
1683 1334 1887 1370 ὑπελείφθημεν

1093 1383 1231 1418 ἄκουσμα,
1248 1382 1333 1415 λέξων
1351 1381 1468 1417 ἔρχομαι
1490 1380 1537 1407 τοῦ
1563 1380 1688 1408 κινδύνου
1707 1380 1737 1407 τδ
1763 1380 1886 1415 μέγεθος,

1093 1429 1128 1456 ἵν’
1141 1429 1216 1466 εἰδῇς
1226 1428 1274 1455 καὶ
1286 1427 1367 1458 αὐτὸς
1382 1427 1462 1454 ὁποῖα
1479 1427 1528 1462 τῆς
1544 1426 1685 1462 ἁμαρτίας
1704 1426 1760 1452 εἰσὶ
1773 1427 1810 1453 τὰ
1822 1427 1887 1462 ὀψώ-

1093 1486 1148 1504 νια.
1168 1475 1213 1502 Ἐν
1228 1474 1282 1510 ὅσῳ
1297 1474 1351 1509 γὰρ
1371 1473 1544 1508 ὲτρυφῶμεν,
1573 1474 1601 1499 ὲν
1617 1472 1672 1508 ὅσῳ
1689 1473 1887 1508 ὲσπαταλῶμεν

1094 1520 1142 1548 καὶ
1153 1522 1238 1547 πᾶσιν
1252 1519 1365 1550 ἀτόποις
1380 1518 1512 1553 διεζῶμεν
1523 1518 1752 1553 ἐπιτηδεύμασιν,
1763 1519 1809 1545 ὅτε
1824 1518 1888 1545 κατά

1093 1568 1124 1595 τὸ
1134 1566 1279 1603 ψαλμικῶς
1294 1565 1373 1602 ῥηθὲν
1390 1564 1501 1597 πάντες
1508 1564 1681 1598 ἐξέκλιναν,
1693 1565 1755 1599 ἅμα
1769 1565 1890 1600 ἠχρειώ-

1095 1616 1205 1648 θησαν,
1224 1612 1274 1640 καὶ
1291 1613 1347 1639 οὐκ
1358 1608 1399 1647 ἦν
1411 1613 1428 1638 ὁ
1446 1610 1575 1645 ἐκζητῶν
1596 1611 1650 1638 τὸν
1665 1611 1752 1644 Θεὸν,
1767 1612 1829 1638 τότε
1842 1612 1888 1646 τῆς

1093 1661 1212 1696 φοϐερᾶς
1230 1659 1338 1694 ἐκείνης
1363 1657 1551 1694 ἐπειράθημεν
1578 1657 1704 1692 ἀπειλῆς,
1732 1657 1837 1693 μᾶλλον
1863 1658 1889 1684 δὲ

1091 1705 1297 1742 καταστροφῆς,
1315 1704 1349 1732 ἵν’
1360 1704 1524 1740 οἰκειότερον
1539 1703 1620 1737 εἴπω,
1640 1703 1656 1739 ἢ
1672 1703 1784 1735 δικαίας
1810 1704 1890 1730 ἀντα-

1089 1755 1234 1785 ποδόσεως.

247 1794 329 1831 506
339 1801 404 1824 tunc
417 1798 589 1825 tremendum
606 1798 674 1826 illud
698 1800 836 1828 minarum
860 1800 970 1837 pondus
988 1802 1095 1838 experti
1110 1808 1219 1834 sumus,
1234 1799 1299 1835 quin
1312 1798 1379 1830 imo.
1416 1801 1445 1824 υι
1474 1796 1568 1824 verius
1599 1796 1702 1829 dicam,
1736 1796 1892 1824 ενθτείοιιῖδ

247 1842 386 1877 seujusta:
399 1844 598 1873 retributionis.

283 1888 326 1916 Η.
347 1888 380 1916 Et
395 1890 539 1918 considera
553 1891 598 1919 hic
618 1899 729 1928 quoque
756 1892 804 1921 Dei
830 1893 1040 1927 humanitatem,

247 1935 294 1970 qui
308 1943 362 1964 non
381 1936 440 1963 vult
461 1941 578 1966 mortem
594 1939 763 1973 peccatoris,
783 1939 830 1968 sed
845 1945 875 1968 ut
894 1946 1041 1969 converta-

247 1984 293 2007 tur
307 1984 333 2008 et
348 1981 421 2009 vivat
448 1981 559 2018 (Ezeclt.
573 1991 672 2017 sunt,
685 1984 748 2020 11).
770 1984 840 2013 Cum
861 1985 934 2014 enim
958 1987 1042 2015 sciret

247 2027 398 2062 projectam
415 2028 699 2065 scelestissimamque
715 2031 799 2058 animi
813 2033 901 2060 nostri
918 2032 953 2060 ad
969 2033 1040 2060 mala

249 2072 427 2106 pz‘onitatcm,
450 2073 516 2108 quid
542 2074 717 2101 machinatur
740 2082 773 2102 ac
799 2075 907 2103 consilii
933 2075 995 2110 init,
1011 2079 1041 2103 ut

247 2118 384 2151 perditum
401 2118 477 2146 illum
496 2119 616 2147 furorem
630 2120 753 2148 inhibeat
775 2125 803 2148 et
821 2121 855 2149 ad
883 2122 1041 2150 conversio-

250 2171 310 2190 nem
328 2163 442 2190 inducat
460 2163 471 2190 ?
484 2163 608 2192 Primum
623 2165 746 2200 quidem,
760 2174 821 2202 quae
836 2166 909 2194 dicta
926 2175 940 2195 a
960 2169 1040 2197 nobis

248 2214 300 2240 est,
319 2207 497 2243 Berrhoeam,
512 2209 608 2238 urbem
625 2210 781 2244 finitimam,
792 2218 854 2238 cum
871 2215 929 2239 tota
940 2212 1042 2241 vicinia

250 2259 410 2283 tcrraemotu
445 2256 598 2291 quassavit,
622 2257 692 2285 adeo
708 2261 738 2285 ut
756 2257 834 2285 multi
859 2265 893 2285 eo
916 2259 1041 2294 oppressi

1135 1891 1177 1919 ιδ’.
1190 1891 1246 1918 Καὶ
1267 1889 1364 1917 σκόπει
1389 1887 1531 1915 κάνταῦθα
1550 1888 1597 1914 τοῦ
1617 1887 1685 1914 Θεοῦ
1701 1887 1723 1903 ⁸¹
1740 1887 1772 1914 τὸ
1802 1888 1894 1922 φιλάν-

1097 1938 1219 1974 θρωπον,
1234 1936 1281 1964 τοῦ
1300 1937 1339 1972 μὴ
1354 1934 1516 1972 βουλομένου
1544 1934 1590 1961 τὸν
1605 1934 1724 1961 θάνατον
1739 1934 1788 1961 τοῦ
1805 1935 1895 1970 ἀμαρ-

1093 1984 1194 2017 τωλοῦ,
1207 1984 1245 2015 ὼς
1258 1982 1288 2009 τὸ
1304 1980 1470 2016 ἐπιπρέψαι
1486 1980 1534 2008 καὶ
1557 1980 1608 2016 ζῇν
1621 1980 1714 2008 αὐτόν.
1739 1980 1829 2012 Εἰδὼς
1842 1981 1892 2015 γὰρ

1091 2032 1122 2058 τὸ
1134 2030 1288 2058 ἀκάθεκτον
1301 2028 1347 2056 καὶ
1361 2027 1500 2064 μοχθηρον
1513 2028 1562 2062 τῆς
1575 2027 1690 2063 γνώμης
1704 2027 1787 2063 ἡμῶν
1801 2028 1849 2054 ἐπὶ
1862 2027 1895 2053 τὰ

1095 2076 1212 2113 πονηρὰ,
1240 2075 1266 2103 τι
1284 2075 1440 2111 μηχανᾶται
1461 2073 1529 2108 πρὸς
1544 2073 1574 2100 τὸ
1591 2073 1641 2109 τὴν
1666 2073 1757 2109 ὁρμὴν
1771 2074 1895 2108 ἐπισχεῖν

1096 2123 1138 2160 [Ρ.
1149 2122 1212 2159 5‘29]
1229 2122 1279 2157 τῆς
1291 2120 1390 2152 κακίας
1410 2119 1457 2146 καὶ
1475 2120 1644 2155 ἐπιστροφῆς
1660 2119 1742 2155 ήμιῖιν
1764 2120 1894 2154 ἐμϐαλεῖν

1096 2170 1205 2204 αἰτίαν;
1220 2170 1332 2205 Πρῶτον
1351 2167 1401 2204 μὲν
1417 2167 1467 2202 τὴν
1492 2167 1543 2203 ἤδη
1561 2167 1704 2203 λεχθεῖσαν
1721 2167 1834 2201 γείτονα
1850 2167 1896 2193 ςτό-

1096 2217 1149 2249 λιν,
1161 2216 1210 2252 τὴν
1221 2216 1354 2252 Βέρροιαν
1366 2214 1447 2248 λέγω,
1467 2213 1733 2248 ὲπικατασεισοῆναι
1759 2213 1896 2249 πεποίηκε

1096 2263 1153 2293 τοῖς
1165 2260 1316 2297 περιοίκοις
1333 2259 1371 2291 ὼς
1386 2258 1499 2290 πολλοὺς
1512 2257 1535 2273 ¹¹
1551 2258 1605 2284 τῶν
1620 2259 1710 2285 ἐκεῖσε
1727 2257 1897 2293 συλληφθέν-

250 2302 394 2336 perierint.
412 2303 483 2336 Quid
505 2303 568 2331 inde
590 2302 741 2338 disponens
765 2311 798 2332 ac
815 2305 989 2339 procurans?
1004 2305 1039 2334 Ut

1095 2316 1147 2335 των
1157 2306 1337 2340 ἐξαναλῶσαι,
1347 2305 1372 2332 τί
1382 2304 1567 2339 διοικούμενος
1582 2305 1614 2331 ἐκ
1625 2304 1722 2331 τούτου
1732 2313 1740 2338 ;
1754 2305 1805 2331 'Iv'
1815 2306 1896 2340 ἡμεῖς

249 2356 302 2376 nos
313 2347 431 2382 scilicet,
448 2349 583 2377 malorum
606 2348 701 2377 divina
722 2350 827 2378 ultione
843 2350 905 2378 aliis
921 2350 1040 2379 inflicto—

249 2403 311 2422 rum
328 2404 409 2424 sensu
429 2400 570 2432 percepto,
590 2397 701 2425 tandem
725 2396 875 2433 aliquando
890 2405 905 2424 a
922 2399 1043 2433 propriis

250 2442 303 2477 ipsi
321 2443 401 2471 malis
424 2443 628 2472 abstineremus
655 2448 791 2480 actusque
813 2448 924 2472 nostros
941 2445 974 2472 ad
991 2444 1045 2472 vir-

250 2492 337 2516 tutem
357 2488 551 2525 dirigeremus.
568 2488 685 2523 Deinde,
706 2491 771 2525 quia
800 2498 835 2518 ne
858 2490 906 2518 illo
932 2490 1041 2526 quidem

251 2542 317 2562 casu
329 2535 362 2563 de
376 2537 460 2564 veteri
473 2537 583 2572 vigente
598 2537 626 2564 in
643 2537 725 2564 nobis
744 2536 944 2564 consuetudine
960 2536 1042 2572 quid-

251 2587 334 2614 quam
352 2587 555 2615 remtseramus,
565 2581 600 2608 ad
616 2581 688 2609 aliud
704 2582 838 2609 machinae
853 2589 938 2617 genus
949 2586 1043 2609 trans-

251 2625 284 2657 it,
302 2625 330 2653 in
344 2626 406 2653 aliis
420 2631 483 2654 ante
496 2628 634 2662 specimen
645 2627 729 2655 edens
740 2627 800 2663 ejus
809 2627 975 2656 calamitatis
987 2635 1048 2663 quae

253 2673 331 2700 nobis
348 2672 416 2708 ipsis
435 2673 588 2700 obventura
602 2678 687 2707 esset,
701 2673 765 2701 dum
783 2674 857 2701 nulla
873 2673 1045 2709 paenitudine

253 2726 442 2752 peccaremus.
459 2718 612 2746 Demetrias
628 2726 746 2754 namque
761 2719 802 2746 sic
817 2718 904 2752 dicta,
931 2717 1046 2747 Graecia

254 2765 307 2791 alia
323 2765 399 2798 urbs,
415 2764 488 2792 haud
505 2765 584 2800 longe
598 2772 613 2792 a
634 2766 716 2793 nobis
732 2765 842 2798 dissita,
856 2768 915 2792 tum
935 2765 1046 2793 accola-

255 2817 316 2836 rum
335 2811 504 2846 frequentia,
523 2815 582 2839 tum
596 2811 680 2840 rebus
702 2811 776 2845 aliis,
789 2811 889 2846 quibus
903 2811 986 2839 urbes
1003 2811 1044 2837 al-

257 2857 313 2880 tum
329 2862 425 2890 sapere
440 2864 472 2884 ac
485 2857 597 2892 gloriari
625 2857 725 2891 solent,
741 2864 826 2892 supra
841 2856 974 2884 ﬁnitimas
988 2856 1043 2884 alte

1094 2355 1202 2386 πάντως
1215 2354 1270 2380 τῶν
1285 2352 1392 2388 ἑτέροις
1409 2351 1615 2386 ἀπειλουμένων
1632 2351 1682 2384 τὴν
1696 2351 1828 2386 αἴσθησιν
1850 2351 1896 2377 λα-

1095 2400 1200 2433 ϐόντες,
1211 2399 1266 2427 τῶν
1282 2399 1354 2426 ἰδίων
1367 2397 1461 2426 κακῶν
1476 2397 1583 2432 ἀποχὴν
1600 2397 1650 2423 κᾶν
1668 2397 1718 2432 ὀψὲ
1735 2397 1803 2431 γοῦν
1817 2407 1898 2433 ποιη-

1097 2446 1209 2481 σώμεθα
1237 2446 1286 2472 καὶ
1308 2444 1377 2479 πρὸς
1406 2443 1508 2478 ἀρετὴν
1522 2442 1571 2474 τὰς
1597 2442 1713 2477 πράξεις
1745 2443 1895 2478 ἰθύνωμεν.

1099 2491 1166 2520 Εἶτα
1179 2492 1272 2527 ἐπειδὴ
1290 2490 1386 2518 τούτου
1412 2489 1559 2524 γενομένου
1578 2490 1628 2515 οὐκ
1642 2488 1824 2524 ἐνεδώκαμεν
1850 2489 1898 2524 τῆς

1097 2539 1253 2574 κρατούσης
1268 2538 1297 2565 ὲν
1321 2537 1388 2573 ἡμῖν
1410 2535 1529 2567 παλαιᾶς
1550 2534 1707 2570 συνηθείας,
1731 2536 1775 2570 ἐφ’
1799 2536 1896 2571 ’ἕτερον

1098 2583 1168 2615 εἶδος
1183 2582 1308 2619 μηχανῆς
1325 2580 1495 2617 μεταϐαίνει,
1512 2580 1561 2607 καὶ
1572 2581 1620 2615 τὴν
1636 2581 1702 2616 ἡμῖν
1729 2581 1826 2613 αὐτοῖς
1839 2582 1897 2608 ἔσε-

1099 2628 1162 2656 σθαι
1178 2628 1329 2663 μέλλουσαν
1347 2626 1546 2662 ἀμεταμέλητα
1574 2627 1726 2662 πράττουσι
1748 2628 1897 2663 συμφορὰν

1100 2674 1129 2700 ἐν
1156 2673 1246 2705 ἄλλοις
1264 2672 1475 2708 προϋποὲείξας.
1500 2672 1663 2708 Δημητριὰς
1683 2672 1738 2708 γὰρ
1756 2672 1832 2700 οὕτω
1850 2683 1898 2700 κα-

1099 2718 1218 2754 λουμένη
1234 2719 1282 2753 τῆς
1301 2717 1426 2749 Ἑλλάδος
1442 2717 1528 2753 ἑτέρα
1549 2718 1638 2751 πόλις,
1651 2719 1681 2744 οὐ
1696 2719 1806 2755 μακρὰν
1819 2720 1898 2755 ήμῶν

1100 2763 1292 2800 ἀπῳκισμένη,
1306 2763 1398 2798 πολλῷ
1412 2762 1510 2798 πλήθει
1524 2762 1580 2789 τῶν
1597 2764 1750 2800 οἰκητόρων
1770 2766 1823 2791 καὶ
1845 2767 1900 2797 soi;
1936 2791 1939 2794 ,

1101 2811 1190 2842 ἄλλοις
1204 2809 1245 2843 οἷς
1256 2810 1328 2846 μέγα
1339 2808 1496 2845 καυχῶνται
1512 2809 1604 2841 πόλεις
1614 2809 1670 2836 τῶν
1684 2811 1799 2844 ἔγγιστα
1813 2811 1901 2846 ὑπερ-

1097 2856 1229 2892 αιρομένη
1242 2856 1279 2890 ⁸³,
1291 2857 1321 2883 οὐ
1334 2855 1387 2892 πρὸ
1404 2854 1500 2882 πολλοῦ
1515 2855 1564 2890 τῆς
1578 2855 1659 2891 ἡμῶν
1670 2856 1799 2887 ἁλώσεως
1813 2857 1895 2892 ἔργον

912 2901 1026 2929 VARI/IS
1044 2901 1245 2930 LECTIONES.

292 2946 314 2962 "
329 2946 441 2974 ἕκαστον
453 2947 481 2975 P.
513 2949 534 2964 "
550 2947 606 2984 τὸν]
620 2948 649 2975 τδ
661 2948 692 2976 Ρ.
727 2949 750 2965 ¹⁰
764 2947 981 2980 ὲνδιαϐἀλλοντες
993 2947 1025 2975 Α.
1064 2948 1084 2964 ⁸¹
1107 2947 1136 2976 τὸ
1151 2946 1197 2974 τοῦ
1212 2947 1279 2975 Θεοῦ
1295 2947 1324 2975 [⁵.
1364 2947 1386 2964 ⁸²
1403 2946 1506 2975 πολλῶν
1519 2946 1549 2976 Ρ,
1562 2946 1584 2962 ⁸³
1600 2946 1826 2983 ὑπεραιρουμένη
1843 2946 1896 2973 ΔΡ.
