1997 3167
111 184 162 218 545

639 185 689 216 DE
704 185 775 216 EKC
782 185 862 215 [D10
880 185 1100 216 THESSALON
1106 185 1186 216 ICE.

1684 184 1738 218 546

111 241 218 274 ἐγένετο
232 239 286 266 τῶν
314 238 475 275 Βαρϐάρων,
495 238 712 275 Ιιολιορκηθεῖσα
731 239 786 274 γὰρ
805 239 843 271 ὡς
858 248 899 274 μι-

955 240 1133 276 supercilium
1149 240 1261 274 tollens,
1278 240 1350 269 baud
1368 241 1455 269 multo
1467 244 1531 270 ante
1547 231 1649 270 nostra
1664 245 1739 271 urbis

111 286 175 321 ιιροῦ
199 286 256 312 δεῖν
271 285 382 313 πάντων
397 286 421 302 ⁸⁵
435 285 491 313 τῶν
507 286 552 312 ὑπ’
565 286 650 321 αὐτὴν
666 286 695 312 ἐν
710 286 833 321 μαχαίρᾳ
850 294 900 312 πε-

111 334 176 364 σεῖν,
189 332 265 359 οὐδὲν
280 332 373 367 ἕτερον
389 333 504 368 παρεῖχε
525 332 596 358 νοεῖν
608 332 625 366 ἢ
639 333 695 363 τοῖς
714 333 810 363 κακοῖς
823 332 900 367 ἡμᾶς

109 379 291 414 ἐπιμένοντας
305 378 355 414 τὴν
371 378 468 413 ὁμοίαν
481 379 581 413 πεῖραν
598 377 651 404 τῶν
662 377 836 413 πραγμάτων
854 378 901 404 ὲκ-

108 424 232 460 δέχεσθαι
248 424 294 452 καὶ
315 424 442 459 καθάπερ
459 424 499 456 είς
526 423 649 459 ἔμψυχον
665 423 765 458 στήλην
782 424 811 450 ὲν
829 424 898 459 αὐτῇ

108 471 142 498 τὰ
155 470 386 507 κεχρεωστημένα
401 470 469 505 ἡμῖν
485 469 686 505 ἀναγινώσκειν
699 469 863 505 παθήματα.

142 604 184 633 ιε’.
204 605 285 632 Ἀλλά
302 605 397 641 μηδεὶς
413 604 632 641 ἀποφαινόμενάν
654 613 688 641 με
701 605 799 632 οίὲσθω
812 604 898 632 ταῦτα

107 653 222 686 λέγοντα
236 652 260 668 ⁸⁵
275 653 315 679 ὃτι
325 651 358 678 δι’
372 653 445 688 ἡμᾶς
461 653 488 680 αι
503 652 597 684 πόλεις
609 648 689 679 αὗται
703 651 759 678 τῶν
775 651 898 686 φοϐερῶν

107 697 156 734 τὴν
179 699 277 733 πεῖραν
302 698 435 732 ἐδέξαντο.
473 698 611 733 Ὠφείλετο
635 697 690 733 γὰρ
722 697 830 730 αὑταῖς,
859 697 897 730 ὡς

106 743 196 779 οἶμαι,
209 745 257 770 καὶ
268 744 303 771 δι’
318 744 422 772 οἰκείαν
443 744 593 780 μοχθηρίαν
613 744 629 771 ὁ
649 744 779 777 κίνδυνος,
795 745 834 776 ὡς
850 745 898 772 καὶ

108 792 175 826 ἡμῖν
189 790 248 826 μετ’
266 790 384 822 ὲκείνας,
401 790 478 824 ἀξίας
493 791 549 817 τῶν
564 791 769 826 ἡμαρτημένων
790 792 897 828 ἑκάστῳ

107 837 157 869 τὰς
173 836 309 872 τιμωρίας
321 837 469 871 ἐπάγοντος
482 836 529 864 τοῦ
544 836 622 864 Θεοῦ.
649 837 719 864 Ἀλλ’
743 838 772 865 ὲν
792 839 897 870 τούτοις

109 884 154 908 καὶ
166 884 241 918 ἡμᾶς
250 883 279 908 οὐ
293 882 343 918 τὴν
357 881 492 917 τυχοῦσαν
505 882 633 918 ἀφορμὴν
644 883 693 918 τῆς
707 883 754 910 ἐπὶ
764 884 795 910 τὸ
805 885 897 918 κρεῖτο

108 937 153 955 τον
181 929 350 964 ἐπιστροφῆς
365 930 413 956 καὶ
431 929 570 968 σωτηρίας
589 928 700 956 εὔκολον
716 927 751 964 ἧν
763 929 894 965 ἐξευρεῖν,
912 920 934 950 Β

107 974 158 1010 τὴν
179 974 291 1002 ἐκείνων
306 975 500 1011 καταστροφὴν
517 975 623 1002 οίκείαν
637 975 789 1010 ἀσφάλειαν
806 984 898 1002 ποιου-

111 1021 219 1055 μένους.
248 1020 344 1055 Ὄμως
357 1019 452 1056 ἐπειδὴ
469 1020 514 1047 τὸν
529 1019 591 1047 νοῦν
605 1021 684 1055 ἡμῶν
698 1017 768 1047 εἶδεν
784 1019 807 1036 ⁸⁸
818 1019 833 1046 6
848 1019 898 1052 τὰς

110 1067 227 1102 καρδίας
255 1065 374 1102 ἐρευνῶν
398 1067 474 1103 πάσῃ
493 1066 595 1102 σπουδῇ
622 1066 672 1101 τῆς
703 1066 748 1093 ἐπ’
775 1066 899 1103 ἀπωλείᾳ

109 1112 232 1148 ἀγούσης
251 1112 390 1148 ἐχόμενον,
418 1112 556 1148 μηδεμίαν
580 1112 603 1128 ⁸⁷
622 1111 671 1148 μὲν
686 1111 740 1139 τῶν
757 1112 898 1148 σωτηρίων

109 1159 225 1186 ἐντολῶν
241 1158 287 1185 καὶ
306 1158 490 1185 παιδευτικῶν
516 1158 663 1194 ἐνεργειῶν
678 1158 898 1192 ὑπολειφθεῖσαν,

110 1203 139 1236 ἐξ
149 1199 189 1230 ὧν
203 1203 350 1239 αἰσθητικὴ
373 1203 421 1230 καὶ
434 1204 556 1239 νήφουσα
572 1204 646 1240 ψυχὴ
666 1204 698 1231 τὸ
717 1204 799 1232 καλὸν
816 1213 899 1240 μετα-

111 1249 254 1284 μανθάνει,
270 1248 455 1284 διαφεύγουσα
472 1250 526 1277 τῶν
551 1251 682 1286 χειρόνων
694 1251 745 1282 τὰς
773 1250 897 1286 πράξεις,

111 1295 143 1321 δι’
160 1295 194 1326 a;
209 1295 355 1332 ἐπέρχεται
373 1297 389 1332 ἡ
416 1296 485 1332 ὀργὴ
501 1296 548 1323 ἐπὶ
569 1297 632 1329 τοὺς
657 1298 732 1329 υίοὺς
753 1298 804 1333 τῆς
822 1299 900 1326 ἀπει-

112 1342 196 1374 θείας,
219 1341 258 1373 ὥς
288 1351 370 1378 φησιν
384 1342 584 1376 ὀἈπόστολος,
614 1343 668 1371 ἔδει
683 1343 711 1371 δὲ
727 1344 776 1380 τὴν
799 1345 899 1372 κακίαν

111 1388 284 1424 ἑκτριϐἦναι,
304 1389 346 1415 ἵνα
367 1389 404 1425 μὴ
432 1390 465 1425 τῇ
479 1390 526 1416 ἐπὶ
549 1389 642 1418 πλεῖον
658 1391 765 1427 προόδῳ
779 1392 825 1418 καὶ
840 1392 900 1419 ἐτέ-

113 1441 176 1468 ρους
192 1433 360 1468 λυμαίνοιτο,
375 1434 420 1460 διὰ
430 1433 509 1460 τοῦτο
520 1434 627 1469 ἀφῆκεν
642 1435 707 1470 ἡμῖν
720 1436 900 1472 ἐπενεχθῆναι

113 1479 161 1513 τὴν
179 1479 300 1515 φοϐερὰν
315 1479 424 1515 ἐκείνην
442 1480 490 1508 καὶ
502 1480 625 1517 φρικώδη
644 1482 750 1518 πληγὴν
763 1503 771 1514 ,
787 1483 820 1510 ἶν’
831 1483 900 1519 ὅπερ

111 1525 202 1552 ἄλλων
228 1526 389 1561 πασχόντων
416 1528 499 1562 ἡμεῖς
524 1527 575 1554 οὐκ
598 1528 804 1564 ἑδιδασκόμεθα,
821 1530 901 1557 τοῦτο

111 1573 193 1608 ἡμεῖς
207 1573 338 1605 παθόντες
348 1573 437 1605 ἄλλοις
452 1573 605 1610 ὑπόδειγμα
625 1575 815 1611 ποιησώμεθα.

146 1705 191 1742 [Ρ.
209 1705 274 1742 550]
288 1704 336 1738 ις’.
356 1705 437 1733 ’Λλλά
461 1705 488 1733 τί
517 1706 558 1733 δεῖ
589 1707 787 1742 μακρολογεῖν;
806 1707 900 1743 καιρὸς

111 1752 166 1788 γὰρ
176 1752 227 1787 ήδη
245 1752 297 1778 τῶν
325 1752 440 1788 καιρίων
466 1752 646 1788 διηγημάτων
668 1753 834 1788 ἐφάψασθαι,
853 1754 901 1780 καὶ

111 1798 187 1829 ὅπως
211 1798 263 1833 τὴν
290 1798 424 1834 ὀδυνηρὰν
449 1798 557 1834 ἐκείνην
574 1798 733 1835 πολιορκίαν
746 1799 902 1834 ὑπέστημεν

111 1844 290 1880 παραστῆσαι
300 1844 339 1879 τῷ
352 1844 434 1880 λόγῳ,
446 1845 484 1876 ὡς
499 1842 635 1876 εἶναιτοῖς
647 1844 793 1880 μετέπειτα
809 1845 901 1872 νουθεο

110 1891 173 1922 σίας
190 1890 319 1917 ὑπόθεσιν
331 1890 378 1916 καὶ
392 1889 525 1926 ἐναργοῦς
536 1889 712 1921 διδασκαλίας
727 1890 900 1926 παραίνεσιν.

116 1937 161 1965 Ἐν
181 1936 289 1967 τούτοις
308 1936 362 1972 γὰρ
378 1935 463 1963 ὅντων
480 1935 559 1971 ἡμῶν
588 1933 641 1971 ἧκέ
659 1945 702 1968 τις
730 1936 902 1972 ταχυδρόμος

108 1981 229 2017 ἄγγελος
248 1981 302 2008 ἀπὸ
314 1981 360 2007 τοῦ
375 1981 540 2016 κρατοῦντος
554 1980 589 2007 τὰ
601 1980 654 2007 τῶν
676 1980 819 2016 Ῥωμαίων
836 1980 902 2016 σκῆ-

108 2037 198 2064 πτρα,
215 2028 329 2059 Λέοντος
343 2027 389 2054 τοῦ
403 2026 579 2062 φιλευσεϐοῠς
595 2026 720 2060 ἄνακτος,
747 2026 797 2062 τὴν
808 2027 902 2061 ἔφοδον

107 2077 166 2104 τῶν
180 2074 344 2110 Βαρϐάρων,
357 2072 429 2108 λέγω
440 2073 472 2108 δὴ
484 2073 538 2100 τῶν
552 2071 718 2108 δυσωνύμων
731 2073 900 2109 Ἆγαρηνῶν,

107 2121 298 2158 καταμηνύων
322 2121 368 2148 καὶ
397 2119 434 2152 ὡς
449 2119 520 2155 τάχα
547 2119 717 2152 ὁπλίζεσθαι,
742 2120 902 2155 πρόσφυγάς

106 2178 188 2201 τινας
212 2168 260 2196 ἀπ’
287 2167 378 2194 αὐτῶν
394 2166 507 2194 ἐκείνων
531 2166 585 2193 τῶν
614 2165 763 2202 Βαρϐάρων
789 2165 901 2201 ἀφῖχθαι

106 2217 212 2251 λέγων.
223 2214 270 2241 καὶ
280 2213 328 2249 τὴν
344 2212 442 2248 βουλὴν
451 2211 550 2244 αὐτῶν,
561 2212 623 2247 ἥτις
638 2212 707 2244 ἐστὶ,
721 2212 902 2247 προειπόντας

951 286 1086 314 excidium
1103 286 1129 312 in
1142 284 1326 313 Barbarorum
1341 290 1504 322 potestatem
1521 287 1606 314 venit.
1622 287 1739 316 Obsessa

951 331 1025 358 enim
1040 337 1072 358 ac
1090 333 1180 366 capta,
1195 334 1226 358 ut
1239 338 1309 366 pene
1321 338 1416 360 omnes
1434 331 1482 364 qui
1497 332 1525 360 in
1538 340 1569 360 ea
1583 337 1663 360 erant
1678 334 1738 368 glu-

951 376 997 403 dio
1014 375 1177 408 ceciderint,
1191 376 1260 403 nihil
1272 375 1348 403 aliud
1358 375 1439 411 507
1451 376 1626 412 cogitandum
1641 378 1739 406 animis

951 422 1182 457 ingerebatquam
1194 421 1252 449 fore
1260 427 1288 450 ut
1298 422 1345 457 qui
1361 422 1388 450 in
1400 423 1479 450 malis
1490 430 1741 458 perseveraremus,

951 475 1043 503 parem
1062 468 1094 495 in
1110 475 1159 496 eos
1173 468 1304 496 ultionem
1323 462 1524 504 e'xcipcremus,
1540 473 1567 496 et
1581 473 1610 496 ut
1624 470 1698 496 velut
1713 469 1739 497 itt

951 514 1071 542 animata
1107 516 1236 542 colunttta
1267 522 1300 543 ac
1328 516 1419 550 cippo,
1450 523 1511 551 qua:
1545 516 1623 544 nobis
1651 516 1740 544 debita

950 566 1044 589 essent
1058 561 1129 588 mala
1157 562 1287 597 diraque,
1301 561 1452 597 perscripta
1471 562 1633 597 legeremus.

986 607 1032 635 15.
1048 607 1146 635 Nullus
1172 611 1264 635 tamen
1287 607 1438 640 existimet,
1460 607 1524 635 dum
1543 607 1601 636 haec
1618 608 1656 635 ita
1678 616 1739 643 pro:

948 653 1058 687 ttuntio,
1073 661 1115 681 me
1126 653 1196 681 velle
1205 654 1295 681 .ltascc
1312 653 1396 681 urbes
1407 654 1494 681 nostri
1506 661 1589 681 causa
1599 654 1740 683 tremenda

949 698 1006 726 haec
1021 703 1150 734 expertas
1166 699 1253 727 fuisse
1270 699 1381 735 illisque
1392 699 1473 727 malis
1489 699 1577 727 factas
1592 699 1739 728 obnoxias.

948 743 1015 772 Nam
1036 750 1062 772 ct
1086 745 1150 778 illis,
1171 752 1279 780 opinor,
1296 745 1332 773 ob
1347 745 1433 780 ipsam
1447 753 1540 773 earum
1556 747 1734 781 pravitatem,

948 798 1025 825 aeque
1041 798 1073 817 ac
1086 791 1168 818 nobis
1184 796 1246 826 post
1262 791 1348 826 ipsas,
1364 792 1566 819 animadversio
1578 791 1739 825 debebatur,

952 835 1008 864 Dco
1024 836 1131 864 scilicet
1144 837 1252 872 singula
1277 844 1393 872 quaeque
1419 837 1524 865 scelera
1565 837 1648 873 digno
1669 838 1738 866 ulci-

948 885 1053 909 sceutc.
1063 881 1164 909 Verum
1178 882 1206 909 in
1218 882 1252 909 iis
1263 889 1314 910 nos
1330 890 1439 918 quoque
1447 882 1518 910 baud
1526 883 1610 910 levem
1619 884 1740 911 occasio.

948 935 1009 955 nera
1025 927 1378 963 meliorisﬁfrugisineundie
1387 932 1470 964 atque
1480 929 1579 956 salutis
1597 929 1677 957 facile
1688 929 1739 956 fuit

950 975 1084 1007 invenire,
1109 974 1147 1002 ita
1162 974 1292 1002 nimirum
1311 978 1341 1002 ut
1360 982 1454 1003 earum
1471 982 1538 1002 casu
1556 983 1682 1010 noxaque
1695 983 1739 1003 res

949 1026 1059 1049 nostras
1070 1022 1097 1048 in
1111 1025 1171 1048 tuto
1179 1021 1389 1055 collocare-nus.
1406 1020 1646 1048 Verumenimvero
1673 1021 1739 1056 quia

949 1066 972 1094 is
991 1066 1039 1101 qui
1053 1066 1136 1093 corda
1149 1065 1399 1101 θυσίαισι-(ωσι.
1415 1073 1464 1098 vtt,
1482 1064 1531 1100 10)
1551 1065 1672 1092 anitnum
1687 1073 1737 1092 no-

950 1116 1040 1139 strum
1056 1111 1132 1140 omni
1147 1111 1241 1143 studio
1255 1111 1360 1140 ltercre
1376 1115 1492 1139 noverat
1513 1111 1563 1138 viae
1582 1118 1644 1146 qua:
1662 1111 1740 1139 ducit

950 1157 985 1186 ad
999 1158 1151 1191 interitum,
1167 1165 1230 1186 cum
1247 1157 1316 1186 nihil
1329 1157 1354 1186 ci
1367 1157 1529 1186 salutarium
1547 1156 1739 1185 mandatorum

951 1204 1221 1240 castigationumque
1238 1205 1361 1237 deesset,
1383 1211 1502 1240 quorutn
1527 1211 1610 1232 sensu
1637 1203 1671 1231 ad
1694 1211 1740 1231 so—

950 1251 1097 1279 brietatem
1115 1251 1246 1279 reduetus
1266 1251 1376 1279 animus
1390 1255 1498 1278 mutato
1523 1250 1650 1283 consilio,
1665 1249 1740 1286 quod

951 1297 1096 1324 honestum
1113 1304 1145 1325 ac
1165 1297 1247 1324 oiIicii
1265 1301 1322 1330 est,
1348 1296 1494 1329 condiscit,
1522 1297 1612 1324 vitans
1637 1296 1740 1325 scelera

951 1343 988 1371 ob
1005 1350 1066 1378 qua:
1080 1343 1120 1371 ira
1144 1343 1246 1379 ingruit
1270 1343 1298 1370 in
1325 1342 1397 1371 ﬁlios
1423 1341 1625 1374 inobedictttiaz,
1653 1345 1682 1368 ut
1701 1341 1740 1368 ait

950 1389 1099 1425 Apostolus
1129 1389 1249 1425 (Epim.
1269 1397 1304 1421 v,
1333 1388 1380 1423 6),
1413 1388 1581 1423 deccbatque
1607 1387 1739 1415 malitiam

951 1435 1015 1463 elidi
1027 1443 1059 1463 ac
1072 1435 1187 1470 aboleri,
1205 1443 1240 1463 nc
1257 1435 1346 1470 majus
1367 1435 1564 1463 incrementum
1579 1433 1682 1462 faceret
1696 1438 1738 1460 at-

951 1487 1005 1516 que
1022 1480 1083 1508 aliis
1099 1487 1198 1508 noxam
1215 1479 1340 1511 inferret,
1358 1479 1463 1507 idcirco
1476 1478 1642 1506 tremendam
1666 1477 1738 1505 illam

953 1529 1036 1561 atque
1056 1525 1223 1553 horrendam
1239 1525 1349 1560 plagam
1373 1525 1453 1552 nobis
1479 1524 1588 1558 inﬂixit,
1611 1528 1641 1552 ut
1666 1522 1740 1558 quod

953 1572 1069 1600 aliorum
1084 1571 1164 1600 malis
1175 1571 1328 1607 praeiuoniti
1342 1578 1394 1598 non
1407 1570 1600 1603 didiceramus,
1613 1569 1674 1605 ejus
1689 1576 1741 1597 nos

952 1617 1026 1651 aliis,
1043 1621 1138 1644 nostro
1152 1616 1204 1652 ipsi
1221 1615 1359 1651 periculo,
1371 1615 1497 1649 exemplo
1512 1621 1634 1642 essemus
1649 1621 1681 1642 ac
1693 1614 1741 1641 (ιυ-

953 1671 1049 1690 cumcn
1055 1667 1092 1691 l0.

987 1707 1125 1744 50816.
1143 1707 1196 1736 Sed
1211 1707 1277 1743 quid
1291 1715 1402 1736 necesse
1429 1707 1582 1735 orationem
1607 1705 1716 1734 trahere
1730 1706 1741 1734 2

951 1753 1011 1781 Jam
1031 1754 1104 1782 enim
1121 1759 1228 1790 tempus
1244 1759 1286 1782 est
1309 1755 1466 1782 necessaria
1494 1761 1586 1780 rerutn
1602 1758 1740 1780 momenta

953 1800 1074 1836 aggredi,
1091 1807 1123 1827 ac
1141 1800 1250 1828 ntoduut
1270 1807 1326 1835 quo
1353 1800 1441 1827 diram
1469 1799 1542 1826 illaut
1569 1798 1739 1826 obsidionem

953 1846 1115 1881 pertulimus
1136 1853 1265 1874 sermone
1280 1846 1394 1878 referre.
1405 1853 1460 1881 quo
1472 1846 1579 1873 scilicet
1599 1845 1663 1872 inde
1688 1852 1741 1880 po-

953 1892 1035 1919 steris
1050 1891 1248 1919 admonitionis
1267 1896 1458 1927 argumentum
1471 1899 1502 1918 ac
1520 1891 1589 1918 ratio
1605 1891 1741 1926 clarseque

952 1937 1085 1964 doctrina:
1097 1936 1255 1964 adhortatio
1269 1937 1316 1964 sit.
1347 1935 1455 1964 Etenim
1481 1943 1544 1963 cum
1569 1943 1614 1964 res
1638 1939 1741 1962 nostra:

952 1983 992 2010 ita
1010 1990 1040 2010 se
1054 1982 1199 2016 haberent,
1224 1982 1298 2010 celer
1324 1982 1437 2016 quidam
1465 1989 1564 2009 cursor
1595 1981 1707 2008 nuntius
1724 1988 1739 2008 ιι

952 2028 1054 2063 Leone,
1068 2028 1192 2064 piissimo
1204 2028 1371 2063 imperatore
1398 2031 1456 2057 tum
1488 2027 1596 2063 imperii
1622 2026 1738 2055 Romani

953 2081 1061 2110 sceptra
1075 2074 1245 2108 moderante,
1258 2074 1333 2102 vettit
1345 2082 1353 2102 :
1365 2074 1549 2102 Barbarorum
1565 2073 1739 2109 (inauspicati

953 2122 1056 2150 scilicet
1069 2121 1187 2149 nominis
1198 2125 1278 2157 atque
1288 2121 1388 2149 ominis
1399 2120 1597 2156 Agarenorum)
1611 2119 1742 2154 irruptio-

953 2175 1013 2196 nem
1029 2167 1205 2200 denuntians,
1226 2168 1261 2194 ad
1273 2174 1348 2194 arma
1374 2166 1466 2195 statim
1482 2165 1630 2194 convolare
1649 2165 1740 2200 jubet.
1771 2169 1775 2173 ‘

953 2214 1068 2242 Venisse
1084 2213 1215 2249 profugos
1231 2213 1366 2249 quosdam
1380 2221 1414 2241 ex
1439 2212 1507 2248 ipsis
1530 2211 1671 2244 Barbaris,
1692 2218 1741 2239 co-

106 2262 151 2297 τῷ
168 2260 288 2296 βασιλεῖ,
300 2259 347 2286 καὶ
366 2258 407 2285 ὅτι
423 2258 513 2284 πᾶσαν
527 2257 577 2292 τὴν
591 2257 680 2292 ὁρμὴν
701 2257 748 2284 ἐπὶ
762 2257 840 2292 τήνδε
853 2265 899 2283 πε-

955 2268 1070 2296 rumque
1085 2260 1193 2288 consilii
1219 2260 1413 2295 imperatorem
1444 2258 1642 2294 praemonuisse
1661 2267 1667 2285 :
1690 2257 1743 2284 in:-

105 2309 253 2343 ποίηνται,
267 2305 319 2332 ὑπὸ
336 2303 440 2331 πολλῶν
457 2303 508 2339 ἤδη
518 2302 572 2329 τῶν
586 2303 632 2329 ὑπ’
642 2303 731 2329 αὐτῶν
748 2311 902 2339 προχειριο-

105 2354 216 2382 θέντων
246 2350 440 2388 βεὸαιωθέντες
464 2349 503 2381 ῶς
528 2349 682 2384 ἀτείχιστός
707 2349 780 2376 ἐστιν
804 2349 836 2375 ὲκ
853 2349 900 2376 τοῦ

106 2399 182 2436 πρὸς
196 2398 337 2425 θάλασσαν
348 2396 449 2432 μέρους
457 2396 505 2422 καὶ
516 2396 576 2426 ταῖς
585 2394 638 2421 ἀπὸ
648 2394 702 2421 τῶν
715 2395 787 2431 νηῶν
801 2394 901 2431 μάχαις

105 2445 330 2481 εὐεπιχείρητος.
347 2443 455 2478 Ταύτης
464 2442 510 2470 οὖν
527 2442 706 2478 ἀγγελθείσης
717 2442 766 2477 τῆς
780 2443 902 2478 πονηρᾶς

106 2491 257 2526 ἀγγελίας,
274 2488 356 2525 θροῦς
373 2489 423 2524 μὲν
437 2488 545 2522 ἐγένετο
567 2487 639 2514 κατὰ
655 2488 746 2513 πᾶσαν
757 2486 807 2522 τὴν
824 2487 901 2514 πόλιν

107 2537 161 2565 καὶ
175 2536 260 2572 φόϐος
277 2535 326 2562 καὶ
340 2534 470 2570 τάραχος,
497 2532 649 2568 ἀσυνήθους
666 2531 829 2567 πράγματος
854 2532 902 2560 καὶ

107 2582 235 2619 (ροϐεροῦ
247 2582 307 2613 ταῖς
318 2581 414 2612 ἀκοαῖς
429 2579 508 2615 ἡμῶν
525 2579 554 2606 ἐν
573 2579 673 2614 ἀρχαῖς
690 2578 900 2613 προσπεσόντος,

107 2627 340 2663 ἐϐουλευσάμεθα
350 2626 389 2659 δὲ,
401 2626 485 2662 οἵμοιῑ
497 2625 546 2661 τὴν
556 2625 659 2652 οἰκείαν
672 2624 902 2660 περιποιήσασθαι

109 2675 266 2712 σωτηρίαν,
283 2675 331 2701 καὶ
347 2674 398 2700 ὅσα
412 2672 481 2708 πρὸς
503 2672 553 2707 τὴν
572 2672 626 2698 τῶν
642 2671 771 2698 ἐναντίων
795 2670 902 2706 ἄμυναν

108 2722 303 2758 κατιρτίζειν,
321 2720 369 2747 καὶ
392 2719 460 2756 προς
475 2718 520 2745 τὸν
534 2717 596 2746 κατ’
616 2716 706 2744 αὐτῶν
726 2717 844 2752 πόλεμον
862 2717 902 2743 δι-

108 2768 282 2806 εγείρεσθαι.
314 2766 386 2802 Πλὴν
414 2765 516 2800 ἔκαμνε
534 2764 584 2800 μὲν
607 2764 621 2790 ὁ
642 2762 771 2799 λογισμὸς
786 2763 902 2789 ἑκάστου

64 2850 67 2851 ν
110 2817 162 2844 καὶ
178 2817 240 2846 ταῖς
257 2813 351 2845 ἄλλαις
368 2811 516 2849 μερίμναις
545 2810 594 2846 τῆς
608 2809 738 2845 ἀπειρίας
755 2808 803 2835 τοῦ
818 2809 902 2844 μάχε-

955 2311 1048 2342 pctum
1074 2313 1182 2334 omnent
1199 2313 1297 2333 versus
1323 2304 1549 2333 Thessalonicam
1566 2308 1682 2337 vertere,
1709 2310 1740 2330 ca

955 2353 1060 2382 scilicet
1079 2353 1196 2384 ratione,
1210 2351 1285 2387 quod
1300 2359 1331 2379 ex
1351 2351 1475 2386 pluribus
1489 2350 1545 2385 jam
1562 2349 1596 2376 ab
1614 2349 1655 2377 eis
1670 2349 1741 2376 bello

956 2397 1044 2435 captis
1059 2406 1091 2426 ac
1116 2397 1272 2433 subjugatis
1298 2401 1373 2425 certo
1405 2396 1564 2429 didicerint,
1585 2403 1636 2430 qua
1664 2399 1740 2429 parte

955 2445 1068 2480 respicit
1084 2452 1170 2477 mare,
1188 2444 1273 2471 nullis
1292 2451 1354 2471 eam
1378 2443 1451 2478 cingi
1486 2442 1622 2469 moenibus
1653 2448 1740 2475 exque

956 2493 1073 2520 navibus
1097 2494 1224 2519 conserta
1250 2496 1341 2525 pugna
1366 2488 1447 2516 facile
1475 2486 1624 2523 expugnari
1650 2493 1738 2520 posse.

955 2538 1026 2565 Malo
1052 2537 1105 2564 ltoc
1129 2537 1214 2572 igitur
1242 2536 1325 2562 allato
1347 2534 1444 2562 nuntio
1468 2540 1515 2569 per
1534 2537 1617 2559 totam
1644 2530 1738 2558 urbem

956 2590 1051 2611 rumor
1067 2582 1183 2616 diditur,
1201 2582 1337 2617 timorque
1354 2588 1386 2608 ac
1400 2579 1529 2608 titubatio
1544 2585 1640 2606 omnes
1655 2585 1739 2604 occu-

957 2634 1012 2664 pat,
1024 2629 1131 2657 insueta
1148 2628 1228 2664 plane
1245 2636 1274 2655 re
1292 2632 1375 2663 atque
1393 2624 1534 2653 tremenda
1550 2628 1607 2651 tum
1620 2623 1738 2658 primum

956 2675 1058 2703 nostris
1091 2675 1204 2703 auribus
1237 2675 1343 2709 illapsa.
1370 2672 1409 2700 Eo
1434 2672 1514 2699 nobis
1538 2669 1643 2706 (heu!)
1660 2676 1740 2696 versa

956 2720 1082 2754 consilia,
1100 2725 1129 2747 ιιι
1154 2721 1270 2748 salutent
1298 2722 1420 2746 nostram
1445 2713 1609 2748 tutarentur,
1633 2723 1664 2742 ac
1679 2721 1741 2749 qua:

955 2765 1075 2793 arcendo
1091 2766 1184 2794 hostes
1201 2769 1294 2793 essent
1310 2764 1401 2792 omnia
1420 2769 1590 2798 pararemus,
1606 2763 1687 2794 atque
1706 2758 1739 2786 ad

956 2812 1056 2838 bellum
1077 2812 1270 2841 sustinendum
1296 2809 1396 2838 animis
1420 2808 1611 2836 eXcitaremur.
1637 2804 1739 2832 Verum

291 2887 294 2891 Δ
745 2854 864 2883 VARUE
880 2855 1082 2886 LECTIONES.

144 2907 171 2923 "
182 2904 313 2937 πάνταςῗ
350 2903 373 2920 ⁸⁸
383 2903 472 2939 λέγειν
485 2902 497 2929 ῖ
542 2902 565 2920 ³⁸
573 2900 643 2930 οἶδεν
658 2901 713 2931 AP.
751 2901 775 2918 ⁸⁷
787 2901 935 2938 μηδεμίαν]
947 2903 994 2930 καὶ
1006 2903 1162 2939 μηδεμίανῗ
