1997 3167
254 183 307 214 ῙΗ

215 265 218 268 .
253 241 416 269 concidebat
443 241 579 277 cujusque
599 241 720 273 animus,
745 247 808 267 cum
830 238 892 267 aliis
913 238 1047 274 disiectus
1061 237 1086 268 Α

254 288 341 320 euris,
355 288 428 323 quod
443 288 514 316 bello
543 287 681 322 inexperti
707 294 819 314 eramus
848 286 980 321 nulloque
1006 286 1046 312 rei

255 342 319 368 usu,
334 342 384 363 nec
399 340 428 362 ut
442 335 502 370 ipsa
518 335 579 369 ejus
593 334 717 362 ducenda
733 333 846 361 exordia
862 340 1046 366 noveramus;

256 386 312 407 tum
328 389 394 409 vero
410 381 498 416 magis
521 381 593 416 quod
622 388 720 408 murus
744 380 813 407 nihil
838 379 954 407 idoneus
978 383 1048 412 erat,

255 431 312 460 quo
334 429 363 452 et
394 425 477 460 509
505 425 625 453 hostium
652 425 786 460 impetum
809 424 1048 460 exspectabamus,

256 471 378 498 omnium
401 471 509 498 animos
524 471 719 506 desperatione
736 471 890 506 mergebat.
918 470 958 498 Ac
982 477 1050 498 sane

257 524 299 544 res
318 522 446 552 suspecta
461 522 530 549 erat,
549 525 604 545 non
634 518 722 545 solum
755 517 835 544 nobis
869 516 942 544 bello
973 516 1050 544 inex-

257 564 342 598 pertis
369 571 401 591 ac
431 563 596 596 inermibus,
624 563 671 591 sed
702 567 728 590 et
757 563 779 592 si
807 563 854 598 qui
885 562 942 597 jam
972 570 1052 590 exer-

257 610 331 637 citati
357 610 514 638 istiusmodi
542 617 635 637 rertun
680 617 781 638 causas
819 610 944 646 apprime
968 609 1051 638 calie-

258 658 329 682 rent.

297 701 344 728 i7.
357 700 452 736 Itaque
466 700 492 728 in
509 708 568 728 eam
597 701 761 728 sententiam
787 701 898 734 i\imlls,
930 701 953 728 si
986 699 1052 736 quid

259 751 334 775 esset
349 747 530 777 moliendum.
548 747 575 774 id
587 754 648 774 esse
666 747 693 774 in
707 747 768 782 ipso
783 755 863 775 muro
884 749 1052 780 conandum,

257 796 285 819 et
298 796 360 820 ante
382 793 477 820 omnia
503 792 579 820 illius
611 793 756 820 securitati
773 797 800 820 et
816 793 844 821 in
857 793 956 821 melius
982 793 1054 821 refe-

259 837 342 865 ctioni
357 837 591 873 prospiricudum.
608 837 732 873 Cogitata
746 845 799 866 non
814 838 942 866 laudabat
956 839 1003 874 qui
1020 839 1055 867 ab

259 884 426 919 imperatore
442 885 568 911 nuntium
590 885 670 912 nobis
694 885 824 913 attulerat
844 885 982 921 (Petronze
1006 893 1055 914 no-

259 937 321 957 men
336 930 418 965 erat),
436 930 478 957 vir
501 931 785 966 protospathariorum
816 932 954 966 ascriptus
976 937 1054 960 cata-
1068 920 1091 950 Β

260 976 340 1011 lego;
358 977 401 1004 cui
433 981 493 1004 erat
522 977 680 1012 impositum
715 982 746 1004 ut
769 977 911 1010 paululum
942 977 970 1006 in
987 978 1056 1006 urbe

258 1028 480 1050 εοιιιιιιοτηιοειυι*
502 1030 637 1058 opemque
662 1031 740 1051 suam
769 1023 908 1051 conferret
930 1027 957 1051 οι
973 1024 1056 1052 rebus

259 1069 353 1096 debita
372 1069 497 1096 subsidia
517 1069 752 1097 subministraret.
769 1068 794 1096 Is
807 1069 880 1096 aliud
905 1070 1055 1105 sapientis-

259 1116 358 1142 simum
378 1115 536 1148 consilium,
557 1115 659 1151 quippe
675 1116 753 1143 valde
764 1115 860 1144 emcax
876 1124 908 1144 ac
923 1110 1055 1151 salutare.

262 1168 293 1188 se
312 1161 451 1188 invenisse
465 1161 567 1194 aiebat,
584 1161 638 1189 nisi
655 1161 720 1189 illud
741 1170 849 1198 quoque
879 1163 984 1191 scelera
1008 1172 1058 1192 no—

260 1211 318 1234 stra
332 1207 523 1241 dissipassent,
556 1215 618 1242 quae
641 1213 737 1236 nostro
762 1209 870 1237 excidio
899 1211 1058 1238 sternebant

261 1254 344 1281 viam.
360 1253 484 1288 Namque
502 1261 566 1282 cum
582 1254 645 1282 aliis
661 1255 703 1282 vir
722 1255 779 1288 ille,
803 1255 851 1283 Sed
869 1257 988 1285 maxime
1011 1265 1057 1285 re-

262 1307 323 1326 rum
339 1300 508 1334 experientia
523 1303 677 1335 praestaret,
701 1301 772 1328 intra
791 1309 820 1329 se
837 1302 928 1337 ipsum
956 1303 1058 1330 exami-

261 1353 341 1376 nans,
360 1346 383 1373 si
409 1345 436 1372 in
454 1346 635 1374 exstruendis
661 1347 747 1375 muris
778 1354 845 1375 cura
872 1348 1057 1381 adhiberetur,

263 1392 382 1418 maxima
401 1392 463 1419 urbi
481 1392 609 1420 adfutura
625 1393 811 1428 incommoda,
826 1397 853 1421 et
869 1395 956 1422 nihilo
973 1395 1059 1431 magis

263 1438 297 1464 iis
309 1445 339 1466 se
356 1437 547 1473 profecturum
564 1439 610 1474 qui
626 1443 690 1466 ante
708 1439 797 1475 ipsmn
816 1440 910 1469 simile
928 1448 996 1476 opus
1011 1448 1059 1476 ag-

263 1485 349 1519 gressi
365 1489 469 1518 essent,
483 1484 518 1512 ad
532 1485 607 1512 aliud
623 1486 783 1513 securitatis
809 1494 896 1521 genus
924 1486 970 1522 (et
994 1490 1058 1514 nota

263 1536 346 1564 quam
359 1534 451 1564 aptqu
469 1537 501 1557 ac
516 1530 774 1566 peropportunum)
791 1531 913 1558 animout
930 1531 1056 1558 advertit.

263 1574 463 1603 Considerabat
483 1576 567 1608 enim,
585 1583 647 1603 cum
674 1584 739 1612 pars
757 1577 837 1605 urbis
856 1582 923 1605 noto
945 1577 1059 1605 adversa

263 1621 378 1650 marinis
394 1623 475 1657 aquis
489 1627 544 1650 tota
560 1623 800 1657 eircumluerelur,
817 1624 840 1652 si
862 1623 926 1652 inde
947 1623 1060 1652 Barbati

264 1675 340 1695 arma
354 1669 514 1702 movissent,
529 1670 662 1705 quidquid
673 1670 843 1704 libuisset,in
856 1678 886 1698 ea
902 1669 982 1698 facile
995 1670 1060 1698 οιτο-

264 1720 369 1748 cturos,
398 1722 460 1742 cum
489 1723 568 1743 nemo
598 1716 719 1750 ipsorum
748 1717 875 1745 ascensui
910 1717 936 1744 in
968 1724 1062 1744 muros

265 1760 365 1796 (ipsos
392 1760 511 1788 humiles
526 1768 559 1788 ac
575 1764 655 1789 terrae
672 1762 837 1797 contiguos)
863 1762 1062 1796 impedimento

265 1808 347 1843 510
360 1816 422 1836 esse
439 1811 532 1842 posset
546 1816 553 1834 :
577 1815 640 1834 nam
654 1808 766 1835 navium
783 1807 882 1843 puppis
901 1809 938 1835 ita
951 1807 1058 1836 emine-

266 1853 323 1887 bat,
341 1857 370 1881 ut
390 1862 421 1881 ex
437 1861 468 1880 ea
493 1857 624 1888 tanquam
642 1860 675 1881 ex
693 1854 755 1881 loco
777 1854 916 1890 superiori
942 1855 969 1882 in
998 1861 1063 1890 pro-

266 1901 430 1937 pugnaculis
445 1901 626 1929 immorantes
641 1901 764 1929 hostium
777 1899 877 1935 iaculis
891 1901 1003 1928 obnoxii
1015 1909 1062 1929 es-

266 1951 338 1975 sent.
375 1947 478 1974 Statuit
506 1947 589 1984 igitur
616 1954 742 1982 aggerem
771 1947 918 1983 quemdam
950 1952 1063 1982 arteque

267 1993 408 2022 factitatas
421 1993 539 2022 insidias
555 1994 582 2021 in
602 1995 682 2029 aquis
708 1993 776 2029 ipsis
795 1994 944 2027 occultare,
962 1994 1063 2029 quibus

268 2041 404 2068 securitas
421 2041 480 2068 urbi
495 2041 633 2076 simulque
649 2041 776 2068 hostibus
792 2041 965 2068 obstaculum
983 2040 1062 2068 foret.

267 2085 354 2114 Erant
369 2094 487 2122 namque
506 2087 533 2114 in
551 2091 638 2114 tracttt
653 2086 730 2114 urbis
750 2085 782 2114 ad
802 2086 940 2114 Orientem
963 2095 996 2115 ac
1015 2086 1065 2115 0c-

268 2134 404 2161 cidcntetn
420 2138 551 2169 vergente
571 2133 691 2168 plurima
708 2141 740 2160 ex
757 2140 811 2161 uno
826 2134 915 2168 lapide
932 2138 1063 2161 excavata

269 2179 409 2214 sepulcra,
438 2180 539 2214 quibus
563 2179 715 2214 antiquitus
738 2180 862 2214 gentiles,
883 2181 930 2215 qui
946 2188 1006 2208 eam
1020 2181 1065 2207 in-

269 2225 471 2257 babitavcrant,
488 2233 554 2253 suos
573 2230 695 2253 mortuos
712 2225 878 2253 condebant.
895 2226 957 2254 Haec
969 2227 1014 2255 ille
1029 2227 1056 2255 in

273 2278 357 2298 unum
376 2270 546 2304 convabens,
564 2279 596 2299 ac
614 2271 733 2299 mirabili
747 2271 865 2306 quodam
876 2273 1004 2307 artilicio,
1016 2281 1063 2301 cu-
1079 2278 1102 2306 ι)

268 2315 314 2351 jus
330 2317 388 2352 ipse
406 2317 482 2345 solus
505 2318 556 2345 sibi
582 2322 680 2346 auctor
699 2319 856 2353 exstiterat,
881 2319 908 2346 in
924 2327 999 2348 mare
1018 2319 1065 2348 de-

273 2371 412 2399 tncl‘gcns,
431 2367 458 2391 et
475 2371 609 2399 perparvo
624 2364 769 2393 intervallo
789 2373 805 2393 a
829 2373 859 2394 se
877 2365 1004 2403 dissitos,
1025 2375 1067 2394 or-

270 2410 333 2438 dine
343 2416 432 2438 tanten
441 2410 563 2447 digestos
576 2411 649 2439 inter
661 2419 748 2447 aquas
759 2416 917 2449 contegens,
929 2414 1066 2441 marinum

268 2457 408 2493 quoddam
425 2465 456 2485 ac
470 2465 539 2493 pene
553 2458 711 2487 ittauditum
728 2460 944 2494 munimentum,
957 2469 990 2488 eo
1006 2461 1066 2496 ipso

270 2512 348 2532 muro
365 2505 412 2539 qui
430 2504 464 2532 ad
491 2505 676 2533 continentem
695 2505 793 2534 altiore
807 2510 947 2535 structura
963 2507 1068 2536 emine-

1074 1600 1101 1629 ο

270 2550 316 2577 bat
328 2551 446 2579 validius
462 2558 493 2579 ac
509 2552 648 2586 securius,
670 2551 819 2581 artiﬁciosa
836 2561 902 2582 vere
922 2554 1067 2582 sedulitate

270 2596 416 2624 condebat.
438 2597 470 2624 Et
490 2597 546 2632 jam
560 2606 643 2633 opere
661 2599 812 2634 praestitum
829 2599 938 2633 fuisset,
956 2607 1066 2628 omnem

271 2642 334 2670 urbi
351 2643 527 2671 securitatem
543 2650 691 2679 praestans,
707 2653 770 2673 cum
784 2654 840 2673 non
852 2652 965 2681 possent
981 2655 1064 2674 nares

271 2690 410 2725 appellere
432 2697 560 2725 noxaque
578 2691 673 2718 urbem
690 2691 808 2724 adicere,
832 2693 860 2720 ni
885 2693 936 2720 hoc
954 2701 1065 2729 quoque

271 2741 385 2773 propter
404 2740 530 2765 uestram
547 2737 750 2773 improbitatem
768 2739 951 2775 interruptum
975 2740 1001 2767 in
1023 2740 1065 2767 ni-

271 2783 357 2813 hilqu
369 2783 524 2813 recidisset.

871 180 1042 212 JOANNES
1053 178 1274 210 CAMENIATA

1841 170 1889 202 548

1099 237 1172 268 σθαι,
1189 236 1272 272 μήπω
1285 234 1333 261 τοῦ
1346 234 1510 270 πράγματος
1534 232 1572 258 ὢν
1586 232 1615 258 ιν
1631 230 1724 266 πείρᾳ,
1741 229 1803 265 μηδ’
1818 229 1890 260 ὅπως

1098 283 1148 318 τὴν
1160 282 1247 318 ἀρχὴν
1259 281 1394 316 λαμϐάνει
1421 279 1613 314 δεδιδαγμένος
1624 286 1631 293 δ
1654 277 1736 304 πλέον
1759 276 1789 303 δὲ
1808 275 1841 302 τδ
1856 274 1890 310 μὴ

1100 328 1253 364 ἐπιτήδειον
1265 325 1337 354 εἶναι
1351 327 1382 353 τὸ
1393 326 1416 342 ⁸⁵
1431 327 1521 361 τεῖχος
1534 324 1601 352 ἕνθα
1613 324 1661 351 καὶ
1674 324 1724 359 τὴν
1738 321 1892 357 προσϐολὴν

1099 372 1282 409 ὲσκοποῦμεν,
1299 372 1349 404 τὰς
1380 372 1509 400 ἁπάντων
1527 372 1618 407 ψυχὰς
1643 368 1810 400 κατεὸύθιζι
1821 376 1829 383 ·
1848 368 1893 394 καὶ

1099 419 1154 456 γὰρ
1165 417 1200 456 ἦν
1213 419 1250 451 ὼς
1260 418 1369 454 ἀληθῶς
1382 419 1514 451 ὕποπτον,
1530 419 1561 445 οὑ
1578 418 1659 453 μόνον
1671 418 1728 449 τοῖς
1743 416 1893 450 ἀπειροπο-

1099 466 1193 502 λέμοις
1207 466 1254 493 καὶ
1267 458 1378 498 ἀόπλοις
1391 467 1467 501 ἡμῖν,
1484 465 1600 501 ἀλλ’ήδη
1615 465 1663 492 καὶ
1673 464 1765 495 αὐτοῖς
1777 462 1837 493 τοῖς
1852 469 1896 495 γε·

1102 514 1308 549 γυμνασμένοις
1320 513 1367 540 καὶ
1385 512 1623 549 προειποκειμένας
1637 511 1729 547 ἔχουσι
1742 511 1764 527 ⁸³
1775 509 1825 539 τὰς
1844 508 1895 534 τῶν

1100 560 1231 587 τοιούτων
1248 560 1422 596 πραγμάτων
1438 560 1540 591 αἰτίας.

1141 692 1184 726 ιζ’.
1209 692 1449 728 Ὲὸουλευσάμεθα
1463 692 1486 719 δ’
1505 690 1563 725 οὖν,
1582 692 1609 719 et
1628 701 1655 719 τι
1669 691 1716 719 καὶ
1737 691 1794 718 δέοι
1810 691 1897 726 πράτ-

1104 750 1172 772 τειν,
1184 742 1212 768 ὲν
1221 741 1296 776 αὐτῷ
1311 741 1441 777 πράττειν
1453 740 1493 776 τῷ
1505 741 1593 775 τείχει
1603 740 1650 767 καὶ
1660 739 1776 776 πρώτης
1790 738 1897 774 ἔχεσθαι

1104 789 1154 823 τῆς
1166 788 1249 816 αὐτοῦ
1262 787 1414 822 ἀσφαλείας
1426 787 1475 819 καὶ
1489 787 1558 822 πρὸς
1569 786 1601 813 τὸ
1610 787 1736 822 κρεῖττον
1748 786 1898 821 μεταποιή-

1107 842 1186 866 σεως.
1204 834 1241 860 Οὐ
1263 832 1440 860 συνεϐούλευε
1457 833 1480 859 δ’
1497 834 1563 868 ἡμῖν
1579 833 1658 860 τοῦτο
1673 832 1743 864 τέως
1767 832 1782 859 ὁ
1796 830 1898 866 ταύτην

1105 882 1173 916 ἡμῖν
1188 880 1237 916 τὴν
1254 880 1385 915 ἀγγελίαν
1398 880 1467 917 πρὸς
1481 880 1529 907 τοῦ
1553 880 1685 916 βασιλέως
1702 879 1825 914 κομίσας
1837 879 1898 913 (Πι-

1105 928 1211 963 τρωνᾶς
1226 927 1253 954 δὲ
1269 923 1347 959 οὗτος
1363 926 1498 960 ἐκαλεῖτο,
1515 926 1554 962 τῷ
1569 926 1714 961 καταλόγῳ
1726 926 1782 953 τῶν
1794 933 1900 959 πρωτο-

1107 973 1266 1008 σπαῠαρίων
1294 973 1539 1009 ὲναριθμούμενος,
1569 973 1599 1005 ὃς
1613 971 1648 1009 ἦν
1663 972 1898 1007 ἐπιτετραμμένος

1107 1019 1264 1055 ὲγχρονίσαι
1281 1020 1380 1056 μικρὸν
1391 1021 1424 1055 τῇ
1440 1019 1516 1047 πόλει
1533 1019 1580 1047 καί
1597 1028 1670 1051 τινος
1682 1019 1752 1054 αὐτῇ
1772 1017 1900 1054 μεταδοῦ-

1106 1073 1150 1093 ναι
1165 1064 1293 1102 βοηθείας
1306 1067 1354 1093 καὶ
1368 1065 1482 1100 δεούσης
1496 1067 1525 1093 ὲν
1550 1068 1606 1098 τοῖς
1625 1065 1774 1100 πράγμασι
1805 1073 1899 1100 συνερ-

1107 1112 1206 1148 γείας),
1220 1111 1303 1148 ἄλλην
1317 1112 1346 1139 δὲ
1357 1112 1517 1147 σοφωτάτην
1530 1111 1622 1146 ἔλεγεν
1635 1111 1759 1146 ἐξευρεῖν
1770 1110 1899 1141 ἐπίνοιαν,

1107 1157 1145 1189 ὡς
1161 1157 1222 1184 λίαν
1245 1157 1344 1193 ἐνεργῆ
1369 1157 1416 1184 καὶ
1435 1156 1580 1193 σωτήριον,
1599 1157 1623 1184 εἱ
1640 1156 1678 1192 μὴ
1689 1155 1737 1183 καὶ
1755 1155 1861 1189 ταύτης
1875 1154 1900 1180 at

1108 1204 1335 1241 πρωδοποιοῦσαι
1349 1204 1399 1240 τὴν
1424 1203 1486 1231 καθ’
1503 1203 1583 1238 ἡμῶν
1607 1202 1750 1229 ἀπώλειαν
1766 1201 1901 1236 ἁμαρτίαι

1108 1251 1249 1287 ἀναίρεσιν
1275 1250 1478 1278 καθυπὲδαλον.
1499 1249 1658 1284 Ἐλλόγιμος
1674 1248 1730 1284 γὰρ
1742 1247 1782 1275 ὣν
1797 1249 1812 1274 ό
1835 1247 1900 1282 ἀνὴρ

1108 1298 1157 1325 καὶ
1168 1297 1270 1333 πολλὴν
1284 1297 1457 1333 πραγμάτων
1470 1295 1596 1332 ἐσχηκὼς
1607 1297 1717 1330 πεῖραν,
1732 1294 1797 1322 καθ’
1810 1294 1902 1321 ἑαυτὸν

1111 1343 1225 1371 συνιδὼν
1241 1344 1279 1376 ὡς
1294 1344 1318 1370 εί
1331 1343 1441 1379 θελήσοι
1455 1342 1497 1379 [Ρ.
1511 1342 1574 1379 551]
1586 1341 1633 1369 τοῦ
1643 1342 1753 1377 τείχους
1769 1341 1821 1376 τῆς
1833 1341 1903 1367 οἱκο-

1108 1391 1195 1426 δομῆς
1219 1390 1431 1426 ἐπιμεληθῆναι,
1449 1390 1497 1417 καὶ
1525 1389 1627 1421 κόπους
1643 1389 1759 1424 παρέξει
1781 1389 1815 1424 τῇ
1829 1386 1904 1414 πόλει

1111 1437 1157 1463 καὶ
1173 1436 1253 1463 πλέον
1263 1436 1339 1463 οὐδὲν
1351 1436 1408 1463 τῶν
1426 1436 1478 1471 πρὸ
1501 1435 1585 1462 αὐτοῦ
1607 1435 1672 1470 περὶ
1684 1434 1783 1461 τούτου
1797 1441 1905 1468 φροντι-

1111 1483 1218 1510 σάντων
1242 1482 1379 1518 ὀνήσειεν,
1407 1482 1451 1517 ἐφ’
1463 1482 1558 1516 ἕτερον
1577 1480 1648 1512 εἶδος
1670 1480 1824 1515 ἀσφαλείας
1841 1478 1906 1516 (καὶ

1111 1529 1208 1556 σκόπει
1232 1529 1291 1560 πῶς
1306 1529 1406 1563 εὐφυὲς
1431 1528 1478 1555 καὶ
1493 1527 1634 1565 ἁρμόδιον)
1646 1527 1694 1554 τὸν
1705 1526 1770 1554 νοῦν
1784 1525 1905 1562 μετηγά-

1111 1584 1185 1610 γετο.
1199 1575 1283 1607 Εἰδὼς
1293 1575 1347 1611 γὰρ
1357 1575 1394 1606 ὡς
1407 1574 1481 1602 ἅπαν
1495 1573 1691 1610 περικλύζεται
1704 1572 1736 1599 τὺ
1751 1572 1825 1608 κατὰ
1834 1572 1906 1599 νότον

1114 1624 1197 1659 μέρος
1210 1624 1260 1658 τῆς
1277 1623 1382 1655 πόλεως
1408 1623 1462 1650 ὑπὸ
1477 1623 1501 1640 ’⁸
1523 1623 1578 1650 τῶν
1606 1622 1766 1650 θαλασσίων
1792 1622 1907 1654 ὑδάτων,

1113 1670 1218 1697 ἐκεῖθεν
1234 1670 1262 1697 δὲ
1273 1669 1493 1706 προσπίπτοντος
1504 1669 1551 1697 τοῦ
1566 1669 1686 1705 πολέμου
1700 1669 1825 1706 εὐχερῶς
1839 1669 1908 1704 ἔχειν

1112 1717 1176 1749 τοὺς
1189 1717 1349 1752 Βαρϐάρους
1363 1717 1417 1744 πᾶν
1428 1715 1517 1744 ὁτιοῦν
1532 1716 1662 1752 βούλοιντ’
1673 1715 1706 1743 ἂν
1716 1717 1746 1743 ὲν
1761 1716 1841 1751 αὐτῷ
1855 1716 1910 1742 δια-

1114 1762 1283 1798 πράξασθαι,
1301 1763 1416 1798 μηδενὸς
1429 1762 1582 1794 κωλύοντος
1601 1761 1700 1794 αὐτοὺς
1715 1762 1851 1798 ὑπεράνω
1863 1761 1909 1797 τῆς

1115 1808 1261 1845 οἰκοδομῆς
1292 1809 1420 1844 γενέσθαι
1436 1809 1484 1836 τοῦ
1515 1808 1623 1844 τείχους
1638 1809 1683 1836 διὰ
1706 1809 1739 1836 τὸ
1763 1809 1911 1844 πρόσγειον

1114 1853 1162 1881 καὶ
1172 1854 1388 1890 χθαμαλώτατον
1402 1855 1425 1871 ’ί
1439 1852 1509 1882 εἶναι
1521 1855 1570 1888 τάς
1584 1864 1614 1882 τε
1629 1855 1695 1890 νῆας
1711 1855 1815 1890 μᾶλλον
1829 1856 1912 1890 ὕπερ-

1114 1899 1221 1936 ανέχειν
1253 1900 1285 1926 ἐκ
1313 1899 1360 1927 τοῦ
1379 1900 1449 1928 κατὰ
1480 1900 1608 1936 πρύμναν
1636 1899 1749 1936 μέρους,
1780 1901 1832 1928 καὶ
1861 1899 1912 1927 ἀπὸ

1116 1946 1255 1983 μετεώρου
1286 1946 1416 1975 δύνασθαι
1440 1947 1504 1979 τοὺς
1530 1948 1559 1974 ὲν
1576 1948 1636 1979 ταῖς
1662 1947 1813 1980 ἐπάλξεσιν
1833 1947 1912 1978 ὂντας

1115 1993 1360 2029 κατατιτρώσκειν,
1377 1993 1557 2020 ἐϐουλεύσατο
1571 1994 1699 2030 φραγμὸν
1714 2002 1777 2021 τινα
1802 1993 1854 2021 καὶ
1871 2002 1915 2020 τε·

1114 2039 1288 2074 τεχνημὲνην
1305 2039 1415 2075 ἐνέδραν
1429 2040 1457 2066 ὲν
1469 2041 1560 2072 αὐτοῖς
1574 2040 1711 2075 ἐγκρύψαι
1725 2041 1785 2073 τοῖς
1805 2040 1915 2072 ὕδασιν,

1118 2086 1156 2117 ὼς
1173 2085 1206 2113 ἃν
1221 2085 1268 2112 καὶ
1283 2086 1315 2121 τῇ
1332 2086 1407 2112 πόλει
1421 2086 1451 2112 τὺ
1465 2086 1585 2120 ἀσφαλὲς
1602 2087 1649 2114 καὶ
1663 2088 1720 2119 τοῖς
1736 2087 1917 2123 ὲχθροίς¹ἑμ-

1116 2132 1208 2158 πόδιον
1219 2132 1280 2158 κατ’
1293 2131 1359 2158 αὐτὸ
1373 2133 1496 2168 γένηται.
1517 2133 1614 2160 Πολλοὶ
1626 2133 1680 2168 γὰρ
1695 2131 1767 2169 ἦσαν
1783 2135 1818 2161 ὲκ
1837 2143 1917 2170 μονο-

1115 2177 1191 2205 λίοου
1205 2178 1391 2213 γεγλυμμένοι
1402 2178 1501 2214 τύμόοι
1519 2178 1589 2206 κατά
1608 2188 1637 2206 τε
1647 2180 1677 2206 τὸ
1697 2180 1768 2214 πρὸς
1779 2180 1919 2216 ἀνατολὴν

1117 2226 1166 2252 καὶ
1177 2225 1252 2252 δύσιν
1268 2225 1350 2261 μέρος
1373 2225 1423 2260 τῆς
1438 2225 1553 2258 πόλεως,
1567 2226 1594 2252 ἐν
1606 2223 1647 2259 οἷς
1665 2226 1751 2254 πάλαι
1770 2227 1841 2259 τοὺς
1857 2228 1920 2253 ὲαυ-

1117 2272 1171 2298 τῶν
1184 2272 1299 2306 νεκροὺς
1316 2272 1340 2299 οι
1352 2271 1432 2306 τήνδε
1447 2272 1636 2304 κατοικοῦντες
1652 2273 1837 2307 ὲνεταφίαζον
1857 2274 1922 2300 Ἔλ-

1116 2319 1212 2354 ληνες·
1226 2319 1272 2352 οὓς
1286 2318 1333 2346 καὶ
1352 2320 1478 2354 συνάγων
1493 2319 1541 2346 καί
1556 2328 1610 2346 τινι
1632 2319 1779 2356 παραδόξῳ
1796 2320 1919 2356 μεθόδῳ,

1116 2366 1149 2402 ἦν
1162 2366 1244 2398 αὐτὸς
1262 2367 1342 2401 μόνος
1359 2365 1465 2402 ἐξεῦρε,
1481 2367 1514 2402 τῇ
1529 2365 1651 2402 Θαλάσσῃ
1669 2365 1800 2402 βυθίζων,
1818 2368 1872 2394 καὶ
1886 2367 1922 2398 ὡς

1117 2413 1172 2440 ἀπὸ
1201 2413 1302 2449 μικροῦ
1329 2421 1404 2445 τινος
1432 2413 1620 2450 διαστήματος
1643 2414 1786 2450 στοιχηδὸν
1800 2415 1923 2445 τούτους

1117 2461 1174 2492 τοῖς
1187 2459 1281 2488 ὕδασιν
1292 2460 1471 2495 ἁποκρύὸων,
1483 2460 1629 2487 θαλάσσιόν
1638 2469 1664 2488 τι
1673 2461 1720 2488 καὶ
1734 2461 1815 2494 ξένον
1830 2461 1925 2498 ἔρυμα

1118 2506 1167 2534 καὶ
1180 2506 1226 2534 τοῦ
1245 2506 1313 2542 πρὸς
1327 2506 1393 2541 ὕψος
1407 2508 1440 2543 τῇ
1455 2507 1546 2542 χέρσῳ
1565 2500 1790 2544 προϐεϐλημένου
1810 2507 1925 2543 ulla»;

1118 2553 1288 2588 ὀχυρώτερὸν
1301 2561 1331 2579 τε
1343 2553 1390 2581 καὶ
1406 2553 1610 2589 ἀσφαλέστερον
1623 2555 1656 2590 τῇ
1667 2553 1784 2589 ἀληθείᾳ.
1804 2562 1927 2581 κατετε-

1118 2599 1243 2636 χνάζετο.
1260 2599 1315 2627 Καὶ
1326 2599 1358 2635 δὴ
1372 2599 1420 2626 καὶ
1433 2600 1473 2632 εἰς
1487 2600 1568 2636 ἔργον
1579 2600 1612 2627 ἂν
1625 2600 1706 2635 ἐξέϐη
1718 2601 1814 2627 πᾶσαν
1834 2601 1926 2633 ἀσφά-

1117 2646 1194 2673 λειαν
1220 2647 1254 2682 τῇ
1283 2645 1360 2672 πόλει
1378 2645 1621 2681 περιποιούμενον,
1647 2646 1685 2677 ὡς
1701 2645 1766 2681 μηδὲ
1780 2645 1928 2673 δύνασθαι

1118 2693 1169 2725 τὰς
1195 2693 1262 2728 νῆας
1287 2693 1437 2728 πλησιάσαι
1468 2693 1498 2719 τὸ
1511 2693 1644 2728 παράπαν
1660 2692 1707 2719 καὶ
1732 2691 1780 2726 τῆς
1814 2691 1928 2719 ἑαυτῶν

1122 2739 1285 2775 μεταδοῦναι
1304 2737 1417 2774 βλάϐης,
1433 2739 1458 2765 εί
1474 2739 1512 2773 μὴ
1527 2739 1575 2765 καὶ
1591 2737 1671 2765 τοῦτο
1686 2737 1730 2765 διὰ
1745 2737 1798 2770 τὴν
1819 2737 1923 2773 μοχθη-

1122 2786 1184 2822 ρίαν
1204 2785 1283 2820 ἡμῶν
1295 2784 1420 2821 ἐκωλύθη
1433 2785 1480 2812 καὶ
1494 2786 1534 2817 εἰς
1547 2786 1624 2812 οὐδὲν
1636 2784 1855 2821 προεχώρησεν.

914 2852 1032 2881 νΑιιιΑῑ
1051 2850 1253 2881 LECTIONES.

310 2921 333 2937 “
344 2921 374 2948 τὸ
382 2929 437 2949 om.
455 2922 486 2950 P.
506 2922 528 2940 "
542 2923 634 2955 αὐτοῖς
647 2923 881 2959 γεγυμνασμένοις
891 2922 983 2959 ἔχουσι
997 2922 1028 2952 Ρ.
1064 2924 1085 2941 ⁸⁸
1101 2922 1153 2951 ἀπὸ
1166 2922 1220 2950 ΛΡ.
1257 2924 1277 2940 9‘
1289 2924 1336 2951 καὶ
1352 2923 1567 2959 χθαμαλώτατον
1584 2930 1638 2950 om.
1653 2922 1682 2949 Ρ.
