1997 3167
278 190 334 226 551

903 182 1073 216 JOANNES
1091 179 1309 211 CAMENIATA

1867 172 1912 204 552

273 258 296 278 is
313 255 427 277 accessu
450 254 530 283 opem
556 253 586 273 se
610 243 672 272 urbi
691 243 841 270 allaturum
856 240 1067 276 'pollicebatur;

1133 237 1184 269 ξίαν
1199 236 1233 263 ’⁸.
1251 233 1337 268 υῦτος
1352 233 1437 261 ἐλθὼν
1456 231 1647 268 συνεπαμῦναι
1669 239 1702 266 τῃ
1717 229 1794 256 πόλει
1813 237 1911 264 κατηγ-

273 296 306 322 ad
325 294 377 321 hoc
391 293 465 320 enim
480 291 569 319 aiebat
586 297 615 317 se
629 289 755 321 venisse;
772 294 803 314 ac
815 286 838 314 si
850 286 915 321 quid
930 284 1067 321 agendum

273 346 358 373 esset,
384 339 418 366 ad
447 339 541 365 omnia
570 345 600 364 se
621 340 746 371 paratum
776 331 1068 360 allirmabat.Verum-

274 387 415 414 enimvero
432 392 479 420 per
493 391 553 411 eam
570 382 680 409 interim
698 387 859 414 suspensam
879 378 1000 406 hostium
1022 385 1070 404 ex-

275 432 485 468 spectationem,
503 429 700 468 scenda-lorum
713 426 835 454 auctoris
851 433 884 452 ac
905 423 1070 459 nequissimi

277 465 358 515 513
383 477 517 505 daemonis
539 465 778 506 machinamento,
804 472 940 508 ejusmodi
966 470 1071 506 aliquid

276 526 385 557 accidit.
397 530 428 552 ut
439 531 537 558 nempe
554 523 681 550 laudatus
690 525 799 556 praetor,
813 521 879 548 dum
896 519 924 546 in
934 518 1071 550 Nicetam,

276 572 322 607 qui
341 578 429 605 nuper
442 569 592 597 advenerat
607 568 615 603 (
631 568 677 595 ubi
695 572 753 594 tum
773 569 796 594 is
807 565 976 594 exstruendo
992 572 1071 592 muro

276 625 387 652 operam
405 615 498 650 dabat)
519 623 590 649 equo
607 614 730 641 insidens
746 612 900 644 incidisset,
914 616 942 639 et
959 619 1021 638 cum
1039 618 1073 639 eo

277 663 358 698 quasi
369 661 459 689 amico
471 666 632 689 consuetam
648 660 749 687 mutuis
763 658 953 693 complexibus
967 658 1072 685 saluta-

277 710 381 736 tionem
402 707 545 742 complere
570 706 660 734 visum
681 710 764 737 esset,
788 705 847 739 ipso
873 712 982 740 quoque
1001 711 1073 738 equo

279 754 426 786 insidente.
446 760 497 780 nec
511 755 592 780 caute
612 751 681 779 satis
704 751 781 778 frena
800 756 896 778 tenens
909 770 916 783 ,
933 750 993 777 diro
1007 758 1073 777 casu

280 800 430 834 multisque
453 797 584 833 lacrymis
600 795 794 832 prosequendo
821 795 980 822 lmderetur.
1006 793 1074 820 Nam

280 846 419 873 obturbati
432 845 508 880 equi,
525 849 552 871 et
565 843 712 871 immanius
730 842 752 869 is
772 849 827 877 quo
845 842 904 876 ipse
924 840 1075 872 ferebatur,

281 891 398 919 naturali
417 891 510 918 furore
529 890 660 925 percitus,
679 889 792 916 reducta
815 888 922 916 cervice
941 891 1023 922 atque
1041 887 1077 913 ri-

281 940 343 976 gide
356 945 447 967 erecta
468 939 533 974 juba
548 960 555 971 ,
571 943 678 965 rectum
695 945 756 965 sese
768 937 918 964 sustollens
933 943 996 963 eum
1012 935 1078 964 sede

281 986 402 1021 expulit,
420 986 465 1020 qui
480 993 527 1019 per
537 982 653 1011 caudam
669 982 817 1010 devolutus
830 985 856 1009 et
872 981 899 1008 in
910 981 1000 1008 solum
1016 987 1078 1016 pro-

282 1038 396 1065 stratus,
412 1039 481 1059 coxa
497 1031 595 1058 dextra
609 1034 636 1056 et
649 1030 725 1056 circa
737 1029 855 1063 cotylem
870 1028 1001 1056 membris
1019 1027 1078 1055 col-

282 1078 354 1109 lisis,
368 1077 405 1105 ita
420 1077 520 1104 misere
536 1075 646 1103 habitus
658 1078 700 1101 est
716 1079 745 1101 ut
758 1078 784 1101 et
799 1073 833 1102 de
843 1073 896 1100 vita
907 1074 967 1108 ipsa
978 1073 1078 1109 despe-

284 1129 367 1151 raret.
400 1123 468 1150 Eum
500 1122 628 1149 militaris
655 1120 778 1148 cohortis
801 1120 955 1153 satellites,
984 1119 1078 1146 statim

284 1170 411 1197 manibus
424 1169 576 1201 sublatum,
588 1167 700 1196 domum
718 1167 902 1199 adduxerunt,
916 1166 1030 1197 trullam,
1049 1169 1080 1192 ut

286 1225 336 1253 par
354 1221 414 1248 est,
434 1216 563 1250 deinceps
581 1222 678 1242 eorum
700 1221 761 1249 quae
780 1213 808 1240 in
834 1212 961 1240 manibus
985 1215 1080 1240 essent

284 1270 380 1290 curam
403 1262 572 1289 habiturum.
593 1260 706 1288 Jacebat
725 1260 818 1295 itaque
839 1259 880 1286 vir
900 1258 1081 1285 intolerandis

285 1310 400 1337 affectus
424 1308 577 1341 doloribus,
604 1307 732 1335 nesciens
754 1306 799 1334 cui
820 1306 938 1341 primum
958 1305 1080 1332 animum

286 1356 439 1383 adhiberet.
455 1355 594 1383 Trahebat
612 1354 686 1381 enirn
704 1354 795 1389 ipsum
822 1352 993 1381 imminentis
1010 1351 1081 1387 peri-

286 1402 341 1429 culi
364 1401 535 1433 sollicitudo,
550 1400 687 1435 quomodo
703 1407 791 1435 quave
811 1399 918 1426 ratione
935 1398 1030 1425 urbem
1048 1397 1084 1425 ab

287 1448 430 1476 invasione
446 1447 631 1475 Barbarorum
648 1451 734 1474 tutam
751 1450 875 1474 servaret
889 1455 896 1479 ;
912 1445 1000 1480 magis
1018 1451 1083 1471 vero

286 1499 384 1522 contra
399 1494 527 1522 trahebat
540 1494 575 1522 ad
588 1502 673 1529 seque
689 1493 847 1521 retrahebat
861 1493 1014 1520 acerrimus
1030 1491 1083 1518 do-

288 1539 330 1567 lor
344 1545 372 1567 et
389 1540 575 1567 membrorum
592 1539 715 1566 fractura
728 1558 735 1569 .
753 1546 815 1573 quae
835 1542 950 1565 mortem
969 1537 1082 1563 minita-

1118 284 1204 319 γυᾶτο
1221 283 1271 318 (είς
1283 281 1364 308 τοῦτο
1385 281 1439 316 γὰρ
1450 279 1548 315 ’ἔλεγεν
1573 277 1709 314 ἀφῖχθαι),
1722 277 1768 303 καὶ
1782 277 1849 303 εἴτι
1863 276 1912 303 δέοι

1120 331 1265 366 πράττειν,
1294 329 1411 364 ἑτοίμως
1440 327 1513 363 ἔχειν
1539 324 1748 354 καθυπετίθετο.
1780 323 1856 359 Πλὴν
1878 325 1912 349 ὅτι

1122 375 1223 409 συνέὸη
1234 383 1261 401 τι
1273 374 1320 401 καὶ
1332 373 1455 400 τοιοῦτον
1469 372 1598 407 γενέσθαι
1616 370 1719 406 μεταξὺ
1733 370 1784 404 τῆς
1801 369 1913 404 προσδιι

1121 420 1184 452 κίας
1205 420 1260 447 τῶν
1284 420 1423 455 πολεμίων
1440 419 1469 453 ἐξ
1484 418 1607 448 ἐπινοίας
1629 416 1677 443 τοῦ
1697 413 1913 449 σκανδαλουργοῦ

1122 468 1169 496 καὶ
1202 467 1388 503 πονηροτάτου
1412 465 1551 501 δαῖμονος.
1587 464 1616 491 '0
1646 463 1702 498 γὰρ
1733 462 1784 497 ἤδη
1813 461 1916 496 λεχθεῖς

1124 514 1277 550 στρατηγὸς
1301 513 1389 549 τούτῳ
1414 513 1447 548 δὴ
1463 512 1502 547 τῷ
1517 511 1615 538 νεωστὶ
1635 508 1857 545 παραγενομένῳ
1874 508 1916 533 Νι-

1124 562 1195 596 κήτᾳ
1220 561 1303 587 αὑτοῦ
1328 560 1370 596 [Ρ.
1386 558 1451 594 555]
1470 567 1522 585 που
1550 557 1616 592 περὶ
1640 556 1691 591 τὴν
1711 554 1861 589 οἰκοδομὴν
1875 554 1914 580 τοῦ

1124 608 1230 642 τείχους
1254 607 1315 634 κατ’
1346 607 1434 642 ἀρχὰς
1451 603 1571 640 ἐντυχὼν
1587 604 1663 639 ἵππῳ
1692 602 1869 637 ἐφεζόμενος,
1884 601 1915 632 ὡς

1124 652 1174 688 τὴν
1188 651 1291 688 συνήθη
1309 651 1378 688 πρὸς
1402 651 1449 678 τὸν
1480 650 1557 685 φίλον
1572 649 1662 682 ἔδοξεν
1689 647 1869 683 ἐκπληρῶσαι
1882 647 1914 680 τῷ

1126 698 1265 734 ἀσπασμῷ
1278 698 1477 734 προσηγορίαν,
1489 697 1537 724 καὶ
1553 696 1635 723 αὑτὸν
1649 695 1726 730 ἵππῳ
1740 695 1762 710 ’⁷
1776 693 1915 728 ἐγκαθεζὲ-

1127 737 1219 780 μενον,
1248 744 1295 771 τοῦ
1325 744 1441 779 ῥυτῆρος
1473 742 1616 778 ἀμελήσας
1647 741 1734 768 δεινόν
1760 749 1786 766 τι
1804 740 1915 767 πέπονοι

1127 792 1243 827 πρᾶγμα
1256 791 1302 817 καὶ
1318 789 1424 817 πολλῶν
1434 789 1561 825 δακρύων
1576 788 1700 821 ἐπάξιον.
1722 786 1916 821 Ἐκταραχυέν-

1127 845 1173 868 τες
1197 837 1222 863 οί
1248 836 1337 868 ἵπποι,
1357 836 1404 863 καὶ
1424 836 1508 862 πλέον
1533 832 1611 866 οὗτος
1636 833 1679 868 ἐφ’
1695 833 1750 860 ευνό
1771 833 1916 867 στρατηγὶς

1110 886 1112 919 ξ
1129 883 1283 916 κεκαθίκει,
1296 884 1329 919 τῇ
1348 884 1449 917 φυσικῇ
1468 881 1553 917 μανίᾳ
1578 881 1695 916 πληγεὶς
1708 879 1754 906 τόν
1770 887 1801 906 τε
1824 879 1916 914 αὐχένι

1130 930 1255 965 σιμὼσας
1272 930 1319 957 καὶ
1336 928 1385 965 τὴν
1402 929 1491 964 κόμην
1519 927 1629 964 φρίξας,
1645 927 1736 963 δρθιον
1758 926 1858 963 ρρθεὶς
1876 926 1917 959 τῆς

1129 976 1210 1011 ἕδρας
1236 976 1260 992 ’⁸
1288 975 1369 1003 αὑτὸν
1397 975 1561 1007 amarem,
1579 974 1625 1001 καὶ
1640 974 1673 1000 ἐκ
1687 973 1732 999 τοῦ
1757 973 1828 1007 πρὸς
1843 971 1917 1005 οὐρὰν

1130 1022 1299 1057 κυϐιστήσας
1321 1021 1370 1049 καὶ
1396 1021 1464 1057 πρὸς
1476 1019 1609 1054 τοῦδαφος
1626 1019 1717 1055 ριφεὶς
1731 1018 1779 1045 τον
1795 1017 1881 1049 δεξιόν
1894 1025 1916 1043 τι

1132 1068 1220 1104 μηρὸν
1232 1068 1278 1094 καὶ
1288 1067 1323 1095 τὰ
1334 1067 1403 1103 πρὸς
1418 1067 1468 1101 τὴν
1487 1065 1605 1101 κοτύλην
1620 1064 1688 1100 μέλη
1699 1063 1830 1095 θλασθεὶς
1843 1063 1918 1089 ἐλεει-

1130 1114 1175 1146 νδς
1190 1111 1224 1149 ἦν
1246 1113 1294 1141 καὶ
1317 1113 1404 1148 αὐτῆς
1418 1112 1469 1147 τῆς
1496 1113 1568 1147 ζωῆς
1587 1110 1715 1138 ἀπειπών
1726 1118 1732 1124 ·
1747 1110 1777 1136 ὃν
1794 1110 1820 1136 οι
1840 1110 1886 1144 τῆς
1901 1110 1917 1124 ἰ’

1132 1161 1333 1196 στρατιωτικῆς
1356 1159 1462 1191 τάξεως
1488 1158 1634 1193 δορυφόροι
1662 1156 1837 1193 παραχρῆμα
1867 1157 1918 1187 ταῖς

1131 1207 1224 1242 χερσὶν
1244 1205 1403 1241 ἀνελόμενοι
1423 1205 1529 1239 ἀπῆγον
1541 1203 1643 1236 οἴκαδε,
1660 1203 1754 1239 μηδὲν,
1764 1202 1803 1234 ὡς
1819 1202 1889 1232 sint;
1902 1204 1918 1232 ‘.

1131 1253 1197 1288 περὶ
1213 1252 1268 1280 τῶν
1281 1251 1471 1287 προκειμένων
1486 1250 1658 1286 πραγμάτων
1674 1250 1721 1276 τοῦ
1737 1249 1834 1276 λοιποῦ
1844 1257 1917 1283 φρον-

1131 1298 1286 1334 τιούμενον.
1304 1299 1414 1325 ’Έκειτο
1427 1297 1460 1333 δὴ
1471 1298 1485 1324 ὁ
1499 1297 1568 1333 ἀνὴρ
1582 1296 1689 1328 ὀδύναις
1701 1297 1851 1332 ἁφορήτοις
1863 1296 1919 1330 βλη-

1133 1345 1200 1378 θεὶς,
1232 1345 1283 1371 οὐκ
1312 1345 1382 1380 ἔχων
1415 1340 1493 1378 ᾧτινι
1509 1343 1618 1378 πρῶτον
1637 1342 1682 1371 τὸν
1699 1342 1761 1369 νοῦν
1782 1342 1917 1377 ἐπαφήεεε.

1133 1388 1217 1418 Enixa
1245 1390 1294 1425 μὲν
1307 1391 1362 1425 γὰρ
1374 1390 1456 1417 αὐτὸν
1478 1390 1495 1424 ἡ
1511 1389 1622 1423 φροντὶς
1637 1387 1684 1415 τοῦ
1700 1387 1920 1423 προσδοκωμένου

1134 1438 1268 1470 κινδύνου,
1281 1436 1340 1468 πῶς
1356 1437 1404 1463 καὶ
1420 1436 1481 1462 τίνα
1496 1436 1598 1469 τρόπον
1614 1434 1766 1470 περισώσει
1787 1434 1834 1469 τὴν
1851 1433 1920 1459 πέλω

1134 1484 1167 1512 ἐκ
1182 1485 1193 1501 ³
1204 1484 1253 1519 τῆς
1263 1483 1413 1518 ἐπιδρομῆς
1432 1483 1486 1509 τῶν
1502 1481 1652 1517 Βαρὸἀρων
1664 1490 1670 1496 ·
1686 1481 1811 1508 ἀνθεῖλκε
1823 1481 1851 1507 δὲ
1867 1480 1907 1507 ττι]
1920 1495 1922 1498 -

1134 1539 1180 1557 τον
1194 1531 1262 1565 πρὸς
1275 1530 1371 1556 ἑαυτὸν
1382 1529 1464 1556 πλέον
1480 1530 1497 1565 ὴ
1514 1529 1626 1565 δριμεῖα
1643 1528 1723 1563 ὀδύνη
1740 1527 1789 1554 καὶ
1803 1527 1830 1554 τὸ
1844 1527 1922 1555 θανα-

288 1586 379 1619 balur,
405 1586 580 1621 propriaeque
603 1585 683 1613 saluti
709 1584 814 1619 reliqua
831 1582 1080 1618 posthabemlajlli

1137 1585 1183 1603 τον
1209 1576 1331 1603 ἀπειλεῖν
1360 1576 1415 1602 τῶν
1442 1576 1602 1611 πληγέντων
1619 1575 1708 1610 μελῶν
1727 1574 1757 1601 τὺ
1772 1574 1868 1607 πάθος,
1884 1574 1925 1601 tu".

288 1633 464 1669 suggerebat.
479 1632 525 1660 Sic
542 1632 570 1659 in
586 1632 676 1659 medio
692 1630 810 1658 duorum
829 1629 964 1657 malorum
978 1629 1083 1664 positus

289 1688 321 1707 ac
347 1684 463 1715 utroque
485 1678 628 1710 fatiscens,
652 1677 785 1712 quidquid
807 1677 971 1704 necessaria:
994 1683 1085 1711 opera:

290 1725 472 1755 incumberet,
500 1723 689 1759 ineptissimus
718 1727 788 1750 erat.
819 1721 1003 1748 Nihilominus
1035 1729 1084 1749 nos

290 1775 406 1806 urgente
420 1779 514 1798 rerum
531 1769 612 1805 514
634 1769 765 1801 articulo,
782 1768 906 1794 turribus
921 1766 1085 1801 quibusdam

288 1825 323 1845 ex
339 1818 413 1853 ligno
426 1817 565 1852 congestis
581 1816 608 1843 in
623 1819 701 1850 parte
716 1814 788 1842 muri
801 1815 921 1848 collapsa
936 1813 1086 1841 exstructis

289 1867 372 1898 atque
386 1864 516 1896 admotis,
532 1862 647 1889 lenioris
660 1861 739 1889 nobis
755 1860 814 1895 spei
831 1860 960 1895 pusillum
975 1860 1086 1895 aliquod

291 1910 464 1945 refrigerium
484 1909 694 1939 suscitavimus.
712 1913 842 1942 tanquam
863 1906 910 1942 qui
926 1915 941 1934 e
959 1907 1018 1935 loco
1039 1914 1086 1934 su-

290 1956 391 1992 periori
407 1960 556 1992 pugnatum
568 1963 584 1983 e
594 1956 662 1982 mari
675 1954 816 1982 venientes
826 1961 930 1986 arcere.
943 1961 994 1981 nec
1008 1961 1088 1981 muro

290 2002 420 2030 accedere
433 2002 601 2036 sinistraque
614 2001 724 2036 explere
736 1999 853 2027 consilia
868 1999 958 2026 sinere
974 1999 1088 2026 habere-

291 2057 365 2077 mus.
383 2048 438 2076 Sed
453 2052 531 2075 erant
549 2048 608 2075 haec
627 2046 817 2075 festinantium
837 2044 949 2073 subtilia
965 2045 1086 2077 iuventa,

291 2103 353 2122 cum
368 2094 494 2122 videlicet
516 2098 606 2121 metus
625 2092 777 2120 necessitas
795 2091 888 2118 inania
903 2091 960 2118 haec
978 2090 1088 2125 excogi-

292 2138 376 2166 tanda
391 2139 475 2166 menti
493 2138 629 2173 ingereret
649 2145 657 2170 ;
687 2136 807 2170 tametsi,
827 2136 899 2171 quod
920 2137 958 2163 ait
978 2136 1088 2171 sapiens

292 2185 417 2220 quidam,
434 2185 607 2218 ingeniosum
625 2189 708 2218 atque
722 2183 809 2211 solers
822 2187 864 2210 est
878 2183 1011 2218 quidquid
1027 2191 1089 2219 pre-

293 2232 388 2260 mitur.
401 2231 486 2259 Nemo
498 2230 572 2258 enim
584 2231 611 2258 in
619 2230 699 2258 nobis
710 2233 769 2256 erat
776 2229 821 2264 qui
834 2230 922 2256 firmis
933 2230 1088 2258 rationibus

1135 1622 1262 1651 ἀνέπειθε
1288 1623 1372 1658 μηδὲν
1388 1623 1483 1658 ἕτερον
1499 1623 1640 1658 προτιμᾷν
1664 1622 1713 1657 τῆς
1728 1621 1825 1649 ἑαυτοῦ
1841 1630 1926 1656 σωτη-

1137 1670 1208 1706 ρίας.
1223 1669 1278 1696 Καὶ
1290 1670 1300 1686 ³
1316 1669 1402 1701 οὕτως
1416 1669 1444 1696 ἐν
1462 1668 1581 1705 μεθορίῳ
1596 1668 1643 1695 δύο
1657 1668 1786 1703 χαλεπῶν
1806 1668 1926 1703 κείμενις

1136 1717 1183 1744 καὶ
1198 1716 1228 1749 ἐξ
1241 1716 1374 1752 ἐκατέρου
1389 1715 1542 1750 νικώμενος
1559 1715 1628 1752 πρὸς
1640 1716 1730 1742 πᾶσαν
1745 1715 1889 1751 ἐνέργειαν
1900 1712 1928 1748 ἦν

1136 1762 1189 1790 τῶν
1217 1763 1331 1789 δεόντων
1356 1762 1556 1797 ἀνεπιτήδειος.
1573 1761 1647 1796 Πλὴν
1662 1761 1706 1789 διὰ
1719 1761 1751 1788 τὸ
1771 1764 1929 1794 κατεπεῖγον

1136 1808 1184 1835 τοῦ
1197 1808 1300 1844 καιροῦ
1310 1808 1431 1843 πύργους
1441 1807 1517 1839 τινὰς
1532 1806 1743 1839 ξυλοσυνθέτους
1751 1807 1791 1843 τῷ
1805 1807 1930 1843 διερρυη-

1138 1854 1197 1882 κότι
1223 1856 1302 1890 μέρει
1329 1853 1377 1880 τοῦ
1403 1854 1511 1888 τείχους
1538 1854 1620 1888 ἡμεῖς
1634 1853 1823 1888 δομησάμενοί
1840 1862 1872 1880 τε
1889 1854 1930 1878 καὶ

1138 1901 1384 1936 προσπελάσαντες
1409 1900 1504 1935 ὀλίγην
1532 1900 1594 1927 τινὰ
1622 1900 1803 1936 παρέσχομεν
1829 1901 1931 1930 ἑαυτοῖς

1138 1948 1261 1985 χρηστῆς
1276 1948 1384 1980 ἐλπίδος
1400 1948 1553 1984 ἀναψυχὴν,
1567 1948 1605 1980 ὡς
1615 1945 1697 1982 δῆθεν
1709 1948 1757 1982 ἀφ’
1774 1947 1862 1983 ὕψους
1874 1948 1931 1975 τοῦς

1138 1995 1193 2022 ἀπὸ
1204 1994 1254 2030 τῆς
1266 1995 1404 2030 Θαλάσσης
1419 1995 1585 2030 ἐρχομένους
1597 1994 1743 2030 ἀπείργειν
1761 1994 1812 2023 καὶ
1827 1994 1869 2030 μὴ
1886 2003 1934 2019 :1.—

1141 2042 1277 2076 ραχωρεῖν
1291 2041 1383 2072 αὐτοῖς
1400 2040 1514 2076 πλησίον
1527 2040 1594 2069 ίέναι
1607 2041 1618 2056 ⁸
1628 2040 1676 2068 τοῦ
1699 2040 1811 2075 τείχους
1829 2041 1878 2066 καί
1892 2039 1935 2067 τὰς

1140 2087 1323 2118 κακοδουλίας
1338 2086 1429 2115 αὐτῶν
1454 2087 1588 2123 ἐνεργεῖν.
1612 2086 1705 2115 Ταῦτα
1718 2086 1747 2113 δὲ
1764 2085 1936 2113 σπευδόντων

1139 2131 1174 2169 ἦν
1189 2134 1370 2169 ἐφευρήματα
1387 2133 1409 2165 ⁸,
1432 2134 1482 2168 τῆς
1499 2133 1624 2168 ἀνάγκης
1646 2133 1694 2159 τοῦ
1709 2133 1796 2167 φόϐου
1810 2133 1864 2164 τὰς
1881 2134 1936 2158 ἐπι-

1140 2181 1215 2212 νοίας
1230 2180 1284 2207 τῶν
1299 2179 1423 2216 ματαίων
1449 2180 1651 2216 ὑποῦαλούσης,
1669 2180 1694 2207 εἰ
1718 2181 1767 2207 καὶ
1778 2180 1833 2213 δτι,
1849 2180 1939 2209 καθώς

1140 2235 1181 2259 τις
1195 2226 1248 2262 ἐφη
1261 2227 1352 2261 σοφὸς,
1368 2226 1524 2262 εὐμήχανον
1538 2227 1612 2253 ἐστιν
1626 2227 1700 2254 ἆπαν
1713 2227 1745 2253 τὺ
1760 2227 1938 2262 πιεζόμενον.

294 2280 427 2308 adversus
438 2279 560 2307 futurum
573 2278 631 2306 sive
647 2278 720 2305 tnala
732 2285 792 2313 quae
801 2281 933 2306 eventura
944 2283 1081 2313 exspecta-

1141 2273 1198 2300 Οὐκ
1215 2271 1248 2308 ἦν
1263 2272 1318 2308 γὰρ
1329 2273 1405 2305 ὅστις
1417 2274 1446 2300 ἐν
1458 2274 1524 2308 ἡμῖν
1540 2273 1658 2308 βεδαίως
1669 2273 1743 2300 κατὰ
1757 2273 1806 2300 τοῦ
1827 2274 1940 2308 μέλλον

294 2328 395 2356 bantur
412 2326 589 2354 deliberaret.

329 2375 375 2402 20.
395 2374 494 2401 Verum
515 2373 644 2408 quoniam
666 2373 731 2401 laeso
757 2377 872 2408 praetore
891 2373 978 2401 nostri
998 2372 1090 2401 omnis

294 2429 362 2448 cura
378 2420 406 2447 in
422 2420 525 2447 dictum
543 2418 665 2446 Nieetum
689 2419 821 2447 translata
837 2424 913 2452 erat,
928 2420 1011 2455 erepit
1028 2420 1090 2455 ipse

293 2473 404 2501 quoque
416 2472 465 2500 pro
483 2464 566 2497 virili,
581 2472 641 2498 «lira:
652 2472 763 2491 suarum
777 2464 895 2499 partium
907 2470 997 2498 erant,
1011 2465 1090 2492 exhi-

293 2512 370 2539 bere.
399 2510 497 2538 Aiebat
519 2517 583 2536 vero
610 2509 763 2536 vicinorum
794 2508 1006 2543 Sclavenorum,
1030 2515 1087 2537 tum

295 2564 391 2583 eorum
406 2556 453 2590 qui
480 2556 532 2584 sub
547 2560 639 2582 nostra
655 2554 759 2582 ditione
778 2560 867 2586 erant.
890 2562 947 2583 tum
972 2555 1019 2590 qui
1036 2556 1089 2583 sub

297 2605 431 2636 potestate
446 2601 525 2628 ducis
539 2600 707 2636 Strymonis,
722 2606 751 2627 ut
767 2601 929 2636 imperatum
946 2607 1015 2634 erat,
1034 2609 1089 2629 nta—

295 2654 377 2682 gnam
397 2645 599 2673 multitudinem
619 2645 646 2672 in
661 2646 755 2672 urbem
774 2653 982 2679 concessuram,
1000 2646 1087 2681 sagit-

295 2692 370 2721 tandi
382 2698 440 2719 arte
455 2691 813 2727 instructissimam,neipsi
826 2692 896 2721 forte
903 2700 953 2728 pro
968 2693 1088 2720 hostium

295 2742 435 2768 armatura
453 2745 486 2765 ac
503 2738 623 2773 potentia
641 2746 695 2765 non
719 2739 788 2766 satis
810 2739 937 2766 instructi
959 2740 1093 2767 invenire-

297 2794 368 2819 mur,
384 2785 432 2814 sed
448 2784 611 2812 haberemus
627 2784 700 2811 unde
716 2785 832 2819 primam
849 2785 956 2813 illorum
975 2793 1086 2821 aggres-

1138 2328 1184 2351 τος
1201 2320 1332 2355 σκέψεται
1344 2320 1361 2355 ᾒ
1378 2319 1429 2354 τῆς
1443 2318 1498 2346 τῶν
1514 2320 1702 2355 ἐλπιζομένων
1718 2320 1880 2352 ἐκϐάσεως.

1176 2368 1211 2393 κ’.
1224 2366 1321 2400 Ὅμως
1336 2365 1431 2401 ἐπειδὴ
1442 2365 1489 2392 τοῦ
1504 2365 1658 2402 στρατηγοῦ
1675 2366 1836 2401 πληγέντος
1851 2367 1870 2401 ἡ
1882 2366 1941 2400 περῖ

1139 2413 1220 2448 ἡμῶν
1238 2412 1334 2440 ἁπασα
1360 2413 1472 2449 φροντὶς
1485 2413 1526 2445 εις
1541 2413 1587 2439 τὸν
1604 2412 1724 2449 ῥηθέντα
1739 2413 1843 2449 μετῄει
1861 2414 1942 2446 Νική-

1140 2467 1201 2492 ταν,
1219 2459 1318 2494 ήρχετο
1332 2459 1379 2486 καὶ
1394 2458 1475 2490 αὐτὸς
1487 2458 1522 2487 τὰ
1533 2458 1597 2494 παρ’
1608 2458 1706 2487 ἐαυτοῦ
1718 2459 1750 2486 τὺ
1766 2460 1847 2487 κατὰ
1863 2460 1942 2486 δύνα-

1144 2515 1190 2542 μιν
1216 2505 1432 2539 ἐπιδείκνυσθαι,
1450 2505 1529 2539 ἔλεγε
1551 2505 1580 2532 δὲ
1598 2506 1646 2533 καὶ
1663 2506 1717 2533 τῶν
1737 2506 1942 2542 πλησιοχώρων

1144 2552 1318 2587 Σκλαῦήνων,
1333 2551 1387 2579 τῶν
1399 2560 1429 2579 τε
1445 2551 1490 2586 ὑφ’
1502 2552 1578 2587 ἡμᾶς
1588 2552 1740 2579 τελούντων
1752 2553 1800 2580 καὶ
1820 2554 1883 2580 τῶν
1899 2553 1945 2578 ὑπὸ

1141 2602 1187 2628 τὸν
1203 2601 1355 2637 στρατηγὸν
1370 2601 1381 2616 θ
1396 2601 1563 2636 Στρυμόνος,
1577 2601 1679 2637 πλῆθος
1701 2602 1769 2628 πολὺ
1785 2603 1945 2637 προστετέ-

1142 2648 1204 2683 χθαι
1226 2647 1377 2675 ’συνελάσαι
1387 2647 1420 2682 τῇ
1444 2647 1533 2680 πόλει,
1553 2646 1596 2683 [Ρ.
1619 2648 1683 2684 554]
1702 2648 1751 2682 τῆς
1765 2647 1891 2683 τοξικῆς

1142 2695 1255 2729 πείρων,
1273 2694 1311 2726 ὡς
1328 2693 1361 2721 ἂν
1378 2694 1442 2730 μηδ’
1461 2695 1544 2729 ἡμεῖς
1556 2695 1637 2730 τυχδν
1651 2696 1819 2731 εὑρεθῶμεν
1831 2696 1887 2730 ’τῆς
1899 2696 1946 2721 τῷν

1143 2741 1274 2767 ἐναντίων
1292 2740 1429 2773 ἐνδέοντες
1450 2742 1621 2773 «πανοπλίας,
1637 2742 1696 2769 ἀλλ’
1711 2742 1827 2777 ἔχωμεν
1844 2741 1888 2774 οἷς
1905 2744 1946 2776 τὴι

1144 2785 1595 2823 πρώτηναὺτῶνἀποκρουσάμεθα
1605 2786 1769 2823 προσϐολήν.
1793 2789 1834 2815 ⁸⁸0
1854 2788 1947 2818 nisi;

948 2843 1067 2871 VARIE
1088 2843 1293 2871 LECTIO‘NES.

336 2892 494 2925 ἐεὺταξίαν
504 2892 686 2919 Combelisius
701 2900 751 2927 pro
763 2891 887 2924 ἀταξίαν.

942 2893 964 2908 ’⁷
979 2893 1062 2930 ἱππον
1074 2893 1114 2930 νΑ.
1151 2892 1174 2930 9f
1188 2892 1236 2918 καὶ
1252 2891 1419 2930 τῂν-ἕδρας
1432 2900 1485 2920 om.
1500 2892 1530 2920 P.
1554 2894 1586 2930 ξι
1599 2893 1649 2930 τῇς
1665 2901 1720 2921 om.
1736 2893 1765 2930 P_.
1797 2897 1808 2912 ¹
1833 2895 1950 2930 mare;

289 2927 372 2972 ¹εἰκὸς
383 2923 448 2955 Δι’(
471 2928 481 2943 ¹
494 2929 524 2954 ἐκ
537 2935 591 2955 om.
607 2927 638 2955 Ρ.
671 2929 681 2944 ⁸
696 2923 743 2954 καὶ
755 2935 810 2955 om.
823 2923 855 2955 ἰ).
878 2928 888 2944 ⁵
900 2926 970 2956 εἶναι
985 2928 1016 2955 Ρ.
1049 2929 1060 2945 ⁸
1071 2929 1249 2964 ἐφευρὲματα
1261 2923 1310 2967 ΑΖ.
1332 2929 1342 2944 ⁶
1355 2923 1646 2968 τῶνσηπτιῑτλγιῖθν-ΔΪἱ
1654 2937 1726 2958 corr.
1740 2923 1950 2960 Corulkdsius:
