1997 3167
110 193 177 242 set

665 210 715 241 DE
735 209 893 242 EXCIDIO
913 209 1215 242 THESSALONICIE.

1693 212 1747 245 582

107 264 317 300 συνελήφθησαν
347 265 375 292 δὲ
397 265 498 301 μᾶλλον
520 264 649 301 καθάπερ
666 265 875 302 ἁνεπισκότιητα
888 267 899 282 ⁸

952 271 1007 292 non
1023 263 1252 293 obstrinxerunt?
1277 263 1422 298 Quomodo
1440 271 1495 293 non
1509 265 1619 295 virtutis
1634 269 1748 302 praemio

106 311 243 347 πρόϐατα,
269 312 371 344 πάντες
389 313 440 348 τῆς
472 312 612 348 μαχαίρας
627 312 773 347 γεγονότες
799 313 847 340 καὶ
863 313 903 349 τῷ

104 358 201 394 κλήρῳ
224 358 278 385 τῶν
293 358 465 394 ἁμαρτωλῶν
487 360 537 394 τῆς
553 358 662 393 σφαγῆς
673 358 902 395 κοινωνήσαντες.

105 405 179 439 Πλὴν
194 404 317 442 ἡγοῦμαι
329 405 370 431 ὅτι
384 405 488 433 τούτων
505 405 555 440 μὲν
572 406 586 431 ὁ
598 404 723 438 θάνατος,
739 404 776 437 ὥς
793 413 875 440 φησιν
887 405 903 432 ὁ

103 451 222 487 eam,
237 452 328 487 τίμιος
340 451 453 486 γέγονεν
473 451 596 479 ἐναντίον
611 452 727 487 Κυρίου,
750 453 801 478 κὰν
814 452 903 488 τούτῳ

103 497 150 525 τοῦ
167 498 251 532 σοφοῦ
271 498 336 530 τοὺς
361 497 480 530 οἰκείους
505 498 616 531 δούλους
638 498 648 513 ³
663 498 843 534 τιμήσαντος,
860 499 903 526 ἵνα

105 544 178 580 μετὰ
194 545 244 579 τῆς
267 543 368 579 λοιπῆς
388 544 492 580 ἀρετῆς
516 544 563 572 καὶ
579 544 611 571 τὸ
638 544 714 576 τέλος
733 545 902 580 μαρτυρικὺν

102 591 324 625 ἀπενέγκωνται,
344 591 383 622 ὡς
411 590 445 618 ἂν
475 589 718 625 ἐπιδαψιλεύσηται
735 589 842 621 τούτοις
866 590 902 617 τὰ

101 637 153 673 τῆς
164 637 304 672 ὑπομονῆς
315 640 384 671 γέρα
398 636 445 662 καὶ
459 635 512 662 τῶν
521 636 651 672 ἀρρήτων
665 634 778 663 ἐκείνων
791 634 902 669 ἀγαθῶν

102 682 153 717 τὴν
170 681 305 709 ἀντίδοσιν
317 689 324 697 ·
352 680 431 715 ἡμῶν
445 681 472 708 δὲ
488 680 499 696 ⁸
515 681 545 707 τὺ
572 680 675 716 πλῆθος
693 679 902 715 παραπτώσεων

101 730 133 756 οὐ
151 730 234 766 μόνον
253 730 302 761 τὰς
326 729 430 756 τούτων
454 729 600 764 ἐντεύξεις,
621 728 691 756 ἀλλὰ
708 729 821 760 καὶτὰς
846 728 902 756 τῶν

103 775 254 811 μαρτύρων
271 775 420 810 πρεσϐείας
448 774 604 807 ἀσυντελεϊς
629 774 768 810 δειχθῆναι
787 774 902 810 πεποίη-

102 830 163 851 κεν,
176 821 210 848 ἶν’
226 820 304 856 ήμῶν
318 821 461 848 παθόντων
472 822 542 857 ὅπερ
556 821 608 857 ήδη
622 821 808 856 πεπόνθαμεν,
818 820 900 856 ἔχωσι

101 868 206 902 γνῶναι
219 868 318 900 πάντες
326 868 350 894 οἱ
361 867 416 895 τῶν
431 867 512 895 θείων
527 868 737 904 καταφρονηταὶ
751 867 901 909 διατάξεων

101 916 140 947 ὡς
154 915 239 951 κακίᾳ
252 914 483 947 πλεονεκτοῦντας
494 915 571 942 οὐδὲν
587 915 687 946 αὐτοὺς
701 914 752 950 τῆς
767 915 901 946 Ascraeu-

953 311 1096 339 consecuti
1113 315 1144 340 ut
1171 320 1186 339 a
1212 311 1336 346 periculo
1359 311 1567 341 liberarentur?
1592 314 1640 342 sed
1662 316 1750 351 magis

953 356 1029 387 velut
1050 363 1116 384 oves
1145 356 1250 391 absque
1286 362 1397 392 pastore
1425 358 1623 393 comprehensi
1653 366 1750 389 omnes

953 402 1027 430 ferro
1047 402 1167 438 jugulati
1189 407 1266 435 sunt,
1295 403 1412 438 parique
1427 411 1489 431 cum
1518 404 1662 433 sceleratis
1683 414 1750 434 nece

953 448 1141 476 interierunt?
1168 448 1316 476 Enimvero
1334 449 1433 476 horum
1454 454 1570 477 mortem
1600 452 1749 486 pretiosam

952 495 1024 531 apud
1050 495 1208 529 Dominum,
1231 500 1261 523 ut
1283 495 1410 525 Psalmus
1439 497 1561 532 loquitur
1585 504 1608 530 ι,
1630 500 1750 529 arbitror

952 541 1105 575 exstitisse,
1123 550 1184 570 cunt
1206 542 1258 571 hoc
1275 550 1386 578 quoque
1411 543 1459 570 Dei
1486 544 1621 578 sapientia
1648 546 1749 576 charos

953 594 1019 614 suos
1033 594 1065 615 ac
1081 586 1201 616 fatuulos
1228 588 1419 621 honoraverit,
1435 592 1464 616 ut
1483 596 1545 615 cum
1562 589 1677 625 reliquis
1693 583 1749 618 vir-

951 632 1058 660 tutibus
1072 634 1197 669 martyrii
1212 641 1323 669 quoque
1342 633 1436 662 laurea
1455 635 1620 668 clarescant,
1635 638 1748 672 patien-

951 679 997 707 tiae
1013 687 1127 707 munera
1155 680 1195 708 eis
1215 681 1384 709 cumulatius
1406 689 1556 717 reponens,
1567 690 1749 711 arcanorum-

953 731 1007 759 que
1039 724 1177 755 bonorum
1197 727 1311 761 praemia
1337 727 1457 762 largiens
1475 733 1653 756 :nostrorum
1682 738 1748 758 vero

952 770 1088 798 scelerum
1119 772 1323 800 multitudinem
1340 780 1396 801 non
1413 773 1502 801 solum
1522 774 1620 802 horum
1639 783 1746 810 preces,

952 815 999 843 sed
1015 820 1042 843 et
1058 820 1210 852 martyrum
1226 818 1442 846 intercessiones
1453 820 1566 848 inutiles
1582 821 1746 856 reddidisse,

952 866 982 889 ιιι
999 870 1032 890 ex
1058 862 1092 890 iis
1107 863 1209 897 quibus
1229 863 1286 898 jam
1313 865 1475 900 recentique
1497 866 1623 901 exemplo
1651 874 1747 895 sumus

952 909 1059 943 accepti
1079 909 1169 944 malis,
1195 909 1350 945 intelligere
1366 910 1444 951 543
1462 916 1576 945 possent
1592 919 1690 940 omnes
1708 913 1747 940 di-

101 961 155 995 κῆς
171 960 289 995 ἀπειλῆς
315 961 368 987 τῶν
391 960 536 996 σωτηρίων
555 959 739 997 βοηθημάτων
753 960 899 997 ὲξαιρήοα-

952 955 1078 984 vinarutn
1102 955 1191 991 legum
1223 960 1440 993 contemptores,
1470 965 1533 984 cum
1559 958 1692 993 majorem
1718 959 1745 986 in

102 1011 168 1039 σθαι
180 1009 373 1045 δυνηθήσεται.

138 1142 191 1171 λιν.
214 1142 260 1173 Ὠς
275 1141 330 1177 γὰρ
344 1141 418 1169 κατὰ
436 1141 527 1172 πᾶσαν
539 1140 706 1173 εἰσελθόντες
723 1140 899 1176 διεμερίσθη-

99 1198 152 1221 σαν
166 1189 215 1224 τὴν
232 1189 311 1216 πόλιν
322 1189 347 1216 οἱ
366 1188 516 1225 Βάρὸαροι,
531 1188 612 1220 εὐθὺς
637 1189 713 1215 πᾶσα
738 1187 832 1224 ἡλικία
847 1188 896 1215 καὶ

99 1237 156 1267 adv
167 1235 246 1270 γένος
259 1235 411 1271 ἀνθρώπων
428 1234 474 1262 ὑπ’
493 1234 584 1262 αὐτῶν
600 1234 731 1271 ἀνῄρητο.
762 1234 829 1276 Οὐδὲ
844 1234 898 1269 γὰρ

99 1277 134 1317 ἦν
148 1277 239 1310 οἶκτος
256 1279 348 1311 αὐτοῖς
368 1280 456 1312 οὐδεὶς
471 1279 557 1308 πάλαι
573 1280 769 1316 προμεμηνόσι
786 1281 833 1307 καὶ
849 1278 899 1316 τὴν

99 1326 163 1355 καθ’
181 1326 261 1362 ήμῶν
276 1326 392 1362 διψῶσιν
417 1326 567 1359 ἀπώλειαν,
594 1326 662 1354 ἀλλὰ
687 1326 734 1355 καὶ
748 1326 838 1362 γέρων
851 1327 899 1353 καὶ

99 1372 237 1408 ἀκμάζων
252 1371 294 1399 ἔτι
315 1372 362 1399 καὶ
392 1372 536 1404 νεανίσκος
565 1371 614 1407 καὶ
638 1372 694 1403 πᾶς
708 1372 722 1398 ὁ
738 1370 899 1407 προστυχὼν

99 1417 184 1454 ἔργον
207 1418 265 1448 τοῖς
284 1416 438 1452 μιαιφόνοις
461 1414 506 1452 ἦν,
533 1417 595 1446 οὐδὲ
609 1417 720 1452 καιρίας
734 1417 795 1444 κατ’
809 1416 898 1443 αὐτῶν

99 1464 207 1498 ἀφιεῖσι
235 1463 356 1499 πληγὰς,
382 1463 441 1490 ἀλλ’
465 1463 505 1495 ὡς
528 1463 561 1491 ἂν
593 1464 692 1496 αὐτοὺς
719 1463 898 1500 ἐνδιατρίϐειν

99 1509 203 1539 ποιῶσι
218 1510 276 1542 τοίς
295 1509 442 1544 ἀλγεινοῖς,
459 1510 495 1537 τὰ
513 1510 582 1545 πρὸς
594 1510 641 1537 τὸν
659 1510 743 1537 νῶτον
760 1511 831 1546 μέρη
851 1510 899 1537 καὶ

98 1557 165 1588 τοὺς
190 1556 295 1592 μηροὺς
322 1555 543 1591 κατατέμνοντες
571 1556 715 1592 σχολάζειν
739 1556 838 1588 αὐτοὺς
862 1558 896 1593 τῇ

97 1601 241 1630 τελειώσει
254 1601 465 1638 παρεϐιάζοντο.
480 1602 535 1629 Καὶ
546 1602 602 1629 οὐδ’
616 1602 704 1634 οὕτως
717 1604 731 1629 ό
743 1603 897 1638 πολιορκῶν

97 1649 203 1680 αὐτοὺς
219 1648 419 1683 ’ἐνεπίμπλατο
446 1648 543 1684 θυμὸς,
561 1648 619 1675 ἀλλ’
640 1649 680 1676 ὅτι
714 1649 751 1684 μὴ
766 1649 898 1682 πολλάκις

93 1693 231 1723 δύνανται
243 1693 371 1728 θνήσκειν
383 1693 507 1728 μανικῶς
517 1693 693 1729 ἐδυσφόρουν.
708 1694 768 1721 Ἵνα
777 1695 833 1730 γὰρ
847 1695 898 1730 τὴν

97 1739 224 1776 θηριώδη
251 1741 299 1768 καὶ
317 1740 475 1776 ἀδάμαστον
492 1740 602 1776 εκείνην
623 1741 713 1775 ὄρεξιν
732 1741 898 1777 sumptiqu-

97 1795 156 1820 σιν,
170 1787 232 1814 οὐδὲ
247 1786 386 1821 γυναικῶν
402 1786 548 1821 ἐφείσαντο
567 1786 628 1814 κατ’
643 1787 730 1822 ἀρχὰς
741 1787 789 1816 τοῦ
807 1787 899 1814 κινδύ-

97 1842 161 1866 νου,
186 1833 248 1862 οὖδὲ
276 1833 379 1863 παίδων
406 1833 506 1866 αὐτῶν,
519 1829 557 1861 ὧν
572 1833 602 1862 τὸ
618 1833 668 1868 τῆς
682 1833 791 1869 ἡλικίας
807 1833 897 1869 ἄωρον

97 1880 181 1915 ἄγειν
196 1878 320 1914 βιάζεται
335 1879 469 1911 πολλάκις
498 1879 546 1907 καὶ
571 1879 663 1914 θηρῶν
687 1879 843 1914 ὀφθαλμοὺς
857 1881 898 1912 είς

97 1925 297 1962 συμπάθειαν·
325 1925 368 1963 [Ρ.
386 1925 450 1962 551]
476 1925 534 1952 ἀλλ’
557 1922 591 1961 ἦν
614 1925 657 1952 ἐπ’
672 1926 733 1961 ίσης
763 1925 896 1962 ἄπασινή

96 1972 188 2008 τομὴ,
205 1971 333 2007 καθάπερ
346 1972 374 1998 ὲν
388 1971 534 2007 χλοηφόρῳ
553 1970 648 2005 πεδίῳ,
665 1971 720 1999 πᾶν
734 1971 764 2002 τὸ
775 1980 899 2007 παρατυ-

95 2018 150 2054 χδν
164 2017 355 2053 ἐκθερίζουσα,
369 2016 407 2048 ὡς
425 2017 454 2047 ὲν
468 2016 585 2053 βραχείᾳ
605 2017 701 2052 καιροῦ
718 2018 788 2053 ῥοπῇ
806 2017 899 2048 ἄοικον

98 2061 301 2098 ἀποδειχθῆναι
318 2062 367 2097 τὴν
380 2062 458 2093 πόλιν
469 2061 519 2097 τὴν
531 2062 584 2098 πρὸ
599 2061 699 2097 μικροῦ
714 2070 898 2098 στενοχωρουρ

98 2108 191 2145 μένην
214 2109 262 2134 καὶ
278 2109 334 2140 τοῖς
357 2108 474 2143 πλήθεσι
497 2108 656 2143 βρίθουσανμ
675 2108 750 2136 Kueh
761 2108 815 2144 γὰρ
828 2109 898 2144 φθά-

98 2163 202 2186 σαντας
229 2154 353 2189 εἴπομεν,
371 2154 402 2180 τὸ
418 2153 469 2189 μὲν
492 2153 541 2180 τοῦ
562 2154 651 2190 δήμου
676 2154 726 2185 τὰς
743 2155 899 2191 ἀκρωρείας

94 2200 266 2236 κατειλήφει
279 2200 351 2227 κατὰ
363 2199 411 2235 τὴν
431 2199 603 2235 καλουμένην
620 2199 769 2235 ἀκρόπολιν
785 2200 899 2227 συνελα-

97 2247 161 2280 θὶν,
178 2246 196 2282 ἢ
208 2246 257 2283 τὴν
269 2245 424 2281 περιοικίδα
441 2245 489 2272 τοῦ
504 2245 579 2275 ὁσίου
596 2246 679 2275 Δαϐὶδ
695 2247 900 2283 ὀνομαζομένην

951 1001 1065 1029 modum
1083 1001 1213 1037 nequitiae
1228 1002 1372 1038 indulgent
1384 1011 1469 1038 seque
1487 1004 1556 1032 vitio
1573 1005 1744 1039 mancipant.

951 1047 1026 1076 nullo
1041 1055 1071 1075 se
1087 1048 1120 1076 a'n
1131 1048 1171 1075 ira
1187 1048 1329 1080 Dominica
1340 1048 1471 1085 iustaque
1483 1050 1586 1078 ultione
1600 1050 1745 1078 liberatutn

950 1092 985 1122 iri
999 1094 1114 1122 salutari
1127 1095 1264 1123 subsidio.

985 1139 1030 1171 39.
1054 1139 1089 1171 Ut
1110 1141 1204 1176 itaque
1227 1141 1343 1177 ingressi
1375 1149 1423 1177 per
1450 1142 1544 1169 omnia
1572 1142 1653 1171 urbis
1684 1142 1744 1171 loea

949 1186 1067 1222 dispersi
1086 1191 1151 1214 sunt
1166 1187 1293 1221 Barbari,
1314 1190 1404 1215 omnis
1419 1193 1486 1215 actas
1501 1196 1638 1224 omneque
1653 1189 1743 1216 bomi-

949 1239 1015 1260 num
1044 1240 1132 1267 genus
1158 1233 1193 1260 ab
1214 1234 1254 1261 eis
1283 1233 1429 1262 confestim
1465 1235 1632 1263 trucidatur.
1652 1234 1745 1271 Neque

949 1278 1022 1305 enim
1037 1278 1092 1306 ulla
1106 1279 1147 1306 eis
1157 1279 1299 1309 miseratio
1311 1285 1381 1313 erat,
1394 1281 1440 1315 qui
1457 1281 1562 1316 pridem
1576 1282 1653 1310 rabie
1665 1290 1744 1310 exar-

950 1325 1055 1352 sissent
1071 1330 1252 1363 nostramque
1267 1326 1486 1358 internecionem
1507 1327 1616 1355 sitirent
1632 1337 1640 1355 :
1657 1328 1705 1356 sed
1717 1333 1744 1356 et

949 1377 1032 1397 senex
1041 1376 1069 1398 et
1079 1370 1189 1399 ﬂorenti
1205 1372 1294 1399 adhuc
1303 1377 1382 1400 atate
1394 1377 1477 1408 atque
1486 1374 1608 1408 juvenis,
1618 1374 1744 1410 quisquis

949 1413 1069 1450 denique
1095 1417 1276 1449 occurrisset,
1297 1417 1388 1452 gladio
1414 1419 1576 1446 necabatur.
1595 1419 1651 1446 Nec
1677 1427 1744 1447 vero

949 1461 1023 1491 letali
1042 1463 1134 1492 statim
1152 1462 1267 1490 vulnere
1279 1462 1427 1495 feriebant,
1443 1464 1491 1491 sed
1519 1467 1550 1491 ut
1569 1463 1676 1492 diutius
1692 1465 1743 1491 do-

949 1506 1055 1536 loribus
1070 1508 1272 1541 excruciarent,
1293 1517 1354 1544 qua:
1370 1509 1444 1537 circa
1473 1510 1585 1538 dorsum
1603 1518 1743 1546 coxasque

949 1558 1015 1582 sunt
1032 1554 1223 1587 concidentes,
1244 1555 1322 1582 tarda
1339 1563 1385 1583 eos
1410 1563 1478 1587 nece
1492 1556 1686 1586 conficiebant.
1703 1557 1743 1584 Ac

949 1608 984 1628 ne
1001 1600 1041 1630 sic
1055 1600 1166 1635 quidem
1182 1601 1372 1632 exsatiabatur
1386 1609 1434 1629 eos
1447 1602 1577 1637 obsidens
1594 1603 1682 1636 furor,
1695 1603 1742 1630 sed

948 1646 1022 1682 quod
1040 1655 1095 1677 non
1111 1647 1210 1681 saepius
1227 1648 1297 1674 mori
1314 1652 1453 1682 poterant,
1467 1648 1648 1676 immanitatis
1663 1649 1742 1680 rabie

948 1693 1060 1729 gravius
1075 1693 1214 1721 dolebant.
1232 1693 1266 1722 Ut
1284 1693 1358 1721 enim
1378 1694 1526 1722 belluinatn
1547 1694 1621 1725 illam
1644 1702 1676 1722 ac
1698 1695 1742 1725 iu—

948 1740 1080 1767 domitam
1095 1739 1238 1770 libidinem
1256 1741 1402 1774 satiarent,
1420 1748 1471 1768 nec
1497 1740 1661 1769 mulieribus
1675 1742 1740 1770 mali

948 1785 1028 1813 initio
1044 1793 1133 1821 neque
1145 1786 1239 1821 pueris
1254 1786 1323 1822 ipsis
1342 1790 1536 1822 pepercerunt,
1549 1795 1670 1823 quorum
1690 1788 1743 1815 im-

948 1836 1056 1860 matura
1072 1836 1138 1860 tetas
1159 1832 1230 1860 haud
1256 1840 1320 1860 raro
1336 1833 1419 1860 etiam
1437 1832 1557 1862 ferarum
1585 1834 1680 1863 oculos
1709 1834 1742 1865 ad

948 1878 1154 1905 miserationem
1178 1879 1275 1913 cogit;
1299 1879 1347 1906 sed
1374 1879 1485 1909 cunctis
1505 1879 1621 1914 perinde
1638 1880 1742 1910 indicta

949 1924 1054 1953 excisio
1069 1928 1140 1956 erat,
1160 1932 1221 1959 quae
1236 1925 1308 1952 velut
1328 1925 1355 1955 in
1373 1929 1453 1960 prato
1468 1925 1648 1957 herbescente
1661 1926 1743 1962 quid-

950 1969 1016 2004 quid
1028 1969 1140 1997 obvium
1154 1974 1227 1997 esset
1241 1970 1402 2000 demeteret.
1417 1969 1541 2004 Hincque
1558 1971 1627 2000 adeo
1639 1971 1741 1999 factum

949 2019 992 2043 est
1012 2019 1041 2042 ut
1061 2015 1136 2043 brevi
1151 2015 1284 2050 temporis
1309 2020 1449 2045 momento
1478 2016 1555 2048 urbs,
1573 2024 1636 2051 qua:
1661 2017 1743 2052 paulo

950 2066 1013 2089 ante
1033 2062 1080 2089 vix
1095 2069 1151 2090 non
1163 2065 1280 2098 angusta
1296 2061 1499 2092 habitatoribus
1518 2066 1578 2090 erat
1605 2070 1639 2090 ac
1665 2063 1744 2098 plebe

951 2107 1120 2143 constipata,
1145 2108 1256 2135 deserta
1281 2107 1439 2139 vilesceret.
1461 2106 1495 2137 ιιι
1521 2109 1597 2136 enim
1615 2109 1743 2144 superius

950 2155 1082 2186 diximus,
1099 2154 1194 2190 populi
1211 2161 1275 2189 pars
1291 2154 1402 2181 collium
1417 2154 1562 2182 cacumina
1577 2154 1611 2185 ad
1629 2163 1745 2192 acropo-

951 2200 998 2227 lim
1019 2199 1060 2227 sic
1073 2198 1177 2227 dictam
1194 2199 1227 2233 (i.
1237 2207 1264 2227 e.
1280 2199 1383 2234 arcem)
1398 2203 1592 2235 occupaverat,
1605 2204 1743 2236 autquam

950 2246 1040 2275 sancti
1050 2245 1162 2273 Davidis
1171 2244 1254 2286 544
1260 2246 1387 2273 viciniam
1398 2251 1509 2274 vacant.
1517 2245 1584 2279 Quae
1597 2247 1671 2283 regio
1681 2247 1745 2275 reli-

95 2292 260 2329 (τοῦτοχὰρ
270 2292 370 2328 μᾶλλον
382 2292 433 2327 τῆς
441 2292 540 2327 λοιπῆς
551 2292 753 2328 ὑπερανέχουσι
762 2293 772 2308 ⁵
783 2293 898 2326 πόλεως,

952 2299 1006 2328 qua
1016 2291 1083 2319 urbe
1092 2291 1190 2319 altiore
1201 2292 1256 2320 situ
1265 2292 1385 2326 eminet;
1396 2292 1442 2320 ubi
1450 2293 1533 2321 etiam
1543 2293 1743 2322 monachorum

96 2339 170 2372 bed.
184 2339 217 2376 δὴ
243 2339 292 2366 καὶ
305 2338 408 2376 πλῆθος
432 2335 467 2376 ἦν
481 2338 608 2374 μοναχῶν
635 2339 770 2374 ἐναρέτων
789 2339 899 2369 πάντων

95 2385 152 2416 καὶ
168 2387 220 2421 τῆς
231 2385 357 2421 οὐρανίου
371 2384 509 2417 πολιτείας
522 2383 707 2420 ἠξιωμένων),
730 2385 761 2411 τὸ
773 2384 800 2415 δὲ
818 2385 900 2413 πάλιν

95 2432 163 2464 ταῖς
174 2430 236 2457 δυσὶ
253 2430 354 2462 πύλαις
371 2429 531 2465 πῳσερρύη
544 2430 604 2461 ταῖς
616 2431 685 2466 πρὸς
701 2429 777 2459 δύσιν
791 2431 900 2466 ἀφορώ·

97 2484 166 2509 cat;
182 2476 231 2511 τῆς
245 2476 360 2509 πόλεως,
376 2475 440 2512 μίαν
456 2475 574 2511 ἐχόντων
588 2475 697 2506 πάντων
714 2475 898 2512 σπουδὴν,τοῦ

98 2523 200 2558 ξίφους
213 2522 372 2557 διεκφυγεῖν
388 2522 438 2557 τὴν
451 2521 549 2557 τομήν.
577 2520 648 2548 Ἀλλ’
663 2521 738 2548 οὐδὲν
750 2522 830 2549 πλέον
843 2521 900 2550 τῶν

97 2569 193 2597 ἄλλων
218 2568 339 2603 διήνυον,
363 2567 417 2597 τῶν
449 2567 542 2597 πυλῶν
572 2567 651 2599 ἐκτὸς
674 2566 728 2594 τῶν
746 2567 898 2604 Βαρϐάρων

97 2615 317 2654 ὶφεδρευόντων,
333 2615 384 2645 καὶ
392 2614 454 2651 μηδ’
463 2614 552 2646 ἄλλως
563 2613 671 2655 ἔχοντες
681 2614 802 2650 εὐχερῶς
813 2615 899 2654 ὑπερ-

96 2663 196 2698 ὃῆναι,
212 2660 252 2697 τῷ
280 2661 444 2699 συνωοισμῷ
472 2660 614 2692 πιέζοντες
642 2660 774 2696 ἀλλήλους
788 2660 836 2688 καὶ
849 2662 899 2697 τὴν

96 2708 222 2741 διέξοδον
234 2707 464 2742 ἀποφράττοντες.

141 2757 180 2790 μ’.
194 2750 257 2780 Οἷον
269 2753 324 2787 γὰρ
340 2752 462 2787 ἐγεγόνει
475 2753 559 2780 κακὶν
579 2753 649 2780 κατὰ
664 2753 713 2791 τὴν
728 2752 899 2791 καλουμένην

137 2842 149 2858 I
168 2833 244 2864 Psal.
258 2843 321 2869 cxv,
334 2835 378 2864 15.

951 2338 1102 2370 multitudo
1121 2342 1192 2370 erat,
1209 2339 1259 2365 viri
1274 2346 1370 2366 omnes
1383 2339 1485 2367 virtute
1500 2339 1569 2367 clari
1583 2339 1746 2375 caelestique

951 2385 1078 2413 instituto
1088 2383 1161 2419 digni
1175 2384 1272 2411 habiti.
1282 2383 1352 2414 Pars
1364 2392 1429 2412 vero
1443 2393 1540 2413 rursus
1550 2384 1583 2412 ad
1595 2385 1664 2414 duas
1680 2394 1745 2422 por-

951 2436 1005 2464 tas,
1024 2433 1057 2460 ad
1084 2431 1287 2460 occidentalem
1311 2431 1389 2459 urbis
1417 2432 1524 2467 plagam
1551 2433 1744 2468 respicientes,

951 2478 1154 2509 conﬂuxerant,
1169 2478 1197 2505 in
1211 2478 1265 2509 hoc
1275 2486 1372 2506 «tuum
1388 2479 1497 2506 cunctis
1523 2486 1634 2514 operam
1650 2480 1745 2507 confe-

952 2523 1088 2556 rentibus,
1107 2526 1137 2550 ut
1149 2522 1232 2557 gladii
1254 2524 1337 2550 ictum
1354 2523 1516 2559 ctl‘ugereut.
1538 2524 1591 2552 Sed
1607 2525 1674 2552 nihil
1701 2525 1746 2553 his

952 2569 1052 2600 melius
1073 2569 1158 2597 cessit
1172 2577 1254 2605 quam
1270 2570 1344 2602 aliis,
1369 2577 1431 2598 cum
1447 2571 1504 2606 jam
1524 2570 1639 2599 Barbari
1667 2576 1745 2599 extra

951 2619 1046 2650 portas
1063 2614 1226 2647 insiderent,
1248 2623 1298 2643 nec
1313 2616 1416 2651 alioqui
1436 2616 1517 2644 facile
1540 2617 1580 2645 eis
1611 2622 1687 2646 esset
1716 2622 1747 2646 ut

953 2660 1115 2692 transirent,
1134 2668 1197 2687 eum
1212 2660 1281 2688 alter
1295 2661 1411 2689 alterum
1425 2661 1560 2697 pulsando
1573 2663 1746 2698 comprime-

952 2712 1014 2735 rent
1029 2707 1187 2742 exitumque
1205 2707 1392 2736 obstruerent.

990 2753 1034 2781 ιο.
1053 2753 1193 2787 Quantum
1206 2753 1279 2781 enim
1294 2754 1408 2790 contigit
1420 2755 1522 2783 malum
1534 2755 1562 2783 in
1573 2761 1652 2793 porta
1662 2761 1744 2790 quam

749 2895 867 2923 VAerE
889 2895 1096 2924 LECTIONES.

139 2945 152 2963 ε
170 2943 348 2975 inveniamus
369 2944 402 2973 Α.
441 2945 451 2961 ³
462 2943 571 2976 δούλους
596 2950 652 2971 om.
668 2942 698 2972 P.
736 2943 747 2961 δ
762 2943 788 2970 δὲ
803 2951 859 2973 om.
873 2942 903 2972 P.

946 2945 956 2961 ⁸
969 2943 1133 2975 ὕπερανέγει
1147 2944 1269 2973 Commi,
