1999 3165
119 201 171 233 617

654 200 703 229 DE
725 199 879 230 EXClDlO
895 194 1200 231 THESSALONICAE.

1694 200 1746 234 613

152 257 208 291 ξς’.
223 258 293 294 Ἤδη
309 257 336 284 δὲ
348 257 369 273 ¹⁷
383 257 430 284 τοῦ
440 257 526 289 ,πλοὸς
543 256 674 292 ἄρχεσθαι
691 257 817 292 μέλλουσι
829 257 907 292 στρέ-

995 257 1077 293 578
1097 258 1141 286 66.
1157 258 1227 285 Dum
1242 265 1308 286 vero
1328 257 1382 294 jam
1411 256 1613 294 navigationem
1637 266 1746 295 parant,

119 304 185 335 ὕλας
202 303 278 335 τινὰς
292 302 334 339 [Ρ.
351 302 414 339 57η
430 304 486 334 τοῖς
500 304 562 329 ποσὶ
577 303 660 329 πᾶσιν
676 303 741 337 ἡμῖν
768 302 908 334 ἐπιθέντες

116 349 139 375 οἱ
155 349 304 384 Βάρὸαροι,
317 348 404 379 οὕτως
421 349 481 374 καθ’
493 347 540 374 ἕνα
552 349 611 380 ταῖς
624 349 718 374 ναυσὶν
729 347 823 383 ὥσπερ
840 348 908 382 ἄψυ-

116 396 163 430 χόν
178 403 238 421 τινα
249 395 437 421 διεστοξΰασαν
453 394 529 428 ὓλην,
548 394 585 429 μὴ
603 394 748 425 ὲνδιδΰντες
763 394 814 420 κᾶν
832 394 908 420 ἐλεύ-

117 441 197 476 Θερον
211 441 341 468 ἀναπνεῖν
367 441 412 466 τὸν
428 441 506 475 ἀέρα,
537 441 605 467 ἀλλὰ
622 442 668 467 καὶ
688 440 782 466 τοῦτον
797 441 829 475 τῇ
845 449 908 467 συν-

117 487 196 523 εχείᾳ
210 487 257 513 τοῦ
273 487 393 522 πνιγμοῦ
413 487 654 523 συναπείργοντες.
670 487 747 514 Οὕτω
763 488 816 522 γὰρ
834 488 907 522 ἡμᾶς

117 533 146 559 ὲν
163 533 289 569 ἀλλήλοις
306 533 477 567 ὲπισυνῆψιν
491 533 529 564 ὠς
544 533 573 559 ἓν
595 533 781 559 ἀδιάσπαστον
792 532 907 568 ὁρᾶσθαι

119 579 199 613 σῶμα
213 579 262 614 τὴν
278 577 382 613 πληθὺν
403 579 523 611 ἃπασαν,
542 579 603 614 μηδ’
616 579 683 610 ὅλως
697 579 873 614 διισταμένην
890 580 906 615 ἢ

116 625 332 660 ἀπερῤηγμὲνην
343 624 393 659 τῆς
407 624 534 660 συνεχοῦς
551 625 660 659 ἐκείνης
672 624 818 660 πιλήσεως.
837 625 906 651 Ἀλλ’

117 672 211 707 ἐπειδὴ
223 671 293 698 κατὰ
308 671 384 698 δύσιν
396 672 410 698 ὁ
423 671 497 706 ἥλιος
515 669 549 706 ἦν
566 671 614 698 κα)⁹
632 671 701 706 πρὸς
715 672 761 697 τὸν
783 680 908 706 νυκτερι-

115 718 160 743 νὸν
176 717 275 751 γνόφον
293 717 374 752 ἔληγε
395 717 424 743 τὸ
450 716 507 751 φῶς
522 716 572 750 τῆς
596 716 714 752 ἡμέρας,
732 717 865 743 ἐπινίκιόν
880 725 907 742 τι

116 763 197 798 μέλος
210 765 266 794 τοῖς
276 772 305 789 τε
320 763 469 798 κυμϐάλοις
481 763 527 789 καὶ
538 763 690 797 τυμπάνοις
701 762 908 797 ἀποκρουσάμε-

115 818 165 841 νοι,
183 810 231 836 καὶ
248 808 291 835 τὸν
305 809 375 845 ὑπὲρ
391 809 511 842 κεφαλὰς
531 808 554 825 ¹⁸
571 809 638 843 ἀέρα
655 810 715 841 ταῖς
738 810 783 836 διὰ
803 809 857 836 τῶν
869 809 908 842 ξι-

115 855 173 890 φῶν
190 855 311 891 ριτιίσεσι
327 853 592 889 περιαστράψαντες,
607 853 694 886 οὕτως
713 855 782 889 μετὰ
797 854 908 888 βαθεῖαν

114 903 236 937 ἑσπέραν
262 901 369 936 ἄσημόν
385 909 446 927 τινα
473 901 520 927 καὶ
553 902 657 935 τραχὺν
679 900 837 936 ἀλαλαγμὸν
855 901 905 926 ὲπ-

113 949 231 984 αφὲντες
243 948 346 980 καὶτὰς
353 947 476 984 ἀγκύρας
489 948 543 974 τῶν
558 947 630 984 νηῶν
639 948 847 980 ἀνασπάσαντες
858 948 907 983 τῆς

112 996 165 1031 γῆς
183 995 392 1030 ἀπεδίδρασκον.
408 993 462 1022 Ἦν
475 995 502 1021 δὲ
516 995 626 1021 ἀκούειν
636 995 710 1027 ὅπως
721 995 808 1030 ἡσυχῆ
826 995 907 1030 μόνον

111 1042 143 1069 τὸ
161 1041 264 1075 πλῆϋος
279 1039 513 1075 κατεστενάζομεν
530 1040 581 1076 τῆς
605 1040 743 1075 πατρίδος,
763 1041 810 1068 καί
822 1040 872 1067 πού
885 1041 906 1057 ¹⁸

110 1096 174 1114 τινα
187 1087 257 1122 πρὸς
272 1086 318 1113 τὸν
340 1087 406 1113 Θεὸν
421 1087 450 1113 ὲν
462 1086 500 1121 τῷ
511 1087 610 1120 ἀφανεῖ
626 1086 674 1121 τῆς
688 1086 777 1122 ψυχῆς
791 1086 907 1118 ἕκαστος

111 1134 195 1168 ἡμῶν
211 1134 286 1168 ἠφίει
301 1133 403 1168 φωνὴν,
417 1133 490 1165 ὅσοις
514 1133 546 1159 ἂν
562 1132 642 1164 αὐτὸς
659 1132 780 1168 βούλοιτο
798 1132 908 1159 παιδευ-

110 1182 201 1212 emet;
215 1181 377 1215 πειρασμοῖς
392 1180 577 1216 ὀμιλήσαντας
589 1180 635 1206 καὶ
648 1179 728 1206 πάλιν
740 1178 907 1214 ἀποδοθῆναι

110 1229 146 1262 τῇ
170 1226 346 1263 Θρειᾷαμένῃ,
375 1227 422 1253 καὶ
447 1227 484 1261 μὴ
511 1227 551 1258 εἰς
576 1226 652 1258 τέλος
679 1225 908 1260 ἐγκαταλειφθέν-

110 1281 161 1304 τας
175 1272 338 1299 ἀνέλπιστον
354 1271 427 1307 ἔχειν
454 1272 504 1307 τὴν
521 1272 552 1298 ὲκ
575 1271 628 1298 τῶν
644 1270 802 1298 λυπούντων
818 1271 907 1297 ἁπαλ-

110 1318 215 1354 λαγήν.

149 1363 200 1395 ξεν.
222 1363 266 1394 Ὡς
281 1362 308 1388 δὲ
325 1361 371 1389 τοῦ
394 1362 469 1389 πλεῖν
486 1362 537 1398 ήδη
553 1361 620 1397 πρὸς
637 1361 734 1397 ὄρθρον
753 1361 838 1396 οὔσης
858 1361 907 1396 τῆς

110 1410 213 1441 νυκτὸς
229 1409 422 1444 ἀπηρξάμεϐα,
433 1406 489 1444 εἶχε
505 1409 554 1444 μὲν
565 1409 638 1444 ἡμᾶς
651 1409 698 1435 καὶ
710 1408 798 1435 ἄλλων
811 1407 909 1443 δυσχε-

111 1456 170 1492 ρῶν
183 1455 291 1490 ἀνάγκη
307 1454 424 1488 πολλῶν,
440 1453 488 1481 τοῦ
502 1445 593 1489 λιμοῦ,
609 1454 658 1488 τῆς
673 1453 762 1489 δίψης,
776 1453 825 1486 τῆς
843 1460 908 1479 συν-

109 1503 208 1538 εχείας
223 1503 237 1529 ὁ
253 1501 438 1537 ὑπωπιασμδς
452 1501 510 1537 (καὶ
525 1501 578 1536 γὰρ
593 1500 664 1527 κατὰ
682 1500 768 1535 μόνην
780 1499 829 1535 τὴν
843 1499 908 1526 ναῦν

110 1548 179 1574 ἔνθα
197 1545 269 1582 ἦμεν
297 1547 378 1582 ἡμεῖς
405 1546 574 1573 ὀκτακοσίων
600 1545 782 1580 αἰχμαλώτων
815 1544 909 1580 ψυχῶν

110 1593 234 1630 ἀριθμὸς
245 1591 290 1628 ἦν,
309 1593 370 1628 δίχα
381 1592 436 1619 τῶν
455 1593 483 1619 ἐν
500 1592 567 1627 αὐτῇ
587 1591 747 1627 Βαρϐάρων,
764 1591 908 1617 διακοσεων

109 1639 163 1666 καὶ
178 1638 268 1665 αὐτῶν
281 1637 390 1673 ὅντων),
418 1638 487 1673 πρὸς
502 1638 606 1669 τούτοις
623 1638 651 1664 δὲ
668 1638 714 1664 καὶ
738 1637 792 1664 τῶν
809 1638 907 1673 κομιδῇ

108 1685 222 1720 νηπίων
245 1686 261 1720 ἡ
281 1685 385 1720 ἐλεεινὴ
403 1684 452 1720 βοὴ
469 1684 604 1720 μηδαμῶς
630 1684 788 1719 δυναμένων
815 1684 908 1719 φέρειν

107 1731 171 1759 τῶν
192 1731 337 1767 μοχθηρῶν
363 1731 414 1767 τὴν
433 1731 569 1763 ἐπίτασιν,
589 1731 645 1757 ἄλλ’
661 1731 736 1758 οὐδὲν
752 1731 768 1767 ἢ
784 1731 807 1747 ¹⁹
823 1731 908 1758 θάνα-

109 1788 163 1806 τον
176 1779 267 1810 αὐτοῖς
279 1778 495 1805 ἐπισπεύδουσαν
510 1778 610 1813 ἄωρον.
623 1777 712 1804 Πλείω
728 1778 757 1804 δὲ
769 1778 878 1804 πάντων
891 1778 908 1811 ὴ

109 1825 189 1853 κατὰ
206 1825 254 1860 τὴν
262 1825 411 1859 ¹¹γαστέρα
426 1824 517 1860 χρεία,
531 1822 566 1860 ἧς
580 1825 630 1851 οὔκ
642 1822 675 1860 ἦν
688 1824 824 1860 μηδεμίαν
841 1823 908 1859 μέθ-

107 1873 174 1899 οδον
189 1872 324 1906 ὲφευρεῖν,
340 1870 389 1904 τῆς
404 1871 521 1905 φυσικῆς
549 1871 672 1906 ἀνάγκης
692 1871 908 1905 κατεπειγούσης

107 1917 184 1952 πρὸς
209 1917 258 1952 τὴν
277 1916 409 1948 διέξοδον·
435 1916 483 1951 τὴν
499 1916 553 1951 γὰρ
571 1916 637 1942 αίδὼ
668 1915 716 1942 τοῦ
745 1917 907 1951 πράγματος

108 1962 210 1989 πολλοὶ
228 1962 415 1997 προτιμῶντες
433 1962 479 1988 καὶ
492 1963 635 1996 καρτερεῖν
649 1962 697 1997 τὴν
716 1961 774 1996 βίαν
793 1961 830 1997 μὴ
845 1961 907 1987 σοέ-

107 2017 208 2040 νοντες
225 2008 330 2043 συχνῶς
357 2008 546 2035 ἐκινδύνευσαν
562 2010 596 2035 ’⁸.
628 2008 700 2043 Πλὴν
727 2008 776 2042 τῆς
800 2008 908 2043 ἡμέρας

107 2054 273 2089 ἀρχομένης
290 2054 335 2080 τδν
348 2053 459 2088 ἀγκῶνα
482 2053 728 2088 παραπλεύσαντες
742 2053 789 2079 τοῦ
809 2053 907 2088 ρηθέν-

107 2109 160 2131 so;
178 2099 203 2115 ¹³
226 2098 366 2130 Ἑκδόλου,
392 2099 550 2134 ἀνήχθημεν
565 2100 629 2134 περὶ
641 2099 730 2135 δείλην
744 2099 856 2133 βαθεῖαν
869 2099 907 2131 εἴς

108 2154 174 2172 τινα
192 2146 276 2171 τόπον
296 2144 396 2170 Βολὸὺν
424 2145 602 2180 καλούμενον,
623 2145 688 2172 ἔνθα
715 2146 786 2178 τινὲς
815 2147 907 2177 ἱππεῖς

108 2191 257 2227 ἐφάνησαν
272 2190 325 2217 ἀπὸ
341 2190 389 2225 τῆς
406 2191 458 2225 γῆς
477 2191 618 2226 ἐρχόμενοι
634 2191 702 2226 πρὸς
717 2192 802 2226 ἡμᾶς.
827 2190 907 2218 Οὗτοι

107 2238 138 2264 δὲ
151 2236 227 2273 ἦσαν
243 2236 269 2262 ol
287 2237 335 2262 καὶ
351 2237 447 2272 πρώην
470 2237 499 2263 ὲν
522 2238 555 2272 τῇ
577 2237 653 2263 πόλει
676 2237 905 2273 παραγενόμενοι,

961 304 1040 330 tortis
1055 304 1219 338 quibusdam
1236 312 1267 332 ac
1281 304 1375 332 cuneis
1387 308 1513 331 nostrum
1528 305 1651 332 omnium
1667 306 1746 341 pedi-

960 350 1011 377 bus
1028 350 1174 385 impositis,
1189 351 1229 378 sic
1244 359 1327 378 unum
1343 355 1406 386 post
1429 350 1513 377 alium
1529 351 1604 378 velut
1627 351 1748 380 inanimo

959 396 1096 430 quoddam
1111 398 1217 432 pondus
1241 397 1352 424 Barbari
1372 397 1489 425 navibus
1505 398 1672 434 constipant,
1697 407 1750 427 nec

959 443 1001 470 vel
1028 443 1117 470 libero
1141 451 1203 471 aere
1225 444 1363 478 respirare
1386 444 1579 477 concedentes,
1597 445 1645 472 sed
1675 445 1749 472 hunc

959 497 1069 524 quoque
1082 490 1213 517 continua
1233 489 1414 518 suﬂ‘ocatione
1428 490 1583 518 trudentes.
1608 490 1652 519 Sic
1674 491 1748 519 enim

958 534 1026 561 alios
1044 535 1105 562 aliis
1130 536 1329 570 astrinxerunt,
1343 541 1374 564 ut
1390 537 1480 564 omnis
1498 537 1648 565 multitudo
1663 545 1749 566 unum

959 581 1126 608 indivulsum
1144 583 1429 617 corpus-videremur,
1449 583 1524 610 nulla
1538 591 1652 618 prorsus
1669 591 1749 618 sepa-

959 629 1067 654 ratione
1094 627 1262 662 disjunctum
1282 633 1359 656 auta
1383 628 1513 656 continua
1540 628 1589 655 illa
1612 629 1750 663 constipa—

960 673 1033 700 tione
1052 674 1210 708 ahruptum.
1229 674 1297 707 Quia
1322 682 1388 702 vero
1407 674 1474 702 solis
1485 674 1542 710 jam
1567 681 1667 702 occasu
1693 673 1749 701 diei

959 719 1005 747 lux
1021 720 1049 747 in
1072 721 1162 747 noctis
1177 721 1306 749 tenebras
1327 729 1359 748 ac
1374 720 1519 757 caliginem
1541 721 1608 753 ibat,
1626 720 1750 748 victoria:

958 766 1046 793 melos
1062 766 1202 800 quoddam
1215 774 1277 794 cum
1293 767 1425 802 cymbalis
1437 771 1520 801 atque
1535 767 1673 802 tympanis
1685 767 1748 802 pul-

959 816 1061 845 santes,
1089 819 1237 847 aeremque
1262 813 1399 848 capitibus
1426 812 1543 840 aﬂ'uSHm
1567 813 1676 841 ensium
1694 813 1750 841 cir-

959 858 1156 886 cumductibus
1170 858 1374 892 collustrantes,
1388 859 1430 888 sic
1447 859 1481 886 ad
1496 860 1610 887 multam
1640 864 1750 888 noctem

959 905 1102 933 incondito
1114 905 1309 940 horrendoquc
1325 905 1432 933 ululatu
1448 906 1584 942 producto
1604 911 1686 942 atque
1700 915 1750 934 an-

960 950 1033 978 coris
1047 950 1166 978 navibus
1181 950 1285 978 avulsis
1299 958 1314 978 e
1330 955 1403 978 terra
1417 951 1609 987 profugerunt.
1621 952 1751 981 Audisses

960 995 1169 1023 multitudinem
1184 995 1285 1031 partim
1300 996 1383 1024 tacite
1410 996 1499 1024 solum
1512 997 1630 1033 patriam
1646 998 1750 1033 gemitu

961 1043 1116 1078 deplorare,
1131 1043 1230 1078 partim
1247 1046 1372 1070 nostrum
1390 1043 1542 1078 quemlibet
1559 1043 1586 1071 in
1599 1044 1690 1072 cordis
1706 1052 1751 1072 oc-

961 1089 1036 1116 culto
1056 1089 1138 1116 missa
1159 1089 1194 1116 ad
1212 1089 1300 1116 Deum
1315 1096 1383 1117 voce
1408 1089 1575 1124 supplicare,-
1600 1093 1630 1117 ut
1646 1089 1749 1125 quibus

962 1134 1013 1169 ipsi
1026 1134 1134 1166 liberet,
1142 1134 1223 1162 malis
1234 1134 1383 1162 salubriter
1394 1135 1541 1170 castigatos
1553 1135 1644 1163 denuo
1656 1135 1752 1170 patriae

962 1180 1100 1213 redderet,
1118 1189 1207 1216 neque
1221 1181 1248 1208 in
1268 1181 1349 1209 tinem
1369 1180 1501 1209 deserens
1524 1181 1598 1209 nulla
1613 1189 1662 1217 spe
1682 1182 1752 1210 libe-

962 1226 1077 1254 rationis
1089 1227 1117 1254 in
1133 1227 1187 1255 illis
1201 1227 1304 1254 versari
1320 1227 1347 1254 in
1362 1231 1527 1263 perpetuum
1542 1227 1657 1256 sineret.

997 1361 1040 1391 6"].
1061 1361 1097 1391 Ut
1123 1363 1180 1399 jam
1208 1365 1300 1390 autem
1324 1361 1446 1389 dilucuio
1471 1361 1649 1397 discussaque
1671 1366 1752 1389 nocte

962 1411 1090 1446 navigare
1118 1410 1270 1445 capimus,
1291 1413 1348 1436 tum
1380 1408 1432 1436 alia
1458 1412 1510 1436 nos
1538 1414 1648 1444 quoque
1672 1408 1753 1444 plura

962 1456 1033 1484 mala
1062 1455 1256 1488 conﬁciebant,
1283 1455 1374 1486 famis,
1402 1454 1474 1487 sitis,
1502 1455 1560 1489 ipsa
1582 1454 1752 1490 compressio

936 1528 939 1533 ,
962 1510 1050 1538 exque
1067 1511 1099 1530 ea
1115 1502 1255 1538 sugillatio
1275 1502 1316 1538 (in
1335 1510 1389 1530 una
1410 1501 1484 1529 enim
1505 1501 1550 1529 illa
1562 1501 1635 1534 navi,
1653 1501 1681 1528 in
1698 1509 1753 1537 qua

962 1555 1013 1575 nos
1031 1548 1200 1576 vehebamur
1212 1567 1219 1579 ,
1238 1544 1320 1583 579
1346 1546 1380 1574 ad
1401 1547 1557 1582 octingenta
1581 1546 1753 1582 captivorum

962 1594 1052 1629 capita
1069 1593 1266 1627 censebantur,
1278 1598 1379 1629 praeter
1388 1592 1535 1624 Barbaros,
1551 1592 1598 1628 qui
1614 1593 1665 1628 ipsi
1678 1592 1705 1620 in
1721 1601 1752 1622 ea

960 1639 1073 1668 ducenti
1096 1640 1198 1677 erant),
1218 1645 1278 1668 tum
1304 1645 1436 1675 praeterea
1455 1638 1658 1667 infantulorum
1669 1647 1752 1667 voces

960 1691 1043 1722 atque
1074 1686 1220 1718 clamores,
1247 1685 1322 1713 nulla
1344 1684 1452 1712 ratione
1470 1683 1526 1711 vim
1544 1687 1646 1711 tantam
1667 1683 1754 1711 malo-

960 1740 1022 1760 rum
1038 1732 1110 1760 ferre
1126 1731 1291 1764 valentium,
1315 1739 1347 1759 ac
1362 1730 1465 1766 quibus
1481 1729 1557 1758 aliud
1581 1730 1651 1758 nihil
1669 1738 1752 1766 quam

961 1786 1036 1806 mors
1066 1779 1214 1806 immatura
1250 1777 1285 1805 iis
1318 1777 1505 1805 celerabatur.
1539 1776 1594 1804 Sed
1628 1776 1752 1804 omnium

961 1825 1078 1852 maxime
1102 1824 1236 1853 enecabat
1259 1823 1312 1850 alvi
1339 1822 1484 1855 resolutio,
1510 1822 1555 1850 cui
1580 1830 1648 1850 sane
1675 1822 1753 1850 nullo

961 1871 1085 1900 remedio
1109 1871 1219 1898 occurri
1236 1874 1356 1905 poterat,
1383 1869 1501 1897 naturali
1528 1869 1692 1897 necessitate
1707 1878 1752 1897 re-

960 1920 1101 1944 crementa
1120 1916 1196 1943 foras
1209 1914 1375 1950 expellente.
1401 1914 1482 1941 Multi
1503 1922 1622 1949 namque
1637 1914 1676 1942 rei
1693 1913 1753 1950 ipsa

960 1962 1126 1991 necessitate
1141 1961 1274 1997 pudorem
1289 1960 1376 1996 pluris
1391 1960 1533 1991 facientes,
1548 1967 1600 1988 nec
1617 1960 1672 1988 vim
1688 1961 1752 1988 tole‘

960 2015 1022 2035 rare
1037 2007 1170 2039 valentes,
1186 2005 1258 2033 haud
1275 2011 1337 2032 raro
1355 2005 1383 2032 in
1403 2004 1552 2032 discrimen
1575 2004 1752 2032 adduceban-

961 2058 1014 2081 tur.
1045 2052 1180 2080 Caaterum
1205 2051 1279 2078 clara
1305 2051 1362 2086 jam
1387 2050 1449 2078 luce
1479 2050 1624 2078 memorati
1652 2050 1750 2078 Ecboii

960 2101 1020 2127 sinu
1035 2098 1275 2135 prmternavigato,
1297 2102 1326 2125 et
1346 2097 1374 2124 in
1395 2104 1489 2125 serum
1505 2104 1651 2132 vesperum
1666 2096 1752 2124 decli-

960 2151 1043 2174 nante
1065 2146 1121 2181 jam
1138 2139 1326 2179 diedBolbuni
1343 2151 1425 2179 quem
1440 2146 1540 2170 vocant
1553 2142 1749 2178 pervenimus;

960 2200 1015 2228 quo
1034 2192 1096 2219 loco
1123 2190 1251 2218 nonnulli
1282 2189 1390 2224 equites
1426 2189 1460 2216 ad
1490 2196 1542 2216 nos
1573 2193 1751 2217 accesserunt

960 2240 1049 2272 (crant
1070 2236 1099 2264 hi
1120 2235 1167 2272 qui
1183 2240 1211 2264 et
1231 2240 1311 2263 antea
1330 2236 1359 2263 in
1377 2235 1476 2262 urbem
1494 2235 1640 2269 venerant)
1660 2238 1751 2262 certas

107 2284 203 2320 ῥητὰς
228 2291 304 2312 τινας
320 2283 452 2317 γυναῖκας
476 2282 633 2318 ὠνήσασθαι
663 2283 794 2316 θέλοντες,
817 2283 850 2315 ἃς
873 2284 905 2310 τὸ

960 2283 1090 2319 quasdam
1107 2287 1246 2309 matronas
1261 2281 1430 2316 redempturi
1443 2289 1450 2314 ;
1469 2287 1538 2315 quas
1547 2279 1659 2308 Barbari
1673 2283 1751 2308 actu-

106 2330 200 2365 τάχος
213 2330 238 2355 ot
250 2329 388 2364 Βάρὸαροι
401 2329 455 2355 τῶν
477 2329 550 2363 νηῶν
565 2329 752 2363 ἐξενεγκόντες
767 2330 907 2362 ἀπέδοντο,

107 2376 184 2402 πολὺ
204 2370 315 2410 χρυσίον
335 2376 406 2411 ὑπὲρ
423 2376 446 2392 ’δ
459 2375 550 2402 αὐτῶν
573 2376 766 2411 κομισάμενοι.
788 2376 909 2403 Ἐκεῖθεν

106 2422 139 2448 δὲ
162 2421 250 2448 πάλιν
273 2421 438 2456 ἀναχθέντες
467 2422 627 2456 κατήραμεν
647 2422 711 2456 περὶ
730 2422 765 2447 τὰ
779 2423 843 2456 τέλη
859 2423 909 2457 τῆς

106 2467 202 2502 νήσου
231 2467 280 2501 τῆς
308 2466 480 2502 καλουμένης
509 2466 669 2502 Παλλήνης⁹
689 2467 736 2493 καί
752 2475 778 2493 τι
810 2467 908 2502 μικρὸν

107 2513 209 2539 ἐκεῖσε
235 2511 489 2547 καθησυχάσαντες,
517 2512 563 2539 τοῦ
581 2511 735 2547 πνεύματος
754 2513 907 2548 ἐπιτηδείου

107 2558 289 2593 ὑπάρχοντος
302 2559 350 2584 καὶ
366 2556 445 2589 αὖθις
459 2558 526 2593 προς
544 2559 666 2593 ἑσπέραν
681 2557 859 2593 ἐσπάσοησαν
875 2558 910 2584 τὰ

108 2603 204 2636 ἱστία,
222 2604 240 2631 α
254 2604 300 2630 καὶ
314 2604 520 2640 διαπρησθέντα
538 2606 571 2640 τῇ
586 2605 754 2640 σφοδροτάτῃ
773 2605 850 2640 ῥύμῃ
862 2603 909 2630 τοῦ

107 2651 274 2685 πνεύματος
289 2649 356 2686 ἦγον
379 2652 453 2686 ἡμᾶς
469 2650 638 2686 φερομένους
658 2651 701 2687 [Ρ.
715 2650 780 2687 572]
800 2650 907 2686 βιαίως,

106 2696 169 2727 Ξως
190 2696 239 2730 τῆς
251 2696 350 2731 ἑφεξῆς
365 2696 388 2712 ¹³
402 2696 462 2722 κατ’
479 2696 566 2731 ἀρχὰς
581 2696 686 2731 ἡμέρας
701 2695 854 2732 εὑρέθημεν
867 2695 908 2727 εἴς

107 2750 184 2768 τινα.
196 2741 277 2768 τόπον
292 2742 316 2758 ⁸⁸
331 2742 500 2778 Διαδρόμους
523 2742 598 2778 παρὰ
612 2742 666 2769 τῶν
688 2741 907 2777 ναυτιλλομένων

106 2787 333 2822 ὀνομαζόμενον,
344 2787 391 2814 δύο
408 2787 457 2823 μιν
471 2787 568 2823 εχοντα
578 2787 677 2823 νήσους
691 2787 864 2822 ἁμφιμήκεις
877 2786 906 2819 ἐξ

959 2334 1018 2357 tum
1045 2328 1164 2356 navibus
1190 2327 1316 2359 eductas,
1344 2326 1449 2362 ingenti
1464 2325 1526 2353 auri
1541 2325 1567 2352 vi
1587 2332 1638 2360 pro
1649 2325 1690 2352 eis
1702 2332 1749 2352 ac-

958 2380 1047 2411 cepta,
1064 2374 1238 2402 dediderunt.
1266 2372 1333 2400 Inde
1348 2380 1414 2400 vero
1431 2379 1528 2399 rursus
1551 2371 1644 2399 educti
1660 2370 1750 2398 Palle-

958 2429 1008 2449 nes
1023 2421 1120 2448 insula:
1134 2419 1265 2447 extremis
1285 2418 1434 2451 haesimus;
1451 2417 1573 2454 dumque
1594 2417 1632 2444 ibi
1653 2416 1752 2452 paulu-

959 2466 1016 2493 lum
1030 2465 1219 2496 immoramur,
1238 2461 1364 2490 secundo
1375 2467 1458 2489 vento
1472 2461 1554 2488 ﬂante
1570 2460 1604 2488 ad
1618 2459 1748 2488 occiden-

960 2516 1015 2540 tem
1040 2517 1138 2538 rursus
1164 2509 1225 2537 vela
1254 2509 1372 2544 impulsa
1398 2510 1476 2540 sunt;
1502 2513 1563 2541 qua:
1580 2505 1750 2533 validissimo

959 2557 1035 2586 venti
1066 2557 1170 2591 impetu
1208 2554 1300 2582 inﬂata
1333 2553 1469 2581 violenter
1497 2558 1549 2579 nos
1576 2551 1750 2583 deferebant,

959 2604 1048 2632 donec
1059 2602 1202 2638 sequentis
1214 2601 1269 2629 diei
1288 2600 1369 2628 initio
1387 2601 1479 2627 locum
1492 2606 1506 2626 a
1526 2598 1618 2626 nautis
1636 2597 1751 2625 Diadro-

960 2655 1023 2678 mus
1037 2652 1227 2683 nuncupatum
1246 2646 1395 2682 attigimus.
1413 2645 1439 2673 is
1454 2644 1538 2672 habet
1549 2643 1619 2672 duas
1634 2643 1748 2673 insulas,

961 2693 1182 2730 utrinquelongo
1193 2692 1281 2720 limite
1295 2697 1432 2724 extensas,
1448 2690 1531 2726 580
1540 2689 1593 2718 sibi
1610 2689 1748 2720 adversas;

961 2741 1035 2768 inter
1045 2746 1113 2775 quas
1128 2738 1213 2766 veluti
1226 2737 1328 2765 ﬂuvius
1342 2743 1417 2764 mare
1436 2734 1626 2770 pmternuens
1644 2733 1750 2761 insulas

961 2787 1046 2815 unius
1055 2786 1188 2814 duntaxat
1197 2784 1278 2815 stadii
1293 2783 1382 2819 spatio
1396 2781 1506 2810 dividit.
1520 2781 1573 2810 Ubi
1588 2780 1644 2808 huc
1654 2779 1748 2808 venis-

784 2843 903 2872 VABIIE
922 2842 1128 2873 LECTIONES.

152 2891 180 2907 η
200 2890 228 2918 ἃ
245 2897 289 2918 om
303 2892 336 2918 Δ.
375 2890 397 2907 ⁸⁸
412 2889 534 2925 κεφαλῆς
547 2891 579 2918 Α.
617 2891 639 2906 “‘
657 2899 707 2918 που
723 2898 778 2919 om.
792 2889 823 2918 Ρ.
862 2890 885 2907 ’⁸
900 2890 958 2918 ἄλλ’
969 2890 1047 2917 οὐδὲν

108 2927 138 2944 ³³
159 2926 348 2962 προρηθέντος
361 2925 394 2953 Δ.
432 2926 457 2942 ³⁸
473 2925 553 2962 ὑπὲρ]
565 2926 611 2952 ὑπ’
622 2925 653 2954 Ρ.
691 2927 714 2944 ¹³
726 2927 779 2960 ἓως
790 2925 890 2962 ἑφεξῆς
903 2926 954 2962 τῆς
965 2925 1020 2953 AP.

303 2975 438 3006 Ριτιιοι.
460 2975 519 3006 Gn.
541 2974 616 3007 CIX.

1059 2888 1086 2941 ᾗ]
1103 2889 1173 2916 ἀλλὰ
1184 2889 1217 2941 AA.
1255 2887 1276 2904 ’ί
1291 2889 1341 2941 ἰὴν
1353 2894 1410 2917 om.
1426 2886 1457 2914 P.
1495 2886 1518 2902 ¹¹
1533 2885 1704 2914 ἐκινδύνευον
1713 2883 1748 2912 Δ.

1092 2933 1169 2958 τινας
1184 2923 1276 2951 τόπων
1289 2923 1322 2950 Α.

1532 2969 1570 3002 20
