1999 3165
258 171 310 204 619

874 167 1042 199 JOANNES
1062 167 1280 197 CAMENIATA
1814 168 1856 200 6Ξο

258 235 363 260 scmus,
377 225 575 254 infortunatam
587 225 615 252 in
627 231 724 251 navem
740 222 901 255 incidimus,
912 222 1051 250 frumento

1113 220 1228 252 ,ναντίας
1252 218 1376 255 ἀλλήλων
1386 238 1393 250 ,
1408 217 1491 254 μέσον
1514 216 1542 251 δζ
1556 216 1654 244 τούτων
1670 220 1781 255 ποταμοῦ
1795 222 1857 258 δίκην

259 279 397 306 onustam,
419 272 514 307 sicque
540 275 653 306 repente
672 274 702 297 ut
722 277 755 296 ex
776 269 922 297 subitanco
933 273 1045 300 eventu,

259 320 308 356 qui
320 319 347 346 in
362 326 394 346 ea
408 317 591 348 vehebantur,
607 320 697 343 nauta:
705 314 774 342 nihil
788 314 878 341 tnoliri
896 313 1047 349 potuerint,

260 374 316 402 quo
332 373 389 393 sua:
407 363 563 392 consultum
588 361 669 389 saluti
686 365 769 388 esset.
799 360 959 395 Quanquam
974 359 1048 386 enim

261 409 426 446 videbantur
436 407 469 435 ad
479 406 595 434 insulam
607 405 778 440 adiacentem
794 412 891 432 navem
899 403 1048 431 detrusisse

261 460 293 479 ac
316 451 406 486 fugam
424 447 614 484 capessivisse,
634 446 703 473 nihil
722 446 785 473 inde
803 451 892 473 tamen
911 444 1049 472 commodi

262 497 404 529 retulere;
434 502 515 530 quam
539 494 669 521 ocissime
696 493 770 520 enim
802 492 906 528 egressi
934 492 1048 519 Barbari

262 539 477 575 comprehensos
490 545 596 570 omnes,
622 544 678 564 uno
694 537 826 564 duntaxat
838 540 962 571 excepto,
986 544 1050 563 con-

263 586 412 614 trucidant.
442 585 512 612 Hinc
533 584 626 611 denuo
658 583 818 617 navigantes
850 581 919 609 duos
940 581 1000 609 dies
1019 590 1051 610 ac

262 637 358 660 noctes
381 631 493 660 Euboan
515 638 620 666 magna:
642 629 740 657 insulse
768 637 842 656 oram
874 628 1049 664 legebamus;

261 686 414 713 versusque
430 684 506 704 mare
524 676 609 712 magis
624 676 734 703 boreale
750 675 864 703 directis
883 675 951 703 velis
967 683 1052 710 prope

263 724 398 758 Andrum,
419 731 473 751 non
488 723 548 750 sine
566 722 678 750 immani
701 726 847 750 ventorum
875 721 966 754 sibilo,
991 729 1053 757 per-

264 771 402 799 venimus.
426 769 522 804 Neque
548 769 622 796 enim
652 773 725 795 recta
747 767 943 803 navigabamus
963 774 1052 802 neque

265 821 339 844 certa
355 816 388 843 ad
410 816 481 848 loca,
510 815 558 843 sed
577 815 629 842 hac
650 819 731 849 atque
746 813 823 847 illac;
847 821 898 849 pro
912 821 946 841 eo
959 821 991 841 ac
1005 821 1054 841 na-

265 863 375 890 varchis
399 861 565 894 videbatur,
593 860 668 888 aliud
698 860 753 888 alio
777 860 972 895 obversimque
1002 860 1054 888 iter

265 909 450 937 mutabamus.
468 907 614 936 Timebant
631 906 704 934 enim
724 914 759 934 ne
779 914 835 941 quo
852 906 913 934 loco
933 906 1055 934 Romana
1072 922 1094 950 Β

265 955 362 982 classis
393 954 579 986 consisteret,
608 952 812 986 adversumque
836 951 961 979 incautos
985 951 1055 979 sini-

265 1006 353 1029 strum
367 1000 470 1036 aliquid
486 999 579 1027 molita
591 998 721 1025 damnum
736 997 859 1025 inferret.
891 997 1055 1032 Propterea-

266 1056 319 1083 que
335 1047 368 1075 ad
384 1047 451 1075 alias
465 1051 548 1081 atque
563 1044 631 1072 alias
645 1043 750 1072 insulas
766 1043 882 1079 perinde
906 1047 988 1078 atque
1011 1051 1056 1071 er-

266 1102 349 1122 rones
364 1091 641 1122 eircuml‘erebamur.

1101 266 1149 301 τὴν
1164 265 1303 292 θάλασσαν
1326 264 1516 300 παραθέουσαν
1531 264 1578 291 καὶ
1596 263 1644 296 τὰς
1659 264 1750 299 νήσους
1764 266 1796 298 ὡς
1816 268 1858 295 ἀπὸ

1103 312 1211 339 σταδίου
1227 312 1275 339 καὶ
1286 311 1367 347 μόνον
1380 311 1408 344 ἐξ
1424 311 1548 346 ἀλλήλων
1563 310 1736 344 διείργουοαν.
1750 312 1822 340 Ἔνθα
1833 314 1858 349 δὴ

1103 358 1149 383 καὶ
1174 356 1315 391 γενόμενοι
1337 356 1400 391 νηός
1421 364 1494 387 τινος
1518 355 1665 390 δυστυχοῦς
1689 355 1756 383 σίτου
1776 366 1859 393 πεφορ·

1101 403 1233 438 τισμένης
1258 402 1468 437 περιετύχομεν,
1488 401 1535 428 καὶ
1548 400 1633 432 οὕτως
1645 400 1736 436 ἀθρόον
1750 402 1783 434 ὡς
1807 404 1859 438 μηδὶ

1102 449 1247 484 δυνηθῆναι
1265 448 1304 483 τῷ
1319 449 1443 483 αἰφνιδίῳ
1457 448 1504 483 τῆς
1530 447 1687 482 συμϐάσεως
1700 448 1756 479 τοὺς
1767 449 1790 474 ὲν
1803 450 1855 485 αὐτῇ

1105 495 1240 530 σωτηρίας
1262 494 1391 529 ἐχόμενόν
1419 503 1445 521 τι
1468 493 1657 529 προσεξευρεῖν
1671 494 1702 522 ’⁷.
1724 495 1752 520 El
1766 495 1812 530 γὰρ
1822 498 1859 522 καὶ

1104 541 1196 574 ἔδοξαν
1211 541 1278 576 πρὸς
1300 540 1348 576 τὴν
1368 541 1575 576 παρακειμένην
1603 541 1683 575 νῆσον
1702 539 1747 575 τήν
1759 542 1815 567 ναῦν
1826 543 1864 568 ta-

1105 586 1211 613 οκεϊλαι
1227 587 1273 612 καὶ
1290 586 1358 621 πρὸς
1376 585 1465 621 φυγὴν
1495 586 1673 621 ἐκτραπῆναι,
1690 585 1744 611 ἀλλ’
1761 586 1825 613 οὐδὲν
1840 589 1864 614 ὲκ

1105 633 1201 660 τούτου
1217 633 1378 661 ἀπώναντο·
1395 632 1492 660 θᾶττον
1509 632 1564 667 γὰρ
1587 632 1683 664 αὐτοὺς
1697 632 1832 665 ἐξελθόντες
1845 635 1864 660 οι

1106 678 1244 714 Βάρὸαροι
1260 678 1445 711 συνελέξαντο,
1462 678 1509 705 καὶ
1517 678 1603 713 χωρὶς
1618 678 1676 709 ὲνὺς
1691 677 1766 713 μόνου
1783 679 1864 711 πάντας

1106 725 1176 760 πρὸς
1193 725 1308 752 θάνατον
1336 725 1522 760 ὑπηγάγοντο.
1544 724 1665 751 Ἐκεῖθεν
1683 724 1711 751 δὲ
1729 724 1801 751 πάλιν
1824 726 1865 752 ἁπ-

1107 771 1223 805 άραντες
1252 771 1297 797 ἐπὶ
1315 771 1374 798 δυσὶ
1387 770 1570 807 νυχθημέροις
1595 770 1645 806 τὴν
1671 770 1783 806 μεγάλην
1803 771 1865 805 νῆσον

1108 817 1300 853 παρεπλέομεν
1314 818 1363 853 τῆς
1375 817 1502 849 Εὐϐοίας,
1518 817 1565 844 καὶ
1579 816 1652 844 κατὰ
1666 815 1711 843 τοῦ
1727 816 1866 852 βορειοτέρου

1107 863 1210 898 ταύτης
1230 863 1366 897 πελάγους
1381 863 1520 895 ἰθύναντες
1529 863 1563 889 τὰ
1577 862 1660 895 ἱστία,
1676 861 1708 889 τὰ
1729 862 1795 897 παρὰ
1804 862 1866 894 πόδας

1107 908 1158 943 τῆς
1171 908 1284 944 ’Ἄνδρου
1304 908 1328 924 ¹¹
1340 909 1410 944 μετά
1433 916 1504 940 τινος
1533 907 1713 944 σφοδροτάτου
1731 907 1867 943 ῥοιζήματος

1109 954 1305 991 κατελάϐομεν.
1330 955 1368 982 Οὺ
1396 955 1450 992 γὰρ
1465 954 1633 989 ἐποιούμεθα
1655 955 1713 981 κατ’
1728 952 1821 980 εὐθεῖαν
1834 952 1867 979 τὸν

1110 1000 1177 1028 πλοῦ
1183 1010 1206 1034 ν,
1220 1001 1279 1028 οὑδὲ
1298 1001 1368 1028 κατά
1380 1010 1452 1034 τινος
1463 1001 1615 1036 ὡρισμένου
1633 1000 1725 1031 τόπου,
1742 999 1793 1026 ἀλλ’
1807 999 1837 1031 ὡς
1844 998 1868 1025 ἂν

1110 1047 1183 1081 ἔδοξε
1200 1049 1256 1080 τοῖς
1271 1047 1325 1075 τῶν
1339 1048 1411 1083 νηῶν
1423 1048 1565 1084 ἀρχηγοῐς,
1581 1047 1647 1083 τῇδε
1659 1046 1764 1073 κάκεῖσε
1777 1045 1818 1077 τὰς
1831 1053 1868 1080 μι-

1110 1093 1240 1126 ταϐάσεις
1253 1094 1302 1121 καὶ
1317 1093 1498 1130 ἁντιστροφᾲς
1513 1092 1692 1128 ἐποιούμεθα.
1707 1092 1757 1119 Καὶ
1771 1090 1869 1126 7519161-

266 1141 359 1167 ὂῑεσαν
372 1139 395 1155 ”
409 1138 446 1174 μή
462 1146 512 1164 που
527 1136 601 1172 τύχοι
622 1136 717 1171 παρὼν
731 1137 745 1163 ὀ
759 1135 814 1162 τῶν
835 1137 978 1172 Ῥωμαίων
1011 1137 1114 1171 στόλος,
1142 1141 1190 1167 καὶ
1208 1140 1284 1168 λάθοι
1303 1140 1363 1168 κατ’
1396 1140 1486 1168 αὐτῶν
1520 1140 1644 1167 ἐπίνοιάν
1670 1148 1728 1166 τινα
1758 1138 1870 1174 μοχθηρὰν

267 1187 464 1221 ἐργασάμενος.
477 1183 526 1210 Διὰ
536 1182 615 1210 τοῦτο
635 1183 728 1210 ἄλλοτε
743 1182 825 1214 ἄλλας
838 1183 937 1217 νήσους
951 1182 1076 1220 καθάπερ
1095 1185 1167 1218 τινες
1183 1185 1317 1221 πλανῆται
1330 1185 1548 1222 περιηρχόμεθα.

304 1234 349 1263 68.
381 1234 451 1260 Dum
469 1232 522 1259 hoc
536 1235 618 1267 pacto
629 1238 769 1266 vagamur,
787 1230 814 1258 in
840 1231 966 1259 Patmum
979 1231 1058 1259 insu-

268 1283 323 1310 lam
334 1279 516 1311 deileximus;
532 1278 560 1305 in
575 1285 629 1313 qua
646 1284 694 1304 sex
706 1277 766 1304 dies
781 1277 916 1304 malorum
933 1278 1057 1305 onmium

269 1324 468 1362 experimentis
479 1322 600 1351 divexati
619 1323 781 1351 mansimus.
801 1322 870 1351 Cum
884 1323 964 1358 581
983 1323 1058 1351 enim

268 1374 346 1401 locus
361 1375 434 1400 esset
446 1370 607 1405 inaquosus,
625 1369 686 1397 sitis
703 1369 828 1404 captivos
839 1369 975 1397 vastabat.
997 1369 1058 1397 Non

269 1420 344 1447 enim
363 1422 469 1445 tantum
483 1424 561 1451 aquae
575 1415 657 1443 nobis
670 1416 844 1451 prm‘bebatur
859 1420 993 1451 quantum
1015 1419 1058 1443 sat

270 1468 344 1493 esset
365 1463 399 1491 ad
423 1463 507 1490 vitam
534 1461 763 1493 sustentandam,
788 1461 836 1490 sed
866 1467 999 1496 quantum
1025 1462 1059 1489 ad

271 1515 399 1541 mortem,
426 1509 511 1544 ipsam
538 1508 594 1543 jam
613 1507 799 1544 ingruentem,
819 1509 954 1543 tantisper
968 1516 1061 1536 remo-

271 1555 405 1587 randam;
430 1560 512 1588 quam
541 1553 650 1585 bibens,
680 1553 734 1580 nisi
763 1553 792 1580 in
821 1553 879 1588 ipsa
905 1553 1061 1588 gustatione

272 1599 440 1636 compreSSis
461 1598 587 1631 naribus,
602 1605 637 1626 ne
659 1605 674 1625 a
693 1598 831 1633 principio
848 1598 1060 1633 graveolentiam

1150 1235 1200 1270 ξη¹.
1225 1234 1304 1262 Οὕτω
1327 1235 1354 1261 δὲ
1380 1235 1526 1271 φερόμενοι
1549 1235 1755 1269 κατηντήσαμεν
1776 1233 1810 1265 εἷς
1826 1242 1870 1260 τινα

1111 1282 1192 1317 νῆσον
1218 1282 1331 1316 Πάτμον
1344 1281 1531 1316 καλουμένην·
1557 1279 1623 1307 ἔνθα
1648 1279 1680 1316 δὴ
1693 1279 1738 1307 καὶ
1752 1280 1871 1315 προσιμιί-

1108 1335 1194 1362 ναμεν
1211 1327 1240 1360 ἐξ
1261 1327 1382 1362 ἡμέρας,
1406 1326 1507 1357 παντὸς
1526 1324 1649 1361 χαλεποῦ
1671 1326 1763 1361 πεῖραν
1780 1326 1805 1352 έν
1819 1325 1870 1360 αὐτῇ

1109 1371 1357 1406 καθυπομένοντες.
1373 1371 1501 1406 ’Δνύδρου
1511 1371 1566 1407 γὰρ
1581 1371 1662 1403 δντος
1671 1370 1716 1397 τοῦ
1728 1370 1802 1397 τόπου
1814 1371 1869 1405 tini-

1112 1417 1175 1449 ζετο
1190 1418 1254 1449 τοὺς
1279 1417 1470 1453 αἰχμαλώτους
1481 1419 1498 1453 ὴ
1514 1417 1589 1453 δίψα.
1604 1418 1645 1444 Οὐ
1661 1418 1713 1454 γὰρ
1726 1417 1814 1445 ἐδίδοτο
1824 1417 1872 1452 ἡμῖν

1115 1462 1187 1498 ὕδωρ
1209 1463 1271 1490 ὅσον
1287 1463 1356 1498 πρὸς
1373 1462 1503 1490 σύστασιν
1526 1462 1577 1496 τῆς
1604 1462 1680 1498 ζωῆς
1697 1463 1811 1498 ἐπήρκει,
1830 1461 1872 1488 ἀλλ’

1113 1507 1174 1534 ὅσον
1187 1507 1367 1542 ἑμδραδύνειν
1391 1507 1478 1535 ἐποίει
1499 1508 1602 1543 καίπερ
1617 1508 1741 1543 παρόντα
1756 1508 1796 1534 τὸν
1809 1507 1871 1533 θάνα-

1113 1561 1159 1579 τον
1170 1561 1177 1568 ·
1191 1550 1277 1589 οὗπερ
1294 1554 1307 1580 ὁ
1322 1553 1453 1589 μετέχων,
1470 1554 1495 1583 ει
1511 1554 1550 1590 μὴ
1563 1554 1611 1589 τὴν
1629 1554 1760 1590 ὄσφρησιν
1771 1555 1829 1580 κατὰ
1838 1553 1874 1588 τήν

1114 1598 1209 1633 γεῦσιν
1226 1600 1335 1635 ἐπεῖχεν
1348 1600 1386 1632 ὼς
1406 1599 1444 1636 μὴ
1471 1600 1531 1627 κατ’
1557 1600 1649 1636 ἀρχὰς
1663 1600 1712 1635 τῆς
1736 1600 1809 1628 αὐτοῦ
1829 1599 1875 1626 δυσ-

272 1647 496 1683 persentiseeret,
507 1645 582 1672 nullo
591 1643 672 1672 modo
681 1643 794 1672 haurire
803 1647 920 1679 poterat,
932 1652 993 1671 cum
1003 1649 1059 1672 antt

1117 1645 1198 1677 ωδίας
1212 1646 1437 1682 ὲπαισθανθῆναι,
1451 1646 1506 1674 οὐδ’
1523 1647 1590 1679 ὅλως
1607 1646 1706 1674 τούτου
1720 1647 1876 1683 παρεχωρεῑτο

273 1693 356 1720 etiam
371 1691 512 1727 potionem
527 1697 598 1717 unus
618 1690 675 1725 ipse
693 1693 820 1725 aspectus
839 1695 964 1716 naturam
977 1689 1063 1717 oil'en-

274 1738 352 1767 deret
368 1746 399 1766 ac
414 1737 557 1765 molestius
568 1736 693 1763 haberet.
709 1735 794 1763 Porro
808 1735 886 1763 cibus
900 1736 977 1771 panis
992 1736 1064 1763 dun-

275 1789 348 1813 taxat
365 1789 489 1812 crustum
516 1787 587 1817 erat,
614 1783 697 1818 idque
719 1783 873 1818 putridum,
889 1783 972 1810 vitam
986 1790 1064 1810 ever-

275 1837 336 1859 tens
349 1839 380 1859 ac
391 1829 603 1859 interneeinum.
619 1829 684 1863 Quae
699 1829 773 1857 enim
788 1829 881 1857 hostes
897 1829 924 1856 iu
938 1829 1064 1865 proprios

276 1885 342 1905 usus
361 1877 443 1904 domo
456 1879 644 1911 exportarant,
667 1882 730 1902 cum
754 1875 789 1902 iis
811 1875 950 1910 superﬂua
971 1880 1065 1903 essent

244 1928 248 1930 '
275 1924 444 1958 omninoque
476 1923 549 1950 carie
575 1922 692 1955 vitiata,
719 1926 815 1949 utnec
840 1922 894 1949 ulla
919 1922 1064 1949 brutarum

275 1970 457 1997 animantium
485 1969 582 1996 saltem
611 1968 705 1996 oculos
723 1972 816 2003 posset
831 1967 985 1998 advertere.
1007 1967 1065 1995 haec

275 2015 357 2043 nobis
382 2015 410 2041 in
437 2014 530 2041 cibum
558 2013 783 2048 apponebantur,
806 2017 908 2048 quanta
937 2020 989 2041 nec
1010 2012 1065 2039 dici

275 2061 373 2097 possit,
405 2059 597 2095 graveolentite
625 2066 658 2086 ac
683 2058 856 2086 insuavitatis
884 2058 976 2093 plena,
1006 2059 1065 2093 ipsa

275 2108 417 2137 vermibus
433 2107 567 2136 scatentia
585 2107 727 2141 multoque
742 2114 855 2133 mucore
872 2114 1022 2141 conspersa
1038 2111 1066 2133 et

276 2155 311 2183 ad
329 2161 430 2189 corpus
452 2152 645 2181 sustinendum
668 2152 759 2179 nullas
773 2153 855 2187 plane
870 2151 943 2179 vires
960 2151 1065 2179 haben-

277 2201 328 2228 tia.
359 2199 426 2227 inde
459 2199 533 2227 enim
565 2198 725 2234 conjectura
749 2201 809 2225 erat
839 2197 975 2225 infinitam
1008 2197 1066 2224 fere

277 2245 484 2274 multitudinem
510 2244 636 2280 quotidie
663 2243 692 2271 in
718 2248 834 2272 mortem
857 2243 917 2278 cogi
933 2251 983 2279 per
1006 2243 1067 2272 sitis

278 2293 414 2328 famisque
428 2291 568 2327 iujuriam,
586 2290 821 2325 morientiumque
838 2297 953 2325 corpora
969 2297 984 2316 e
1004 2289 1067 2317 navi

1119 1692 1294 1727 μεταλαϐεῖν,
1320 1694 1369 1728 τῆς
1392 1693 1498 1728 φύσεως
1524 1693 1684 1728 ἀνιωμένης
1713 1694 1756 1720 καὶ
1774 1694 1795 1719 εἰ
1815 1692 1876 1727 μόνον

1117 1737 1224 1764 ἀπιδεῖν
1253 1738 1390 1774 ὴόουλήθη
1417 1738 1508 1770 τοῦτο,
1527 1738 1574 1764 καὶ
1593 1739 1650 1774 πρδ
1673 1739 1722 1774 τῆς
1743 1738 1828 1773 πείρας
1841 1738 1877 1771 τῆς

1118 1783 1305 1815 καταπόσεως.
1331 1784 1362 1810 'll
1387 1783 1474 1820 τροφὴ
1491 1783 1518 1810 δὲ
1536 1784 1615 1819 ἡμῶν
1640 1784 1723 1819 ἄρτου
1746 1783 1834 1819 τρύφος
1852 1779 1876 1816 ἧν

1120 1829 1209 1864 μόνον,
1238 1829 1283 1856 καὶ
1305 1828 1383 1856 τοῦτο
1398 1828 1550 1864 διεφθορὸς,
1580 1822 1732 1855 κατάλυσιῦ
1754 1827 1878 1864 ἑργαζὸμε·

1118 1884 1174 1902 νον.
1195 1877 1229 1902 Ἀ
1255 1876 1309 1911 γὰρ
1334 1877 1430 1911 ἔτυχον
1457 1875 1586 1907 λαϐόντες
1610 1876 1719 1902 οἴκοθεν
1734 1875 1782 1910 πρὸ
1795 1872 1877 1900 πολλῶν

1119 1922 1229 1958 ἡμερῶν
1243 1922 1310 1956 πρὸς
1326 1922 1421 1957 χρείαν
1436 1921 1542 1949 ἑαυτῶν
1563 1921 1588 1949 οι
1604 1922 1741 1957 πολέμιοι,
1753 1919 1829 1947 ταῦτα
1842 1926 1878 1945 πε-

1121 1968 1300 2004 ριττεύσαντα
1317 1969 1364 1994 καὶ
1380 1967 1448 2003 πρὸς
1462 1967 1569 1994 τελείαν
1585 1968 1723 2004 σηπεδόνα
1735 1967 1878 2002 χωρήσαντα.

1119 2015 1166 2041 καὶ
1179 2013 1219 2047 οἷς
1239 2015 1288 2042 οὐκ
1305 2015 1338 2042 ἄν
1352 2023 1378 2042 τι
1401 2015 1455 2042 τῶν
1470 2014 1576 2049 ἀλόγων
1591 2004 1710 2051 ἐδυνήθη
1724 2014 1773 2042 κᾶν
1788 2012 1879 2042 ἀπιδεῖν,

1119 2061 1159 2092 είς
1178 2061 1329 2096 μετάληψιν
1345 2061 1412 2097 ἡμῖν
1424 2061 1638 2097 προσεφέροντο,
1655 2061 1759 2096 ἁφάτου
1772 2060 1816 2095 μὲν
1829 2058 1879 2085 δυσ-

1120 2107 1200 2139 ωδίας
1220 2107 1266 2134 καὶ
1280 2107 1376 2141 ἀηδίας
1403 2107 1505 2143 πλήρη,
1525 2107 1628 2142 μεστὴν
1643 2107 1673 2134 δὲ
1692 2106 1829 2142 σκωλήκων
1845 2103 1881 2130 καὶ

1121 2154 1206 2189 πολλῇ
1224 2153 1326 2190 σαπρίᾳ
1339 2153 1585 2189 συμπεφυρμένην,
1602 2154 1671 2189 πρός
1685 2162 1714 2180 τε
1730 2154 1776 2189 τὴν
1787 2151 1836 2184 ἕξιν
1847 2148 1881 2176 τοῦ

1122 2198 1245 2234 σώματος
1257 2199 1280 2215 ³ο
1305 2199 1445 2232 παντελῶς
1466 2200 1663 2236 ἁνενέργητον.
1681 2200 1736 2227 Καὶ
1750 2199 1799 2234 γὰρ
1811 2195 1839 2233 ἦν
1854 2195 1883 2222 tl-

1122 2246 1204 2272 κὰσαι
1231 2244 1331 2280 πλῆθος
1345 2246 1460 2282 ἄπειρον
1482 2247 1515 2273 ὲκ
1536 2246 1641 2273 τούτων
1662 2247 1705 2281 ἐφ’
1728 2244 1835 2279 ἑκάστης
1846 2241 1882 2275 τῆς

1122 2292 1227 2328 ἡμέρας
1243 2292 1282 2327 τῷ
1302 2292 1410 2328 θανάτῳ
1426 2292 1669 2328 συνελαυνόμενον,
1695 2291 1825 2328 πάρεργον
1846 2287 1883 2322 τῆς

280 2340 308 2367 in
323 2347 398 2367 mare
410 2338 521 2374 jactari,
533 2341 617 2373 atque
634 2337 661 2365 in
677 2337 794 2365 multum
805 2341 915 2372 tempus
931 2337 1003 2364 inter
1014 2345 1059 2364 un-

1120 2338 1199 2374 δίψης
1227 2339 1275 2365 καὶ
1296 2338 1343 2365 τοῦ
1358 2338 1439 2374 λιμοῦ
1457 2338 1500 2375 [Ρ.
1518 2338 1594 2375 575],
1620 2339 1655 2366 τά
1677 2347 1708 2365 τε
1726 2337 1832 2372 σώματα
1844 2333 1883 2359 τῶν

278 2387 329 2415 das
351 2385 536 2414 subsultantia
563 2384 641 2412 ferri.
667 2384 783 2419 Pratque
804 2383 920 2419 reliquis
934 2383 1069 2411 infantum

279 2432 437 2461 miserabile
466 2439 564 2467 genus,
591 2430 711 2459 necdum
732 2430 773 2458 eis
798 2434 943 2458 constante
959 2435 1070 2461 natura.

278 2480 405 2516 pluribus
428 2477 611 2506 incommodis
634 2477 770 2512 malisque
788 2476 988 2505 adiciebantur.
1006 2475 1069 2505 Vivi

280 2532 378 2552 rursus
391 2523 466 2551 haud
481 2523 599 2550 multum
610 2530 625 2549 a
640 2521 795 2550 demortuis
811 2521 960 2555 distabant,
987 2526 1069 2556 atque

279 2578 375 2605 parem
409 2570 552 2598 interitum
576 2576 622 2596 res
655 2568 765 2595 illorum
794 2568 965 2603 spectabant.
995 2568 1071 2596 lnter

279 2624 350 2653 quos
380 2623 477 2643 omnes
506 2622 568 2647 nos,
593 2614 675 2650 582
697 2614 744 2649 qui
766 2614 845 2641 tortis
859 2614 1068 2649 colligabamur,

280 2664 372 2692 acrior
389 2661 529 2690 cruciatus
547 2661 656 2688 urebat.
679 2660 875 2688 Folliculorum
888 2659 962 2687 enim
979 2659 1070 2687 iuani~

280 2715 418 2738 matorum
431 2708 518 2735 instar
528 2715 599 2735 unus
611 2706 689 2742 juxta
701 2707 786 2734 alium
803 2706 942 2739 sedentes,
958 2707 1069 2734 cuneis-

281 2764 346 2791 que,
369 2755 471 2791 quibus
494 2752 608 2790 appensi
633 2759 755 2785 eramus,
777 2751 972 2780 convulnerati
986 2757 1069 2786 atque

1121 2383 1292 2418 θνησκόντων
1318 2385 1517 2420 ἀκοντιζόμενα
1537 2385 1587 2420 τῆς
1607 2385 1671 2420 νηὸς
1688 2384 1735 2411 ἐπὶ
1759 2382 1883 2410 θάλασσαν.

1121 2429 1169 2456 καὶ
1187 2429 1267 2466 μέχρι
1282 2430 1381 2457 πολλοῦ
1399 2432 1455 2463 τοῖς
1468 2430 1589 2466 κύμασιν
1602 2430 1798 2465 ὲπισπαίροντα
1809 2428 1837 2459 ⁸¹,
1850 2424 1884 2451 καὶ

1120 2475 1223 2502 τούτων
1248 2475 1368 2511 μάλιστα
1390 2477 1426 2503 τὰ
1445 2476 1551 2504 δείλαια
1570 2475 1659 2512 βρέφη
1683 2476 1723 2510 τῷ
1745 2473 1828 2501 ἀτελεῖ
1847 2469 1883 2503 τῆς

1121 2521 1230 2556 φύσεως
1252 2522 1338 2549 πλείω
1354 2522 1410 2550 τῶν
1428 2522 1517 2550 ἄλλων
1542 2522 1595 2549 τῶν
1618 2521 1750 2556 ἀλγεινῶν
1776 2514 1884 2555 ἐμφορού-

1122 2576 1202 2603 μενα,
1215 2568 1278 2600 τοὺς
1293 2568 1397 2601 ζῶντας
1414 2569 1442 2595 δὲ
1466 2568 1547 2596 πάλιν
1562 2569 1592 2595 οὐ
1616 2567 1712 2603 πόρρω
1726 2566 1778 2593 τῶν
1794 2570 1884 2600 προκει-

1122 2614 1211 2648 μένων
1227 2614 1408 2649 ὑπάρχοντας,
1429 2615 1498 2642 ὰλλὰ
1522 2615 1591 2650 πρὸς
1606 2614 1636 2642 τὺ
1651 2615 1745 2648 ὅμοιον
1761 2611 1884 2647 βλέποντας

1121 2659 1218 2695 πέρας.
1244 2660 1289 2694 Ἐξ
1306 2657 1344 2688 ὧν
1368 2661 1498 2688 ἁπάντων
1519 2660 1621 2695 μᾶλλον
1650 2659 1743 2694 ἡμεῖς,
1767 2657 1818 2683 ὅσοι
1839 2651 1885 2680 ταῖς

1121 2706 1265 2741 στρέϐλαις
1274 2705 1346 2742 ἦμεν
1357 2707 1553 2742 πεπεδημένοι,
1567 2705 1674 2733 πλείοσι
1686 2704 1809 2740 βασάνοις
1820 2705 1884 2733 προσ·

1120 2753 1299 2789 επαλαίομεν.
1316 2754 1371 2781 Καὶ
1384 2753 1439 2790 γὰρ
1454 2753 1579 2781 θυλάκων
1595 2752 1707 2788 ἀψύχων
1720 2750 1794 2784 δίκην
1807 2746 1856 2775 ταῖς
1868 2742 1884 2757 ³¹

918 2809 1036 2837 ἾΑΒΙᾹΞ
1056 2810 1257 2841 LECTlON-ES.

319 2860 342 2876 ³⁷
351 2860 526 2895 πῳεξευρεῖν
536 2859 569 2887 Α.
588 2894 591 2895 ν
607 2859 630 2876 ³⁸
641 2859 757 2895 Ἀντρου
770 2857 829 2895 γΑΡ.

284 2893 480 2931 ὲπισπὲίροντα
493 2894 545 2922 ΑΡ.
586 2894 607 2910 ³¹
624 2893 694 2930 ταῖς]
704 2893 749 2920 ἕπί
766 2894 778 2920 ?

883 2858 905 2874 ”
924 2858 1064 2894 ἐδεὸἰησαν
1078 2859 1133 2887 ΛΡ.

1187 2861 1208 2876 ³ο
1224 2860 1277 2888 τῶν
1296 2869 1430 2897 σωματων
1443 2862 1476 2890 Λ.
1528 2860 1549 2878 ³¹
1560 2862 1662 2888 imam
1676 2866 1757 2894 ροντσι
1778 2850 1860 2883 (ἓοιιὼι
1877 2857 1881 2874 ⁵
