1999 3165
149 185 216 217 621,

693 183 742 214 DE
759 181 916 214 EXCIDIO
934 181 1237 214 THESSALONIC/E:

1725 185 1777 216 692

150 239 262 268 σελλίων
277 238 402 276 mmet;
416 239 533 274 ἐπικαθή
538 247 625 274 μενοι,
644 238 691 265 καὶ
704 239 761 270 τοῖς
783 237 882 271 ξύλοις,
895 234 936 269 οἷς

990 238 1150 273 compressi,
1178 245 1247 273 quas
1262 244 1344 265 nemo
1364 237 1457 265 verbis
1470 238 1618 273 eloquatur
1631 245 1662 267 ac
1676 239 1781 268 referat.

148 285 334 321 ἐνηρτήμεθα,
363 285 577 320 τιτρωσκόμενοξ
593 293 623 311 τε
649 284 696 311 καὶ
721 283 936 319 συνθλιϐόμενοι,

147 333 346 369 ἀνεκδιήγητόν
371 342 433 360 τινα
465 334 511 360 καὶ
535 333 656 370 άρῤητον
686 331 859 366 ὺφιστάμεθα
888 331 938 366 τὴν

147 380 282 414 ἀνάγκην,
294 379 349 405 οὐδ’
367 379 491 406 ὁπωσοῦν
508 379 696 413 συστραφῆναι
711 378 728 413 ἦ
746 384 819 408 τινος
833 377 938 408 ἑαυτοῖς

148 425 313 462 μεταδοῦναι
330 425 427 460 σχολῆς
442 424 676 460 συγχωρούμενοι,
689 422 746 450 ἀλλ’
760 422 777 457 ἢ
794 422 873 457 μόνον
888 422 939 453 τὰς

146 471 271 506 κεφαλὰς
287 470 433 505 ,ὑψοῦντες
461 470 572 506 μικρὸν,
600 469 691 496 εἵπου
718 468 771 495 κᾶν
798 468 939 503 ἐλεύθερον

146 517 218 551 ᾁέρα
233 518 292 548 ταῖς
313 515 384 552 ῥισὶν
401 516 596 551 ἐφελκύσωμεν
616 516 663 543 καὶ
681 516 718 550 μὴ
744 515 812 550 πρὸς
838 513 938 545 παντὸς

146 562 228 590 ἄλλου
257 562 344 588 δεινοῦ
373 563 406 597 τῇ
431 562 485 588 τῶν
514 561 654 597 παρόντων
682 559 865 594 ἀναθυμιάσει
888 558 938 593 τὴν

149 609 235 642 πνοὴν
251 608 453 642 ἐπαφήσοιμεν.
467 607 504 634 Τὸ
519 607 547 634 δέ
560 607 615 633 τῶν
628 606 747 642 φθειρῶν
761 605 863 640 πλῆθος
878 604 937 630 ἓτε-

149 661 196 688 ρον
218 651 253 688 ἦν
279 652 364 680 κακὸν
390 653 506 687 ἄφατον.
531 652 665 687 Καθάπερ
685 652 740 686 γάρ
758 660 799 682 τις
825 650 938 681 θάνατος

146 699 252 734 ἕρπων,
265 699 314 734 τὴν
328 699 457 725 ἁπάντων
472 697 545 733 ζωὴν
557 698 765 730 κατεσόσκοντο,
780 696 818 728 ὡς
834 697 866 723 ἐκ
877 695 939 722 τοὺ·

147 753 194 771 του
208 745 257 775 τὰς
276 745 384 780 μορφὰς
397 745 506 771 πάντων
522 744 714 780 ἀλλοιωθῆναι,
732 744 780 771 καὶ
795 745 824 770 ἐν
838 743 940 779 ὑποψίᾳ

147 791 269 824 ζώντων,
284 792 335 819 οὐκ
351 791 466 826 ἀληθείᾳ
481 791 648 825 λογίζεσθαι.
663 791 749 822 Ὅσας
774 790 802 817 δὲ
830 789 939 824 πληγὰς

146 837 265 872 ἠφίεσαν
281 837 405 871 μανικῶς
422 837 568 873 φερόμενοι
582 837 644 864 καθ’
655 836 744 871 ήμῶν,
766 836 783 872 ἦ
798 837 873 867 ὅσαις
886 835 940 862 λοι-

147 883 253 918 δορίαις
279 884 326 909 καὶ
353 883 467 910 ὀνείδεσι
497 883 559 910 καθ’
582 883 701 916 ἑκάστην
724 883 797 917 ἡμᾶς
824 881 939 908 ἔπλυνον

147 929 234 964 ὥραν,
254 930 301 956 καὶ
314 926 353 961 οἷς
369 929 511 963 ἐφαίνοντο
527 930 576 965 τὴν
593 929 675 965 μῆνιν
688 928 866 963 φυλάττοντες
885 928 940 954 τῶν

146 976 260 1011 ἡμερῶν
275 976 322 1002 τοῦ
336 975 466 1011 πολέμου,
485 976 561 1006 ποῖος
578 975 627 1010 μὲν
643 975 723 1009 λόγος
741 974 940 1010 καθιστορῆσαι

146 1022 312 1056 δυνήσεται,
338 1017 406 1048 ποία
434 1021 463 1048 δὲ
491 1021 560 1057 ἀκοὴ
587 1021 636 1056 τὴν
662 1020 758 1047 τούτου
787 1020 941 1056 παραδέξα-

148 1069 213 1095 σθαι
228 1068 397 1104 τραγῳδίαν;
421 1067 500 1102 Ἐμοὶ
515 1067 558 1094 δελ
578 1067 708 1098 ἔκστασις
736 1066 938 1102 ἐπεισέρχεται,

145 1115 245 1146 ὁσάκις
275 1115 314 1146 εἰς
342 1114 445 1141 ἔννοιαν
476 1113 546 1140 ἔλθω
578 1113 658 1149 μόνον
694 1113 749 1139 τῶν
778 1113 940 1148 άμετρήτων

147 1161 244 1187 κακῶν
272 1160 384 1187 ἐκείνων
401 1156 438 1186 ὧν
459 1159 532 1186 κατὰ
557 1159 648 1185 πᾶσαν
673 1158 723 1194 τὴν
746 1158 871 1193 περίοδον
892 1157 939 1184 τοῦ

147 1207 232 1238 πλοὸς
258 1205 464 1241 ὑπεμείναμεν,
492 1205 551 1236 πῶς
575 1205 803 1240 ἐκαρτερήσαμεν
828 1203 940 1238 ἐνέγκαι

145 1252 285 1287 τοσαύτην
311 1251 439 1286 πολυειδῆ
469 1250 612 1286 συμφορὰν
637 1249 795 1285 ἀνθρώπεια
813 1249 938 1284 σώματα.

148 1295 191 1329 οἷς
216 1295 250 1333 ἦν
266 1296 319 1332 πρὸ
335 1297 412 1323 τοῦδε
422 1296 545 1331 τρυφηλὴ
560 1296 607 1322 καὶ
621 1295 783 1331 διαρῤέουσα
793 1294 882 1321 δίαιτα
892 1295 939 1321 καὶ

146 1344 323 1377 πειρατικαίς
347 1343 482 1377 ἀνάγκαις
498 1342 625 1377 οὐδαμῶς
643 1341 823 1375 ἐνεθισθεῖσα,
840 1340 939 1372 πῶςδέ

146 1387 198 1422 τὴν
223 1388 384 1414 ἀνύποιστον
407 1388 455 1414 καὶ
470 1387 564 1421 δισσὴν
581 1387 716 1422 πύρωσιν,
731 1386 781 1421 τήν
793 1394 824 1413 τε
844 1387 876 1412 ἐκ
890 1384 938 1413 τοῦ

146 1433 272 1468 φλογμοῦ
297 1434 346 1468 τῆς
361 1433 441 1468 δίψης
462 1433 509 1459 καὶ
525 1433 575 1468 τὴν
600 1433 632 1459 ἐκ
648 1433 698 1468 τῆς
726 1432 837 1468 θερινῆς
863 1432 939 1468 ὥρας

146 1480 198 1510 τὰς
222 1479 338 1513 φυσικὰς
366 1479 482 1514 ἰκμάδας
509 1477 755 1514 ἀναξηραίνουσαν,
781 1479 829 1505 καὶ
853 1478 884 1504 τό
906 1486 939 1513 γε

145 1525 252 1552 τούτων
266 1525 458 1561 ἐλεεινότερον,
474 1525 532 1555 πῶς
549 1525 742 1561 συνεκρατεῖτο
756 1524 803 1551 καὶ
814 1524 938 1560 παρέμε-

146 1579 194 1596 νεν
207 1571 237 1596 ὲν
250 1570 272 1585 ³⁸
284 1570 349 1605 ἡμῖν
361 1570 377 1605 ἡ
392 1570 476 1605 ψυχὴ,
490 1569 570 1596 ὁπότε
585 1571 643 1601 ταῖς
654 1569 726 1603 νυξὶν
734 1569 872 1605 ἐφήπλουν
889 1569 938 1601 τὰς

145 1614 315 1650 δερματίνας
334 1614 443 1650 δέρρεις
456 1614 499 1641 διὰ
515 1613 611 1641 πασῶν
623 1614 675 1640 τῶν
686 1613 759 1649 νηῶν
777 1614 824 1640 κού¹
835 1614 939 1645 πάντας

147 1661 216 1687 εἴσω
238 1660 301 1692 τοὺς
315 1660 457 1695 δυστυχεῖς
481 1662 555 1696 ἡμᾶς
576 1659 764 1693 ἐναπέκλειον,
786 1659 880 1696 ὥσπερ
894 1659 941 1687 καὶ

147 1707 196 1733 τοῦ
213 1706 302 1740 φωτὸς
318 1707 384 1741 ἡμῖν
401 1707 471 1741 μετὰ
488 1707 544 1733 τῶν
568 1707 655 1734 ἄλλων
671 1706 873 1741 βασκαίνοντες,
898 1707 942 1734 ἵνα

150 1753 242 1788 σκότῳ
255 1753 302 1778 καὶ
314 1752 365 1778 καύ
371 1761 446 1788 ματι,
462 1752 538 1779 δυσὶν
551 1752 683 1787 ἀφύκτοις
695 1754 790 1784 κακοῖς
806 1753 853 1788 τὴν
868 1752 941 1788 ζωὴν

150 1798 393 1834 εἰσπραττώμεθα.
426 1798 495 1825 ¹Αλλ“
525 1799 646 1834 ἡγοῦμαι
671 1799 709 1831 ὼς
739 1799 827 1825 ταῦτα,
852 1798 941 1826 πάντα

147 1845 296 1878 καρτερεῖν
318 1844 335 1879 ἡ
359 1843 420 1870 Θεία
436 1844 483 1870 καὶ
499 1846 669 1880 προνοητικῇ
691 1843 738 1871 τοῦ
754 1844 854 1876 παντὸς
871 1845 941 1880 ὑπὲρ

146 1892 242 1918 πᾶσαν
260 1891 431 1926 ἀνθρωπίνην
446 1891 564 1918 διάνοιαν
589 1891 752 1926 ἐνεδυνάμου
766 1890 788 1907 ³⁸
814 1891 939 1926 πρόνοια,

148 1937 262 1974 [Ρ.574]
292 1938 325 1964 ἵν’
339 1938 368 1964 ἐν
388 1938 495 1973 ὑστέρῳ
510 1938 620 1972 γνόντες
637 1937 666 1969 ἐξ
680 1937 743 1964 οἴων
772 1937 833 1963 τότε
849 1937 940 1963 κακῶν

147 1983 217 2018 παρ’
236 1982 348 2015 ἐλπίδας
375 1983 561 2019 ἐρῥύσθημεν,
585 1983 660 2018 ἡμᾶς
679 1991 708 2009 τε
724 1983 747 1999 ³⁵
771 1982 868 2014 αὐτοὺς
892 1991 940 2017 και¹

149 2028 249 2061 ἄλλους
261 2028 300 2064 τῷ
316 2029 496 2063 ὑποδείγματι
508 2028 730 2063 σωφρονίζωμεν.

185 2119 238 2155 ξδ’,
250 2120 283 2148 o'.
304 2121 413 2157 Ἐπειδὴ
428 2121 451 2148 δ’
461 2122 475 2148 δ
491 2123 586 2157 καιρὸς
601 2121 693 2148 ἐκάλει
703 2121 752 2158 τῆς
768 2123 837 2158 πρὸς
851 2122 886 2149 τὰ
899 2124 940 2150 οἱ-

145 2168 215 2194 κεῖα
227 2168 284 2198 τοῖς
306 2167 458 2202 Βαρϐάροις
471 2168 493 2184 ³⁸
507 2167 636 2202 ἀφίξεως,
653 2167 734 2195 πάλιν
749 2167 853 2195 ἐκεῖθεν
869 2169 939 2194 ἀπο-

955 910 975 937 Β

953 1580 974 1609 C

990 283 1130 317 angustias
1141 281 1357 314 sustinebamus,
1380 281 1482 317 quibus
1497 290 1533 310 ne
1552 283 1698 311 minimum
1716 286 1778 319 qui-

990 328 1052 356 dem
1062 329 1239 364 contorqueri
1252 333 1301 356 aut
1315 329 1405 358 solatii
1421 329 1525 364 aliquid
1536 334 1648 365 captare
1663 330 1776 366 licebat,

989 375 1044 403 nisi
1061 375 1193 403 duntaxat
1205 376 1346 411 paululum
1359 377 1504 404 sustollere
1518 376 1618 411 capita,
1628 377 1652 404 si
1668 378 1778 412 quando

989 421 1072 450 liberi
1094 422 1197 458 aliquid
1215 423 1287 450 aeris
1303 423 1418 450 naribus
1443 423 1583 451 attrahere
1609 423 1719 455 liberet.
1744 432 1778 452 ne

990 467 1112 495 omnium
1141 468 1259 496 aliorum
1286 469 1421 496 malorum
1442 469 1575 501 cumulo,
1599 470 1777 504 praesentium

990 519 1082 539 rerum
1100 512 1247 540 immanem
1272 513 1399 540 faetorem
1415 513 1500 540 halitu
1516 513 1701 542 hauriremus.
1732 515 1780 542 Pe-

990 558 1146 586 diculorum
1165 559 1248 586 etiam
1269 559 1366 594 ingens
1387 559 1440 590 vis,
1454 559 1588 586 malorum
1602 567 1688 595 genus
1703 561 1778 587 aliud

989 603 1226 639 improbissimum
1244 613 1250 631 :
1264 604 1338 632 haud
1355 612 1436 632 secus
1449 604 1523 631 enim
1542 612 1574 632 ac
1590 612 1664 632 mors
1678 613 1779 640 repens

989 650 1113 677 omnium
1137 651 1221 678 vitam
1248 651 1479 686 depasccbantur.
1501 650 1572 678 Hinc
1591 651 1715 679 omnium
1731 659 1777 679 ora

990 694 1145 727 immutata,
1171 695 1266 730 sicque
1286 695 1383 723 all‘ecta
1399 699 1430 722 ut
1446 695 1576 730 opinione
1598 696 1702 729 vivere,
1723 704 1778 723 non

990 746 1019 765 re
1036 738 1094 773 ipsa
1111 739 1280 767 videremur.
1303 741 1376 773 Quot
1400 747 1467 768 vero
1483 741 1577 776 plagas
1603 741 1737 768 insaniter
1750 742 1779 769 in

990 791 1041 811 nos
1069 776 1235 813 ferocientes
1262 786 1417 820 intulerint,
1441 790 1489 814 aut
1504 786 1605 822 quibus
1623 787 1733 822 probris
1748 795 1780 815 ac

990 830 1099 866 injuriis
1117 839 1166 867 per
1179 831 1261 859 horas
1275 833 1397 866 singulas
1410 838 1604 868 momentaque
1619 838 1777 866 onerarent,

990 877 1092 912 quibus
1119 877 1294 913 potissimum
1320 886 1335 905 a
1365 887 1463 914 pugnae
1486 879 1681 915 congressione
1710 879 1778 907 iram

991 930 1100 950 servare
1125 923 1302 956 videbantur,
1317 931 1378 958 qua:
1393 925 1482 952 oratio
1497 932 1627 953 enarrare
1642 925 1779 953 sufﬁciat?

991 969 1053 1004 quis
1065 977 1132 996 vero
1151 970 1263 997 auditus
1277 970 1319 998 rei
1332 971 1415 1006 hujus
1430 971 1591 1006 tragmdiam
1606 972 1694 1006 possit
1708 972 1780 999 exci-

990 1014 1075 1049 pere?
1098 1014 1156 1049 Ego
1174 1022 1239 1042 sane
1260 1019 1351 1043 mente
1366 1024 1489 1049 moveor,
1506 1017 1724 1052 quotiescunque
1736 1017 1778 1044 vel

990 1059 1078 1087 solum
1095 1060 1123 1087 in
1142 1061 1303 1089 memoriam
1319 1062 1396 1089 venit
1410 1062 1654 1091 innumerabilium
1669 1064 1778 1091 illorum

990 1106 1126 1134 maiorum
1141 1107 1244 1142 quibus
1261 1115 1311 1142 per
1334 1113 1417 1136 totam
1439 1108 1513 1136 illam
1533 1109 1716 1145 navigationis
1731 1118 1779 1145 pe-

989 1151 1099 1180 riodum
1128 1152 1229 1181 fuimus
1252 1154 1387 1188 obnoxii,
1412 1155 1552 1190 quomodo
1581 1156 1779 1184 multiformem

989 1196 1059 1224 adeo
1078 1204 1228 1225 arumnam
1249 1206 1405 1235 noxamque
1427 1200 1553 1228 humana'
1563 1208 1679 1236 corpora
1693 1202 1780 1230 susti-

989 1249 1056 1270 nere
1071 1243 1222 1278 potuerint,
1245 1249 1371 1273 anteacto
1395 1249 1519 1281 tempore
1543 1246 1609 1274 luxu
1624 1254 1657 1275 ac
1672 1247 1781 1276 deliciis

990 1287 1151 1322 dimuentia,
1167 1297 1218 1318 nec
1230 1282 1374 1325 molestiis,
1387 1300 1448 1327 quae
1461 1300 1512 1328 per
1525 1294 1669 1328 praedones
1682 1295 1778 1323 inferri

989 1333 1089 1366 solent,
1101 1342 1215 1370 usquam
1232 1340 1339 1363 assueta
1354 1357 1361 1369 ,
1380 1337 1520 1371 quomodo
1535 1337 1737 1366 intolerabilem
1751 1344 1780 1366 et

989 1378 1127 1414 duplicem
1144 1380 1224 1416 583
1251 1382 1411 1416 ustionem,
1441 1387 1500 1411 tum
1526 1384 1632 1412 scilicet
1659 1385 1780 1413 incendii

989 1425 1060 1459 sitis,
1080 1431 1137 1454 tum
1151 1427 1253 1455 aestivae
1277 1429 1451 1463 tempestatis
1463 1430 1618 1457 naturalem
1632 1431 1778 1459 humorem

989 1471 1173 1505 exsiccantis,
1202 1472 1330 1508 quodque
1358 1473 1402 1501 his
1433 1475 1619 1503 miserabilius
1646 1480 1698 1509 est,
1725 1484 1779 1511 qua

989 1517 1095 1546 ratione
1104 1517 1279 1546 detinebatur
1289 1524 1317 1547 et
1329 1520 1358 1547 in
1369 1520 1450 1548 nobis
1463 1521 1660 1556 perseverabat
1672 1523 1776 1553 anima.

991 1570 1054 1590 cum
1074 1564 1196 1592 extensis
1223 1569 1307 1592 noctu
1324 1573 1374 1601 per
1389 1574 1485 1594 omnes
1500 1574 1585 1594 naves
1597 1567 1715 1602 pellibus
1728 1575 1779 1596 nos

993 1617 1088 1638 omnes
1103 1610 1220 1639 miseros
1235 1611 1269 1639 iis
1281 1612 1465 1646 includerent,
1486 1617 1517 1640 ut
1530 1613 1600 1642 lucis
1610 1621 1732 1650 quoque,
1747 1620 1779 1643 ut

990 1660 1020 1683 et
1033 1656 1149 1691 reliqua,
1174 1665 1285 1685 usuram
1300 1658 1380 1686 nobis
1400 1659 1571 1693 inviderent;
1594 1667 1650 1695 quo
1675 1661 1781 1689 scilicet

991 1702 1115 1730 tenebris
1137 1707 1271 1739 astuque,
1295 1704 1398 1739 duplici
1421 1705 1670 1738 maloinevitabili,
1690 1707 1779 1734 vitam

990 1749 1071 1777 nobis
1081 1750 1205 1777 debitum
1217 1751 1383 1786 exigeretur.
1392 1751 1493 1778 Verum
1506 1752 1634 1780 existimo
1644 1752 1777 1785 divinam,

990 1798 1020 1822 et
1045 1802 1106 1829 quae
1133 1803 1225 1822 rerum
1254 1795 1337 1830 hujus
1357 1795 1549 1823 universitatis
1572 1803 1667 1823 curam
1690 1802 1777 1831 gerat,

990 1840 1194 1874 providentiam
1213 1840 1247 1867 ad
1272 1841 1331 1868 haec
1344 1841 1436 1868 omnia
1454 1841 1605 1873 toleranda
1613 1841 1688 1868 vires
1698 1842 1780 1869 nobis

991 1884 1132 1920 roburque
1160 1893 1243 1920 supra
1273 1886 1420 1913 humanam
1435 1893 1544 1913 omnem
1567 1887 1777 1914 aestimationem

991 1930 1158 1963 contulisse,
1185 1936 1215 1958 ut
1238 1930 1266 1958 in
1290 1936 1432 1966 posterum
1451 1931 1638 1967 intelligentes
1660 1940 1694 1959 ex
1715 1933 1778 1967 qui-

990 1975 1044 2003 bus
1058 1980 1124 2004 tunc
1146 1977 1226 2004 malis
1242 1982 1344 2012 praeter
1362 1985 1472 2005 omnem
1489 1985 1565 2011 spem
1586 1978 1696 2006 liberati
1717 1979 1779 2008 fue-

990 2020 1089 2053 rimus,
1117 2025 1175 2048 tum
1202 2029 1254 2049 nos
1280 2023 1354 2057 ipsos
1379 2026 1437 2049 tum
1461 2022 1583 2057 reliquos
1602 2024 1729 2059 exemplo
1744 2024 1777 2052 ad

990 2066 1096 2102 frugem
1114 2067 1329 2103 corrigeremus.

1025 2121 1070 2155 69,
1083 2122 1127 2150 70.
1146 2122 1341 2151 Verumtamen
1355 2131 1417 2151 cum
1428 2124 1482 2160 iam
1497 2129 1607 2160 tempus
1619 2125 1735 2154 instaret
1749 2131 1779 2153 ut

992 2176 1022 2197 se
1039 2169 1151 2197 Barbari
1175 2170 1203 2197 in
1221 2171 1337 2205 patriam
1352 2172 1517 2206 reciperent,
1535 2172 1599 2200 inde
1613 2180 1709 2200 rursus
1724 2173 1779 2200 sol-

145 2213 322 2245 πλεύσαντες
346 2213 526 2249 κατήχθημεν
541 2214 580 2246 είς
595 2222 656 2240 τινα
670 2214 750 2249 νῆσον
767 2214 939 2250 καλουμένην

990 2218 1086 2242 ventes
1097 2214 1125 2242 in
1138 2215 1284 2249 quamdam
1299 2215 1416 2243 insulam
1432 2216 1538 2244 devecti
1551 2225 1658 2251 sumus,
1673 2218 1778 2246 Naxum

145 2259 269 2291 Ναξίαν,
284 2259 314 2291 ἐξ
326 2257 359 2295 ἧς
371 2260 396 2286 οι
409 2260 460 2294 τὴν
477 2260 588 2295 Κρήτην
602 2259 741 2292 οἰκοῦντες
754 2260 852 2298 φόρους
868 2261 937 2296 λαμ-

991 2261 1114 2296 nomine,
1137 2261 1317 2290 Cretensibus
1340 2262 1526 2290 tributariam.
1540 2263 1571 2291 In
1583 2271 1642 2291 eam
1654 2271 1716 2292 cum
1728 2273 1777 2300 ap-

146 2305 296 2332 δάνουσιΨ
313 2306 341 2331 ἐν
394 2305 549 2340 γενομένων
565 2305 644 2341 ήμῶν
661 2307 685 2333 oi
695 2307 755 2333 κατ’
769 2307 853 2343 αὐτὴν
864 2307 939 2339 ὅντες

145 2350 251 2385 ἄνδρες
268 2350 366 2386 δώροις
380 2351 443 2383 τοὺς
459 2352 598 2387 ἀρχηγοὺς
619 2353 769 2388 ἠμείψαντο
785 2353 840 2380 τῶν
855 2353 938 2389 νηῶν,

145 2393 192 2427 οἷς
209 2395 327 2431 μάλιστα
350 2397 459 2423 ἐδόκουν
482 2398 582 2429 αὐτοὺς
603 2398 701 2430 ἐνδεῶς
717 2398 788 2434 ἔχειν
807 2399 875 2433 πρὸς
891 2399 939 2435 τὴν

146 2443 200 2471 τοῦ
226 2442 308 2475 πλοὸς
336 2444 443 2479 χρείαν.
469 2443 542 2479 Πλὴν
557 2444 639 2470 κάκεῖ
664 2443 710 2470 δύο
735 2444 818 2479 μόνας
834 2445 940 2480 ἡμέρας

147 2489 369 2525 προσμείναντες
388 2490 565 2525 κατηγόμεθα
583 2490 632 2525 τὴν
646 2491 692 2516 ἐπὶ
709 2491 821 2526 Κρήτην
834 2491 939 2525 (ἐκάλει

147 2537 208 2571 γὰρ
222 2537 297 2572 ἡμᾶς
323 2537 477 2572 ἐπιτήδειον
492 2536 626 2572 πνεῦμα),
651 2536 704 2569 ’ἐως
724 2538 885 2572 κατήραμεν
911 2537 940 2564 ἐν

147 2591 206 2610 τινι
229 2583 306 2618 τόπῳ
333 2583 485 2618 Ζωντάριον
499 2583 522 2599 ³⁷
554 2583 603 2618 μὲν
627 2583 704 2618 παρὰ
725 2582 780 2608 τῶν
799 2582 939 2618 ἐγχωρίων

147 2628 346 2664 ὀνομαζομένῳ
359 2629 391 2662 ³⁸,
423 2629 594 2664 ἀντιστρόφῳ
618 2628 646 2655 δὲ
674 2629 740 2664 ἡμῖν
768 2629 801 2664 τῇ
827 2628 940 2664 ἀληθείᾳ

147 2675 360 2710 γνωριζομένῳ⁸
373 2675 488 2705 πολλοὺς
500 2675 555 2710 γὰρ
569 2674 601 2701 τὸ
614 2675 768 2709 Ζωντάριον
787 2675 874 2702 ἐκεῖνο
888 2675 938 2709 τῆς

152 2721 205 2756 μὲν
218 2721 291 2756 ζωῆς
303 2721 485 2757 ἀπεστέρησε,
496 2721 535 2756 τῷ
551 2721 657 2755 θανάτῳ
670 2721 698 2748 δὲ
716 2721 868 2756 προῠδωκε.
886 2722 936 2748 Διά

150 2766 208 2802 γὰρ
223 2766 254 2793 τὸ
268 2767 306 2803 μὴ
321 2766 370 2802 τὴν
384 2767 438 2794 ἀπὸ
450 2767 498 2793 τοῦ
504 2767 526 2783 ³⁸
546 2767 623 2794 νότου
640 2767 687 2794 καὶ
699 2766 746 2794 τοῦ
759 2767 834 2799 λιϐὸς
847 2767 935 2794 δεδιέ-

993 2307 1168 2342 pulissemus,
1188 2307 1307 2335 insulani
1329 2308 1492 2336 muneribus
1513 2313 1542 2336 et
1556 2309 1647 2342 donis,
1669 2310 1704 2337 iis
1719 2319 1777 2338 rna-

994 2353 1066 2380 xime
1085 2353 1186 2388 quibus
1211 2353 1238 2380 in
1262 2360 1342 2380 usum
1362 2347 1546 2388 navigationis
1566 2353 1691 2390 indigere
1706 2356 1777 2383 scie-

993 2398 1069 2430 bant,
1086 2398 1238 2426 navarchos
1249 2399 1431 2434 accipiebant.
1457 2400 1497 2427 lbi
1513 2400 1583 2428 duos
1598 2401 1656 2429 dies
1678 2402 1777 2430 immo-

994 2445 1047 2472 rati
1062 2452 1158 2473 versus
1173 2445 1282 2472 Cretam
1298 2453 1411 2473 cursum
1432 2446 1602 2474 intendimus
1620 2455 1626 2473 :
1643 2447 1777 2474 invitabat

991 2491 1065 2518 enim
1091 2491 1308 2519 secundissimus
1331 2496 1441 2525 ventus,
1463 2492 1551 2520 donec
1575 2493 1609 2520 ad
1629 2492 1720 2521 locum
1737 2494 1777 2520 sic

989 2537 1088 2565 incolis
1112 2537 1216 2564 dictum
1242 2537 1401 2565 Zontarium
1423 2538 1467 2573 (ac
1490 2538 1513 2565 si
1530 2538 1671 2566 Vivat-ium
1688 2539 1776 2574 dicas)

988 2582 1127 2615 venimus,
1154 2581 1202 2609 sed
1229 2582 1369 2610 contraria
1394 2582 1474 2610 nobis
1493 2583 1612 2611 veritate
1641 2584 1775 2619 agnitum.

989 2628 1035 2657 Sic
1047 2629 1121 2656 enim
1136 2636 1151 2656 a
1167 2628 1223 2656 vita
1235 2628 1326 2657 dictus
1341 2629 1420 2657 locus
1436 2630 1539 2658 multos
1549 2630 1632 2667 5“
1652 2637 1777 2660 nostrum

990 2675 1046 2702 vita
1063 2681 1205 2710 exemptos
1220 2676 1302 2703 morti
1318 2676 1441 2704 tradidit.
1470 2677 1540 2704 Dum
1557 2678 1632 2706 enim
1653 2678 1687 2705 ad
1712 2686 1776 2705 eum

991 2721 1158 2756 applicantes
1170 2729 1186 2748 a
1195 2725 1262 2749 noto
1276 2726 1305 2749 et
1317 2722 1403 2750 africo
1417 2722 1470 2751 sibi
1483 2731 1581 2751 noxam
1598 2731 1654 2750 non
1669 2723 1777 2752 timent.

991 2767 1020 2794 in
1033 2775 1067 2795 eo
1081 2775 1162 2802 quam
1174 2768 1201 2795 in
1212 2768 1289 2796 urbis
1301 2769 1389 2796 navali
1409 2769 1438 2797 in
1452 2769 1562 2796 ancoris
1575 2773 1647 2796 stare
1662 2768 1778 2797 Barbari

800 2824 916 2854 VARUE
930 2825 1133 2855 LECTIONES.

194 2883 216 2899 ⁵³
231 2884 262 2924 ἐν
277 2883 384 2924 om._é.
423 2883 445 2901 ³⁸
460 2884 624 2921 ἀνεδυνᾴμου
638 2883 669 2912 Ρ.
707 2885 730 2901 ³⁸
743 2893 774 2920 γε
785 2884 839 2912 AP.
879 2885 902 2902 "
915 2885 980 2918 τοὺς
994 2885 1152 2921 Βαρϐάρους
1163 2886 1195 2914 Α.
1236 2886 1433 2923 ³⁷,Ζωνταριων
1447 2887 1481 2915 Α.
1522 2887 1544 2904 ³⁸
1555 2888 1735 2924 ὀνομασμένῳ
1748 2888 1777 2918 ιι.

155 2917 184 2934 ²¹
200 2918 245 2945 τοῦ
258 2927 313 2947 om.
329 2919 384 2948 ΛΡ.
