1999 3165
235 183 288 214 623

841 176 1010 206 JOANNES
1029 175 1250 206 CAMENIATA

1811 173 1859 205 624

234 237 365 264 maluere.
377 233 437 267 Quo
449 241 512 261 cum
527 232 680 264 venissent,
699 235 889 266 cognomrunt
909 230 1021 258 Creten-

1076 236 1121 256 ναι
1143 229 1246 264 βλάϐην
1272 229 1335 260 τοὺς
1366 229 1394 254 ἐν
1427 228 1500 262 αὑτῷ
1525 227 1787 263 καθορμιζομένους,
1814 230 1857 262 τὴν

232 288 278 309 ses
295 289 302 307 :
329 288 344 307 ιι
357 279 427 306 mari
448 278 521 305 enim
536 278 632 312 procul
646 285 697 304 nos
709 276 925 311 prospiciebant,
941 280 1022 310 atque

234 326 421 353 Romanorum
439 323 555 351 classem
572 321 703 349 invadere
726 321 844 348 insulam
866 320 1022 355 deprehen—

231 371 306 400 disse
327 378 356 398 se
375 369 519 404 putabant.
542 367 604 400 Quo
626 372 654 394 et
676 371 750 394 metu
774 366 918 394 conterriti
946 369 1022 398 sunt,

233 416 307 452 quod
321 416 355 443 ad
371 415 474 443 bellum
494 413 621 449 imparati
633 418 720 441 erant.
747 412 927 440 Postmodum
942 411 1030 439 nobis.

233 461 520 498 appropinquantibus
540 480 547 492 ,
575 459 661 495 signis
683 459 795 487 navium
821 459 921 495 agnitis
935 479 943 492 ,
960 466 1023 486 cum

233 516 333 543 magno
350 507 450 544 gaudio
476 514 541 534 suos
568 505 747 540 accipientes,
774 513 806 532 ac
825 505 901 532 velut
915 512 1022 532 morum

232 553 399 582 commercio
415 552 543 587 genuina:
563 551 635 579 inter
652 559 682 579 se
699 551 828 578 amicitiae
854 558 934 578 usum
947 558 1023 577 com-

231 603 429 631 monstrantes,
443 598 477 626 ad
488 598 580 625 locum
596 602 791 625 accesserunt:
810 604 919 631 semper
936 596 1022 629 enim,

233 651 264 674 ut
274 645 423 682 proverbio
438 644 537 677 fertur,
559 644 649 671 simile
669 644 703 670 ad
717 643 771 671 sibi
785 643 874 670 simile
889 642 1021 670 accurrit.

233 692 311 719 Tunc
325 691 419 726 itaque.
444 691 565 725 primum
593 689 706 717 Barbari
723 697 830 720 omnes,
842 696 977 716 exscensu
989 696 1024 715 ex

231 738 350 765 navibus
365 737 392 764 in
408 737 486 764 littus
505 736 597 768 effusi,
615 743 667 763 nos
689 743 798 770 quoque
820 743 836 762 ιι
862 739 963 762 mutua
977 734 1023 761 illa

233 780 439 817 compressione
465 781 607 816 paululum
625 780 739 808 relaxari
765 779 905 810 siverunt,
923 786 1024 813 suppe-

233 829 318 856 ditata
335 836 445 864 quoque
461 835 595 862 aquarum
619 827 708 861 copia,
723 833 783 860 qua:
805 825 897 852 multa:
920 825 1023 852 ibidem

233 875 345 910 irrigua:
359 875 387 901 in
399 874 484 901 maris
497 881 527 900 se
540 873 628 900 undas
644 872 786 899 alllucnter
804 875 966 898 exonerant.
990 870 1024 897 Et

1075 275 1143 310 πρὸς
1156 275 1238 302 αὐτὸν
1252 275 1393 310 διατριῦὴν
1408 275 1454 301 τοῦ
1470 276 1644 310 ναυστάθμου
1655 276 1705 310 τῆς
1721 274 1826 306 πόλεως
1837 276 1856 301 οἱ

1074 322 1212 358 Βάρϐαροι
1223 322 1450 357 προκεκρῖκασιν.
1466 322 1510 354 Ὠς
1521 321 1566 348 οὖν
1580 323 1768 357 κατήχθημεν,
1780 321 1857 356 ἔγνων

1074 369 1098 394 οἱ
1111 369 1218 403 Κρῆτες
1236 367 1395 403 (προεώρων
1410 368 1464 403 γὰρ
1486 369 1559 402 ἡμᾶς
1585 368 1634 402 τῆς
1656 368 1795 403 Θαλάσσης
1811 377 1858 403 μσ-

1055 409 1194 449 ’κρόθεν),
1215 414 1261 440 xui
1284 414 1393 449 πρῶτον
1417 414 1471 440 τῶν
1501 415 1644 449 Ῥωμαίων
1656 414 1678 430 ⁵ο
1697 414 1741 441 τὸν
1772 414 1857 440 στόλον

1074 459 1220 495 ἐφώρασαν
1235 460 1399 495 ἐπέρχεσθαι
1416 462 1450 496 τῇ
1466 461 1550 496 νήσῳ,
1572 460 1601 493 ἐξ
1620 457 1650 487 οὗ
1667 461 1713 487 καὶ
1729 460 1858 495 περιδεεῖς

1073 505 1198 539 ἐγένοντο
1209 505 1253 532 διὰ
1269 506 1299 532 τὸ
1313 506 1351 542 μὴ
1363 507 1640 542 προπαρεσκευέισθαι
1653 506 1722 542 πρὸς
1734 507 1858 542 πόλεμον.

1076 551 1192 578 Ἔπειτα
1207 551 1361 586 γενομένων
1384 552 1463 587 ὴμῶν
1478 552 1604 586 ἐγγύθεν,
1623 552 1718 587 ἐπειδὴ
1741 552 1859 586 ἐπέγνων

1074 597 1136 624 τινὰ
1151 598 1330 633 γνωρίσματα
1354 599 1408 625 τῶν
1427 599 1512 634 νηῶν,
1530 599 1690 634 πεφθάκασι
1713 599 1760 626 τδν
1782 599 1860 626 τόπον

1076 643 1145 678 μετὰ
1157 643 1257 678 πολλῆς
1270 644 1403 679 θυμηδίας
1415 644 1477 676 τοὺς
1488 644 1556 679 ἀμφ’
1571 645 1669 676 αὐτοὺς
1683 645 1858 680 δεξιούμενοι,

1075 689 1122 715 καὶ
1135 688 1231 725 ὥσπερ
1253 691 1286 725 τῇ
1304 691 1433 726 κοινωνίᾳ
1444 690 1499 717 τῶν
1517 690 1626 725 τρόπων
1641 690 1671 716 τὸ
1689 691 1802 726 γνήσιον
1815 691 1860 726 τῆς

1075 735 1143 770 πρὸς
1162 735 1294 769 ἀλλήλους
1314 736 1432 771 στοργῆς
1451 736 1653 771 ἐνδεικνύμενοι
1665 745 1672 751 ·
1686 737 1730 767 ἀεὶ
1748 737 1814 772 γὰρ,
1827 737 1859 769 ὡς

1075 779 1162 815 λόγος,
1175 782 1205 807 τὸ
1221 782 1313 817 ὅμοιον
1326 782 1364 816 τῷ
1376 782 1460 817 ὁμοίῳ
1475 783 1648 818 προστρέχει.
1661 783 1728 810 Τότε
1745 783 1778 818 δὴ
1791 784 1861 819 πρὼν

1075 835 1120 853 τον
1134 827 1253 858 ἅπαντες
1268 827 1320 854 τῶν
1335 827 1407 862 νηῶν
1427 827 1540 863 ἐξῆλθον
1555 829 1579 855 οῖ
1597 829 1748 865 Βάρϐαρσι,
1763 830 1812 856 καί
1827 839 1862 856 τις

1075 881 1120 904 νος
1132 873 1205 908 ἡμᾶς
1217 872 1237 888 δ¹
1249 874 1342 908 τυχεῖν
1357 873 1477 906 ἀνέσεως
1491 874 1542 909 τῆς
1557 875 1585 900 ὲν
1597 875 1724 910 ἀλλήλοις
1734 883 1861 910 στενοχω-

233 922 274 949 sic
291 925 349 948 tota
362 928 395 947 ea
406 925 486 947 nocte
501 928 517 946 a
536 918 677 946 continuis
694 917 788 945 refecti
800 917 951 947 laboribus.
963 917 1021 943 exi-

1076 919 1137 954 ρίας
1152 919 1283 954 ἠξίωσαν,
1301 919 1456 954 μετέδωκαν
1472 920 1500 946 δὲ
1513 921 1560 947 καὶ
1574 921 1627 947 τῶν
1643 922 1714 948 κατὰ
1725 921 1772 947 τὸν
1784 923 1861 948 τόπον

232 967 413 994 stimabamus
427 965 554 1000 sequenti
581 965 641 991 luce
664 963 805 991 mitiorum
825 970 875 989 nos
889 962 1023 996 tantisper

231 1013 381 1048 petituros,
393 1012 468 1047 quod
481 1012 558 1039 dives
570 1011 657 1038 insula
670 1010 806 1043 rebusque
819 1009 853 1036 ad
867 1009 930 1036 vita:
941 1016 1022 1036 usum

232 1058 396 1086 necessariis
409 1056 611 1085 confertissima
625 1059 708 1083 esset.
718 1055 818 1082 Verum
829 1055 1022 1082 nesciebamus

233 1103 374 1138 prioribus
389 1110 468 1137 teque
485 1102 575 1133 malis,
594 1108 644 1128 seu
659 1101 742 1127 etiam
758 1099 958 1131 acerbioribus,
980 1099 1023 1127 di-

233 1148 382 1179 vexandos,
403 1151 606 1182 proptereaque
624 1145 678 1173 illis
694 1145 782 1180 accipi
795 1149 826 1173 ut
840 1152 890 1180 per
901 1151 932 1172 ea
946 1147 1022 1172 atro-

233 1194 354 1222 cioribus
371 1193 432 1220 istis
443 1199 685 1226 conseri'arcmur.

232 1241 301 1275 αὐτῇ
327 1239 382 1266 τῶν
407 1238 504 1274 πρώην
518 1237 622 1273 ὁμιλεῖν
648 1236 820 1272 χαλεποῖς,ἢ
844 1236 891 1264 καὶ
905 1236 1021 1273 χείροσι,

232 1287 346 1314 ἐκείνων
358 1285 380 1301 ⁸⁸
392 1285 498 1316 τούτοις
512 1283 738 1319 σνντηρηθῶμεν.

267 1335 312 1362 Ἠ.
333 1333 391 1362 Jam
405 1332 479 1360 enim
494 1331 635 1367 dissipatis
659 1331 749 1359 noctis
763 1330 895 1363 tenebris,
911 1337 944 1358 ac
959 1338 1023 1358 cum

232 1381 302 1408 lucis
317 1379 470 1415 fulgoribus
478 1378 560 1414 585
570 1382 696 1406 exortum
709 1385 790 1414 mane
803 1377 1020 1412 splendesceret,

232 1426 374 1455 Dominica
393 1425 499 1453 scilicet
522 1425 699 1452 illucescente
712 1444 720 1457 ,
746 1424 868 1451 ululatus
881 1424 911 1451 in
924 1423 1022 1459 quavis

232 1472 296 1499 navi
314 1470 415 1503 audiri,
427 1470 555 1497 Barbaris
570 1470 645 1496 velut
657 1473 761 1505 gratam
772 1469 919 1504 quamdam
932 1476 964 1495 ac
974 1469 1020 1497 iaz-
1037 1489 1040 1492 .

234 1521 289 1544 tam
302 1523 398 1544 vocem
418 1514 475 1549 pari
491 1514 696 1549 conspiratione
714 1513 862 1540 edentibus
873 1512 1018 1548 cymbalis-

234 1570 288 1597 que
301 1559 549 1597 perstrepentibus,
573 1563 603 1586 ut
623 1560 702 1586 locus
714 1559 760 1586 ille
777 1563 850 1586 totus
868 1558 979 1585 concuti
994 1561 1022 1585 et

234 1607 363 1636 clamoris
375 1607 482 1641 fragore
501 1604 606 1632 turbari
631 1604 782 1632 videretur.
800 1604 870 1631 Tum
890 1609 952 1638 post
979 1604 1022 1631 in-

1076 964 1177 991 ὐδὸιτων
1195 964 1299 991 πολλῶν
1312 965 1398 992 ὄντων
1420 967 1466 993 καὶ
1485 966 1612 1001 ἀφθόνως
1626 969 1681 999 τοῖς
1697 967 1804 1002 κύμασι
1818 967 1862 1002 τῆς

1076 1007 1214 1043 θαλάσσης
1229 1009 1411 1045 ἐπιρρεόντων
1422 1011 1455 1037 δ’.
1472 1011 1527 1037 Καὶ
1546 1011 1618 1038 οὕτω
1637 1011 1686 1048 τὴν
1702 1012 1791 1039 νύκτα
1814 1013 1862 1040 πᾶ-

1075 1063 1125 1081 σαν
1150 1055 1204 1081 τῶν
1232 1055 1352 1091 συνεχῶν
1379 1057 1521 1089 ἀνεθέντες
1549 1059 1640 1085 πόνων
1661 1059 1812 1094 ἐδοκοῦμεν
1833 1060 1862 1094 τῇ

1073 1100 1138 1135 ἑξῆς
1147 1102 1337 1137 χρηστοτέρων
1346 1103 1427 1129 τινῶν
1438 1106 1594 1139 μετασχεῖν,
1609 1105 1657 1131 ἅτε
1671 1105 1862 1140 πεπληθυσμέ-

1074 1155 1124 1180 νης
1148 1147 1171 1162 ⁵³
1198 1147 1281 1183 οὔσης
1304 1149 1354 1184 τῆς
1378 1149 1460 1184 νήσου
1487 1150 1534 1177 καὶ
1554 1150 1656 1185 πολλὴν
1679 1150 1798 1186 ἐχούσης
1813 1150 1863 1177 τῶν

1075 1192 1174 1228 χρειῶν
1194 1193 1345 1228 δαψίλειαν.
1363 1195 1421 1222 Οὐκ
1440 1195 1553 1231 ᾔδειμεν
1566 1196 1595 1222 δὲ
1615 1195 1820 1232 παραπλησίοις
1837 1197 1863 1222 ὲν

1040 1237 1087 1264 καὶ
1101 1238 1146 1266 διὰ
1162 1239 1249 1267 ταῦτά
1263 1248 1295 1275 γε
1318 1240 1420 1276 μᾶλλον
1439 1242 1531 1269 ἐκεῖνα
1551 1242 1676 1277 πάσχειν,
1710 1243 1750 1274 ὡς
1782 1243 1816 1269 ἂν
1834 1240 1863 1268 δι’

1111 1329 1161 1356 οα’.
1180 1330 1250 1365 Ἤδη
1265 1331 1320 1366 γὰρ
1344 1331 1394 1366 τῆς
1420 1333 1580 1368 νυκτερινῆς
1605 1335 1684 1365 σκιᾶς
1708 1334 1864 1361 σκεδασθεί-

1077 1383 1136 1410 σης,
1149 1375 1194 1402 τοῦ
1212 1376 1240 1402 δὲ
1256 1378 1345 1411 φωτὸς
1358 1378 1512 1413 ἀρχομένου
1531 1379 1578 1406 τὸν
1598 1380 1696 1415 δρθρον
1715 1380 1862 1408 ἐπανατέλ-

1074 1422 1143 1456 λειν,
1160 1423 1304 1458 Κυριακῆς
1329 1424 1442 1459 ἡμερῶν
1462 1426 1683 1461 ὲπιφωσκούσης,
1707 1426 1862 1462 ἀλαλαγμὸς

1075 1467 1117 1503 ἐφ’
1138 1468 1257 1502 ἑκάστης
1267 1468 1332 1504 νηδς
1347 1469 1475 1504 ἠκούετο,
1493 1470 1588 1507 ὥσπερ
1605 1472 1665 1497 τινὰ
1681 1471 1795 1507 θυμήρη
1810 1481 1862 1507 φω-

1074 1513 1122 1549 νὴν
1133 1513 1187 1540 τῶν
1200 1514 1237 1540 Ba
1243 1514 1351 1550 ρσάρων
1360 1523 1422 1541 συνε
1428 1515 1587 1551 πηχούντων
1598 1517 1643 1543 καὶ
1650 1518 1706 1548 τοῖς
1714 1517 1861 1552 κυμϐάλοις

1075 1560 1263 1591 κτυπούντων,
1290 1560 1327 1592 ὡς
1351 1561 1438 1587 πάντα
1454 1562 1543 1589 δοκεῖν
1563 1563 1699 1590 δονείσθαι
1724 1564 1771 1590 τὸν
1783 1565 1861 1590 τόπον

1075 1605 1118 1642 [Ρ.
1134 1605 1198 1642 575]
1215 1607 1338 1642 καὶπρὸς
1353 1608 1402 1643 τὴν
1419 1609 1544 1643 κραυγὴν
1554 1610 1784 1644 ἐκταράττεσθαι.
1799 1609 1858 1638 Είτιι

234 1653 376 1681 conditqu
393 1651 683 1686 terribilissimumque
698 1651 818 1678 sonitum
834 1650 944 1677 navium
953 1657 1021 1677 onus

1076 1653 1144 1688 μετὰ
1169 1652 1218 1688 τὴν
1238 1653 1344 1688 ἄσημον
1374 1654 1483 1690 ἐκείνην
1502 1655 1546 1682 καὶ
1571 1656 1768 1692 φοϐερωτάτην
1795 1657 1859 1692 ἠχὴν

235 1704 317 1734 atque
333 1703 475 1726 vecturam
496 1697 525 1724 i-n
547 1702 649 1724 terram
669 1697 770 1732 ejicere
786 1701 941 1731 coeperunt,
959 1704 1022 1724 cum

234 1746 388 1780 subjectum
404 1744 496 1771 locum
513 1750 562 1778 pro
577 1750 693 1770 numero
704 1742 816 1770 navium
831 1742 916 1769 certis
927 1742 1023 1776 spatiis

234 1791 402 1823 divisissent,
418 1797 473 1825 quo
485 1789 562 1816 navis
576 1789 709 1824 cujusque
723 1796 803 1820 onus,
816 1787 896 1822 quale
914 1787 1023 1814 tandem

235 1837 301 1865 illud
315 1841 399 1868 esset,
410 1837 544 1867 distincte
564 1842 595 1862 ac
609 1842 733 1863 seorsum
751 1834 785 1861 ab
802 1834 863 1861 aliis
876 1834 1021 1867 inferrent,

235 1889 266 1912 ut
278 1883 496 1919 uniuscujusque
509 1889 576 1917 opes
590 1889 622 1909 ac
638 1881 792 1909 substantia
815 1880 885 1907 nihil
908 1887 1023 1914 prorsus

233 1931 295 1958 aliis
309 1929 450 1957 commista
472 1931 624 1956 exstarent.
646 1927 746 1954 Totum
759 1927 842 1962 igitur
854 1926 927 1954 diem
944 1926 1022 1953 illum

233 1976 416 2005 exonerandis
432 1976 549 2003 navibus
565 1975 782 2010 insumpserunt.
812 1973 943 2008 Sequenti
957 1980 1023 2000 vero

232 2023 376 2056 nauarchi,
392 2023 444 2058 ipsi
455 2030 564 2058 quoque
579 2022 693 2057 egressi,
710 2021 771 2048 aliis
784 2028 882 2047 rursus
897 2020 1022 2055 partibus

233 2075 291 2098 tum
304 2065 480 2105 captivorum
497 2069 701 2096 multitudinem
710 2067 839 2098 divisere,
850 2070 907 2093 tum
919 2066 1021 2101 spolio-

233 2124 296 2144 rum
312 2116 453 2150 copiosam
470 2115 643 2149 amplamque
665 2121 795 2145 messem,
808 2112 886 2148 cujus
899 2112 1020 2139 admira-

233 2162 308 2189 tione
333 2161 514 2195 obstupentes
535 2160 700 2190 Cretenses,
723 2158 768 2185 cui
793 2157 919 2192 exemplo
945 2164 1020 2185 com-

231 2211 332 2243 parent
344 2213 406 2241 quas
416 2206 452 2232 ob
467 2205 562 2232 oculos
584 2205 673 2239 posita
689 2207 780 2235 erant,
811 2203 916 2230 nullum
936 2203 1022 2230 habe—

231 2254 308 2281 bant.
336 2252 406 2286 Quia
420 2259 486 2280 vero
503 2251 532 2279 id
554 2252 674 2286 primum
690 2251 820 2278 Barbaris
839 2251 1020 2278 constitutum

230 2303 302 2331 erat,
323 2303 354 2326 ut
369 2298 539 2326 inlortnnato
555 2298 602 2326 illo
615 2297 718 2333 populo
732 2297 888 2331 commisto,
903 2298 950 2332 qui
963 2297 1020 2324 ullo

230 2344 373 2373 afﬁnitatis
385 2344 448 2379 jure
462 2343 657 2378 sanguinisque
678 2342 881 2370 necessitudine
899 2342 1019 2370 devincti
1032 2354 1059 2383 D

230 2395 334 2424 essent.
351 2390 398 2418 alii
423 2389 492 2418 alios
511 2388 604 2417 denuo
623 2393 816 2424 agnoscerent,
840 2393 906 2416 tunc
921 2388 1018 2423 utique

230 2437 376 2466 horribilis
390 2437 582 2473 turbatusque
602 2436 693 2463 audiri
722 2435 861 2471 ejulatus,
889 2435 1020 2463 omnibus

229 2485 307 2513 velut
322 2492 377 2512 uno
392 2492 426 2512 ex
437 2484 514 2512 fonte
526 2483 708 2518 lacrymarum
721 2482 795 2510 rivos
810 2482 885 2517 large
899 2481 1017 2509 funden-

230 2530 315 2563 tibus,
332 2530 541 2566 identidemque
556 2528 777 2561 susurrantibus,
799 2536 866 2556 num
883 2535 940 2563 quo
957 2528 1018 2555 loco

229 2574 316 2602 ullius
341 2574 570 2602 cbarissimorum
597 2577 740 2608 compotes
765 2572 877 2605 forent,
901 2580 953 2600 nec
964 2571 1019 2600 illis

230 2623 336 2648 temere
350 2621 530 2648 constitutum
550 2625 659 2654 tempus
676 2618 834 2654 inquirendi
848 2625 914 2646 suos
927 2618 1019 2646 elabe-

228 2671 317 2699 retur,
334 2667 490 2702 incertique
499 2670 644 2694 manerent
659 2673 713 2700 qua
731 2673 760 2693 se
782 2673 830 2700 spe
852 2665 1018 2693 recreandos

229 2715 312 2751 586
334 2713 389 2742 illis
414 2712 603 2748 amplexandis
630 2712 810 2746 fruendisque
830 2719 880 2746 per
893 2719 953 2739 eam
972 2712 1016 2738 in-

229 2759 398 2795 dulgentiam
413 2759 627 2787 existimassem.
654 2757 816 2785 Circuibant
832 2757 940 2784 misera.-
956 2765 1017 2784 mu-

1074 1700 1234 1736 ἐπεχείρουν
1251 1702 1319 1736 πρὸς
1341 1701 1391 1736 τὴν
1411 1702 1464 1737 γῆν
1480 1704 1676 1738 ἀποφορτίζειν
1698 1704 1744 1730 τὸν
1769 1705 1857 1739 γόμον,

1073 1744 1205 1777 διελόντες
1227 1746 1268 1777 εἰς
1288 1745 1402 1781 μερίδας
1419 1747 1491 1774 κατά
1514 1747 1560 1773 τὸν
1583 1747 1702 1784 ἀριθμὸν
1717 1748 1772 1775 τῶν
1793 1748 1859 1782 νηῶν

1074 1791 1119 1817 τὸν
1135 1792 1338 1826 παρακείμενον
1352 1792 1443 1825 τόπον,
1461 1793 1527 1819 ὅπου
1544 1795 1609 1828 μιᾶς
1623 1794 1742 1829 ἑκάστης
1755 1795 1858 1829 φόρτον,

1073 1837 1147 1868 ὅστις
1162 1837 1226 1864 ποτὲ
1241 1835 1285 1873 ἦν,
1300 1837 1471 1873 διῃρημένως
1485 1839 1533 1865 καὶ
1544 1841 1774 1875 ἁποκεκρ·.μένως
1788 1841 1858 1875 άλλη·

1073 1882 1128 1909 λων
1143 1883 1343 1918 ἐξεκομίζοντο,
1364 1883 1402 1916 ὡς
1421 1884 1454 1910 ἂν
1470 1885 1558 1919 ἀμιγῆ
1575 1885 1719 1920 τηρεῖσθαι
1734 1886 1783 1920 τὴν
1799 1886 1858 1912 ἑκά-

1075 1937 1141 1963 στης
1163 1928 1321 1963 περιουσίαν
1344 1930 1395 1956 καὶ¹
1417 1930 1472 1956 τῶν
1500 1931 1658 1966 προσόντων
1682 1933 1744 1962 ταῖς
1770 1931 1857 1963 ἄλλαις

1073 1974 1213 2006 παντελῶς
1233 1974 1422 2009 ἀνεπίμικτον.
1432 1976 1526 2003 Πᾶσαν
1539 1973 1586 2003 οὖν
1597 1976 1708 2010 ὲκείνην
1719 1978 1856 2004 ἀνάλωσαν

1074 2020 1114 2050 εἰς
1127 2019 1345 2055 τὴνκάποσκευὴν
1363 2021 1414 2055 τὴν
1432 2021 1549 2056 ἡμέραν.
1571 2021 1610 2057 Τῇ
1626 2021 1654 2048 δὲ
1667 2023 1732 2057 ἑξῆς
1753 2023 1857 2057 ἐξῆλθον

1073 2066 1121 2099 τῆς
1138 2065 1276 2100 θαλάσσης
1291 2067 1314 2092 οι
1326 2066 1379 2092 τῶν
1393 2066 1464 2100 νηῶν
1480 2067 1597 2102 ἀρχηγοὶ
1614 2067 1712 2094 διελεῖν
1728 2068 1808 2095 πάλιν
1821 2069 1857 2100 εἰς

1074 2111 1156 2142 ἄλλας
1170 2111 1281 2146 μερίδας
1292 2112 1322 2138 τό
1337 2121 1366 2138 τε
1376 2112 1476 2147 πλῆθος
1491 2113 1546 2139 τῶν
1558 2113 1740 2148 αἰχμαλώτων
1756 2115 1801 2141 καὶ
1813 2114 1857 2149 τὴν

1074 2158 1173 2193 πολλὴν
1193 2158 1247 2185 τῶν
1264 2158 1369 2185 σκύλων
1388 2159 1464 2194 ὕλην,
1482 2158 1516 2196 ἦς
1531 2160 1672 2192 ἐξίσταντο
1691 2161 1742 2196 τὴν
1760 2162 1858 2196 πληθὺν

1072 2204 1096 2230 οἱ
1114 2204 1233 2240 Κρῆτες,
1249 2204 1338 2231 οὐδενὶ
1360 2205 1565 2240 παραδείγματι
1579 2207 1739 2241 συγκρίνειν
1756 2207 1858 2242 ἔχοντες

1072 2250 1106 2276 τὰ
1123 2250 1288 2286 βλεπόμενα.
1312 2251 1421 2286 Ἐπειδὴ
1447 2251 1475 2278 δὲ
1489 2252 1569 2279 τοῦτο
1587 2253 1696 2288 πρῶτον
1717 2253 1792 2286 ἔδοξε
1807 2255 1859 2285 τοῖς

1072 2296 1238 2332 Βαρϐάροις,
1253 2296 1439 2332 ἀναμιχθῆναι
1469 2298 1524 2325 τῶν
1540 2298 1678 2334 δυστυχῶν
1695 2299 1743 2325 τὸν
1767 2299 1858 2334 δῆμον.
1874 2315 1875 2334 λ

1071 2342 1146 2373 ὅπως
1158 2343 1179 2358 ⁸⁸
1197 2342 1244 2369 τὸν
1259 2343 1468 2378 ἁναγνωρισμὸν
1486 2344 1534 2371 καὶ
1556 2343 1634 2376 αὖθις
1661 2345 1686 2372 οἱ
1703 2346 1859 2380 συγγενείας

1071 2388 1145 2418 τινὸς
1164 2388 1324 2423 μετέχοντες
1342 2389 1371 2415 ὲν
1395 2388 1519 2425 ἀλλήλοις
1547 2391 1718 2425 ποιήσονται,
1744 2391 1806 2418 τότε
1829 2390 1859 2424 δὴ

1072 2433 1187 2469 φοόερός
1201 2443 1244 2466 τις
1258 2435 1373 2470 ἠκούετο
1396 2436 1443 2462 καὶ
1457 2435 1618 2471 ταραχώδης
1633 2436 1734 2472 θρῆνος
1755 2438 1859 2464 πάντων

1072 2480 1109 2512 ὡς
1133 2480 1188 2507 ἀπὸ
1204 2482 1269 2516 μιᾶς
1284 2482 1376 2517 πηγῆς
1400 2482 1535 2516 ἀφιέντων
1558 2483 1622 2515 τοὺς
1649 2484 1784 2518 κρουνοὺς
1809 2483 1859 2509 τῶν

1071 2527 1207 2563 δακρύων,
1233 2529 1281 2555 καὶ
1309 2527 1517 2564 θρυλουμένων,
1546 2529 1572 2556 εῐ
1604 2529 1656 2555 πού
1680 2537 1755 2562 τινος
1784 2530 1860 2555 aitu-

1072 2575 1182 2610 χήσοιεν
1194 2575 1216 2591 ⁸⁸
1228 2575 1283 2602 τῶν
1296 2575 1442 2609 φιλτάτων,
1459 2576 1506 2602 καὶ
1519 2575 1558 2610 μὴ
1570 2575 1640 2611 λάθῃ
1656 2575 1827 2610 παρελθοῦσα
1841 2575 1857 2609 ἡ

1074 2621 1229 2657 προθεσμία
1241 2621 1292 2656 τῆς
1306 2622 1476 2657 ἀνευρέσεως
1492 2622 1539 2649 καὶ
1551 2622 1665 2657 μείωσιν
1677 2622 1699 2638 δ’
1715 2622 1759 2648 ἐπ’
1772 2620 1858 2649 οὐδενὶ

1073 2667 1174 2704 βεσαίῳ
1196 2667 1244 2703 τὴν
1271 2668 1334 2703 περὶ
1359 2667 1458 2699 αὐτοὺς
1483 2668 1666 2703 ψυχαγωγίαν
1686 2668 1856 2698 ἐλπίσαντες.

1074 2714 1258 2750 Περιήρχοντο
1284 2714 1331 2741 οὖν
1341 2714 1364 2730 ’⁸⁸
1391 2714 1454 2740 al"
1480 2714 1621 2750 δυστυχεῖς
1645 2715 1785 2749 γυναῖκες,
1809 2714 1857 2743 τὰς

1072 2760 1160 2794 κόμας
1175 2760 1285 2794 ἔχουσαι
1300 2760 1461 2795 λελυμένας,
1483 2761 1620 2795 πανταχοῦ
1642 2760 1855 2796 περισκοποῦσαι

885 2813 1003 2842 VARI/Ii
1020 2816 1222 2846 LECTIONES.

264 2861 500 2898 Navim.an
516 2864 549 2890 Δ.
589 2863 608 2878 ⁸¹
624 2863 690 2898 ἡμῖν
701 2862 735 2898 71’.
771 2862 797 2898 f'
814 2862 913 2898 περιρρ

232 2897 251 2913 θ’
267 2897 440 2932 εὐτυχήσειεν
458 2898 488 2924 Ρ.

916 2862 1012 2889 εόντων
1027 2864 1058 2891 Α.

528 2899 550 2914 ⁸⁷
567 2896 685 2933 μένωσιν
700 2897 730 2924 Ρ.
770 2896 792 2914 ⁸⁸
804 2897 868 2930 γοῦν
881 2896 914 2923 Α.
952 2898 975 2914 ⁸⁹
990 2900 1017 2924 αἱ
1033 2907 1087 2927 om.
1109 2899 1136 2926 l'.

1109 2864 1132 2900 f3
1148 2864 1343 2900 πεπλησμένης
1355 2864 1383 2891 Ρ.
1432 2865 1454 2880 ⁸⁸
1464 2865 1496 2892 δι’
1511 2867 1600 2892 ἐκεῖνα
1616 2865 1646 2892 Ρ.
1686 2866 1710 2883 ³⁸
1724 2865 1807 2895 οὕτως
1817 2863 1849 2890 Δ.
