1999 3165
136 259 189 290 625

683 263 733 293 DE
750 263 906 294 EXCIDIO
922 266 1225 299 THESSALONICKE.

1722 270 1774 302 625

136 316 185 342 καὶ
208 315 370 351 διαϐρόχους
393 315 456 348 τοὺς
477 316 634 352 ὀφθαλμοὺς
655 319 849 353 περιάγουσαι,
876 321 927 347 τίνι

979 321 1071 355 lieres,
1087 324 1193 358 capillis
1207 324 1359 358 dissolutis,
1375 332 1598 360 quaquaversum
1608 325 1773 362 circumspi-

136 361 191 387 τῶν
219 361 325 388 τέκνων
349 361 458 397 πρῶτον
483 363 644 398 ἐντύχωσιν.
672 365 703 392 οι
722 365 751 392 δὲ
775 365 806 401 δὴ
822 366 927 400 παῖδες,

136 408 194 434 ὅσοι
207 407 244 433 τὰ
257 407 333 434 δεινά
348 407 397 444 τῆς
409 408 547 444 θαλάσσης
563 409 703 444 διέφυγον,
715 410 843 447 καθάπερ
854 412 928 445 τινὲς

138 453 238 480 ἁπαλοὶ
255 453 351 494 μόσχοι
366 455 463 491 γοερὸν
474 455 497 471 '°
516 456 656 491 μυκῶνται
675 457 725 494 τῆς
741 457 827 494 θηλῆς
843 459 928 494 ἀφαι-

137 500 279 534 ρούμενοι,
295 500 367 527 οὕτω
381 500 413 534 δὴ
428 501 475 527 καὶ
489 497 563 528 οὗτοι
579 502 697 530 ἐλεεινόν
716 511 742 530 τι
757 504 805 531 καὶ
820 513 930 541 συμπα-

136 545 182 578 θὲξ
198 545 428 582 ἱκλαυθμύριζον,
445 547 525 580 ἄλλος
543 548 604 576 κατ’
621 548 684 577 ἄλλο
704 549 787 585 μέρος
808 551 858 586 τῆς
871 551 929 579 διαο

137 592 244 626 σπορᾶς
268 592 379 628 ἐκείνης
395 593 537 629 γενόμενοι
557 595 604 622 καὶ
620 595 670 627 τὰς
687 597 810 633 μητέρας
825 599 928 626 ἀνακα-

135 637 282 672 λούμενοι·
307 636 349 671 ei;
380 641 428 666 καὶ
462 641 710 676 περιτυγχάνουσαι
741 643 872 677 πολλάκις
900 645 948 682 αἱ.

136 683 255 711 δειλαιαι
273 685 393 720 μητέρες
413 685 463 722 τὴν
486 687 604 722 φυσικὴν
619 688 728 716 ὲκένουν
738 689 759 706 ¹¹
777 690 821 717 ἐπ’
836 692 928 722 αὐτοῖς

137 730 323 765 συμπάθειαν,
341 732 576 767 περιπλεκόμεναι
588 735 645 765 τοῖς
655 734 752 770 αὐχέσι
770 736 817 762 καὶ
839 737 927 763 πάντα

136 775 231 802 αὐτῶν
248 776 449 811 καταφιλοῦσαι
466 778 500 804 τὰ
520 778 587 814 μέλη
603 779 651 806 καὶ
673 780 788 816 δάκρυσι
810 781 927 809 πλύνου-

137 828 194 853 σαι,
215 816 392 856 τοῦτομόνον
411 823 563 859 ἡγούμεναι
580 825 650 859 μέγα
662 834 687 852 τι
706 827 753 852 καὶ
769 827 928 863 θαυμαστόν

135 865 174 898 ὡς
192 867 221 893 ὲν
236 866 333 899 δεινοῖς
354 869 541 905 παρηγόρημα
562 871 592 896 τὸ
612 871 677 907 παρ’
693 872 788 900 ἐλπίδα
806 875 926 910 σωθῆναι

137 913 186 939 καὶ
202 912 309 944 ζῶντας
321 914 418 946 αὑταῖς
432 916 478 941 καὶ
492 914 570 947 αὖθις
590 917 652 949 τοὺς
666 918 810 952 φιλτάτους
827 921 927 948 ἀποδο-

137 959 231 994 Θῆναι.
255 960 337 993 Ἀλλά
352 961 439 988 ταῦτα
454 962 504 998 μὲν
520 963 566 990 ἐπὶ
576 965 636 995 ταῖς
649 965 776 999 ἐχούσαις
790 967 819 993 ἐν
832 969 926 1003 χερσὶν

135 1005 187 1040 ἥδη
202 1006 266 1037 τοὺς
279 1006 377 1040 παῖδας
396 1008 443 1034 καὶ
463 1009 494 1034 τὸ
511 1009 571 1036 κατ’
585 1011 683 1042 αὐτοὺς
698 1013 818 1046 ἀσφαλὲς
833 1015 865 1040 ὲκ
878 1015 927 1050 τῆς
941 1004 965 1034 Β

136 1052 237 1087 πείρας
250 1053 335 1088 αὐτῆς
351 1055 568 1089 γνωριζοὺσαις·
585 1057 611 1083 τί
621 1057 643 1084 δ’
657 1057 689 1084 ἂν
710 1059 815 1094 εἴποιμι
827 1061 850 1076 ⁸³
863 1062 927 1097 περὶ

133 1097 192 1124 τῶν
214 1098 314 1132 ἄλλων,
329 1096 367 1126 ὧν
383 1101 444 1127 καθ’
461 1101 566 1129 ὑδάτων
582 1103 617 1130 τὰ
640 1105 727 1141 βρέφη
744 1106 854 1133 διόλωλε
878 1096 927 1135 καὶ

135 1144 236 1180 ἄδηλον
250 1143 285 1181 ἣν
315 1146 409 1179 αὑταῖς
441 1147 472 1174 τδ
501 1149 620 1183 συμϐὰν,
645 1151 704 1183 πῶς
728 1152 927 1188 διεσπάραττον

133 1192 201 1223 τοὺς
216 1192 345 1227 χιτῶνας,
358 1192 403 1220 τὸν
413 1193 486 1221 ἔνδον
496 1196 546 1230 τῆς
562 1196 675 1232 καρδίας
691 1198 728 1234 μὴ
744 1199 927 1235 ὑπομένουσαι

135 1236 180 1272 [Ρ.
198 1238 264 1275 376]
279 1239 420 1273 κλύδωνα;
435 1241 494 1272 πῶς
503 1243 553 1269 οὐκ
567 1243 661 1278 ἤθελον
674 1245 801 1281 μηδαμοῦ
819 1247 926 1282 στῆναι,

134 1283 206 1310 ἀλλά
223 1285 388 1320 περιήγοντο
402 1287 551 1323 φερόμεναι
567 1289 656 1325 μάτην
675 1291 727 1317 ὑπὸ
752 1292 802 1328 τῆς
828 1293 926 1328 ἀλόγου

133 1329 183 1355 τοῦ
200 1329 304 1362 πάθους
322 1332 420 1367 ὁρμῆς.
444 1328 508 1368 τῇδε
524 1335 636 1362 κάκεῖσε
658 1336 692 1363 τὰ
714 1337 826 1372 ὄμματα
848 1349 927 1375 περι-

136 1376 317 1412 στρέφουσαι,
331 1379 359 1405 ετ
379 1379 430 1406 πού
451 1388 512 1406 τινα
527 1381 581 1407 τῶν
598 1382 773 1419 ποθουμένων
789 1385 927 1414 θεάσοιντο

134 1422 153 1457 ἦ
169 1431 243 1454 τινος
260 1424 325 1460 περὶ
343 1425 434 1452 αὐτῶν
452 1426 577 1461 ἀκριϐῶς
593 1428 694 1461 ἰδόντος
709 1431 880 1466 ἀκούσοιντο,
893 1433 925 1460 ἶν’

134 1469 235 1504 ἐκείνῳ
254 1470 285 1497 τό
301 1471 349 1506 τῆς
373 1472 462 1508 ψυχῆς
486 1474 653 1510 φλεγμαῖνον
673 1477 803 1505 κενώσειε
813 1479 850 1513 ";
873 1481 928 1507 Καὶ

133 1514 225 1561 ’ταῦτα
242 1516 292 1551 μὲν
307 1516 442 1552 ἔπραττον
459 1519 504 1546 ἐπὶ
518 1521 579 1547 δυσὶ
601 1521 731 1556 πολλάκις
744 1524 759 1559 ἢ
773 1525 820 1551 καὶ
837 1527 928 1561 τρισὶν

132 1560 267 1606 ἡμέραις,
279 1562 332 1594 ἕως
346 1563 432 1590 πολλὰ
447 1567 600 1600 καμούσαις
619 1568 693 1595 ἄλλοι
708 1570 780 1602 τινὲς
793 1571 847 1598 τῶν
857 1560 928 1606 γνω-

135 1605 227 1652 ρίμων
249 1607 280 1633 τὸ
299 1609 363 1643 περὶ
386 1610 440 1636 τῶν
467 1611 643 1646 ζητουμένων
664 1615 802 1650 ἐδήλωσαν
829 1618 926 1652 πέρας,

133 1651 217 1686 λιμοῦ
235 1653 365 1705 πολλάκις
381 1655 493 1705 ﬁfteen?
507 1656 587 1692 ἔργον
596 1660 659 1691 τοὺς
674 1661 818 1694 φιλτάτους
834 1651 924 1690 αὐτῶν
938 1677 959 1705 c

133 1698 355 1732 γεγενημένους·
381 1700 411 1732 ἑξ
428 1697 458 1727 οὗ
481 1701 512 1737 δὴ
527 1703 573 1729 καὶ
597 1705 698 1739 μᾶλλον
719 1707 749 1733 τὸ
766 1708 852 1740 πίθος
882 1710 924 1742 ἐξ·

132 1742 341 1777 αγριαινουσαι,
353 1747 546 1783 γεγωνοτέροις
561 1749 671 1785 θρήνοις
684 1753 729 1780 καὶ
739 1753 828 1786 ἄλλοις
839 1755 928 1782 Θλιϐε-

131 1787 192 1822 ρῶν
207 1788 291 1816 εἴδεσι
313 1791 376 1823 τοὺς
393 1792 592 1829 ἀποιχομένους
614 1797 818 1834 ὲφιλοφρόνουν.
844 1801 928 1829 ’Δλλά

131 1834 161 1882 τι
178 1834 268 1882 μάτην
279 1836 328 1871 τὴν
345 1837 392 1864 ἐπὶ
411 1838 518 1872 τούτοις
537 1841 670 1882 ἐπιχειρῶ
681 1847 853 1882 συγγραφὴν,
866 1849 927 1875 οὐδὲ

129 1879 165 1906 τὸ
183 1880 330 1908 πολλοστὸν
347 1883 429 1919 μέρος
440 1885 494 1912 τῶν
507 1879 568 1914 τότε
580 1879 784 1925 πεπραγμένων
795 1879 891 1920 τίκανδν
904 1895 926 1911 ’⁵

130 1927 384 1962 παραστήσασθαις
410 1930 529 1959 Ἐκεῖνον
544 1932 599 1967 γὰρ
614 1935 695 1961 αὐτόν
706 1936 729 1952 ⁵³
754 1937 808 1964 ἔδει
829 1941 925 1975 παρεῖ-

130 1980 181 1999 ναι
255 1974 318 2006 τοὺς
332 1975 448 2012 θρήνους
465 1978 517 2013 τῆς
538 1979 716 2018 Ἰερουσαλὴμ
730 1973 926 2021 ἀναγραφόμε-

131 2028 181 2047 νον
204 2020 352 2067 ἶΙερεμίαν,
369 2023 402 2050 ἶν’
417 2024 509 2060 ἐπαφῇ
523 2026 640 2062 δάκρυον
656 2029 869 2067 ἀπαρηγόρητον
877 2020 928 2061 γὲπὶ

129 2066 266 2094 τοσοῦτον
283 2067 348 2096 λαὸν
359 2071 505 2104 τοσαύταις
526 2073 655 2109 ἀλγηδόσι
675 2066 926 2113 κατατρυχόμενον.

130 2113 175 2161 (λὺ
192 2113 248 2150 γὰρ
270 2114 343 2142 οὓτω
365 2118 457 2153 φωνὴν
481 2119 571 2154 ἀφῆκε
594 2120 694 2156 Ῥαχὴλ
715 2123 744 2149 ὲν
763 2124 861 2161 Ῥαμᾷ,
883 2127 927 2153 ὅτε

129 2159 186 2194 τὴν
216 2160 347 2197 στέρησιν
375 2162 429 2189 τῶν
457 2165 560 2192 τέκνων
594 2167 809 2204 ἀπωλοφρρετο,
836 2159 928 2205 καθώς

129 2213 220 2240 φησιν
235 2206 252 2240 ἡ
267 2206 373 2242 Γραφὴ,
386 2208 450 2244 ὼςὴ
467 2209 560 2242 κοιλὰς
576 2211 665 2247 ἐκείνη
683 2214 745 2240 καθ’
759 2214 792 2250 ἥν
810 2217 928 2244 ἐτελεῖτο

126 2251 232 2286 ταῦτα,
244 2253 293 2285 τὰς
309 2254 460 2289 ἀλγηδόνας
474 2255 529 2282 τῶν
550 2257 669 2286 ἁλόντων
691 2264 925 2291 συνεπιτείνουσα.

984 369 1099 402 cientes,
1111 374 1139 397 et
1151 369 1269 405 irriguos
1281 370 1411 406 lacrymis
1427 370 1522 398 oculos
1535 370 1772 406 circumferentes.

983 415 1006 442 si
1027 423 1108 450 quem
1129 415 1249 451 primum
1277 415 1397 443 ﬁliorum
1413 416 1603 451 oﬁ‘enderent;
1626 416 1675 445 ﬁlii
1694 425 1772 450 vero,

982 461 1060 489 velut
1084 461 1176 489 tenelli
1202 462 1280 490 vituli
1296 462 1434 490 subducto
1455 462 1489 490 iis
1505 463 1576 490 lacte
1591 471 1624 491 ac
1640 464 1775 492 uberibus

982 507 1103 536 ﬂebilem
1119 509 1206 536 edunt
1221 509 1364 543 gemitum,
1377 509 1417 536 sic
1428 513 1455 537 et
1469 510 1507 537 illi
1521 509 1678 537 miserabile
1693 509 1775 545 quid-

982 552 1056 588 piam
1079 561 1113 581 ac
1135 553 1285 581 miserandi
1312 562 1429 589 pronum
1453 555 1553 583 aﬁ‘ectu
1580 556 1725 590 vagiebant
1742 564 1775 583 ac

982 599 1134 634 ejulabant,
1147 599 1218 628 alius
1232 600 1285 627 alia
1301 603 1328 627 ln
1344 605 1423 635 parte
1435 600 1615 636 dispersionis
1633 602 1707 629 illius
1726 609 1773 636 pa-

982 644 1071 672 lantes
1084 652 1115 672 ac
1135 650 1238 674 matres
1256 646 1444 681 appellantes;
1461 646 1489 674 in
1506 655 1575 682 quos
1586 651 1614 675 et
1625 647 1773 683 deplorata:

982 690 1035 718 illae
1051 691 1124 719 haud
1143 699 1205 719 raro
1229 692 1394 726 incidentes,
1409 693 1529 721 naturali
1544 693 1573 721 in
1592 701 1640 722 eos
1659 693 1774 721 misera-

983 737 1057 765 tione
1091 738 1237 766 commotis
1267 739 1439 773 visceribus,
1477 740 1602 768 cervices
1629 740 1771 775 amplecti,

981 784 1073 811 omnia
1088 784 1199 811 illorum
1212 785 1335 813 membra
1349 787 1515 819 exosculari,
1532 787 1771 823 rigarelacrymis,

981 829 1077 864 ingens
1089 830 1157 857 illud
1174 831 1303 858 solatium
1318 839 1458 867 unumque
1474 833 1667 860 admirandum
1686 833 1773 860 malo-

981 883 1043 902 rum
1055 875 1101 903 illa
1115 877 1285 905 immanitate
1297 878 1496 910 existimantes,
1512 885 1612 914 praeter
1627 887 1702 914 spem
1715 887 1774 906 ser—

980 927 1042 950 vata
1056 923 1200 958 adbucque
1220 925 1274 952 vita
1290 925 1392 959 sospite
1417 925 1579 952 charissima
1598 926 1639 953 eis
1658 927 1772 961 pignora

981 969 1088 997 reddita
1101 969 1226 997 esse.'Et
1241 970 1300 998 bmc
1318 971 1431 1006 quidem
1447 971 1481 998 de
1498 971 1550 998 illis
1562 972 1687 1007 quaejam
1702 972 1772 999 ﬁlios

979 1014 1007 1042 in
1032 1015 1161 1043 manibus
1179 1016 1320 1044 habebant
1338 1025 1437 1051 resque
1460 1017 1569 1044 illorum
1588 1017 1616 1044 in
1641 1022 1699 1045 tuto
1711 1025 1772 1046 esse

979 1061 1170 1095 experimento
1187 1062 1353 1090 didicerant.
1370 1062 1441 1095 Quid
1461 1071 1527 1090 vero
1542 1063 1576 1091 de
1591 1063 1653 1091 aliis
1669 1063 1770 1096 dicam.

979 1113 1096 1140 quorum
1111 1106 1238 1133 infantuli
1255 1107 1282 1134 in
1301 1108 1380 1142 aquis
1397 1108 1547 1142 perierant,
1564 1112 1592 1135 et
1607 1115 1701 1135 eorum
1714 1109 1772 1135 exi-

978 1155 1024 1178 tus
1036 1152 1159 1178 latebat?
1178 1153 1318 1187 quomodo
1346 1153 1453 1180 tunicas
1473 1153 1668 1188 diseerpebant
1681 1175 1689 1187 ,
1707 1162 1771 1181 cum

979 1198 1106 1225 intimum
1135 1199 1227 1225 cordis
1251 1199 1390 1227 turbinem
1412 1208 1468 1228 non
1488 1202 1676 1228 sustinerent?
1700 1209 1771 1237 quo-

979 1244 1061 1271 modo
1085 1245 1160 1271 nullo
1183 1245 1244 1271 loco
1262 1245 1417 1273 subsistere
1443 1245 1579 1279 ferebant,
1600 1247 1648 1274 sed
1669 1247 1770 1276 frustra

979 1291 1030 1318 hac
1049 1290 1167 1325 illacque
1184 1291 1278 1318 vesani
1295 1291 1409 1319 aﬁ‘cctus
1421 1292 1524 1328 impetu
1538 1293 1769 1328 circumageban-

980 1341 1034 1369 tur,
1055 1337 1081 1363 in
1099 1345 1208 1364 omnem
1221 1341 1327 1372 partem
1344 1339 1439 1366 oculos
1454 1339 1671 1373 distorquentes,
1681 1339 1770 1366 sicubi

979 1384 1277 1412 desideratissimorum
1293 1385 1413 1420 aliquem
1434 1386 1529 1414 videre
1545 1386 1654 1419 liceret,
1677 1391 1724 1414 aut
1736 1395 1770 1414 ex

979 1431 1073 1466 aliquo
1095 1431 1141 1466 qui
1160 1437 1238 1459 certo
1251 1432 1334 1459 sciret
1354 1432 1526 1467 vidissetque
1556 1433 1671 1465 audire,
1692 1437 1722 1460 ut
1737 1441 1771 1461 eo

979 1477 1078 1505 solatio
1092 1478 1176 1505 animi
1196 1478 1276 1513 587
1290 1482 1386 1506 :cstum
1408 1478 1528 1506 leniret?
1540 1479 1574 1506 Et
1586 1479 1644 1507 hate
1662 1484 1691 1507 ut
1707 1480 1770 1515 plu-

979 1523 1081 1549 rimum
1111 1530 1163 1558 per
1191 1523 1262 1550 duos
1288 1528 1336 1551 aut
1366 1527 1423 1551 tres
1445 1523 1505 1552 dies
1530 1525 1658 1560 agebant.
1682 1525 1771 1553 donec

979 1569 1068 1596 multo
1083 1568 1199 1596 defessis
1214 1569 1317 1603 labore,
1342 1569 1388 1596 alii
1413 1569 1523 1605 quidam
1552 1577 1585 1597 ex
1610 1571 1693 1603 notis,
1715 1579 1771 1606 quo

980 1614 1132 1642 evasissent
1160 1614 1207 1649 qui
1230 1615 1438 1649 quaerebantur.
1453 1615 1587 1643 certiores
1605 1616 1770 1649 reddebant,

980 1660 1051 1688 fame
1074 1660 1179 1688 scilicet
1193 1665 1241 1687 aut
1263 1661 1308 1688 siti
1325 1660 1485 1689 dulcissima
1499 1661 1588 1697 capita
1606 1663 1770 1698 plerumque

978 1712 1076 1734 enecta
1089 1714 1159 1734 esse.
1176 1706 1266 1739 Quare
1280 1707 1363 1734 etiam
1377 1707 1429 1734 illa:
1442 1708 1539 1743 majori
1554 1708 1647 1736 dolore
1658 1716 1772 1744 exaspe-

978 1758 1045 1781 rata;
1065 1753 1278 1781 clamosioribus
1290 1753 1420 1781 lamentis
1439 1754 1556 1789 aliisque
1574 1754 1770 1783 discruciatio-

979 1807 1045 1827 num
1061 1800 1209 1836 generibus
1228 1800 1373 1828 defunctos
1392 1801 1574 1835 accipiebant.
1598 1801 1668 1834 Quid
1681 1803 1771 1829 enim-

979 1853 1045 1872 vero
1056 1846 1100 1873 bis
1112 1846 1217 1880 scripto
1232 1846 1396 1873 euarraudis
1411 1846 1512 1874 frustra
1530 1847 1635 1878 laboro,
1652 1847 1698 1882 qui
1718 1856 1771 1876 nec

979 1891 1122 1918 minimam
1149 1891 1258 1917 illorum
1273 1895 1379 1925 partem
1395 1898 1456 1925 qua:
1470 1895 1537 1918 tunc
1555 1897 1630 1926 gesta
1646 1896 1710 1919 sunt
1724 1900 1769 1919 re-

979 1942 1146 1973 praesentare
1162 1936 1316 1964 suﬁ‘iciam?
1332 1937 1439 1964 Etenim
1453 1937 1549 1965 adesse
1561 1945 1610 1972 par
1626 1943 1708 1971 esset,
1722 1939 1769 1974 qui

979 1983 1168 2018 Hierosolyma
1182 1983 1372 2018 deplaugendo
1387 1983 1513 2011 Threnos
1527 1983 1702 2018 conscripsit,
1724 1991 1769 2011 sa-

979 2029 1163 2057 cratissimum
1175 2028 1333 2059 Jeremiam,
1347 2037 1402 2063 quo
1415 2029 1530 2060 scilicet,
1546 2029 1573 2056 in
1585 2033 1660 2056 tanto
1667 2029 1771 2064 populo

979 2075 1064 2103 tantis
1077 2074 1220 2102 doloribus
1241 2074 1373 2109 malisque
1390 2082 1521 2109 oppresso
1532 2095 1538 2107 ,
1556 2075 1770 2103 inconsolabiles

979 2122 1113 2156 lacrymas
1134 2120 1272 2147 funderet.
1297 2120 1392 2154 Neque
1407 2120 1481 2147 enim
1498 2119 1600 2147 Rachel
1614 2120 1654 2147 sic
1671 2127 1769 2148 vocem

979 2170 1006 2196 in
1034 2169 1140 2195 Rhama
1162 2167 1264 2199 emisit,
1283 2174 1345 2193 cum
1362 2167 1485 2194 sublatos
1508 2166 1577 2194 ﬁlios
1601 2167 1768 2201 deploraret.

978 2214 1120 2243 utdivime
1141 2214 1252 2240 tradunt
1277 2212 1388 2240 Littera:
1402 2214 1420 2244 ι,
1436 2213 1668 2248 quemadmodum
1691 2213 1769 2241 vallis

978 2261 1035 2292 il-la,
1056 2260 1083 2286 in
1099 2268 1153 2295 qua
1183 2260 1241 2287 haec
1253 2259 1436 2295 agitabantur,
1461 2259 1631 2294 captivorum
1659 2258 1770 2288 dolores

979 2306 1105 2340 malaque
1124 2305 1254 2343 auctavit.

165 2341 217 2378 οβ’,
236 2341 300 2370 Οἷον
316 2344 370 2381 γὰρ
392 2345 474 2373 πάλιν
492 2346 545 2374 ἀπὸ
561 2347 663 2376 τούτων
684 2351 759 2386 παρὰ
777 2352 831 2380 τῶν
845 2362 922 2389 μισο-

1011 2352 1055 2378 72.
1082 2341 1167 2384 Quale
1187 2358 1254 2378 vero
1276 2351 1463 2384 tunejrnrsus
1484 2350 1518 2377 ab
1545 2351 1638 2386 impiis
1666 2351 1769 2386 Deique

128 2389 204 2416 θέων
215 2390 340 2426 ἐπράχθη
357 2393 442 2419 κακόν
455 2394 461 2420 ι
479 2394 558 2421 Καθὰ
572 2395 627 2430 γάρ
644 2397 794 2431 φθάσαντες
809 2399 924 2437 ἔφημεν,

127 2436 326 2471 λογισαμένων
341 2438 431 2466 αὐτῶν
451 2440 560 2475 πρῶτον
575 2441 613 2473 ὡς
627 2443 651 2468 εἰ
673 2443 743 2471 κατά
765 2447 925 2480 συγγένειαν

128 2483 204 2519 πρὸς
217 2483 350 2519 ἀλλήλοϋς
361 2486 385 2512 ot
400 2486 447 2512 τοῦ
457 2487 577 2522 πλήθους
591 2489 761 2525 ἀναμιχθῶσι
770 2492 824 2519 τῶν
839 2494 925 2529 αἰχμ-

128 2529 259 2562 αλώτων,
287 2531 334 2558 καὶ
356 2532 412 2559 τῶν
440 2533 545 2560 πολλῶν
565 2534 666 2563 ὀδυνῶν
693 2537 853 2571 παύσονται,
878 2542 926 2567 καὶ

128 2576 202 2610 πρὸς
213 2576 265 2610 τὴν
277 2576 401 2605 δουλείαν
422 2579 502 2614 ἡνίκα
518 2580 552 2607 ἂν
571 2581 711 2615 ἐκδοθῶσι,
735 2585 856 2621 φορητὴν
874 2587 924 2612 αὑ-

127 2623 189 2654 τοῖς
219 2620 290 2649 εἶναι
318 2624 356 2656 ὼς
384 2625 413 2651 ὲν
440 2628 535 2659 κακοῖς
560 2628 609 2663 τὴν
626 2629 769 2665 ἐπήρειαν,
795 2632 832 2663 ὡς
855 2630 926 2660 εἶδον

129 2667 233 2699 αὐτοὺς
262 2669 323 2700 ταῖς
351 2671 522 2705 ἀγχιστείαις
548 2674 862 2711 ὲπισυναλλαττομένους
878 2680 925 2705 καὶ

129 2713 262 2749 καθάπερ
283 2716 376 2750 σειρὰν
389 2716 486 2744 ἄλυτον
500 2718 592 2755 ἕτερον
614 2720 740 2755 ἐχόμενον
756 2722 802 2748 τοῦ
817 2724 922 2759 ἑτέρου,

128 2759 180 2786 τόν
201 2769 232 2787 τε
263 2763 402 2797 χωρισμὸν
420 2764 614 2801 δυσδιαίρετον,
643 2768 710 2794 καθὸ
735 2768 847 2804 ἔμελλον
875 2771 924 2803 τὰς

132 2807 250 2840 μερίδα(
262 2809 327 2842 μιᾶς
343 2809 462 2846 ἑκάστης
475 2812 538 2846 vnit;
554 2813 710 2848 ἀπονεῖμαι,
728 2815 925 2843 ἐϐουλεύσαντο

133 2856 140 2858 ν
175 2863 297 2893 ‘Jcrem.
311 2875 353 2900 ut,
364 2867 408 2895 21.

978 2397 1107 2426 osoribus
1130 2401 1269 2431 patratum
1283 2400 1326 2424 est
1347 2396 1469 2423 malum?
1486 2396 1519 2424 Ut
1532 2397 1605 2423 enim
1623 2397 1678 2432 jam
1696 2395 1767 2423 dixi-

979 2452 1051 2476 mus,
1079 2451 1143 2470 cum
1171 2442 1226 2469 illis
1251 2443 1371 2477 primum
1398 2443 1426 2469 in
1451 2447 1570 2469 mentem
1592 2443 1722 2475 venisset,
1745 2443 1768 2469 si

978 2490 1061 2517 modo
1082 2488 1193 2524 captivi,
1211 2496 1265 2523 qua
1284 2487 1487 2515 necessitudine
1505 2488 1551 2516 alii
1569 2489 1637 2515 alios
1656 2489 1767 2516 contin-

977 2539 1072 2572 gerent
1092 2534 1240 2569 amnesque
1256 2533 1475 2566 essent,conl‘usi
1494 2534 1686 2566 miscerentur,
1709 2533 1768 2562 fore

980 2585 1011 2608 ut
1037 2580 1124 2608 multa
1148 2579 1273 2606 dolorum
1299 2585 1376 2614 parte
1401 2580 1559 2607 levarentur
1587 2587 1619 2606 ac
1647 2579 1768 2607 servitu-

979 2632 1044 2659 tem,
1060 2630 1205 2662 postquam
1223 2625 1324 2652 addicti
1340 2629 1442 2658 essent.
1459 2629 1489 2653 ut
1509 2626 1535 2653 in
1556 2626 1691 2653 malorum
1705 2633 1770 2661 pro-

978 2674 1057 2705 cella,
1075 2671 1173 2706 quovis
1195 2671 1276 2698 modo
1295 2670 1466 2698 tolerabilem
1484 2671 1635 2703 ducerent,
1660 2676 1690 2698 ut
1706 2671 1769 2698 illos

978 2726 1062 2755 penes
1082 2718 1199 2746 familias
1220 2716 1488 2752 uecessitudinisque
1501 2717 1564 2752 jure
1579 2716 1723 2744 devinctos
1737 2724 1769 2743 ac

980 2765 1151 2794 consociatos
1174 2764 1256 2798 inque
1279 2770 1383 2790 morem
1407 2763 1563 2790 insolubilis
1579 2767 1683 2790 catenae
1699 2762 1768 2789 alte-

980 2821 1039 2840 rum
1057 2811 1135 2839 alteri
1155 2810 1323 2837 cohaerentes
1345 2809 1428 2844 588
1451 2808 1485 2836 ab
1500 2808 1618 2835 invicem
1633 2815 1704 2843 πετο
1723 2807 1768 2835 di-

780 2904 898 2933 VARIAS
913 2902 1117 2931 LECTIONES.

174 2957 196 2973 '°
209 2960 312 2994 γοερεῖλς
324 2960 353 2987 ι’-

156 2962 196 3019 u"
209 2962 312 3020 ὗοςρςῖις
324 2962 353 2987 l‘.
405 2962 425 2977 δ’
439 2962 544 2989 ἐκίνουν
561 2962 582 2990 Δ
593 2967 618 2991 et
633 2963 806 2998 interpretes.

131 3001 152 3018 ο
177 3001 192 3020 ι.
232 3015 238 3020 .

862 2964 884 2980 ⁵¹
895 2963 1020 2998 εἴποιμεν
1036 2959 1068 2987 Λ.

1125 2961 1147 2980 ⁵1
1163 2961 1331 2988 κενώσεικνῖ)
1382 2962 1406 2978 ³⁸
1420 2961 1512 2994 ἱκανὸς
1538 2961 1599 2989 6w?
1648 2962 1670 2978 "
1684 2961 1765 2989 αὑτὸν
