1999 3165
224 1639 228 1644 -
246 1634 349 1662 queum
366 1626 525 1662 elegerunt?
546 1626 685 1654 Ferehant
700 1631 792 1655 tamen
810 1627 913 1659 omnia,
937 1627 993 1654 Deo
1011 1627 1038 1654 in

221 3020 239 3036 ἱ

250 233 304 265 627

864 233 1034 264 JOANNES
1053 233 1276 264 CAMENIATA

1810 241 1852 273 628

251 290 308 318 κλίᾱὶ
328 290 466 326 patientes
480 290 586 322 videre,
603 289 670 317 dum
686 288 803 324 singulis
820 289 938 317 navibus
955 293 1041 324 partes

1099 288 1181 316 πάλιν
1207 288 1303 324 βουλὴν
1332 288 1455 324 πονηρὰν
1472 289 1518 331 καὶ
1540 289 1667 325 πολεμίαν
1689 292 1736 326 τῆς
1755 293 1852 327 φύσεως.

250 337 395 365 ascribunt
422 343 547 371 onusque
577 335 758 368 distribuunt,
777 335 934 371 improbum
950 343 1047 363 rursus

251 382 398 410 consilium
414 389 447 409 ac
463 385 569 408 natura:
584 388 709 416 pugnans
727 380 859 408 inferunt.
882 380 985 409 iubent
999 387 1047 407 eos

250 429 299 465 qui
316 429 401 457 semel
422 428 510 464 juncti
526 427 636 455 fuerant
662 427 762 455 iterum
781 427 911 462 disjungi.
938 427 966 454 Si
986 434 1047 462 quas

252 480 343 502 tamen
357 478 446 501 mater
461 473 489 501 in
505 473 546 501 eis
562 473 693 500 infantem
713 473 784 501 laete
806 472 973 509 indigentem
997 473 1047 500 ha-

251 521 345 554 beret,
364 520 440 548 hunc
462 519 596 547 duntaxat
612 526 676 547 cum
697 522 813 554 parente
834 526 946 546 manere
969 519 1046 554 impii

251 567 377 595 homines
401 574 528 598 sanxere,
548 571 579 593 ut
596 566 645 601 qui
666 565 798 593 nimirum
822 565 875 593 sibi
905 566 958 601 ipsi
982 566 1046 593 vitae

250 612 415 648 compendio
433 612 503 640 nihil
522 611 649 640 conferre
663 612 789 640 valeret:
812 611 934 647 reliquos
949 619 1046 639 omnes

249 659 283 686 ab
297 658 424 687 afﬁnibus
438 659 618 694 cognatisque
639 658 788 686 distractos
808 658 964 693 promiscue
980 658 1044 686 nul-

248 706 329 740 laque
350 704 518 732 discretione
535 704 656 733 sortibus
669 712 731 731 esse
747 704 1045 737 eommittendos.Qum

249 748 393 776 enimvero
403 748 492 775 oratio
506 752 589 776 tanta:
601 748 766 777 calamitatis
780 747 964 776 infortunium
979 755 1045 776 nar-

250 794 370 822 raverit?
383 794 449 827 Quae
461 797 603 822 oratorum
617 793 711 830 lingua
723 794 828 821 variam
842 794 917 822 illam
928 798 957 822 et
974 794 1046 821 mul-

251 840 390 868 tiformem
407 841 535 869 dolorum
549 841 748 870 immanitatem
768 841 886 869 dicendo
901 848 1045 877 expresse-

250 887 297 920 rit,
322 895 385 915 cum
409 893 438 916 et
461 892 562 916 natura
586 888 646 924 ipsa
671 888 782 916 insolito
809 888 862 916 hoc
887 895 1044 923 vesanoque

249 938 386 970 praecepto
406 934 433 962 in
450 934 536 963 multa
555 935 742 968 scinderetur,
766 934 810 962 cui
832 934 921 962 solum
945 934 971 961 in
989 934 1044 961 cri-

249 988 313 1008 men
328 985 485 1009 verteretur
495 981 605 1017 generis
619 981 778 1009 communio
790 989 832 1013 ac,
847 988 929 1016 quam
946 985 1042 1008 natura

250 1027 326 1061 Iacit,
343 1028 563 1063 propinquorum
581 1028 759 1063 conjunctio?
783 1027 869 1055 Filius
889 1034 1007 1062 namque
1026 1034 1042 1054 a

249 1077 344 1108 patre.
366 1081 382 1101 a
399 1077 487 1101 matre
511 1073 582 1107 tilia,
603 1074 689 1102 frater
709 1081 725 1101 a
742 1073 826 1101 fratre
848 1073 1041 1103 divellebatur.

248 1119 301 1148 Ubi
314 1119 382 1154 quid
394 1126 491 1147 omnes
505 1119 567 1148 illos
580 1120 636 1155 pati
660 1120 812 1147 verosimili
830 1120 935 1147 ratione
949 1120 1043 1148 existi-

250 1165 391 1199 mandum,
411 1173 474 1193 cum
499 1166 527 1194 in
552 1166 715 1194 servitutem
744 1166 771 1194 in
798 1172 900 1194 terram
925 1167 1041 1194 alienam

250 1209 455 1239 abducerentur
470 1210 482 1238 ’ἒ
504 1211 550 1238 ubi
562 1211 669 1239 scilicet
693 1215 792 1239 nostra:
813 1211 877 1239 fidei
894 1212 995 1245 cultus,
1011 1216 1043 1239 ut

249 1256 445 1290 exsecrandus,
460 1257 536 1284 omni
561 1257 725 1292 injuriarum
747 1258 916 1293 procacitate
939 1257 1043 1285 lacera-

250 1306 305 1334 tur,
322 1301 564 1337 vesanissimaeque
580 1302 712 1330 libidines
728 1307 810 1338 atque
824 1303 890 1330 vitia
902 1303 1040 1335 coluntur,

249 1346 296 1374 ubi
310 1346 458 1375 fornicatio
478 1347 654 1380 honestatur,
673 1347 836 1383 insaniaque
853 1348 967 1383 praemio
981 1347 1040 1375 alli-

248 1394 330 1427 eitur,
362 1401 395 1422 ac
422 1394 595 1430 impudentia
623 1395 773 1430 plurimum
800 1395 968 1427 honoratur,
993 1395 1040 1423 ubi

249 1440 434 1469 masculorum
449 1448 532 1468 sexus
547 1440 575 1468 in
587 1441 752 1469 muliebrem
768 1449 848 1469 usum
864 1441 1040 1474 transfertur,

246 1493 275 1516 et
295 1488 417 1516 violatur
443 1492 582 1521 creatura,
611 1493 731 1524 suntque
759 1489 851 1516 omnia
871 1489 1041 1517 confusionis

248 1535 329 1570 plena
346 1538 374 1562 et
387 1535 421 1562 ad
435 1536 536 1562 malum
555 1542 697 1564 conversa.
711 1535 782 1568 Quid
798 1535 898 1563 horum
916 1536 1039 1565 omnium

248 1580 367 1615 primum
389 1580 472 1616 589
499 1580 685 1615 planxerunt?
701 1580 729 1607 in
745 1588 800 1616 quo
814 1589 870 1608 non
890 1581 976 1616 magis
998 1581 1039 1608 la-

246 1672 376 1701 omnibus
390 1673 499 1701 animos
519 1680 552 1700 ac
565 1673 748 1700 constantiam
769 1673 909 1708 prmhente
928 1680 1038 1708 suaeque
1053 1653 1075 1682 ϐ

247 1718 397 1747 voluntatis
414 1724 483 1746 nutu
499 1718 605 1755 singula
618 1727 734 1754 quaeque
749 1719 922 1754 disponente.

284 1765 328 1792 75.
355 1764 416 1793 Jam
433 1772 500 1792 vero
524 1772 620 1792 rursus
641 1764 733 1792 edicto
747 1765 800 1792 hoc
821 1772 854 1793 ac
876 1765 1000 1800 iussione
1025 1773 1040 1794 α

245 1811 370 1847 cognatis
396 1811 616 1846 necessariisque
630 1810 712 1839 divisi
725 1811 841 1839 diversis
857 1811 885 1838 in
905 1811 974 1839 locis
989 1811 1041 1840 sub

246 1856 371 1884 custodia
390 1856 536 1888 sedebant,
559 1856 648 1884 donec
668 1864 740 1884 novo
756 1856 868 1885 decreto
888 1857 1041 1893 imperatur

247 1907 278 1930 ut
292 1907 475 1931 numerentur
491 1910 598 1936 omnes,
610 1910 699 1938 exque
712 1910 893 1938 personarum
915 1908 1040 1932 aetatum-

246 1957 301 1984 que
324 1949 433 1978 ratione
460 1949 601 1977 diversum
627 1950 762 1985 cujusque
791 1951 869 1978 navis
896 1952 1039 1986 proprium

246 2003 343 2032 agmen
366 2001 558 2032 cognoscatur,
584 2004 619 2024 ne
635 1996 690 2024 ulla
708 1996 820 2024 navium
836 2002 884 2024 aut
900 1997 1040 2033 superﬂuo

245 2050 330 2071 onere
341 2048 472 2079 gravetur
485 2048 533 2071 aut
550 2043 597 2071 illo
610 2043 752 2071 minuatur
763 2064 770 2074 ,
787 2043 834 2071 sed
849 2051 900 2078 pro
914 2044 1040 2071 multitu-

244 2087 309 2116 dine
331 2095 428 2116 eorum
450 2088 498 2124 qui
524 2088 553 2115 in
580 2088 697 2115 navibus
722 2088 906 2116 Barbarorum
935 2094 1039 2122 essent,

245 2134 402 2162 distributis
413 2134 550 2170 partibus,
565 2142 617 2162 nec
634 2135 724 2169 majus
735 2135 839 2170 aliquid
848 2136 924 2171 justo
939 2136 1041 2164 redde-

247 2186 323 2208 retur
339 2189 391 2209 nec
413 2181 515 2208 minus.
537 2181 566 2208 ln
585 2181 683 2215 primis
703 2182 787 2217 igitur
806 2186 949 2210 numerata
964 2184 1039 2211 omni

246 2226 433 2259 multitudine,
450 2234 557 2254 summa
573 2227 624 2254 fuit
635 2227 691 2255 duo
707 2232 734 2256 et
749 2228 844 2262 viginti
860 2228 977 2255 millium
994 2237 1039 2257 ca-

246 2273 354 2308 pitum;
379 2273 452 2300 inter
476 2281 545 2308 quos
569 2281 665 2301 omnes
690 2282 725 2302 ne
751 2282 823 2302 unus
844 2275 956 2310 quidem
981 2281 1040 2303 erat

248 2318 346 2354 (nobis
362 2319 495 2347 duntaxat
509 2320 651 2355 exceptis,
672 2320 719 2356 qui
736 2322 923 2350 commutandi
942 2330 1036 2350 serva-
1053 2329 1075 2358 ι)

245 2366 352 2400 bamur)
363 2365 408 2393 cui
424 2371 546 2393 mentum
560 2366 623 2401 p.‘.is
639 2367 793 2395 fruticaret.
806 2368 841 2396 At
855 2376 945 2404 neque
961 2369 988 2396 in
1002 2374 1041 2397 tot

247 2410 396 2441 mulierum
410 2410 532 2441 millibus
550 2411 604 2439 ulla
620 2416 678 2439 erat
691 2420 752 2448 qme
762 2413 863 2448 pubem
878 2415 1037 2442 excederet.

246 2457 310 2485 Erat
319 2464 385 2485 vero
398 2457 503 2485 electus
516 2458 635 2493 populus
648 2460 797 2495 etjuventa
813 2461 991 2496 conspicuus.
1006 2469 1038 2489 ac

245 2504 273 2530 in
290 2511 346 2539 quo
358 2504 406 2533 alii
422 2504 484 2532 aliis
499 2512 584 2539 prope
599 2510 707 2533 certare
719 2506 862 2534 videretur
879 2515 964 2542 seque
974 2515 1035 2534 mu«

245 2555 293 2577 tuo
308 2549 444 2579 excedere
458 2554 506 2577 aut
522 2551 611 2580 aetatis
626 2551 693 2579 ﬂore
709 2557 757 2579 aut
771 2556 915 2580 venustate
931 2553 1036 2584 formae,

245 2595 352 2623 tametsi
367 2595 531 2625 amictorum
548 2603 663 2623 casuum
680 2597 722 2624 vis
740 2597 869 2625 continua
883 2605 898 2624 a
917 2599 1036 2625 naturali

244 2640 380 2670 decede".-
400 2648 447 2668 eos
471 2640 566 2670 habitu
585 2642 717 2677 cultuque
740 2642 863 2677 cogebat.
889 2642 1036 2677 Postquam

244 2693 335 2716 autem
357 2695 454 2715 omnes
476 2687 503 2716 in
530 2692 624 2723 partes
651 2688 813 2717 distributos
845 2689 944 2716 iterum
973 2697 1035 2716 cum

244 2734 340 2768 spoliis
349 2733 377 2761 in
394 2740 478 2761 naves
488 2737 683 2760 contruscrant
695 2733 768 2767 (nam
784 2733 842 2760 haec
853 2740 962 2768 quoque
973 2740 1035 2760 cum

246 2779 424 2806 multitudine
433 2778 521 2805 divisa
544 2778 679 2813 fuerant),
699 2778 811 2808 Barbari
831 2778 913 2814 590
926 2778 1035 2808 Cretam

245 2823 396 2851 incolentes
418 2831 452 2850 ex
475 2823 516 2851 eis
546 2832 600 2851 non
631 2831 734 2859 paucos
756 2824 933 2851 commereati
959 2829 1035 2856 sunt,

245 2868 330 2895 multa
351 2867 379 2895 in
397 2876 456 2895 eam
483 2877 540 2896 rem
561 2874 658 2904 sponte
679 2875 821 2898 numerata
839 2870 965 2905 pecunia,
980 2879 1035 2897 non

882 2917 948 2944 VMl
955 2917 998 2944 UE
1019 2916 1082 2943 [Δία

617 2965 637 2982 ⁵⁷
653 2964 697 2990 τὴν
710 2963 788 2997 λόγον
802 2963 834 2990 Λ.
873 2963 895 2977 π’
910 2963 953 2989 τίαν
974 2971 1027 2990 nm.
1052 2961 1079 2989 Ρ.

284 2961 307 2976 "“
325 2959 522 2994 τροσόεόμενον
537 2962 567 2988 Δ.

1099 335 1168 367 Τοὺς
1189 333 1264 366 ἅπαξ
1292 334 1345 370 γὰρ
1376 335 1525 367 ὲνωθέντας
1548 335 1708 371 διαιρεθῆναι
1726 339 1767 364 καὶ
1792 338 1854 373 αὖθις

1097 381 1293 416 προσέταττον,
1309 381 1358 407 καὶ
1373 381 1400 407 εἶ
1410 380 1461 408 πού
1477 389 1518 412 τις
1531 381 1632 416 μήτηρ,
1643 382 1729 416 φησὶν,
1743 385 1769 410 ὲν
1781 385 1855 418 αὐτοῖς

1097 425 1193 461 νήπιον
1208 425 1307 460 ἔχουσα
1323 425 1371 452 τοῦ
1384 425 1521 460 γάλακτος
1531 425 1697 460 δεόμενον⁵¹,
1710 427 1780 454 τοῦτο
1792 429 1856 464 μόνον

1097 471 1166 506 πρὸς
1181 471 1230 505 τὴν
1241 470 1375 499 τεκοῦσαν
1389 471 1480 507 μένειν
1492 472 1516 498 οἱ
1533 471 1672 504 δυσσεϐεῖς
1683 474 1856 503 κατεθέσπισαν

1096 516 1134 549 ὡς
1160 517 1244 552 μηδὲν
1272 517 1353 553 τυχὸν
1369 518 1519 553 δυνάμενον
1540 518 1629 554 ἑαυτῷ
1649 519 1715 554 πρὸς
1731 520 1775 556 τὴν
1799 521 1856 558 ζωὴν

1098 561 1250 595 συντελεῖν,
1277 563 1340 594 τοὺς
1359 562 1470 594 λοιποὺς
1496 563 1525 590 δὲ
1552 563 1607 590 τῶν
1634 565 1790 598 συγγενικῶν
1810 575 1857 593 σνν-

1101 608 1205 643 αφειῶν
1216 609 1262 636 καί¹
1277 607 1354 642 αὖθις
1367 609 1553 645 διαιρεθέντας
1564 610 1662 646 ἀναμὶξ
1673 611 1717 638 καὶ
1729 611 1858 648 ἀδιαφόρως

1095 655 1152 685 τοῖς
1164 654 1277 690 κλήροις
1294 654 1470 690 ἀποδοθῆναι.
1487 654 1568 682 Ἀλλὰ
1581 655 1622 687 τίς
1635 655 1710 690 λόγος
1722 656 1750 684 τὺ
1764 658 1858 692 μέγεθος

1095 702 1145 735 τῆς
1172 702 1317 737 συμφορᾶς
1348 701 1451 737 ταύτης
1474 701 1625 737 emptitant;
1644 702 1706 729 ποία
1721 703 1747 730 δὲ
1768 704 1858 738 γλῶσσα

1096 747 1222 783 ῥητόρων
1241 747 1398 780 ἐπεξελθεῖν
1413 747 1540 783 δυνηθείη
1556 749 1607 783 τὴν
1631 749 1751 784 ποικίλην
1772 750 1858 786 ἐκείνην

1095 794 1142 821 καὶ
1157 793 1287 829 πολυειδῆ
1304 794 1359 820 τῶν
1380 794 1481 821 ὀδυνῶν
1500 794 1634 826 κάκωσιν,
1650 794 1692 830 [Ρ.
1712 794 1771 831 επ]
1794 797 1858 823 ὁπότε

1095 839 1172 874 καὶὴ
1199 839 1269 874 αὑτὴ
1285 839 1365 874 φύσις
1389 839 1429 874 τῷ
1452 839 1540 874 καινῷ
1561 839 1650 875 τούτῳ
1670 840 1715 867 καὶ
1736 841 1858 877 παραλόγῳ

1095 884 1289 919 προστάγματι
1313 884 1354 915 εἰς
1383 884 1469 911 πολλὰ
1493 884 1686 919 κατετέμνετο,
1703 883 1777 911 τοῦτο
1796 885 1859 920 μόνον

1094 931 1223 966 ἔγκλημα
1237 930 1287 966 τὴν
1304 930 1448 957 κοινωνίαν
1462 930 1510 957 τοῦ
1528 930 1626 964 γένους
1647 930 1742 965 ἔχουσα
1769 930 1809 957 καὶ
1821 930 1859 965 τὴν

1058 972 1080 1000 Β
1094 977 1214 1012 ἔμφυτον
1237 976 1293 1003 τῶν
1315 976 1469 1003 ἑνωθέντων
1495 975 1662 1010 συνάφειαν;
1679 975 1732 1003 Καὶ
1750 975 1798 1010 γὰρ
1820 976 1860 1002 ἁπ-

1093 1024 1197 1051 εσπᾶτο
1214 1022 1318 1056 πατρὸς
1345 1022 1394 1058 μὲν
1420 1021 1495 1054 υίὸς,
1515 1022 1620 1058 μητρὸς
1644 1021 1673 1048 δὲ
1697 1021 1808 1056 Θυγάτηρ
1824 1020 1860 1048 καὶ

1093 1070 1209 1104 ἀδελφὸς
1225 1067 1352 1103 ἀδελφοῦ.
1373 1067 1419 1095 Ἐν
1439 1065 1479 1100 οἷς
1504 1068 1532 1094 τι
1555 1067 1675 1103 πάσχειν
1689 1066 1757 1098 εἰκὸς
1770 1066 1860 1098 τούτους

1094 1116 1229 1147 ἅπαντας,
1245 1115 1326 1142 ὁπότε
1348 1114 1418 1150 πρὸς
1430 1113 1554 1141 δουλείαν
1574 1114 1676 1149 ῆγοντο
1690 1113 1728 1145 εἰς
1740 1112 1787 1148 γῆν
1799 1112 1860 1139 ἀλλο-

1093 1160 1182 1197 τρίαν,
1195 1161 1262 1188 ὅπου
1283 1160 1314 1187 τὸ
1338 1161 1388 1195 μὲν
1413 1159 1495 1191 σέϐας
1512 1159 1562 1195 τῆς
1587 1159 1652 1186 καθ’
1676 1159 1746 1194 ἡμᾶς
1766 1158 1861 1189 πίστεως

1092 1208 1131 1240 ὠς
1147 1208 1243 1242 ἐναγὲς
1258 1207 1442 1243 ὲνυϐρίζεται,
1454 1206 1529 1242 πάθη
1545 1206 1574 1233 δὲ
1586 1207 1702 1241 τιμᾶται
1714 1203 1860 1239 ἀλογώτατα·

1092 1255 1159 1282 ὅπου
1178 1254 1293 1290 πορνεία
1308 1253 1472 1289 σεμνύνεται
1493 1252 1540 1281 καὶ
1556 1253 1643 1288 μανία
1656 1252 1814 1288 γεραίρεται,
1826 1249 1862 1276 καὶ

1070 1295 1074 1299 ’
1093 1301 1194 1336 πολλῆς
1212 1300 1299 1336 τιμῆς
1313 1299 1488 1332 καταξιοῦται
1500 1299 1627 1326 ἀναίδεια
1640 1307 1647 1314 ·
1662 1299 1728 1325 ὅπου
1742 1298 1789 1324 τῶν
1799 1296 1862 1332 app:-

1093 1358 1145 1377 νων
1158 1350 1176 1385 ἡ
1193 1350 1274 1384 φύσις
1300 1349 1340 1380 εἰς
1354 1347 1514 1383 γυναικείαν
1536 1348 1639 1384 χρῆσιν
1661 1347 1810 1381 μετάγεται,
1822 1344 1860 1371 καὶ

1089 1396 1109 1430 ἡ
1129 1396 1219 1427 κτίσις
1230 1394 1382 1430 ὑϐρίζεται,
1399 1395 1446 1421 καὶ
1463 1393 1626 1429 συγχύσεως
1642 1393 1720 1428 γέμει
1735 1392 1813 1419 πάντα
1826 1390 1862 1416 καὶ

1092 1441 1161 1476 πρὸς
1189 1440 1219 1467 τὸ
1241 1440 1327 1467 κακὸν
1351 1440 1567 1475 ἀνατέτραπται;
1596 1440 1632 1466 Τί
1658 1439 1761 1474 πρῶτον
1782 1436 1863 1463 τούτων

1092 1485 1222 1512 ἁπάντων
1244 1484 1398 1519 ὲκόψαντος
1416 1485 1446 1510 ἐν
1471 1484 1541 1520 ποίῳ
1566 1484 1594 1511 δὲ
1625 1483 1663 1520 μὴ
1687 1483 1796 1518 ἀγχόνην
1809 1480 1862 1516 ᾑρή-

1092 1539 1192 1564 azv-zo;
1215 1530 1365 1566 Ἀλλ’ὄμως
1383 1530 1480 1566 ἔφερον
1499 1530 1600 1563 πάντα,
1620 1530 1672 1566 τὴν
1687 1529 1733 1556 ἐπὶ
1752 1528 1811 1554 πᾶσι
1826 1534 1863 1560 με·

1092 1578 1262 1613 γαλοψυχίαν
1274 1577 1465 1613 παρεχομένου
1481 1576 1550 1604 Θεοῦ
1569 1577 1618 1604 καὶ
1631 1576 1672 1611 τῷ
1687 1574 1774 1610 οἰκείῳ
1785 1572 1862 1609 βουλή-

1094 1633 1159 1660 ματι
1172 1624 1205 1651 τὰ
1220 1623 1282 1652 καθ’
1297 1624 1414 1651 ἕκαστον
1432 1622 1668 1658 μεθαρμόζοντος.

1126 1764 1176 1795 ογ¹.
1198 1760 1241 1792 Ὠς
1254 1760 1282 1787 δὲ
1307 1760 1390 1787 πάλιν
1410 1759 1449 1795 τῷ
1465 1760 1663 1795 προστάγματι
1686 1757 1768 1792 τούτῳ
1789 1752 1864 1789 τῆςέξ

1092 1805 1217 1841 ἀλλήλων
1229 1805 1396 1842 διῃρέθησαν
1413 1805 1586 1840 συγγενείας,
1600 1805 1739 1840 ἐκάθηντο
1753 1799 1864 1838 φρουρού-

1092 1861 1168 1887 μενοι
1193 1853 1264 1879 κατὰ
1285 1851 1431 1886 διαφόρους
1454 1851 1565 1883 τόπους,
1586 1851 1643 1883 ἕως
1668 1849 1776 1885 ἐξῆλθεν
1790 1847 1865 1881 ἕτερον

1093 1897 1269 1933 πρόσταγμα,
1287 1898 1392 1928 πάντας
1404 1895 1591 1932 ἀριθμηθῆναι
1606 1897 1656 1922 καὶ
1672 1895 1738 1931 πρὸς
1752 1892 1796 1923 τὰς
1807 1891 1864 1920 ἰδέας

1091 1942 1146 1969 τῶν
1156 1942 1313 1978 προσώπων
1326 1941 1437 1969 καὶτῶν
1451 1941 1565 1977 ἡλικιῶν
1580 1941 1610 1968 τὸ
1628 1941 1756 1976 διάφορον
1769 1938 1866 1970 ἑκάστης

1092 1991 1155 2026 νηὸς
1181 1990 1247 2017 ἴδιον
1270 1989 1415 2024 σύνταγμα
1437 1989 1636 2024 γνωρισθῆναι,
1660 1988 1693 2015 ἵν’
1715 1988 1743 2013 ὲν
1767 1982 1866 2021 μηδεμιᾷ

1092 2036 1191 2072 φανείη
1209 2036 1395 2072 πλεονασμὸς,
1412 2035 1504 2071 φησιν,
1523 2036 1540 2073 ἢ
1557 2035 1716 2070 ὑφαίρεσις,
1732 2032 1794 2060 ἀλλὰ
1811 2027 1866 2056 κατὰ

1091 2080 1122 2108 τὸ
1138 2080 1240 2116 πλῆθος
1254 2080 1309 2107 τῶν
1332 2080 1448 2107 ἐνόντων
1463 2081 1524 2112 ταῖς
1539 2080 1620 2107 ναυσὶ
1639 2078 1793 2115 βαρϐάρων,
1810 2074 1866 2101 οὕτω

1092 2127 1139 2154 καὶ¹
1152 2127 1201 2158 τὰς
1215 2127 1329 2163 μερίδας
1344 2126 1473 2162 γενέσθαι
1486 2127 1534 2153 καὶ
1551 2127 1637 2162 μηδὲν
1653 2126 1749 2156 αὑταῖς
1760 2120 1867 2158 περιττὸν

1091 2173 1108 2208 ἢ
1127 2173 1252 2201 ἐλλεῖπον
1268 2172 1445 2208 ἁτὼδοθῆναι.
1468 2172 1643 2208 ’Πρίθμησαν
1658 2170 1704 2199 οὖν
1720 2172 1748 2197 ἐν
1768 2168 1865 2204 πρώτοις

1091 2221 1140 2255 τὴν
1154 2219 1260 2255 πληθὺν
1274 2219 1385 2247 ἃπασαν
1397 2227 1404 2234 '
1421 2220 1437 2255 ἡ
1449 2219 1477 2246 δὲ
1488 2218 1521 2256 ἦν
1535 2219 1581 2246 δύο
1593 2220 1642 2246 καὶ
1658 2219 1745 2246 εἴκοσι
1757 2215 1867 2253 χιλιάδες,

1091 2266 1121 2298 ἐξ
1135 2264 1173 2294 ὧν
1192 2267 1330 2297 ἁπάντων,
1356 2266 1442 2301 χωρὶς
1465 2267 1481 2301 ὴ
1487 2265 1545 2301 μῶν
1561 2266 1614 2293 τῶν
1632 2266 1707 2300 λόγῳ
1718 2265 1740 2280 ⁸⁷
1756 2264 1801 2297 τῆς
1816 2267 1872 2313 κατ]

1091 2313 1213 2349 αλλαγῆς
1237 2313 1427 2348 τηρουμένων,
1449 2313 1500 2340 οὐκ
1520 2310 1554 2348 ἦν
1576 2313 1665 2345 οὐδεὶς
1685 2312 1714 2344 ὃς
1731 2311 1776 2338 τδν
1787 2309 1809 2326 ⁸⁸
1824 2306 1868 2334 πώ·

1094 2368 1170 2394 γωνα
1197 2356 1254 2395 εἶχε
1279 2359 1490 2394 τετριχωμένον.
1519 2359 1590 2386 Ἀλλ’
1610 2359 1672 2387 οὐδὲ
1699 2353 1868 2394 προσεὸηκυῖα

1089 2405 1159 2441 γυνὴ
1180 2405 1210 2432 ὲν
1233 2405 1348 2438 ταύταις
1366 2406 1469 2438 πάσαις
1483 2407 1544 2438 ταῖς
1568 2406 1701 2442 χιλιάσιν.
1731 2403 1868 2431 Ἐπίλεκτος

1088 2451 1117 2478 δέ
1128 2460 1169 2483 τις
1185 2449 1220 2487 ἦν
1234 2452 1280 2479 καὶ
1296 2452 1401 2484 νεάζων
1416 2453 1431 2478 ὁ
1446 2452 1543 2488 δῆμος,
1558 2454 1606 2480 καὶ
1621 2450 1681 2479 οἷον
1699 2450 1796 2486 ἐρίζων
1815 2447 1868 2473 ἕκα-

1090 2506 1151 2530 στος
1168 2497 1235 2534 ἣτῷ
1249 2498 1360 2534 ἀκμαίῳ
1371 2498 1420 2534 τῆς
1436 2498 1544 2534 ἡλικίας
1559 2499 1574 2534 ἢ
1593 2499 1632 2534 τῷ
1644 2498 1742 2534 ὡραίῳ
1755 2496 1801 2530 τῆς
1816 2500 1869 2529 μορ-

1089 2547 1144 2581 φῆς
1160 2545 1336 2581 ὑπερϐαίνειν
1353 2545 1399 2573 τδν
1425 2545 1531 2582 ἕτερον,
1547 2545 1599 2572 κᾶν
1615 2547 1631 2581 ἡ
1660 2542 1810 2577 smmum
1825 2539 1868 2565 τῶν

1089 2592 1230 2628 δυσχερῶν
1251 2592 1306 2619 τῶν
1335 2592 1460 2627 φυσικῶν
1488 2593 1587 2623 αὐτοὺς
1612 2591 1698 2624 ἕξεων
1728 2584 1869 2623 ἀλλοτριοῦν

1089 2638 1227 2671 ἐϐιάζετο.
1249 2638 1320 2665 Ἀλλ’
1337 2639 1381 2665 ὅτε
1394 2638 1427 2674 δὴ
1443 2638 1543 2670 πάντες
1557 2637 1597 2669 εἰς
1612 2636 1727 2672 μερίδας
1743 2632 1869 2668 γενόμεναι

1092 2686 1173 2712 πάλιν
1190 2685 1260 2721 μετὰ
1280 2686 1304 2701 ⁵⁸
1318 2687 1372 2711 τῶν
1393 2684 1500 2712 σκύλων
1516 2685 1578 2716 ταῖς
1593 2683 1675 2711 ναυσὶ
1697 2679 1871 2721 συνηλάθησὲν

1091 2719 1254 2766 (ἄμφωγὰρ
1267 2730 1315 2756 καὶ
1332 2729 1419 2757 ταῦτα
1436 2730 1485 2756 σὺν
1500 2729 1538 2764 τῷ
1551 2728 1648 2763 πλήθει
1659 2719 1869 2761 διενεμήθησαν).

1090 2779 1150 2804 τότε
1168 2777 1200 2812 δὴ
1224 2777 1279 2804 τὼν
1309 2777 1461 2813 Βαρὸάρων
1482 2777 1506 2803 οἱ
1535 2777 1583 2811 τὴν
1610 2776 1726 2812 Κρήτην
1749 2770 1871 2805 οἰκοῦντες

1091 2823 1140 2849 οὐκ
1152 2822 1259 2856 ὀλίγους
1269 2823 1396 2855 ὠνοῦντο,
1409 2822 1477 2849 πολὺ
1491 2822 1604 2858 χρυσίον
1617 2821 1689 2855 ὑπὲρ
1700 2818 1788 2846 αὐτῶν
1799 2821 1870 2842 κατα·

1091 2868 1219 2896 ϐαλέσθαι
1238 2869 1275 2905 μὴ
1292 2870 1516 2905 παραιτούμενοι,
1529 2870 1577 2904 οὐχ
1592 2867 1685 2899 ἀτλῶς
1696 2866 1750 2893 οὐδ’
1765 2865 1800 2896 ὼς
1815 2861 1866 2888 ετυ⁹

1086 2915 1219 2943 ΤΙΟΝΕδ.

1122 2963 1142 2978 ⁸⁹
1161 2962 1237 2997 iga?
