1999 3165
117 507 124 552 l

117 554 122 561 ι

126 250 180 282 629

659 248 709 278 DE
731 246 890 278 EXCIDIO
907 247 1214 282 THESSALONICE.

1711 252 1764 284 610

126 315 185 342 χεν,
203 306 274 333 ἀλλὰ
289 305 402 342 κέρδους
419 305 492 338 τινὸς
508 304 638 332 ὑπόθεσιν
653 305 761 336 ίαυτοῖς
775 305 807 332 ὲκ
823 303 918 331 τούτου

976 310 1075 334 temere
1097 307 1205 335 nullave
1220 307 1338 341 ratione,
1350 308 1398 336 sed
1414 315 1476 336 eum
1498 307 1550 336 sibi
1571 304 1635 335 inde
1655 308 1762 336 lucrum

126 351 365 387 περιποιούμενοι.
379 351 509 387 ”ῌδεισαν
522 350 577 386 γὰρ
597 350 818 378 πολλαπλασίονα
829 351 853 367 ⁸⁵
864 350 919 377 τῶν

127 398 274 434 διδομένων
298 398 402 431 λαϐεῖν,
428 397 509 434 ἡνίκα
527 396 560 424 ἂν
585 396 635 434 [Ρ.
654 396 725 432 578]
745 397 919 433 καταλλαγῆς

127 445 240 472 ἐπέλθοι
261 444 368 480 καιρὸς,
386 444 469 471 όπότε
487 443 552 475 τοὺς
573 443 726 479 ὁμοφύλους
742 443 842 476 αὐτῶν,
857 444 919 475 τοὺς

127 491 204 526 παρὰ
216 490 272 517 τῶν
294 489 440 525 Ῥωμαίων
459 489 655 526 χειρωθέντας,
671 489 836 525 ἐκδέχονται.
852 490 919 517 Οὐδὲ

126 537 183 572 γὰρ
199 537 238 569 ὡς
263 538 293 564 ὲν
320 537 377 568 τοῖς
391 536 463 564 κατὰ
486 536 597 572 Συρίαν.
619 536 691 563 οὕτω
715 537 761 563 καὶ.
781 536 886 568 τούτοις
902 537 919 572 ή

126 584 182 610 τῶν
203 583 386 619 αἰχμαλώτων
399 582 588 618 ἀπολύτρωσις
603 583 766 615 ὲκτελεῖται,
787 582 846 608 ἀλλ’
868 583 918 608 s1:-

130 631 287 667 ικράτησεν
297 631 326 657 ὲν
340 629 445 662 τούτοις
458 629 573 656 παλαιὸν
584 629 643 661 ἔθος
658 629 747 665 χρόνῳ
761 628 918 664 βεὸαιωθὲν,

128 677 173 704 ἵνα
193 677 242 704 καὶ
268 677 314 704 τὸν
341 676 495 712 Βάρϐαρον,
515 676 590 707 ὅστις
613 676 679 702 ποτὲ
703 673 748 710 ἦν.
774 675 855 710 χάριν
873 675 919 702 τοῦ

127 723 314 759 κατεχομένου
337 723 515 758 κομίζωνται,
536 722 584 749 καὶ
609 721 659 757 τὴν
672 721 743 756 ὑπὲρ
769 721 853 748 αὐτοῦ
877 721 921 748 δο-

128 769 224 796 θεῖσαν
247 769 330 804 τιμὴν
353 768 508 795 ἀπαιτῶσιν
524 769 565 800 εἰς
589 767 619 794 τὸ
633 767 784 795 διπλάσιον.
810 767 860 795 Διά
879 775 920 795 τοι

129 814 213 842 τοῦτο
223 814 338 846 πολλοὺς
350 814 374 840 oi
391 813 501 849 Κρῆτες
513 813 568 840 τῶν
576 813 758 849 αἰχμαλώτων
767 813 919 849 ὠνήσαντο,

127 861 180 896 τὴν
199 860 262 888 καθ’
279 861 354 896 ἡμᾶς
370 859 515 896 συμφορὰν
532 860 645 895 κέρδους
660 860 841 896 συνεισφορὰν
855 861 921 887 ἐαυ-

128 909 187 938 τοῖς
218 906 413 942 ἑφευράμενοι.
445 907 587 943 Ἑπράχθη
614 907 643 934 δὲ
670 906 757 934 ταῦτα
784 907 827 941 ἐφ’
846 906 921 938 ὅλαις

127 952 251 988 ἡμέραις
261 952 339 984 δέκα,
357 952 402 979 ἀεὶ
419 951 473 979 τῶν
491 952 594 979 ὲθάδων
609 952 681 988 νηῶν
700 952 921 986 μετασκευαζου-

969 351 1137 380 factitarent.
1162 353 1246 380 Plane
1262 353 1336 380 enim
1353 358 1488 382 noverant
1510 354 1597 382 multo
1613 353 1665 381 sibi
1687 354 1764 389 plura

970 397 1143 425 restituenda
1160 399 1385 428 commutationis
1404 404 1541 436 tempore,
1558 400 1623 428 dum
1644 408 1701 428 sua:
1717 408 1765 427 na-

970 443 1055 471 tionis
1070 445 1194 479 captivos
1209 454 1224 473 a
1238 445 1371 474 Romanis
1392 446 1420 474 in
1434 447 1623 481 captivitatem
1638 447 1766 474 redactos

971 490 1139 525 reciperent.
1155 491 1216 519 Non
1231 491 1317 525 enim,
1332 492 1565 527 quemadmodum
1583 493 1609 519 in
1623 492 1711 529 Syria,
1726 493 1765 520 sic

971 535 1015 563 his
1021 537 1164 571 quoquein
1171 537 1240 565 locis
1252 539 1412 574 transigitur
1422 538 1592 574 captivorum
1602 539 1764 574 redemptio-

971 582 1019 609 sed
1035 583 1060 609 in
1076 583 1120 610 his
1133 584 1219 611 veteri
1231 584 1434 612 consuetudine
1447 592 1498 612 usu
1514 584 1621 612 ﬁrmata
1634 585 1765 617 obtinuit,

971 633 1001 655 ut
1014 633 1042 656 et
1054 628 1228 664 lBarbarum,
1245 630 1371 666 quisquis
1388 630 1433 657 ille
1450 630 1497 663 sit,
1513 631 1574 658 loco
1595 631 1669 658 illius
1683 638 1765 666 quem

971 674 1024 709 ipsi
1042 674 1169 702 detinent
1182 675 1314 707 referant,
1332 680 1360 704 et
1377 676 1533 703 exsolutum
1548 683 1598 714 pro
1617 684 1650 704 eo
1664 675 1766 712 duplex

972 721 1091 756 pretium
1102 721 1266 757 (reposcant.
1285 722 1352 750 Eam
1373 722 1408 750 ob
1427 730 1486 751 rem
1501 722 1603 750 multos
1621 722 1767 751 Cretenses

971 768 1096 802 captivos
1110 769 1224 796 mercati
1240 773 1315 802 sunt,
1331 774 1453 797 nostram
1467 769 1573 798 scilicet
1584 768 1766 797 calamitatem

972 813 1015 840 sui
1035 813 1105 842 lucri
1122 814 1278 842 auctionem
1294 816 1454 843 commenti.
1475 815 1557 843 Gesta
1577 815 1635 843 haec
1657 823 1707 851 per
1720 815 1768 843 de-

972 866 1032 886 cem
1047 859 1168 894 integros
1183 859 1252 893 dies,
1270 868 1332 888 cum
1348 868 1457 895 semper
1468 866 1608 889 consuete
1621 869 1705 889 naves
1720 870 1768 890 eos

972 905 1019 940 qui
1037 905 1123 940 empti
1143 911 1238 934 essent
1253 906 1436 934 transferrent
1451 911 1478 934 et
1497 908 1524 935 in
1544 907 1670 943 proprias
1684 908 1768 936 urbes

973 951 1154 979 deveherent.
1173 951 1248 980 lnter
1274 952 1332 980 haec
1354 952 1496 981 divendita
1526 961 1637 989 quoque
1660 958 1689 982 et
1714 954 1768 982 t‘ra-

129 999 186 1025 σῶν
200 998 264 1030 τοὺς
278 997 450 1034 ὠνουμένους
471 998 519 1025 καὶ
539 999 607 1034 πρὸς
618 998 667 1034 τήν
681 998 751 1031 ίᾷίαν
763 998 842 1025 πόλιν
859 1007 923 1034 μετ-

976 998 1024 1025 tris
1045 998 1099 1026 mei
1114 1006 1193 1032 uxor,
1211 1007 1272 1034 qua:
1292 1007 1336 1027 res
1350 1007 1406 1026 non
1425 999 1479 1027 levi
1494 1007 1544 1027 nos
1557 999 1649 1027 en‘ecit
1664 1000 1769 1028 maesti—

129 1044 267 1078 αγουσῶν.
285 1044 331 1071 Ἐν
352 1042 394 1077 οἷς
415 1044 510 1080 ἔτυχεν
535 1044 676 1072 ἐκδοθεῖσα
691 1045 738 1071 καὶ
755 1045 771 1081 ή
787 1044 833 1072 τοῦ
856 1044 922 1080 ἐμοῦ

130 1091 250 1126 ἀδελφοῦ
265 1090 392 1126 σύζυγος,
407 1092 438 1118 οὐ
455 1091 570 1127 μετρίαν
585 1092 652 1127 ἡμῖν
669 1091 764 1126 ὀδύνην
780 1091 924 1126 περιποιή-

130 1145 215 1164 cuca.
229 1137 261 1164 'il
273 1137 302 1164 δέ
317 1146 362 1172 μοι
377 1138 468 1173 μήτηρ
481 1137 528 1164 καὶ
539 1138 555 1173 ὴ
567 1137 675 1173 γαμετὴ
687 1138 735 1164 σὺν
748 1138 808 1164 δυσὶ
820 1137 924 1169 τέκνοις

131 1183 175 1219 (τὸ
193 1183 248 1219 γὰρ
261 1183 356 1219 ἓτερον
377 1183 458 1218 ἔργον
473 1180 508 1219 ἦν
528 1183 674 1219 γενόμενον
694 1184 744 1218 τῆς
762 1183 922 1219 Θαλάσσης),

131 1229 173 1256 In
197 1229 226 1256 δὲ
243 1230 288 1256 καὶ
307 1229 423 1261 ἐλεεινὸς
437 1229 529 1261 ἄθλιος
549 1230 564 1256 ὸ
583 1229 694 1265 τλήμων
708 1229 821 1265 ἀδελφὸς
841 1231 889 1258 καὶ
906 1232 923 1266 ἠ

130 1274 170 1310 τῷ
190 1274 280 1311 χρόνῳ
306 1274 415 1302 πάντων
436 1274 654 1311 ἑφυστερίζουσα
674 1275 786 1311 ἀδελφὴ,
806 1275 838 1302 ἔκ
853 1284 925 1308 τινος

132 1321 229 1356 θεῖκῆς
245 1321 376 1357 προνοίας
392 1322 432 1353 εἰς
449 1321 513 1356 μίαν
534 1321 655 1349 Σιδονίαν
673 1321 768 1356 ἔτυχον
783 1321 861 1353 ναῦν,
875 1322 925 1357 τῆς

132 1367 203 1402 πρὸς
218 1367 319 1402 Συρίαν
333 1368 488 1403 ἀποδημίας
504 1368 678 1404 τηρούμενοι.
700 1369 789 1403 Ἦμᾶς
807 1367 836 1394 δὲ
854 1368 924 1395 πάν-

130 1422 183 1446 τας
202 1414 266 1445 τοὺς
282 1414 311 1440 ὲν
321 1415 354 1450 τῇ
369 1414 528 1450 καταλλαγῇ
544 1414 730 1450 τηρουμένους
743 1414 783 1440 ἔτι
797 1414 926 1449 διεσπαρ-

134 1461 234 1495 μένους
257 1460 338 1492 ὄντας
365 1460 567 1494 συναγαγόντες
588 1461 613 1487 οἱ
640 1460 777 1496 Βάρόαροι
803 1460 850 1487 καί
872 1468 925 1487 τινι

133 1506 270 1541 πολεμικῇ
301 1505 346 1541 νηῒ
368 1505 422 1533 τῶν
446 1507 479 1532 ἐκ
502 1506 549 1532 τοῦ
572 1506 682 1542 λιμένος
699 1504 925 1533 ἀνασπασθεισῶν

132 1553 179 1587 ὑφ’
191 1552 220 1579 ἓν
240 1552 445 1588 είσενεγκόντες
461 1552 619 1588 καθεῖρξαν,
635 1552 760 1586 φύλακάς
777 1560 854 1584 τινας
870 1551 925 1577 τῶν

135 1597 198 1625 καθ’
211 1597 313 1629 αὐτοὺς
332 1597 475 1633 ἐμπείρων
489 1597 580 1623 αὐτῶν
596 1597 663 1632 ἡμῖν
676 1596 905 1632 συμϐιϐάσαντες.

168 1643 216 1670 οδν.
234 1642 289 1670 Καὶ
305 1641 393 1674 οὕτως
419 1641 599 1675 ἐσκευάζοντο
620 1641 690 1677 μετὰ
704 1642 724 1658 ⁶¹
756 1641 821 1677 μίαν
841 1642 925 1676 ἄλλην

131 1689 244 1724 ἡμέραν
258 1687 369 1723 ἔχεσθαι
384 1687 431 1715 τοῦ
458 1687 556 1719 πλοός·
570 1687 621 1723 ἥδη
643 1687 697 1722 γὰρ
713 1684 782 1723 ἦγεν
797 1687 895 1719 αὐτοὺς
908 1688 922 1715 ὁ

131 1733 232 1770 καιρὸς
254 1733 302 1761 καὶ
324 1734 460 1770 χρονίζειν
476 1733 526 1760 οὐκ
546 1733 631 1760 ᾰδίδου
653 1732 691 1768 τῷ
706 1733 791 1769 τόπῳ,
809 1734 878 1770 πρὸς
896 1734 927 1760 τὸ

131 1780 278 1816 χειμέριον
300 1779 347 1806 τὸν
361 1780 431 1815 ἀέρα
447 1779 669 1815 μετατιθέμενος,
687 1780 797 1812 Ἵπποις
812 1779 859 1807 οῦν
875 1780 925 1815 ἐφ-

133 1825 254 1854 εστῶσιν
271 1825 417 1858 ἐπιϐάντες
436 1826 460 1853 oi
487 1826 541 1853 τῶν
566 1826 639 1861 νηῶν
662 1826 865 1862 ἀρχηγοὶκμετὰ
881 1826 927 1854 καὶ

131 1871 219 1899 αὐτοῦ
240 1871 289 1899 τοῦ
307 1872 440 1907 τυράννου
459 1872 527 1908 πρὸς
548 1873 581 1908 τῇ
604 1872 681 1899 πόλει
694 1872 849 1907 γεγόνασιν,
868 1872 927 1908 ἃμα

134 1919 186 1953 μὲν
201 1918 405 1954 ἐνδεικνύμενοι
419 1920 475 1950 τοῖς
491 1919 583 1954 Κρησὶ
607 1919 657 1954 τὴν
672 1919 718 1946 ἐπὶ
742 1920 797 1951 τοῖς
817 1927 927 1954 πεπρα-

132 1963 247 1997 γμένοις
261 1964 290 1990 ἑν
313 1964 379 1998 ἡμῖν
394 1964 585 1998 περιφάνειαν,
607 1964 665 1999 ἅμα
683 1964 711 1991 δὲ
733 1965 780 1991 καὶ
801 1965 851 1999 τὴν
868 1964 927 2000 βδε-

131 2008 220 2044 λυρὰν
235 2009 326 2036 αὐτῶν
336 2009 450 2044 τελετὴν
460 2009 700 2045 ὲκπληρὼσοντες,
719 2009 881 2045 ὃεξιωθῆναί
896 2019 926 2037 τε

132 2053 212 2089 παρὰ
230 2054 287 2080 τῶν
302 2054 472 2090 αὐτοχθόνων
486 2055 508 2071 ⁸⁸
522 2055 568 2082 καί
588 2063 661 2086 τινος
682 2057 773 2090 τυχεῖν
789 2055 843 2082 τῶν
859 2063 926 2091 προ-

133 2100 335 2135 ηγωνισμὲνων
346 2101 475 2133 ἀνέσεως.
490 2097 532 2129 οὗ
541 2101 573 2136 δὴ
588 2101 635 2128 καὶ
648 2101 712 2136 μίαν
724 2101 807 2137 ἄλλην
820 2101 927 2136 ἡμέραν

134 2146 401 2182 προοδιατρίψαντες
418 2146 512 2182 τομῶς
524 2147 708 2182 ὑπέστρεψαν,
719 2146 926 2178 ἐπισπεύδοντες

133 2192 168 2219 τὰ
185 2192 254 2227 πρὸς
268 2192 313 2219 τὸν
325 2192 420 2225 πλοῦν,
434 2191 581 2224 καλοῦντος
599 2193 699 2224 αὐτοὺς
712 2189 763 2228 ήδη
778 2192 825 2220 τοῦ
846 2191 928 2219 πνεύ-

135 2246 234 2273 ματος.
249 2238 319 2272 Ἤδη
340 2237 369 2264 δὲ
388 2238 438 2274 τῆς
454 2238 611 2273 δωδεκάτης
626 2238 734 2273 ἡμέρας
760 2238 926 2275 ἀρχομένης,

130 2284 206 2318 λέγω
220 2283 252 2319 δὴ
269 2283 318 2319 τῆς
343 2284 412 2320 πρὸς
437 2285 486 2319 τὴν
502 2285 615 2320 Κρήτην
630 2284 759 2320 ἀφίξεως,
776 2284 824 2311 τοῦ
846 2284 927 2316 πλοὸς

131 2329 328 2364 ἁπηρξάμεθα.
344 2329 528 2365 Μετήχοημεν
547 2330 576 2356 δὲ
595 2330 664 2365 πρὸς
676 2330 725 2365 τὴν
750 2329 864 2365 ἀντικρὺ
881 2329 927 2365 νῆ-
942 2346 964 2374 D

132 2384 192 2407 σον,
207 2376 269 2412 ήτις
283 2376 306 2392 ¹³
333 2376 393 2408 Διὸς
416 2377 558 2404 καλεῖται·
577 2376 624 2403 καὶ
648 2376 729 2403 πάλιν
752 2376 856 2403 ἐκεῖθεν
879 2377 925 2403 ἁν-

130 2423 264 2457 αχθέντες
280 2422 310 2448 ὲν
328 2422 367 2458 τῷ
378 2423 425 2458 τῆς
439 2423 522 2458 νήσου
539 2422 639 2458 πέρατι
663 2422 924 2458 προσωρμίσθημεν.

137 2470 184 2496 Ἐν
194 2465 217 2503 ᾧ
229 2469 276 2496 καὶ
285 2469 481 2504 ὑδρευσάμενοι
493 2470 540 2496 καὶ
554 2469 652 2505 μικρόν
664 2478 691 2496 τι
701 2469 739 2505 τῷ
752 2470 827 2505 τόπῳ
842 2478 926 2505 προσ-

131 2514 288 2550 μείναντες,
304 2515 342 2547 ὡς
356 2515 417 2542 κατ’
431 2515 515 2551 οὐρὰν
526 2513 594 2542 εἶδον
606 2515 737 2549 γεγονότα
752 2515 798 2542 τὸν
812 2516 923 2550 ἄνεμον,

131 2560 311 2588 ἀπέπλευσαν
328 2561 432 2588 ἐκεῖθεν
452 2561 530 2588 κατὰ.
546 2561 630 2596 μέσον
648 2560 787 2591 ἰθύναντες
802 2560 849 2587 τοῦ
877 2570 925 2588 πε-

131 2607 243 2642 λάγους.
257 2605 350 2640 Ἦμεν
375 2608 402 2634 δὲ
427 2608 540 2640 πάντες,
567 2607 605 2639 ὡς
622 2607 740 2642 εἴρηται,
768 2608 797 2633 ἐν
817 2608 865 2642 μιᾷ
882 2606 926 2642 νηῒ

138 2652 281 2687 Ῥωμαϊκῇ
297 2652 320 2669 ⁸⁸
335 2653 484 2688 πολεμικῇ,
500 2653 560 2687 ἥτις
587 2650 621 2688 ἦν
633 2652 740 2687 ὃιήρης,
755 2648 792 2679 ὧν
806 2651 856 2687 τὴν
876 2652 926 2687 μὲν

133 2698 191 2726 ἄνω
203 2699 339 2734 καθέδραν
354 2699 378 2725 οἱ
395 2699 522 2735 λαχόντες
540 2697 610 2726 εἶναι
626 2698 774 2734 μεθ’ήμῶν
789 2699 927 2735 Βάρὸαροι

134 2746 241 2778 ἑαυτοῖς
258 2744 462 2781 ἐκληρώσαντο,
475 2745 524 2780 τὴν
543 2745 620 2772 κάτω
641 2745 670 2772 δὲ
686 2746 753 2781 ἡμῖν
767 2745 924 2780 ὲπαφῆκαν,

135 2791 176 2828 [Ρ.
193 2791 258 2825 5ῖ91
277 2792 389 2823 σκότους
411 2791 509 2818 πολλοῦ
525 2791 572 2819 καὶ
594 2791 726 2823 δυσωδίας
747 2791 854 2826 πλήρη.
869 2791 926 2817 Καὶ

137 2837 161 2863 τί
187 2837 252 2864 ἄλλο
275 2845 306 2871 γε
323 2837 375 2874 χρὴ
400 2837 522 2872 λέγεινῆ
549 2837 634 2872 τάφον
656 2837 699 2872 ἐφ’
716 2837 794 2864 ὕδασι
810 2836 928 2872 φερόμε-

974 1044 1021 1071 tia.
1050 1043 1186 1072 Caeterum
1209 1049 1298 1072 mater
1321 1050 1351 1073 et
1370 1045 1470 1081 coniux
1491 1053 1553 1073 cum
1574 1045 1683 1073 duobus
1705 1045 1768 1073 ﬁliis

975 1091 1058 1126 (nam
1076 1091 1174 1119 tertius
1188 1091 1352 1119 demortuus
1373 1092 1400 1119 in
1421 1099 1496 1119 mare
1513 1092 1653 1128 projectus
1667 1092 1766 1125 fuerat)

973 1144 1082 1164 necnon
1107 1136 1191 1165 miser
1221 1145 1253 1165 ac
1273 1145 1448 1166 aerumnosus
1473 1139 1569 1171 frater,
1595 1142 1678 1173 atque
1709 1146 1768 1166 om-

974 1183 1056 1211 nibus
1080 1187 1160 1211 mtate
1182 1183 1278 1219 junior
1302 1191 1393 1217 soror,
1417 1184 1510 1212 divina
1531 1183 1649 1220 quadam
1674 1185 1767 1220 provi-

974 1228 1069 1256 dentia
1096 1228 1124 1256 in
1151 1237 1204 1256 una
1233 1229 1411 1257 Sidoni-arum
1438 1230 1550 1259 navium
1575 1230 1766 1263 servabantur,

975 1276 1002 1302 in
1027 1275 1133 1311 Syriam
1148 1276 1319 1311 asportandi.
1335 1276 1390 1304 Nos
1403 1283 1470 1304 vero
1485 1283 1595 1308 omnes,
1609 1284 1677 1311 quos
1692 1284 1767 1304 com-

975 1322 1122 1350 mutandos
1148 1323 1312 1355 servabant,
1341 1330 1404 1350 cum
1431 1322 1522 1350 adhuc
1554 1322 1671 1357 dispersi
1693 1330 1768 1350 esse-

973 1376 1046 1400 mus,
1056 1367 1217 1403 colligentes
1238 1367 1364 1400 Barbari,
1387 1367 1465 1403 591
1486 1371 1514 1395 et
1526 1367 1552 1394 in
1566 1367 1628 1394 navi
1640 1367 1738 1394 bellica
1752 1375 1768 1394 ι

975 1415 1069 1442 littore
1094 1414 1204 1447 avulsa,
1232 1414 1261 1441 in
1283 1421 1368 1441 unum
1391 1413 1603 1446 convehentes,
1622 1413 1768 1440 concluse-

975 1464 1048 1492 rant,
1063 1459 1227 1487 custodibus
1241 1468 1276 1488 ex
1290 1460 1360 1493 suis,
1376 1467 1469 1488 rerum
1487 1459 1658 1495 experientia
1669 1459 1768 1494 praedi-

976 1507 1022 1540 tis,
1035 1506 1116 1535 nobis
1129 1507 1298 1534 constitutis.

1012 1639 1057 1666 74.
1082 1639 1173 1674 Atque
1197 1638 1283 1666 altera
1311 1638 1403 1666 statim
1429 1637 1474 1665 die
1497 1640 1700 1673 navrgationem
1725 1644 1770 1664 ca-

978 1692 1090 1720 pessere
1109 1685 1244 1720 parabant
1259 1684 1357 1720 reique
1380 1684 1494 1711 instare.
1521 1683 1580 1711 Jam
1603 1682 1677 1710 enim
1699 1687 1770 1710 tem-

977 1738 1030 1766 pus
1051 1730 1168 1766 urgebat
1182 1730 1335 1758 deﬂectens
1353 1730 1387 1758 ad
1405 1730 1538 1762 hiberna,
1558 1736 1610 1757 nec
1632 1728 1771 1764 longiores

978 1776 1016 1804 ibi
1041 1784 1134 1804 moras
1156 1776 1267 1804 trahere
1291 1775 1410 1804 sinebat.
1431 1775 1566 1803 Navarchi
1587 1775 1678 1810 itaque
1692 1774 1771 1809 equis

977 1822 1146 1854 conscensis,
1166 1829 1237 1857 quos
1253 1821 1280 1848 in
1299 1826 1428 1856 promptu
1449 1820 1598 1851 habebant,
1618 1828 1670 1847 una
1687 1820 1770 1848 etiam

977 1867 1109 1902 adjuncto
1125 1871 1259 1899 tyranno,
1277 1866 1374 1893 urbem
1397 1870 1506 1901 petunt,
1525 1870 1582 1892 tum
1604 1870 1635 1893 ut
1655 1865 1770 1893 Creten-

978 1914 1056 1941 sibus
1083 1913 1216 1949 praeelara
1246 1912 1381 1941 adversus
1401 1919 1453 1939 nos
1481 1911 1602 1940 facinora
1628 1918 1771 1938 commou-

977 1964 1115 1991 strarent,
1144 1963 1202 1987 tum
1228 1963 1257 1986 ut
1282 1957 1482 1985 abominandas
1510 1965 1574 1985 suas
1599 1957 1772 1984 caerimonias

977 2006 1135 2041 explerent,
1164 2004 1368 2039 humaniusque
1393 2004 1427 2032 ab
1441 2003 1587 2039 oppidanis
1611 2003 1771 2038 acciperen-

979 2056 1034 2085 tur,
1056 2055 1140 2087 atque
1161 2059 1177 2078 a
1193 2050 1347 2083 laboribus,
1368 2057 1438 2086 quos
1459 2049 1641 2085 pertulerant,
1666 2048 1773 2077 animos

978 2098 1105 2126 nonnihil
1139 2098 1309 2133 relaxarent,
1345 2097 1385 2125 lbi
1410 2097 1528 2124 alterum
1556 2102 1666 2132 quoque
1698 2095 1772 2123 diem

978 2145 1143 2173 commorati
1174 2144 1274 2172 festine
1298 2147 1487 2175 revertuntur,
1512 2141 1689 2177 secundoque
1716 2142 1772 2177 jam

977 2196 1061 2220 vento
1092 2191 1297 2227 navigationem
1332 2190 1493 2218 sollicitant.
1516 2189 1631 2224 Jamque
1665 2188 1773 2216 duode-

978 2238 1068 2270 cimo,
1092 2245 1108 2264 a
1134 2241 1230 2265 nostro
1258 2236 1366 2264 scilicet
1391 2235 1419 2263 in
1442 2234 1552 2263 Cretam
1576 2234 1710 2270 appulsu,
1738 2234 1773 2262 il-

978 2283 1136 2311 lucescente
1158 2282 1203 2310 die
1227 2290 1243 2309 e
1268 2287 1350 2317 portu
1375 2281 1525 2315 solvimus,
1557 2280 1641 2316 inque
1673 2280 1773 2308 adver-

979 2336 1036 2356 sam
1066 2329 1203 2361 iusulam,
1227 2335 1310 2363 quam
1332 2327 1410 2355 Jovis
1431 2327 1544 2361 dicunt,
1569 2327 1641 2355 vecti
1667 2334 1773 2354 sumus.

978 2375 1045 2403 [nde
1066 2383 1162 2403 rursus
1187 2374 1316 2410 proiecti,
1339 2373 1373 2401 ad
1397 2373 1494 2401 insula:
1523 2376 1675 2401 extremam
1696 2380 1774 2400 oram

977 2421 1157 2457 applicantes,
1186 2423 1317 2456 aquatum
1343 2419 1557 2451 ascendimus;
1583 2419 1678 2454 ibique
1696 2425 1774 2445 mora

977 2467 1067 2502 aliqua
1089 2466 1172 2499 facta,
1190 2471 1221 2493 ut
1245 2474 1260 2493 a
1283 2465 1369 2501 puppi
1393 2465 1460 2493 ﬂare
1483 2467 1596 2492 ventum
1617 2463 1772 2494 advertere.

976 2521 1027 2548 per
1053 2512 1175 2540 medium
1197 2519 1273 2539 mare
1290 2519 1373 2539 cursu
1403 2511 1510 2538 directo
1534 2509 1680 2538 recedunt.
1704 2509 1773 2537 Era-

976 2567 1039 2587 mus
1060 2566 1166 2591 omnes,
1187 2563 1217 2586 ut
1239 2558 1344 2586 dictum
1364 2562 1417 2591 est,
1441 2557 1471 2585 in
1492 2565 1546 2585 una
1568 2556 1691 2584 Romana
1715 2556 1774 2584 bel-

976 2606 1030 2634 lica
1058 2605 1177 2633 biremi:
1197 2604 1271 2633 illius
1296 2604 1455 2640 superiores
1477 2603 1558 2632 sedes
1587 2603 1700 2631 Barbari
1724 2611 1775 2630 no-

978 2652 1085 2679 hiscum
1119 2651 1280 2687 navigantes
1318 2650 1372 2678 sibi
1412 2650 1591 2687 delegerant,
1630 2649 1775 2677 inferiores

977 2703 1005 2725 et
1046 2705 1133 2733 prope
1179 2697 1301 2725 carinam
1339 2697 1421 2725 nobis
1459 2697 1650 2732 reliquerant,
1698 2700 1775 2724 tene-

980 2743 1038 2771 bris
1079 2744 1185 2771 obsitas
1230 2742 1310 2778 592
1350 2747 1379 2770 et
1416 2743 1610 2779 graveolentiie
1653 2742 1773 2777 plenas;

982 2798 1034 2818 nec
1070 2790 1170 2825 aptiori
1199 2789 1334 2817 vocabulo
1360 2789 1546 2825 expresseris,
1575 2796 1656 2823 quam
1680 2787 1702 2815 si
1728 2796 1773 2816 se-

982 2837 1109 2872 pulcrum
1153 2844 1237 2872 super
1291 2843 1399 2872 aquas,
1424 2835 1568 2863 ambulans
1619 2835 1774 2870 appellave-

776 2888 892 2935 νᾸιιιΑς
914 2905 1119 2935 LECTIONES.

174 2983 195 2997 "
213 2981 412 3009 πολυπλασίονα
432 2981 465 3015 Α,
484 2981 719 3009 πολυαπλανσίονα
734 2981 769 3009 Ρ..

813 2981 833 3000 ⁶¹
853 2981 923 3009 κατὰ
937 2979 967 3008 Ρ.

1019 2980 1041 2996 ⁶¹
1058 2979 1240 3016 αὑτοχθονιων
1259 2980 1292 3008 Α.
1333 2981 1355 2997 ⁶¹
1371 2979 1388 3015 ἢ
1406 2979 1452 3008 τοῦ
1466 2979 1497 3008 ιι.
1537 2980 1559 2996 ⁸⁵
1581 2979 1705 3014 Ῥωμαία
1720 2979 1755 3006 Α.
