1999 3165
107 245 161 276 633

647 253 698 284 DE
718 254 874 286 EXCIDIO
886 256 1194 288 THESSALONlC/E.

1686 264 1739 299 634

106 301 144 336 τῷ
162 301 225 336 μηδ’
249 302 319 335 ὅλως
344 304 488 338 φαίνεσθαι
506 306 651 341 προσέχειν
667 309 724 339 τοῖς
744 309 790 335 ὑπ’
808 310 878 336 αὺτιῖ

930 311 1026 342 ibant.
1050 312 1125 339 nulla
1148 321 1244 340 eorum
1268 315 1315 349 qui
1343 319 1418 343 retro
1440 323 1534 346 essent
1560 319 1667 348 ratione
1693 322 1740 350 ha-

106 349 356 382 προσταττομένοις
376 350 409 382 ⁷⁸,
429 350 499 386 τάχα
516 351 545 377 δὲ
567 351 649 378 τοῦτο
672 352 754 380 πλέον
769 353 821 381 ὑπὸ
845 355 895 390 τῆς

105 392 212 426 ἀφάτου
228 395 292 429 περὶ
302 396 376 430 ἡμᾶς
390 397 553 432 κηδεμονίας
565 398 612 426 τοῦ
626 398 694 426 Θεοῦ
711 399 893 435 διδαχθέντες,

105 438 211 474 εἴχοντο
222 440 270 466 τοῦ
283 441 374 474 πλοὸς,
391 443 493 477 μηδένα
507 443 586 479 λόγον
601 445 656 471 τῶν
670 446 786 473 κατόπιν
802 447 894 474 ποιού-

105 494 193 520 μενοι.
209 487 279 515 ἀλλὰ
304 490 379 525 πάσῃ
400 491 500 527 σπουδῇ
526 492 575 527 τὴν
589 492 680 520 αὐτῶν
715 502 745 521 τε
780 495 826 522 καὶ
849 496 928 531 ἡμῶν

102 533 178 561 δωνι.

137 579 192 613 ος’.
215 581 259 612 Ὠς
273 581 302 608 δὲ
317 583 426 618 μακρὰν
437 584 610 616 ἀποστάντας
626 585 696 613 εῐδον
705 588 780 622 ἡμᾶς
793 589 892 615 ὲκεῖνοι

101 629 149 656 καὶ
167 629 208 660 είς
224 629 301 656 οὐδὲν
311 631 361 665 τὴν
377 631 476 666 σκῆψιν
488 633 509 649 ⁷³
526 633 678 668 χωροῦσαν,
698 636 850 671 συνείχοντο
863 637 892 664 δὲ

101 674 303 706 κινδυνεύοντες
332 677 388 707 τοῖς
406 676 484 703 ὕδασι
510 677 560 712 τῆς
586 679 649 713 νηὸς
673 680 889 716 καταδυομένης,

98 719 185 755 ἀλλην
197 720 257 759 τινὰ
276 720 368 755 δέησιν
379 722 418 757 τῷ
429 723 555 758 τυράννῳ
569 725 720 759 προσῆγον,
731 726 823 753 λαϐεῖν
842 728 891 762 μὲν

98 766 200 797 αὐτοὺς
210 768 249 797 είς
259 767 315 802 ’τὴν
334 767 403 794 ίδίαν
415 769 490 801 ναῦν,
502 770 583 797 ἐᾶσαι
596 771 623 797 δί
635 772 700 803 τοὺς
716 773 775 807 μετ’
788 774 888 807 αὐτῶν,

99 811 162 846 μεθ’
172 808 210 838 ὧν
225 813 390 849 ἐπεφέροντο
406 815 522 848 σκύλων,
538 818 570 852 τῇ
587 817 708 854 θαλάσσῃ
722 819 844 854 δοθῆναι.
859 820 888 848 ’0

96 856 126 884 δὲ
141 857 211 891 πρὸς
221 857 301 884 τοῦτο
316 858 396 886 πάλιν
409 857 444 895 ἦν
458 860 600 896 εὐπειθὴς,
613 862 714 897 καίπερ
729 863 777 889 τοῦ
788 864 887 899 καιροῦ

98 904 136 938 μὴ
154 905 446 940 ωγχωροῠντος,ἀλλά
459 907 509 943 τὴν
523 908 633 935 πάντων
653 910 808 943 ἀπόγνωσιν
823 912 885 939 ἑπι-

97 949 246 982 τείνοντος,
272 952 317 979 καὶ
341 951 395 979 τῶν
411 953 561 988 ἀγωγίμων
582 955 628 981 τοῦ
659 955 755 991 πρώην
785 958 885 992 φόρτου
903 954 924 981 Β

96 994 223 1030 αὐτάρκη
238 996 287 1030 τῆς
299 997 361 1029 νηὸς
372 997 456 1024 αὐτοῦ
469 998 518 1032 τὴν
531 999 626 1034 χρείαν
640 1001 882 1036 ἀποπληροῦν-των.

96 1041 170 1076 Πλὴν
182 1042 232 1067 οὐκ
246 1041 319 1074 ἔδοξε
332 1042 410 1070 τοῦτο
423 1045 562 1080 συμφέρον
573 1045 654 1078 εἶναι,
668 1047 722 1074 τῶν
734 1047 884 1084 Βαρϐάρων

95 1088 306 1123 περισωθέντων
322 1090 385 1121 τοὺς
399 1090 590 1125 αἰχμαλώτους
609 1093 769 1121 καταλιπεῖν
782 1095 821 1130 τῷ
836 1095 884 1122 θα-

93 1133 200 1169 λασσίῳ
217 1134 301 1170 βυθῷ,
324 1136 392 1163 ἀλλά
406 1145 432 1163 τι
453 1138 534 1172 δῆθεν
556 1139 648 1172 ὲλέους
671 1141 800 1175 ἐχόμενον
821 1143 884 1170 καθ’

94 1178 194 1205 ἑαυτὸν
210 1179 436 1216 βουλευσάμενος,
451 1183 523 1218 τάχα
548 1185 582 1219 τῇ
601 1186 684 1221 μανίᾳ
704 1186 755 1222 τῆς
784 1188 883 1225 φιλαρ-

92 1224 195 1259 rupta;
207 1226 249 1256 είς
263 1226 343 1255 τοῦτο
359 1228 524 1261 συνελαθεὶς,
540 1230 600 1265 οὐχὶ
616 1231 645 1258 δὲ
661 1233 818 1270 συμπαθείᾳ
828 1224 882 1262 τινὶ

93 1271 157 1305 περὶ
175 1271 225 1306 τῆς
243 1273 335 1301 αὐτῶν
349 1274 488 1306 ἀπωλείας
505 1275 675 1311 δυσωπηθεὶς
691 1279 762 1313 (πῶς
777 1280 831 1315 γὰρ
851 1281 881 1313 ὃς

91 1317 221 1350 ὲςξαίνετο
236 1319 334 1354 πρώην
348 1321 404 1351 τοῖς
416 1321 518 1353 ἀδίκοις
529 1323 621 1356 φόνοις
649 1326 786 1361 τρυφῶνς)
805 1327 880 1362 ὅμως

90 1363 137 1388 καὶ
148 1363 248 1394 αὐτοὺς
261 1365 424 1399 μετενέγκαι
436 1367 483 1393 σὺν
492 1368 548 1399 τοῖς
557 1368 711 1404 Βαρϐάροις
721 1371 878 1404 ἐπέταττεν,

89 1407 122 1431 ἶν’
140 1406 199 1442 ἔχοι
215 1408 266 1435 κάν
281 1409 387 1442 τούτοις
396 1411 540 1447 ἁδρότερον
550 1414 662 1448 ποιῆσαι
675 1416 706 1442 τὸ
715 1417 766 1451 τῆς
779 1417 878 1445 πλεον-

89 1452 165 1484 εξίας
199 1453 342 1488 βαλάντιον
382 1457 428 1484 καὶ
455 1458 505 1492 τὴν
535 1459 698 1496 φιλόχρυσον
723 1463 878 1499 ἀναπλῆσαι

89 1499 204 1533 λύσσαν,
217 1501 270 1528 κᾶν
284 1502 354 1536 τάχα
367 1504 495 1539 φορτικὸν
511 1502 546 1540 ἦν
560 1507 608 1533 καὶ
620 1507 725 1542 τόλμης
738 1509 836 1543 ἀλόγου
848 1511 878 1538 τὺ

86 1546 254 1581 ἐγχείρημα.
269 1547 382 1575 Πάντων
395 1549 423 1576 δὲ
434 1550 504 1577 κατὰ
515 1550 564 1586 τὴν
580 1553 668 1579 αὑτοῦ
674 1554 741 1581 ναῦν
754 1554 784 1581 τὸ
796 1557 877 1591 τάχος

86 1592 319 1626 μετενεχθέντων,
336 1593 380 1620 ἔδυ
392 1595 482 1631 ἐκείνη
496 1599 552 1629 τοῖς
563 1598 642 1625 ὕδασι
652 1599 806 1634 βλεπόντων
821 1604 876 1632 τῶν

84 1636 241 1673 Βαρϐάρων
255 1640 302 1666 καὶ
315 1640 404 1668 αὐτῶν
416 1641 446 1669 δὲ
464 1643 519 1669 τῶν
533 1647 696 1680 στρατηγῶν
712 1649 740 1675 ἐν
757 1650 826 1685 αὐτῇ
843 1653 876 1687 τῇ

83 1683 131 1717 νηῒ
148 1683 197 1709 τοῦ
217 1685 350 1720 τυράννου
366 1686 577 1724 φυλαττομένων
591 1691 701 1724 αὐτοῖς’
716 1695 815 1728 οἵτινες
831 1698 877 1724 καὶ

82 1730 154 1763 ἡμῖν
164 1731 199 1755 ὲν
209 1731 314 1766 ὑστέρῳ
324 1732 411 1759 ταῦτα
422 1733 599 1769 διηγήσαντο,
611 1737 642 1763 τὸ
655 1741 876 1770 παντεπίσκοπον

83 1776 132 1801 καὶ
149 1774 341 1811 φιλάνθρωπον
370 1778 589 1815 ἐκπληττόμενοι
611 1784 661 1818 τῆς
690 1785 785 1821 θεῑκῆς
809 1796 876 1823 προ-

81 1821 169 1852 νοίας.
188 1821 281 1856 [Ιολλῷ
298 1823 351 1858 γάρ
373 1824 459 1851 πλείω
473 1825 528 1853 τῶν
541 1827 564 1843 ⁷³
578 1827 672 1862 χιλίων
694 1829 789 1866 ψυχῶν
810 1821 876 1867 liga-

82 1875 150 1892 σχον
164 1865 235 1894 εἷναι
251 1869 322 1895 κατά
333 1870 382 1905 τὴν
395 1871 461 1898 ναῦν
477 1872 595 1908 εκείνην,
609 1874 640 1901 ἐκ
655 1883 684 1902 τε
699 1877 754 1904 τῶν
766 1865 875 1913 Βαρϐά-

81 1921 139 1946 ρων
152 1912 200 1940 καὶ
216 1914 270 1940 τῶν
282 1916 464 1951 αἰχμαλώτων
475 1919 532 1946 τῶν
546 1921 575 1947 ὲν
589 1923 622 1956 τῇ
635 1922 730 1958 Κρήτῃ
749 1924 810 1950 κατ’
822 1926 873 1952 αὑ-

77 1960 129 1992 τὴν
155 1959 366 1995 εἰσενεχθέντων
381 1963 429 1990 καὶ
444 1964 500 1990 τῶν
522 1965 555 1992 ἐκ
573 1966 623 2000 τῆς
638 1968 767 2004 ρηθείσης
790 1978 874 2004 προσ-

76 2004 217 2030 τεθέντων
239 2006 339 2039 αίτίας,
356 2007 394 2039 ὡς
410 2009 539 2037 τοσοῦτον
560 2011 675 2047 ἀπέχειν
691 2013 873 2051 βαπτισθῆναι

75 2048 128 2083 τὴν
147 2049 250 2076 ὁλκάδα
278 2051 340 2078 ὅσον
357 2055 420 2088 μιᾶς
439 2055 590 2092 παλαιστῆς
610 2059 641 2084 τὸ
661 2059 761 2095 μέτρον
787 2048 870 2089 ἐστίν.

76 2095 116 2121 Οὐ
135 2096 313 2131 συνεχώρησε
328 2098 356 2124 δὲ
371 2100 449 2127 τοῦτο
463 2102 477 2128 ὁ
496 2102 552 2129 τῶν
565 2104 676 2138 ἀφανῶν
692 2105 814 2141 γνώστης
825 2108 871 2135 καὶ

73 2141 133 2188 τιῦν
157 2142 283 2177 κρυφίων
309 2144 455 2182 ἐξεταστὴς
475 2148 588 2183 Κύριος,
606 2149 648 2186 [Ρ.
670 2151 734 2188 581]
750 2152 807 2180 ἀλλ’
833 2153 872 2186 ὡς

72 2185 130 2213 εἶδε
147 2188 198 2220 τὰς
218 2190 332 2224 καρδίας
347 2192 473 2219 ἁπάντων
488 2195 579 2229 πάσης
595 2185 644 2230 μὲν
654 2185 776 2232 χρηστῆς
791 2185 870 2226 ἀπειέ

70 2232 184 2264 παύσας
200 2233 318 2267 ἐλπίδος.
332 2237 406 2272 αὐτῷ
418 2238 445 2265 δὲ
460 2240 533 2275 μόνῳ
546 2242 595 2276 τὴν
610 2243 766 2278 ἀμηχανίαν
778 2247 870 2280 ἐμφα-

948 357 1024 390 bita,
1051 358 1099 385 sed
1122 362 1153 386 ut
1175 360 1252 387 omni
1276 361 1418 397 diligentia
1445 369 1528 400 atque
1553 373 1637 400 opera
1662 375 1740 396 suam

946 404 1051 439 pariter
1071 410 1260 441 nostramque,
1279 407 1306 435 in
1325 412 1380 436 tam
1400 409 1460 437 dira
1485 411 1651 448 immanique
1673 421 1740 449 pro-

947 449 1028 482 cella,
1043 455 1196 480 statuerent
1210 453 1338 482 salutem.

957 499 1095 534 σωτηρίαν
1119 500 1150 527 ὲν
1175 499 1247 528 οὕτω
1279 502 1423 540 βιαιοτάτῳ
1454 505 1645 543 μηχανώμενοι
1673 508 1739 535 κλύ-

981 591 1025 619 78.
1051 592 1103 620 Ubi
1120 601 1204 628 porro
1221 602 1272 623 nos
1290 596 1370 631 longe
1393 596 1526 626 distantes
1549 600 1734 635 conspiciunt,

945 645 1049 673 suaque
1072 639 1189 674 cogitata
1210 640 1238 668 in
1262 641 1379 669 nihilum
1400 643 1499 672 cedere
1519 644 1676 679 advertunt,
1693 652 1735 677 at-

927 680 997 719 que
1019 685 1082 712 navi
1103 693 1188 721 prope
1209 689 1357 722 mergenda
1380 689 1407 716 in
1433 696 1650 725 pra-sentaneum
1673 693 1736 721 vitze

944 729 1094 757 discrimen
1118 738 1147 758 se
1170 732 1304 760 adductos
1328 740 1462 768 cernunt;
1493 736 1568 764 aliud
1594 738 1735 774 quidpiam

943 782 958 801 a
988 779 1102 810 tyranno
1133 776 1298 812 efﬂagitant,
1330 784 1361 806 ut
1393 781 1498 809 scilicet
1534 782 1561 809 in
1594 784 1732 818 propriam

942 821 1032 848 navim
1058 822 1124 857 ipsis
1151 825 1286 858 receptis,
1310 834 1358 853 eos
1382 827 1429 861 qui
1461 835 1522 854 cum
1547 829 1613 863 ipsis
1637 834 1733 864 erant,

940 867 1116 902 praedamque
1142 869 1297 897 universam
1319 873 1389 898 mari
1415 874 1605 902 concrederet.
1627 875 1734 909 Quibus

939 914 984 942 ille
1005 924 1102 944 rursus
1124 917 1246 944 animum
1266 917 1354 945 facilis
1378 919 1501 952 adhibet.
1525 921 1591 948 licet
1614 922 1641 949 id
1665 927 1733 951 tem-

937 970 989 998 pns
1015 970 1069 990 non
1099 964 1285 998 permitteret,
1319 965 1366 992 sed
1399 966 1522 992 omnium
1555 962 1640 1003 magis
1672 977 1731 996 ma-

938 1011 1033 1046 gisque
1059 1010 1278 1045 desperationem
1305 1017 1432 1047 augeret,
1454 1014 1596 1050 prioriquc
1619 1020 1731 1043 vectura

937 1064 969 1083 ac
1003 1063 1088 1084 onere
1118 1057 1177 1091 ejus
1208 1057 1319 1085 abunde
1348 1058 1427 1085 navis
1460 1061 1613 1095 constipata
1645 1067 1729 1089 esset.

937 1103 1016 1130 Haud
1043 1103 1184 1130 enimvero
1210 1111 1225 1130 e
1254 1110 1283 1130 re
1309 1104 1376 1131 satis
1400 1104 1439 1131 illi
1460 1105 1549 1132 visum
1575 1111 1605 1137 ut
1627 1106 1730 1134 Barba-

936 1149 975 1176 ris
996 1148 1111 1176 servatis
1131 1149 1254 1184 captivos
1277 1150 1362 1177 maris
1382 1151 1481 1186 gurgiti
1509 1152 1660 1183 sorbendos
1682 1153 1729 1180 de-

936 1199 1051 1222 sereret.
1083 1194 1153 1228 Quin
1180 1195 1236 1223 imo
1258 1203 1351 1223 secum
1374 1197 1433 1231 ipse
1453 1197 1641 1225 misericordia
1665 1207 1729 1233 pro-

935 1248 1001 1267 num
1027 1240 1172 1267 consilium
1195 1240 1317 1276 agitans.
1339 1246 1366 1269 et
1400 1242 1470 1269 forte
1495 1243 1617 1270 avaritiae
1635 1243 1728 1271 furore

934 1285 1070 1318 concitus,
1090 1293 1145 1312 non
1167 1285 1220 1313 ulla
1241 1290 1398 1313 nostrorum
1415 1287 1544 1314 interitus
1565 1292 1655 1315 tactus
1674 1289 1726 1315 mi-

933 1331 1081 1363 seratione.
1094 1331 1253 1365 (quomodo
1272 1331 1361 1363 enim,
1382 1332 1429 1367 qui
1449 1339 1538 1367 nuper
1559 1333 1599 1359 sic
1618 1331 1728 1368 lnjustis

933 1377 1054 1404 caedibus
1081 1377 1243 1412 gaudentem
1260 1377 1339 1415 595
1359 1378 1554 1413 prodiderat?)
1578 1378 1638 1406 illos
1655 1386 1725 1413 quo-

932 1432 986 1459 que
1015 1424 1193 1451 nihilominus
1218 1432 1280 1451 cum
1303 1424 1430 1451 Barbaris
1458 1424 1550 1451 invehi
1574 1425 1668 1458 jubet,
1694 1428 1726 1451 ut

931 1470 996 1497 hinc
1019 1477 1128 1504 quoque
1150 1473 1320 1496 nummatum
1341 1469 1509 1503 marsupium
1535 1469 1643 1496 auctius
1660 1469 1719 1496 reri-

931 1515 1010 1543 deret
1037 1515 1152 1549 aurique
1172 1514 1281 1542 avidam
1305 1514 1410 1541 rabiem
1431 1514 1589 1545 exsatiaret.
1611 1514 1721 1542 tametsi

931 1560 1049 1588 fortasse
1077 1560 1105 1586 id
1136 1567 1218 1595 grave
1246 1559 1437 1594 dementisque
1466 1559 1587 1587 audacia:
1617 1560 1723 1587 facinus

930 1609 1011 1633 esset.
1043 1605 1178 1633 Omnibus
1202 1608 1292 1632 autem
1320 1605 1347 1632 in
1375 1606 1435 1640 ejus
1461 1605 1552 1632 navim
1579 1605 1723 1633 celerrime

929 1652 1054 1685 invectis,
1068 1652 1121 1680 alia
1137 1652 1171 1679 ab
1189 1652 1267 1687 aquis
1283 1652 1361 1680 navis
1375 1652 1502 1689 absorpta
1520 1657 1572 1685 est,
1589 1652 1720 1680 Barbaris

927 1696 1113 1729 intuentibus,
1143 1697 1264 1732 ipsisque
1293 1697 1438 1725 navarehis
1464 1698 1491 1724 in
1521 1698 1580 1733 ipsa
1607 1699 1715 1734 tyranni

926 1746 988 1773 navi
1017 1746 1144 1778 servatis.
1166 1746 1213 1780 qui
1237 1750 1265 1773 et
1291 1750 1396 1781 postea,
1416 1746 1515 1773 divina:
1537 1746 1718 1781 providentia:

925 1792 981 1818 vim
994 1792 1118 1819 omnium
1141 1791 1333 1826 inspeclricem
1349 1797 1378 1820 et
1397 1792 1595 1819 humanitatem
1619 1800 1651 1820 ac
1661 1793 1719 1820 cle-

925 1835 1056 1862 mentiam
1085 1836 1246 1870 stupentes,
1274 1836 1334 1864 haec
1360 1836 1419 1871 ipsa
1448 1836 1529 1864 nobis
1556 1843 1717 1865 narravere.

926 1880 997 1907 Mille
1017 1881 1090 1908 enim
1119 1881 1238 1916 amplius
1263 1882 1369 1909 animas
1394 1882 1524 1910 dicebant
1551 1883 1578 1910 in
1606 1891 1638 1910 ea
1665 1892 1719 1911 nu-

924 1926 1023 1954 merari
1049 1934 1135 1960 nave,
1164 1931 1222 1954 tum
1249 1927 1433 1956 Barbarorum
1463 1933 1520 1956 tum
1546 1929 1717 1964 captivorum

924 1973 996 2008 apud
1011 1972 1121 2000 Cretam
1142 1972 1169 1999 in
1185 1979 1246 2000 eam
1261 1973 1447 2004 invectarum,
1468 1982 1499 2001 ac
1517 1979 1656 2009 postremo
1671 1983 1719 2002 eo-

925 2025 986 2044 rum
1008 2017 1056 2052 qui
1083 2024 1132 2052 per
1151 2024 1211 2044 eam
1236 2025 1347 2044 causam
1374 2018 1413 2045 illi
1432 2023 1557 2046 vectores
1583 2020 1716 2047 accessis-

923 2067 1001 2094 sent,
1032 2066 1061 2089 ut
1083 2061 1166 2089 unius
1195 2062 1328 2090 duntaxat
1354 2063 1439 2098 palmi
1467 2071 1596 2091 mensura
1623 2070 1715 2092 exsta-

922 2112 979 2140 ret,
1007 2115 1040 2134 ac
1065 2114 1100 2134 ne
1124 2107 1203 2141 aquis
1221 2112 1393 2142 mergeretur
1420 2109 1538 2136 abesset.
1569 2109 1647 2142 Quod
1671 2114 1714 2136 ta-

922 2160 985 2180 men
1007 2159 1064 2179 non
1082 2152 1209 2186 permisit
1230 2153 1403 2181 occultorum
1422 2154 1548 2189 cognitor
1569 2155 1713 2189 Dominus,

921 2203 949 2226 et
979 2198 1028 2233 qui
1055 2198 1216 2226 abscondita
1245 2203 1395 2228 scrutatur.
1427 2200 1481 2228 Sed
1507 2201 1555 2228 ubi
1590 2202 1713 2230 omnium

921 2244 1004 2271 corda
1030 2243 1116 2276 vidit,
1141 2244 1216 2271 omni
1242 2245 1298 2280 jam
1322 2245 1456 2274 felicioris
1480 2247 1571 2275 exitus
1595 2255 1642 2283 spe
1667 2247 1715 2276 de-

69 2278 207 2310 νιςούσας
224 2280 262 2315 τῷ
284 2281 372 2309 πάντα
395 2284 538 2321 δυναμένῳ
564 2288 638 2323 μόνῳ
658 2289 697 2325 τῷ
713 2278 866 2325 βούλεσθαι,

930 2289 1019 2321 )osita.
1037 2288 1090 2324 ipsi
1111 2289 1171 2321 uni.
1196 2289 1225 2316 in
1247 2297 1303 2324 quo
1320 2291 1512 2323 versabantur.
1538 2293 1714 2321 manifestare

67 2325 229 2360 ἐπέϐλεψεν
256 2328 300 2354 ἐπ’
323 2329 431 2362 αὐτοὺς,
452 2332 499 2358 καὶ
527 2334 567 2365 είς
593 2335 685 2369 πράαν
705 2337 755 2372 μὲν
779 2338 866 2373 αὔραν

65 2371 122 2404 τὴν
151 2373 312 2407 καταιγίδα,
338 2376 379 2406 εις
395 2377 515 2414 γαλήνην
543 2379 571 2406 δὲ
586 2380 635 2416 τὴν
659 2382 713 2409 τῶν
736 2371 866 2419 κυμάτων

66 2418 285 2453 καταστορέσας
302 2421 476 2457 τραχύτητα,
497 2424 598 2452 ἔσωσεν
620 2427 720 2460 αὐτοὺς
744 2430 776 2455 ἐκ
800 2439 864 2457 τοσ-

63 2463 154 2489 ούτου
167 2464 304 2498 κινδύνου,
317 2468 400 2495 πᾶσιν
413 2470 564 2504 ἐμφαίνων,
573 2473 619 2498 καὶ
633 2473 712 2507 μόνον
723 2475 782 2510 οὐχὶ
799 2476 864 2511 βοᾷν

62 2509 208 2537 δεικνύων
218 2511 252 2538 τὰ
267 2513 428 2548 πράγματα,
444 2516 518 2547 ὅπως
533 2517 645 2552 ῥύεσθαι
660 2519 770 2548 δύναται
780 2522 794 2548 ὁ
809 2523 864 2549 τῶν

63 2556 237 2590 θαυμασίων
259 2558 325 2590 Θεὸς
341 2561 403 2592 τοὺς
431 2561 461 2588 ὲν
487 2562 602 2598 ἀληθείᾳ
630 2564 678 2591 καὶ
708 2566 784 2602 φόϐῳ
803 2569 863 2595 ὲπι-

62 2601 260 2637 καλουμένους
276 2604 369 2632 αὐτόν.

104 2691 156 2723 οξ.
175 2692 246 2728 Ἤδη
262 2693 291 2720 δὲ
323 2695 393 2729 μετά
418 2697 547 2733 πέμπτην
577 2699 625 2726 τοῦ
650 2701 730 2733 πλοὸς
752 2703 860 2738 ἡμέραν

57 2738 236 2773 κατήραμεν
256 2740 282 2765 ὲν
297 2740 333 2784 ’τῇ
349 2741 423 2777 νήσῳ
439 2743 488 2778 τῆς
501 2744 614 2780 Κύπρου
628 2747 700 2773 κατὰ
716 2750 762 2775 τδν
775 2749 860 2784 ὅρμον

54 2782 120 2815 τῆς
136 2783 243 2816 Πάφου,
258 2785 287 2811 ἐν
303 2781 326 2819 ᾧ
339 2787 387 2812 καὶ
410 2788 549 2821 ἀνεθέντες
572 2791 669 2826 μικρὸν
686 2793 724 2823 ὡς
739 2781 858 2825 ἐξελθεῖν

54 2828 134 2859 τοὺς
146 2828 305 2864 Βαρϐἁρους
322 2833 369 2860 καὶ
385 2834 438 2865 τοῖς
453 2837 665 2871 παρακειμένοις
693 2837 771 2866 ὕδασι
795 2839 858 2868 λού-

56 2872 183 2907 σασθαι,
209 2876 290 2903 πάλιν
315 2878 420 2906 ἐκεῖθεν
447 2881 609 2915 ἀναχθέντες
635 2884 704 2918 μετά
724 2893 755 2919 γε
776 2888 856 2922 νυχθ-

919 2333 1027 2361 consilii
1051 2333 1183 2368 inopiam.
1209 2334 1257 2369 qui
1271 2335 1401 2363 videlicet
1424 2337 1481 2363 sola
1498 2338 1639 2364 voluntate
1660 2338 1714 2365 sal-

919 2388 966 2408 vas
993 2384 1083 2415 potest
1108 2385 1256 2415 praestare,
1288 2382 1316 2409 in
1345 2382 1407 2410 illos
1434 2385 1529 2411 oculos
1555 2385 1710 2417 convertit.

918 2434 951 2453 ac
976 2427 1125 2460 procellam
1153 2427 1266 2461 quidem
1294 2428 1322 2455 in
1353 2436 1448 2456 auram
1472 2430 1580 2462 lenem,
1610 2430 1711 2458 fluctus

918 2480 983 2500 vero
1008 2477 1184 2507 exasperatos
1210 2473 1237 2500 in
1266 2475 1446 2509 tranquillum
1470 2483 1545 2503 mare
1570 2480 1708 2508 sternens,

918 2525 933 2543 a
964 2521 1039 2545 tanto
1068 2517 1131 2545 illos
1156 2518 1282 2553 periculo
1313 2520 1456 2552 liberavit.
1487 2522 1595 2548 cunctis
1624 2521 1708 2548 nimi-

917 2571 977 2590 rum
998 2563 1135 2598 prodens.
1152 2564 1254 2599 vixque
1271 2573 1315 2593 res
1333 2573 1390 2593 non
1405 2567 1522 2594 clamare
1541 2567 1707 2600 ostendens,

915 2615 994 2642 posse
1012 2608 1094 2644 596
1111 2610 1280 2638 mirabilium
1303 2611 1389 2639 Deum
1409 2612 1529 2641 liberare
1549 2621 1598 2642 eos
1611 2613 1660 2648 qui
1679 2613 1706 2641 in

914 2654 1031 2682 veritate
1045 2659 1127 2689 atque
1143 2655 1240 2684 timore
1255 2657 1345 2691 ipsum
1360 2657 1499 2685 invocant.

949 2708 993 2737 77.
1008 2710 1073 2737 Post
1094 2711 1223 2745 quintum
1248 2712 1434 2748 navigationis
1459 2714 1532 2742 diem
1563 2714 1590 2741 in
1615 2714 1704 2741 insula

913 2754 1003 2790 Cypro
1032 2756 1118 2792 Paphi
1147 2763 1261 2793 portum
1296 2759 1478 2791 intravimus:
1505 2761 1704 2796 paululumque

913 2807 1080 2834 recreemur,
1096 2802 1161 2830 dum
1176 2803 1291 2831 Barbari
1316 2797 1435 2833 navibus
1452 2804 1584 2833 exeuntes
1599 2801 1632 2832 ad
1659 2805 1703 2832 vi-

912 2846 989 2874 cinas
1003 2856 1088 2882 aquas
1103 2850 1222 2878 lavatum
1238 2855 1316 2878 eunt.
1332 2851 1401 2878 Tum
1414 2851 1478 2879 inde
1488 2852 1625 2879 solventes
1635 2856 1700 2887 post

909 2892 982 2919 diem
1001 2901 1084 2920 unum
1101 2902 1133 2923 ac
1147 2901 1254 2924 noctem
1275 2896 1407 2932 Tripolim
1433 2897 1629 2930 concessimus,
1651 2906 1698 2924 eo-

684 2933 797 2961 νΛΙυέΕ
823 2935 1027 2967 LECTIONES.

100 2967 132 2984 τ¹⁵
152 2971 396 3005 προσταττομένοις
410 2973 589 3004 Combcﬁsius
608 2986 614 3004 :
637 2978 698 3006 libri
714 2983 923 3017 πραττομένοις.
962 2986 983 3001 ⁷ι
998 2987 1115 3020 σκέψινῖ
1152 2990 1174 3004 ⁷¹
1191 2990 1244 3015 τῶν
1262 2997 1316 3016 oin.
1338 2990 1369 3017 Δ.
