1999 3165
262 239 316 272 635

592 241 762 273 IOANNES
788 241 1005 272 CAMENIATA
1028 240 1078 271 DE
1094 239 1254 270 EXCIDIO
1265 238 1572 270 THESSALONIC/E.

1850 241 1894 271 636

264 295 326 322 dem
346 295 406 330 ipso
421 295 466 323 die
477 303 533 331 quo
550 297 670 325 salutare
683 298 775 326 crucis
786 298 890 333 lignum
907 297 1056 329 exaltatur,

1113 295 1215 331 ἡμερον
1231 295 1295 323 ἄλλο
1308 295 1359 331 τὴν
1370 295 1501 330 Τρίπολιν
1515 295 1714 331 κατελάϐομεν,
1729 295 1790 322 κατ’
1817 297 1896 331 αὖτὴν

265 341 377 376 quando
393 346 421 369 et
439 350 490 369 nos
505 343 562 378 jam
578 343 699 378 primum
715 351 730 371 a
748 343 832 372 maris
849 343 982 379 periculis
1000 350 1058 370 ma-

263 387 353 423 lisque
367 395 478 416 eramus
496 389 643 417 liberandi.
669 389 739 417 Cum
768 397 853 425 prope
873 397 984 417 murum
1010 396 1059 416 vc-

264 434 414 467 nissemus,
429 434 633 469 oppidanorum
648 435 768 463 barbara
792 436 884 464 omnis
898 435 1056 468 multitudo,

264 488 330 508 suos
344 480 486 515 excipiens
500 485 668 517 nostrosque
678 482 830 514 admirans,
848 482 881 510 ad
900 482 990 517 ipsum
1007 489 1057 510 na-

264 525 323 552 vale
342 524 550 564 elfundcbatur.
568 525 630 553 Mox
641 526 716 553 enim
735 534 768 554 ac
779 527 858 554 urbis
866 534 951 554 naves
962 534 1059 555 omnes

264 571 347 598 simul
362 575 473 598 coactas
488 571 515 598 in
535 576 647 607 portum
671 572 774 600 deferri
802 573 928 608 contigit,
960 577 1019 601 tum
1042 581 1058 601 e

263 616 381 652 singulis
397 621 425 644 et
434 617 616 652 pecuniarum
632 619 711 653 copia
723 622 752 646 et
767 619 874 654 reliqua
889 619 1058 655 spolia,vcl-;

264 666 295 689 ut
311 670 345 690 ex
359 667 442 690 vasta:
457 664 620 698 capacitatis
641 664 770 696 urbibus,
783 664 864 692 educi
878 669 907 692 et
917 664 944 692 in
960 665 1058 693 domos

265 707 299 735 ad
316 707 343 735 id
367 712 448 736 antea
466 713 579 744 paratas
601 710 731 744 convehl,
749 715 779 738 ut
809 711 887 738 brevi
913 711 1058 739 intervallo

265 753 310 782 his
326 754 354 781 in
365 762 425 782 eam
441 755 559 783 invectis
570 756 637 783 urbs
653 755 826 791 impleretur.
838 757 910 791 Quin
925 765 977 785 nos
987 765 1058 793 quo-

264 808 319 835 que
340 799 475 828 ducentes
488 801 652 834 cﬂ‘erebant,
671 808 700 830 et
715 803 795 837 quasi
819 803 944 831 victoria:
967 804 1058 839 quod-

264 846 327 874 dam
341 851 486 881 tropaeum,
499 847 528 874 in
545 849 668 876 omnium
689 849 778 876 oculis
799 849 988 883 traducentes,
1005 850 1059 877 mi-

265 893 366 920 seriam
394 899 517 921 nostram
540 902 573 922 ac
599 894 786 923 calamitatem
816 896 893 923 velut
924 896 953 923 in
980 897 1058 925 orbis

265 939 374 967 theatro
389 940 592 975 producebant.
608 940 696 973 Quam
714 942 810 969 multis
825 942 899 969 enim
923 943 1058 970 vocifera-

265 985 389 1013 t-ionibus
407 986 449 1014 usi
464 990 528 1014 sunt
542 987 715 1022 saltibusque
735 987 906 1015 insultarunt
931 989 959 1016 in
981 989 1059 1018 urbis

266 1033 405 1068 ingressu,
432 1041 495 1060 cum
520 1033 554 1060 ad
573 1041 633 1061 eam
660 1034 836 1066 accessimus,
862 1034 929 1061 dum
957 1035 1059 1070 probra

264 1083 359 1106 nostra
376 1085 410 1106 ac
431 1078 548 1114 injurias
569 1086 675 1113 magna:
697 1078 750 1106 sibi
776 1079 961 1114 iucunditatis
976 1089 1059 1116 argu-

264 1129 389 1152 mentum
406 1125 487 1160 597
499 1125 629 1152 sumunt!
656 1125 729 1160 quod
755 1129 783 1152 et
800 1126 915 1161 reliquis
926 1127 1058 1162 majorem

265 1171 347 1198 nobis
362 1171 487 1199 dolorem
505 1171 633 1204 incussit,
652 1179 714 1199 cum
740 1172 811 1199 mala
838 1172 884 1199 illa
907 1178 935 1200 et
961 1173 1059 1201 iterata

266 1217 416 1253 opprobria
425 1217 599 1253 maximaque
609 1217 746 1245 dedecora
754 1218 828 1245 ferre
838 1226 893 1246 non
903 1227 1058 1254 possemus.

266 1263 317 1291 Ubi
329 1263 472 1291 enimvero
487 1268 548 1298 post
563 1272 627 1292 eum
643 1264 784 1299 expletum
801 1265 974 1300 triumphum
990 1265 1060 1293 assi-

266 1313 356 1344 gnatae
373 1308 454 1336 nobis
469 1308 628 1341 suntades,
647 1309 674 1336 in
693 1309 795 1344 quibus
811 1310 863 1337 sub
875 1309 1059 1338 Barbarorum

266 1355 393 1383 custodia
407 1355 512 1383 addicti
542 1355 706 1384 tenebamur
734 1364 821 1391 usque
846 1356 911 1384 dum
942 1357 1059 1385 Tarsum

267 1401 520 1436 proﬁcisceremur,
536 1407 603 1430 tunc
621 1402 753 1429 nimirum
766 1410 781 1429 a
801 1402 895 1430 multis
917 1403 1061 1432 laboribus

267 1448 361 1480 levati,
378 1447 494 1483 ﬁxisque
510 1448 538 1475 in
553 1452 655 1476 terram
671 1448 820 1484 capitibus,
833 1457 889 1476 non
901 1451 961 1477 sine
973 1450 1061 1486 Iacry-

268 1495 322 1522 mis
333 1495 420 1522 Deum
433 1495 616 1530 precabamur
632 1499 663 1522 ut
680 1495 790 1522 tandem
805 1496 955 1531 aliquando
980 1497 1061 1524 malis

268 1541 370 1568 nostris
384 1541 465 1568 tinem
482 1541 638 1576 imponens,
661 1541 734 1568 haud
756 1541 828 1569 ultra
854 1546 896 1569 tot
919 1543 1061 1570 molestia-

270 1594 331 1613 rum
350 1586 477 1614 turbines
493 1587 520 1613 in
545 1594 596 1613 nos
616 1586 784 1619 intenderet,
800 1595 918 1621 quorum
944 1588 986 1615 vel
1003 1588 1061 1615 solo

1109 343 1161 377 τὴν
1176 342 1283 378 ἡμέραν
1299 342 1362 369 καθ’
1372 343 1406 378 ἦν
1424 342 1542 377 ὑψοῦται
1565 342 1595 369 τὸ
1613 342 1748 378 σωτήριον
1758 341 1805 368 τοῦ
1823 351 1897 369 σταυ-

1111 388 1158 424 ροῦ
1174 388 1262 420 ξύλον,
1278 388 1322 415 ὅτε
1337 388 1387 415 καὶ
1412 389 1495 423 ἡμεῖς
1515 388 1571 415 τῶν
1590 388 1661 415 κατᾶ
1687 387 1828 414 θάλασσαν
1841 387 1897 422 ἄρτι

1109 435 1219 470 πρῶτον
1234 434 1386 470 ἐμέλλομεν
1402 434 1569 469 πειρασμῶν
1582 434 1729 469 ἀφεθῆναι.
1743 433 1897 468 Γενομένων

1109 479 1157 508 οὖν
1173 481 1253 517 ὴμῶν
1263 481 1379 516 πλησίον
1395 481 1442 507 τοῦ
1457 481 1576 515 τείχους,
1592 480 1683 515 ἐχεῖτο
1703 479 1768 515 περὶ
1782 479 1831 506 τὸν
1844 480 1897 506 ναῦν

1111 526 1230 562 σταθμον
1258 527 1387 554 ἁπάντων
1414 526 1557 561 ἐγχωρίων
1576 525 1729 562 Βαρὸἀρων
1742 525 1774 552 τδ
1789 525 1898 560 πλῆθος,

1109 574 1173 606 τοὺς
1186 574 1236 610 μὲν
1252 574 1370 605 οἰκείους
1385 572 1674 609 προσλαμϐανόμενον,
1684 573 1747 604 τοὺς
1758 572 1820 599 καθ’
1831 572 1898 607 ἡμᾶς

1110 619 1139 646 δὲ
1158 617 1361 653 θαμϐούμενον.
1381 619 1458 654 ’Λμα
1482 618 1537 653 γὰρ
1562 618 1662 653 συνέϐη
1687 618 1778 649 πάσας
1790 617 1841 648 τὰς
1856 619 1899 653 τῆς

1110 664 1216 697 πόλεως
1231 664 1369 691 συνελθεῖν
1384 664 1452 698 νῆας
1467 664 1514 690 καὶ
1529 663 1598 699 πρὸς
1607 663 1653 690 τὸν
1662 664 1748 698 ὅρμον
1761 662 1897 697 γενέσθαι,

1110 707 1170 737 εἶτα
1184 709 1361 745 ἐξεκομίζετο
1371 709 1417 744 ἀφ’
1433 709 1551 744 ἑκάστης
1568 708 1658 736 αὐτῶν
1674 708 1728 735 τῶν
1745 717 1775 735 τε
1795 710 1897 744 χρημάι

1108 765 1164 784 των
1177 756 1208 783 τὸ
1228 755 1331 790 πλῆθος
1345 756 1394 783 καὶ
1419 755 1475 782 τῶν
1496 755 1599 782 λοιπῶν
1614 755 1721 782 σκύλων
1735 754 1835 790 ὥσπερ
1851 755 1899 782 ἀπό

1109 811 1192 829 τινων
1221 801 1338 833 πόλεων,
1365 802 1413 828 καὶ
1435 801 1570 837 μετήγετο
1592 801 1633 834 εἰς
1647 810 1724 834 τινας
1747 812 1898 839 προηυτρε-

1110 847 1248 881 πισμένας
1258 847 1360 878 οἰκίας,
1377 846 1416 879 ὼς
1430 847 1459 873 ἐν
1472 847 1556 882 ὀλίγῳ
1571 847 1749 883 πληρωθῆναι
1762 849 1812 882 τὴν
1827 850 1899 876 πόλιν

1109 893 1268 928 τῆςτούτων
1283 892 1428 928 ὑποδοχῆς.
1438 893 1593 929 Προέφερον
1610 893 1638 920 δὲ
1651 895 1699 921 καὶ
1709 895 1782 929 ἡμᾶς
1792 895 1900 929 ᾶγοντες

1110 938 1238 974 καθάπερ
1255 946 1283 965 τι
1294 938 1425 973 τρόπαιον
1440 938 1528 973 νίκης,
1543 938 1590 964 ἐπὶ
1617 939 1701 966 πᾶσιν
1713 939 1788 974 ἡμᾶς
1803 940 1900 975 θριαμ-

1111 984 1238 1016 ϐεύοντες
1251 984 1427 1018 καὶ-θέατρον
1440 984 1658 1019 ποιούμενοιτὴν
1673 984 1734 1012 καθ’
1745 986 1820 1020 ἡμᾶς
1836 995 1901 1021 συμ-

1112 1031 1209 1066 φοράν.
1234 1028 1297 1058 Οἴον
1319 1030 1374 1065 γὰρ
1405 1030 1558 1065 ἀνέκραγον
1592 1031 1639 1057 καὶ
1668 1031 1725 1061 τοῖς
1755 1031 1900 1067 ὲξάλμασιν

1112 1076 1326 1111 ἑπεσκίρτησαν,
1343 1075 1388 1102 ὅτε
1404 1075 1473 1110 πρὸς
1500 1075 1570 1110 αὐτῇ
1594 1076 1617 1091 ⁷³
1634 1077 1788 1111 γεγόναμεν
1803 1078 1837 1112 τῇ
1851 1078 1900 1103 εἰσ-

1111 1123 1163 1158 όδῳ
1178 1122 1229 1158 τῆς
1242 1121 1357 1154 πόλεως,
1373 1122 1501 1157 ἀφορμὴν
1529 1121 1665 1157 θυμηδίας
1686 1122 1735 1158 τὴν
1747 1123 1810 1149 καθ’
1827 1124 1901 1158 ἡμῶν

1112 1168 1192 1204 ὖὸριν
1204 1168 1376 1203 δεικνύμενοι
1391 1169 1398 1196 l
1414 1168 1429 1195 ὃ
1441 1167 1473 1204 δὴ
1485 1167 1533 1195 καὶ
1548 1168 1635 1196 πλείω
1661 1169 1717 1195 τῶν
1731 1169 1821 1196 ἄλλων
1839 1170 1902 1197 ὠδύ-

1111 1224 1192 1250 νησεν
1203 1215 1226 1231 "
1240 1215 1326 1250 ἡμᾶς,
1343 1214 1436 1241 οὐκέτι
1459 1210 1593 1250 φέροντας
1615 1215 1670 1241 τῶν
1684 1215 1780 1242 δεινῶν
1794 1216 1900 1243 ἐκείνων

1111 1262 1160 1288 καὶ
1186 1262 1236 1296 τῆς
1259 1260 1486 1296 ὑπερϐαλλούσης
1510 1260 1645 1296 αἰσχύνης
1668 1261 1718 1296 τὴν
1734 1261 1900 1296 ἐπαλληλίαν

1113 1308 1286 1342 ὑφίστασθαι.
1310 1307 1380 1334 Ἀλλ’
1394 1308 1439 1334 ὅτε
1453 1307 1485 1342 δὴ
1497 1307 1546 1334 καὶ
1557 1307 1627 1341 μετὰ
1639 1307 1735 1334 τοῦτον
1743 1307 1790 1335 τὸν
1807 1307 1901 1344 θρίαμ-

1112 1354 1159 1381 ϐον
1174 1353 1321 1389 ἐκληρώθη
1332 1362 1374 1385 τις
1391 1351 1466 1385 οἶκος
1481 1355 1510 1380 ἐν
1533 1350 1556 1388 ᾧ
1580 1354 1758 1390 φρουρεῖσθαι
1776 1356 1900 1391 κατεκρί-

1112 1400 1200 1436 θημεν
1214 1400 1435 1436 τηρηθησόμενοι
1445 1397 1501 1436 τῆς,
1511 1399 1579 1435 πρὸς
1592 1400 1641 1435 τὴν
1653 1401 1761 1436 Ταρσὸν
1775 1401 1899 1435 ἀφίξεως,

1111 1447 1175 1473 τότε
1189 1446 1222 1482 δὴ
1239 1447 1294 1473 τῶν
1310 1445 1416 1473 πολλῶν
1428 1446 1573 1478 ἀνεθέντες
1594 1447 1686 1473 πόνων
1700 1447 1748 1473 καὶ
1761 1448 1795 1482 τῇ
1813 1449 1847 1482 γῇ
1859 1449 1900 1478 τὰς

1112 1492 1233 1528 κεφαλὰς
1263 1492 1491 1528 προσερείσαντες
1519 1492 1651 1528 ἐδεόμεθα
1676 1493 1724 1519 τοῦ
1753 1493 1823 1520 Θεοῦ
1838 1494 1900 1528 μετὰ

1111 1538 1238 1574 δακρύων
1251 1539 1347 1574 στῆναι
1362 1539 1428 1575 ἡμῖν
1439 1547 1503 1566 ποτε
1519 1538 1553 1565 τὰ
1561 1539 1636 1566 κακὰ
1644 1539 1692 1566 καὶ
1706 1540 1805 1575 μηκέτι
1815 1539 1900 1575 χώραν

1112 1585 1206 1613 λαϐεῖν
1219 1585 1279 1612 καθ’
1294 1585 1373 1620 ἡμῶν
1396 1585 1528 1612 τοιούτων
1556 1585 1684 1620 ὀχληρῶν
1710 1586 1845 1617 ἐπίτασιν,
1866 1583 1900 1612 ὢν

268 1632 364 1660 auditu
375 1632 484 1660 animus
496 1632 634 1665 horreret,
646 1632 749 1668 quippe
760 1640 823 1660 cum
834 1638 862 1661 et
873 1633 926 1661 illae
934 1634 988 1661 vim
1001 1642 1060 1662 om-

1115 1632 1162 1658 καὶ
1177 1632 1194 1667 ὴ
1209 1631 1278 1667 ἀκοὴ
1294 1631 1362 1666 μόνη
1378 1633 1515 1667 μετήγετο
1527 1631 1572 1658 διὰ
1583 1631 1681 1667 πείρας
1696 1631 1794 1658 ἐλθεῖν·
1809 1633 1899 1662 παντὸς

268 1686 331 1706 nem
349 1678 453 1706 doloris
468 1677 645 1705 excederent.

304 1724 349 1752 78.
363 1725 464 1753 Verum
480 1724 539 1752 haec
552 1724 677 1759 quidem,
692 1725 766 1760 quod
781 1726 815 1753 ad
828 1734 879 1753 nos
893 1726 1001 1760 attinet,
1015 1727 1062 1762 qui

268 1769 497 1798 commutationis
511 1770 574 1805 jure
590 1778 673 1798 manu
687 1771 816 1799 mittendi
829 1772 1018 1805 servabamur,
1036 1777 1064 1801 et

269 1816 372 1852 quibus
385 1816 522 1851 obtigerat
539 1816 656 1851 captivis
670 1817 786 1852 reliquis
801 1822 832 1845 ut
846 1817 951 1853 Tripoli
968 1819 1064 1847 nobis-

269 1870 334 1890 cum
347 1867 538 1890 versarentur.
556 1862 608 1896 Qui
620 1867 712 1891 autem
724 1868 850 1891 nostrum
861 1863 952 1892 Cretae
963 1864 991 1892 in
1001 1865 1065 1893 aliis

269 1907 388 1935 navibus
400 1907 481 1935 divisi
493 1908 612 1941 fuerant,
627 1916 676 1944 per
691 1916 801 1937 omnem
815 1910 901 1946 Syriae
917 1919 994 1938 oram
1005 1919 1064 1939 ma-

271 1954 393 1982 ritimam
404 1954 525 1990 dispersi
538 1959 621 1988 sunt;
646 1963 718 1991 quos
732 1961 903 1984 mercatores
924 1965 1064 1986 commer-

269 2001 336 2034 cati,
352 2008 450 2028 rursus
461 2001 524 2028 aliis
539 2001 566 2029 in
578 2001 647 2028 locis
663 2001 857 2036 divendentes,
879 2002 951 2030 inter
978 2011 1008 2031 se
1029 2003 1064 2032 ad

271 2046 325 2074 hoc
338 2046 389 2074 aevi
418 2047 460 2075 sic
484 2051 658 2074 commutant
682 2054 713 2075 ut
740 2056 775 2075 ex
799 2048 855 2076 illis
881 2049 1009 2077 nonnulli
1036 2050 1064 2078 in

269 2093 437 2129 Ethiopiam
452 2098 660 2129 extremamque
674 2094 763 2122 austri
777 2095 885 2130 plagam
899 2096 974 2124 inter
996 2097 1065 2124 Bar-

270 2141 354 2168 baros
370 2140 566 2176 immigrarint.
581 2140 698 2173 Horum,
720 2141 843 2175 inquam,
864 2141 888 2169 si
903 2142 967 2177 quis
993 2143 1064 2171 mala

272 2191 354 2221 atque
368 2193 507 2214 aerumnas
518 2186 622 2220 scripto
636 2185 799 2221 consignare
812 2189 972 2221 tentaverit,
985 2189 1064 2216 simi-

271 2233 307 2261 lis
322 2233 360 2260 illi
373 2231 514 2259 videbitur
530 2231 579 2266 qui
599 2239 629 2259 se
645 2232 731 2259 maris
749 2240 849 2260 arenas
867 2233 894 2260 in
919 2240 1065 2264 numerato

248 2314 253 2315 γ
274 2279 378 2307 habere
393 2278 476 2306 stulte
498 2278 646 2313 putaverit.
673 2278 793 2306 Omnino
807 2279 881 2306 enim
898 2279 981 2316 598
993 2287 1022 2309 et
1035 2287 1062 2310 tu

1113 1681 1168 1714 γὰρ
1177 1679 1301 1714 ἀλγεινοῦ
1311 1679 1393 1714 φύσιν
1406 1679 1568 1715 ἐκϐέϐηκεν.

1150 1725 1193 1762 [Ρ.
1220 1725 1283 1762 382]
1310 1725 1362 1761 οη¹.
1398 1725 1478 1752 Ἀλλὰ
1505 1725 1592 1753 ταῦτα
1617 1726 1698 1762 ἡμεῖς
1723 1726 1748 1752 οἰ
1771 1725 1837 1760 πρὸς
1856 1725 1899 1760 τὴν

1114 1771 1290 1806 καταλλαγὴν
1313 1771 1480 1808 τηρούμενοι
1496 1772 1544 1798 καὶ
1559 1773 1583 1799 οἰ
1607 1772 1667 1808 μεθ’
1682 1771 1761 1808 ἡμῶν
1782 1771 1899 1806 λαχόντες

1113 1818 1168 1845 τῶν
1185 1817 1288 1845 λοιπῶν
1312 1817 1497 1853 αἰχμαλώτων
1519 1817 1591 1845 κατὰ
1612 1818 1662 1852 τὴν
1676 1817 1818 1853 Τρίπολιν.
1833 1818 1860 1844 οι
1872 1817 1899 1843 δέ

1114 1866 1140 1900 γ’
1159 1867 1188 1892 ἐν
1205 1865 1303 1900 Κρήτῃ
1327 1865 1357 1897 ἐξ
1387 1864 1466 1899 ἡμῶν
1491 1864 1675 1900 διαιρεθέντες
1696 1865 1726 1891 ὲν
1740 1865 1799 1896 ταῖς
1815 1864 1898 1894 ἄλλαις

1114 1912 1194 1939 ναυσὶ
1207 1913 1269 1943 ταῖς
1283 1911 1330 1946 ἀφ’
1346 1911 1369 1928 ⁵⁵
1387 1911 1505 1938 ἐκάστου
1530 1911 1613 1938 τόπου
1640 1911 1827 1946 διεσπάρησαν
1844 1910 1899 1937 καθ’

1114 1957 1178 1992 ὅλης
1196 1957 1247 1992 τῆς
1259 1956 1399 1992 παραλίας
1412 1956 1514 1992 Συρίας
1527 1964 1533 1971 ·
1552 1956 1600 1988 οὓς
1613 1956 1661 1983 καὶ
1675 1956 1824 1992 ὠνούμενοι
1840 1956 1896 1982 m1-

1114 2002 1156 2030 λοὶ
1164 2002 1219 2030 τῶν
1226 2002 1359 2038 ἐμπόρων
1375 2002 1423 2029 καὶ
1437 2001 1520 2028 πάλιν
1543 2001 1817 2038 μεταπιπρὼκοντες
1834 2001 1895 2028 xm

1114 2050 1260 2085 διαφόρους
1272 2049 1371 2080 τόπους
1387 2048 1416 2075 ἐν
1428 2048 1555 2082 ἀλλήλοις
1573 2048 1655 2083 μέχρι
1672 2048 1721 2074 καὶ
1738 2047 1787 2074 νῦν
1810 2047 1895 2077 αὐτοὺς

1115 2096 1338 2131 ὰνταμείὸουσιν,
1353 2094 1392 2127 ὡς
1404 2095 1452 2122 καὶ
1471 2095 1558 2130 αὐτὴν
1580 2094 1683 2129 φθάσαι
1699 2095 1750 2130 τὴν
1765 2093 1895 2121 Αἰθιοπία-ι

1114 2143 1191 2174 τινὰς
1206 2142 1236 2175 ἐξ
1251 2141 1341 2168 αὐτῶν
1355 2141 1403 2168 καὶ
1417 2141 1482 2172 τοὺς
1496 2140 1557 2176 τὴν,
1568 2140 1724 2176 ἀκροτάτην
1738 2138 1895 2175 μεσημδρίαν

1115 2188 1311 2219 κατοικοῦντας
1342 2186 1512 2222 Βαρϐάρους.
1544 2183 1596 2212 Ὧν
1623 2186 1648 2212 εἰ
1675 2185 1786 2220 θελήσοι
1799 2193 1838 2216 τις
1854 2186 1894 2213 τὰς

1117 2234 1260 2271 συμφορὰς
1277 2231 1496 2268 ἀναγράφεσθαι,
1511 2232 1606 2267 ὅμοιος
1624 2229 1694 2259 εἶναι
1724 2231 1794 2264 δόξει
1804 2230 1840 2265 τῷ
1855 2230 1894 2264 τὴν

1116 2281 1253 2317 παραλίαν
1273 2279 1388 2315 ψάμμον
1426 2279 1572 2314 ἐκμετρεϊν
1605 2278 1717 2309 εἰκαίως
1747 2278 1892 2304 τοπάσαντι.

275 2327 344 2361 ipse,
358 2325 484 2352 virorum
501 2324 718 2358 studiostssime,
731 2325 754 2352 si
782 2333 855 2360 quos
874 2326 984 2354 illorum
1008 2327 1061 2355 Da-

1118 2314 1231 2358 Πόιντως
1247 2314 1302 2361 γὰρ
1314 2314 1360 2352 καὶ
1374 2324 1467 2355 αὐτὸς,
1479 2323 1696 2358 φιλομαθέστατε
1708 2323 1823 2358 ἀνδρῶν,
1832 2323 1893 2356 εἴπερ

274 2371 358 2398 masci
381 2369 456 2398 etin
479 2370 743 2406 circumiacentibus
767 2371 886 2399 urbibus
910 2372 1063 2401 oll‘endisti.

273 2416 427 2445 Otl‘endisse
440 2416 514 2443 enim
532 2415 588 2444 illic
600 2423 655 2443 non
672 2423 774 2451 paucos
794 2417 862 2450 scio,
877 2418 952 2452 quod
967 2426 1065 2446 omnes

272 2471 357 2491 naves
369 2462 457 2498 Tyria:
470 2465 594 2497 captivos
605 2469 670 2489 suos
684 2462 713 2488 in
740 2462 801 2490 illas
827 2467 920 2497 partes
941 2469 1064 2499 asporta-

272 2514 347 2537 runt.
362 2509 438 2537 Mitto
447 2508 522 2537 enim
533 2516 567 2536 ex
581 2512 674 2535 nostra
699 2516 809 2543 quoque
824 2508 928 2544 Tripoli
943 2517 1066 2538 commo-

272 2555 392 2587 ratione,
404 2562 468 2582 cum
480 2561 530 2588 per
544 2553 591 2580 illa
602 2553 663 2580 loca
678 2552 727 2580 tibi
739 2557 797 2580 tum
811 2554 901 2588 primo
910 2555 1064 2582 transeunti

274 2609 424 2636 parumper
439 2600 624 2633 innotuimus,
639 2607 773 2634 perquam
788 2599 899 2628 abunde
922 2604 948 2628 te
963 2601 998 2629 de
1023 2601 1067 2629 his

274 2645 424 2679 didicisse;
442 2654 504 2681 qum
517 2650 546 2673 et
557 2645 638 2672 nobis
651 2645 809 2672 tacentibus
820 2653 865 2672 res
875 2651 1066 2681 repraesentet,

274 2693 489 2727 animorumque
506 2691 629 2718 dolorem
644 2698 677 2718 ac
691 2691 846 2719 cruciatum
859 2699 894 2719 ex
908 2692 965 2727 ipsa
978 2694 1069 2722 vultus

275 2739 368 2775 specie
382 2742 460 2766 certo
478 2737 593 2765 indicet.
613 2737 788 2773 Quapropter
817 2742 875 2764 tum
903 2743 933 2766 tu
957 2747 1069 2775 queque

276 2785 500 2816 commiseratus,
515 2787 544 2812 et
559 2783 734 2811 fortunarum
750 2787 908 2812 nostrarum
929 2785 1069 2822 particeps

277 2831 426 2866 sociusque
436 2831 563 2863 etlcctus,
582 2837 615 2858 ea
631 2829 739 2857 ratione
752 2829 825 2864 quod
838 2829 938 2858 horum
960 2839 1069 2860 omnes:

279 2877 379 2905 seriem
392 2877 486 2905 doceri
509 2876 622 2914 plurimi
639 2876 748 2909 feceris,
769 2875 836 2903 satis
861 2877 1005 2906 manifeste
1032 2879 1070 2906 si-

1118 2372 1244 2407 ἐνέτυχες
1267 2380 1338 2398 τισιν
1365 2370 1395 2403 ἐξ
1422 2369 1525 2401 αὐτῶν,
1551 2368 1579 2395 ἐν
1594 2377 1624 2395 τε
1651 2369 1685 2403 τῇ
1706 2367 1844 2403 Δαμασκῷ
1858 2366 1893 2392 καὶ

1108 2420 1177 2449 -ταϊς
1195 2417 1259 2452 περὶ
1272 2415 1358 2451 αὐτὴν
1377 2415 1486 2441 πόλεσιν
1497 2423 1504 2430 ·
1537 2414 1663 2448 ἐνέτυχες
1676 2413 1744 2449 γὰρ,
1759 2411 1824 2444 οἶδα,
1844 2410 1892 2438 πολι

1118 2464 1175 2494 λοίς
1193 2463 1295 2494 ἐκεῖσε,
1305 2461 1349 2488 διὰ
1361 2461 1392 2487 τὸ
1415 2460 1505 2492 πάσας
1525 2460 1574 2491 τὰς
1589 2459 1695 2495 Τυρίας
1709 2459 1777 2493 νῆας
1789 2459 1841 2489 τοῖς
1858 2455 1894 2491 μὲι

1121 2517 1196 2544 ρεσιν
1226 2508 1342 2539 ἐκείνοις
1372 2507 1436 2537 τοὺς
1451 2504 1642 2541 αἰχμαλώτους
1659 2505 1786 2532 αὐτῶν...
1801 2503 1835 2530 ἐῶ
1846 2502 1893 2536 ,γὰρ

1119 2555 1210 2589 λέγειν
1224 2555 1266 2581 ὅτι
1279 2554 1326 2581 καὶ
1339 2552 1420 2588 ἡμῶν
1444 2553 1462 2588 ἡ
1486 2552 1551 2588 περί
1563 2552 1612 2587 τὴν
1630 2551 1761 2586 Τρίπολιν
1780 2547 1893 2583 διαγωγὴ.

1117 2602 1200 2629 ὁπότε
1223 2600 1393 2636 διερχομένῳ
1425 2608 1466 2626 σοι
1493 2599 1598 2625 ἐκεῖθεν
1620 2598 1682 2625 κατ’
1702 2598 1791 2633 ἀρχὰς
1815 2594 1893 2632 pupa»

1118 2647 1375 2684 ἀνεγνωρίσθημεν,
1395 2645 1497 2678 ἱκανῶς
1514 2654 1543 2672 σε
1565 2645 1630 2680 περὶ
1656 2644 1760 2672 τούτων
1777 2642 1892 2676 nas-.1qu

1119 2695 1237 2731 φόρηκε,
1263 2694 1311 2721 καὶ
1338 2693 1505 2720 σιωπώντων
1524 2691 1604 2727 ἡμῶν
1622 2691 1656 2718 τὰ
1677 2691 1826 2726 πράγματα
1842 2694 1892 2720 πσρ-

1120 2742 1224 2768 ιστῶσα
1237 2742 1284 2767 καὶ
1294 2740 1343 2775 τὴν
1365 2738 1463 2774 ὀδύνην
1476 2738 1531 2765 τῶν
1544 2737 1638 2772 ψυχῶν
1652 2737 1715 2769 ταῖς
1739 2735 1847 2771 μορφαῖς
1860 2731 1884 2763 ἐξ

1121 2785 1338 2822 ελὲγχουσα.Ἐξ
1357 2781 1388 2811 οὗ
1411 2785 1444 2820 δὴ
1473 2785 1521 2811 καὶ
1540 2783 1621 2815 αὐτὸς
1642 2782 1820 2818 συμπαθήσας
1835 2779 1891 2825 τότε,

1121 2834 1168 2860 καὶ
1195 2834 1223 2859 ἐν
1238 2832 1326 2868 τούτῳ
1346 2831 1517 2866 κοινωνήσας
1545 2830 1613 2865 ἡμῖν
1626 2829 1674 2855 τοῦ
1690 2828 1792 2859 πάθους
1817 2826 1842 2851 ἐν
1862 2831 1891 2855 τῳ

1121 2879 1186 2914 περὶ
1200 2878 1299 2905 πολλοῦ
1330 2877 1494 2914 ποιήσασθαι
1521 2875 1617 2911 μαθεῖν
1642 2875 1692 2910 τὴν
1718 2874 1781 2909 περὶ
1805 2871 1890 2897 τούτων

940 2925 1054 2952 ΥΑΚΙιΕ
1075 2925 1276 2954 LECTIONES.

329 2969 352 2985 "
367 2969 450 3005 αὐτὴν
466 2971 519 2997 ΛΡ.
558 2971 579 2987 ⁷⁸
594 2971 723 3006 ὠδίνησεν
740 2971 792 2999 ΛΡ.
834 2972 855 2987 ⁷⁵
874 2971 914 2999 ἀν’
929 2971 959 2998 Ρ.
