1999 3165
269 238 323 269 639
895 238 1085 269 DEMETBII
1105 239 1260 270 CYDONII
1844 243 1892 273 640

271 302 435 324 antecessum
462 295 589 332 funestius
621 296 696 324 aliud
719 297 760 324 hic
789 295 846 332 ejus
879 301 1071 332 repraesentare
1097 298 1239 331 excidium,
1264 306 1315 333 quo
1331 307 1382 324 non
1407 298 1521 326 hostium
1540 300 1717 334 grassatione,
1739 299 1785 326 sed
1803 299 1894 326 ciuium

271 340 385 368 tumultu
400 341 516 368 immane
527 345 656 376 quantum
669 341 768 376 {cedata
783 341 876 368 civitas
892 345 929 368 est
939 346 966 368 et
978 340 1108 374 desolata,
1132 342 1234 377 sibique
1250 343 1306 376 ipsa
1328 343 1394 369 vires
1412 343 1520 374 ademit,
1542 347 1565 369 et
1582 348 1610 369 ut
1632 343 1708 377 facile
1731 343 1894 378 postmodum

273 384 362 412 Turcis
387 385 477 420 praeda
494 385 607 417 cederet,
635 390 795 413 momentum
822 385 904 418 dedit,
927 385 1037 420 urbique
1051 385 1175 421 Augusta
1193 394 1224 412 ac
1238 386 1377 421 Byzantio,
1402 394 1447 421 per
1460 395 1505 413 eas
1517 387 1587 421 ipsas
1601 387 1687 414 civiles
1707 387 1855 414 discordias
1867 395 1895 413 ac

274 429 412 463 factiones,
428 437 457 456 eo
470 429 526 464 {ato
540 431 659 464 praeiret.
676 429 775 457 Auctor
798 430 861 457 mihi
885 430 926 457 hic
937 429 1085 456 Demetrius
1107 430 1240 465 Cydonius
1251 431 1306 466 ipse
1317 430 1567 464 Thessalonicensis,
1589 432 1659 458 inter
1672 439 1732 457 suos
1751 430 1895 466 plurimum

272 473 462 505 schismaticos,
483 481 529 499 nec
545 473 642 500 leuibus
658 473 790 500 erroribus
806 473 1005 501 Palamitarum
1028 473 1094 500 nube
1119 474 1261 506 involutos,
1282 475 1345 510 ipsis
1358 475 1515 501 dementatis
1530 474 1710 502 Ecclesiarum
1725 474 1896 510 principibus,

273 517 389 552 aulaque
401 517 454 551 fere
470 517 497 544 in
510 525 601 544 eorum
615 517 729 544 adducta
743 518 913 549 sententiam,
926 517 1153 545 Catholicissimus
1167 518 1322 554 Latinisque
1336 519 1544 552 addictissimus,
1558 527 1605 546 nec
1617 519 1704 546 minus
1715 519 1771 546 suis
1781 518 1895 552 devotus,

272 562 433 595 studensque
449 559 558 588 Grarcite
568 561 628 596 jam
644 561 762 596 dejeclae,
779 570 832 597 qua
850 562 894 589 via
911 561 1012 594 liceret,
1029 562 1182 589 revocandis
1195 562 1287 595 rebus;
1299 562 1368 597 quod
1383 563 1431 589 hoc
1443 571 1495 589 uno
1511 563 1633 598 ρνωδιατί
1647 570 1721 597 posse
1739 570 1772 588 ac
1784 562 1896 596 sperari,

274 604 331 630 acri
340 612 405 631 sane
420 605 459 631 uir
467 604 569 639 judicio
582 605 752 637 existimavit,
771 606 795 632 si
810 606 895 641 sopito
913 606 1042 641 sequioris
1059 606 1107 633 cevi
1121 606 1241 638 diuidio,
1269 607 1433 641 pristinaque
1446 606 1555 633 reducta
1572 605 1785 634 Christianitatis
1801 613 1834 632 ac
1849 605 1896 632 Ee-

274 648 361 676 clesite
372 649 450 683 facie,
468 649 548 676 Novae
560 649 651 676 Romae
667 649 853 682 cumSeniori,
877 651 942 685 ﬁlice
952 659 1011 678 cum
1034 655 1130 683 matre,
1156 654 1181 677 et
1197 659 1213 678 a
1228 658 1282 685 qua
1295 649 1359 684 filia:
1379 651 1465 677 omnis
1491 651 1621 685 dignitas,
1647 650 1810 676 conueniret.
1836 648 1896 681 Eius

275 693 323 719 hoc
344 697 502 728 argumento
526 692 680 720 Orationem
702 694 912 727 deliberativam,
932 695 964 722 de
985 694 1141 722 Latinorum
1157 694 1320 728 corrogando
1345 693 1457 727 auxilio,
1478 693 1645 728 alteramque
1662 694 1693 720 de
1704 693 1897 720 nonreddeutia

276 736 417 771 Gallipoli,
429 737 461 763 ab
474 745 544 764 anno
552 738 612 773 jam
624 737 692 765 1648
706 739 774 773 typis
795 737 922 773 vulgasse
935 739 1152 773 memini,quibus
1166 739 1272 773 prwirct
1291 737 1417 764 Theodori
1437 737 1558 773 Despolia
1576 737 1726 772 Palmologi
1741 739 1769 764 in
1780 745 1897 772 purpura

277 781 334 806 nati
359 780 527 814 Ἐπιτάφιος,
547 789 628 808 aureo
645 781 795 816 mollitaque
804 782 934 809 Manuelis
951 783 1014 809 item
1029 782 1177 816 Palazologi
1190 782 1361 816 imperatoris
1372 782 1455 815 ipsius
1471 782 1575 815 fratris.
1593 790 1648 813 ore,
1663 781 1704 808 illi
1721 782 1749 807 in
1769 780 1897 815 Pelopon-

266 831 338 858 ‘neso
353 823 449 855 dictus,
464 825 508 851 ubi
518 825 541 851 is
552 833 610 852 cum
627 825 737 860 imperio
754 826 799 852 diu
814 826 969 861 praefuerat,
985 826 1106 861 diemque
1118 826 1237 857 obierat;
1251 826 1383 860 triumque
1397 825 1551 860 fasciculum
1566 825 1639 852 haud
1648 824 1838 860 spernendum,
1856 832 1899 850 nec

276 868 355 903 regiis
376 869 483 896 auribus
501 877 532 896 ac
546 870 774 897 animadversione
786 879 893 906 prorsus
916 871 1065 905 indignum,
1092 870 1320 898 Christianissimo
1353 868 1518 896 Francorum
1546 869 1676 895 Ludovico
1699 867 1770 900 XIV,
1801 875 1900 902 semper

276 912 404 947 Augusto,
416 914 493 940 annis
506 915 612 946 minori,
629 915 674 940 sed
686 918 741 941 tota
756 915 812 949 iam
831 915 919 941 indole
933 923 963 941 ac
974 915 1109 950 spiritibus
1125 914 1235 948 Magno,
1246 922 1298 940 non
1314 914 1451 948 ingratum
1467 922 1564 940 munus
1577 913 1711 940 obtulisse.
1733 912 1765 939 In
1776 920 1830 947 quo
1843 913 1901 939 mihi

276 957 331 991 ipse
344 956 446 991 placeo,
472 966 519 984 nec
536 961 590 984 tam
606 958 680 989 mihi,
697 966 776 992 quam
791 959 885 993 pati-ite
900 966 931 984 ac
947 957 1042 986 Gallia:
1060 958 1171 994 orbique
1184 957 1233 992 ipsi
1246 957 1408 990 Christiano,
1423 956 1555 993 gratulor,
1569 957 1638 992 quod
1650 961 1705 983 tam
1720 963 1798 983 verus
1825 963 1901 990 quam

276 999 357 1027 bonus
377 1004 449 1028 vates
478 1001 532 1035 lui:
557 1006 582 1028 et
605 1009 686 1036 quant
704 1002 731 1028 in
752 1001 910 1037 Palazologis
923 1002 1064 1036 φιλιδελφί

1109 1021 1113 1031 ,
1142 1001 1211 1036 quod
1225 1001 1364 1028 laudatum
1375 1010 1425 1036 par
1441 1001 1556 1036 fratrum
1569 1006 1595 1028 ct
1610 1001 1770 1032 amicorum,
1785 1000 1898 1034 σπερῶ,

277 1045 378 1076 amavi,
397 1045 477 1078 colui,
495 1045 552 1072 orbi
567 1045 682 1078 exhibui,
703 1046 730 1071 in
746 1045 973 1072 Christianissimo
990 1046 1120 1080 principe,
1132 1046 1272 1083 [mireque
1288 1047 1375 1077 unico,
1396 1050 1472 1081 gente
1487 1046 1633 1078 Borbonia,
1649 1045 1820 1073 invictissimi
1834 1052 1902 1079 atque

277 1096 309 1114 ac
320 1088 462 1123 justissimi
487 1089 647 1124 piissimique
671 1089 794 1116 Ludovici
818 1089 885 1116 XIII
919 1089 1017 1125 inclyta
1030 1089 1127 1122 sobole,
1147 1089 1257 1124 feliciori
1273 1091 1360 1116 omine
1373 1090 1438 1116 mihi
1457 1090 1510 1125 ipse
1521 1091 1580 1125 jam
1597 1094 1652 1117 tum
1670 1094 1823 1125 auguratus
1837 1097 1900 1119 sum.

276 1133 396 1167 votisque
413 1133 518 1167 expetii.
532 1133 565 1159 Et
579 1141 639 1160 vero
659 1133 777 1165 donavit,
793 1133 1003 1168 fraternteillius
1019 1134 1158 1160 charitatis
1172 1137 1274 1165 auctor,
1290 1142 1321 1160 ac
1334 1133 1480 1160 concordiis
1500 1133 1599 1160 arbiter
1611 1133 1741 1165 Christus,
1758 1141 1807 1168 per
1827 1141 1902 1167 quasi

271 1182 316 1205 tot
332 1179 409 1205 annis
424 1178 564 1206 Gallorum
585 1182 698 1213 gentem,
720 1179 855 1213 sociosque
877 1187 966 1206 omnes
986 1179 1081 1210 beavit,
1101 1186 1132 1204 ac
1143 1178 1171 1203 in
1187 1184 1271 1203 aevum
1291 1177 1464 1212 longinquum
1479 1177 1553 1209 beet;
1567 1178 1703 1212 hostesque
1716 1177 1798 1212 (quod
1809 1176 1902 1202 dudum

279 1222 353 1256 facit)
374 1230 510 1257 nunquam
530 1231 580 1249 non
598 1222 706 1257 dejiciat
722 1231 753 1250 ac
770 1222 904 1258 percellat,
920 1226 967 1250 aut
983 1223 1063 1249 etiam
1077 1222 1204 1248 virtutum
1224 1220 1348 1248 illecebra
1367 1221 1490 1256 omnique
1513 1221 1665 1253 clementia,
1685 1220 1786 1255 majori
1799 1220 1901 1247 victoria

279 1267 388 1296 amoris.
409 1266 478 1301 ipsos
491 1274 595 1301 quoque
607 1265 739 1299 vero:Soli
752 1267 861 1299 mundo,
873 1267 956 1293 socios
969 1266 1117 1301 amicosque
1134 1265 1257 1296 deliniat,
1273 1265 1376 1295 trahat.
1387 1265 1520 1300 subjiciat.
1542 1265 1675 1292 Tttbcllam
1689 1266 1750 1292 huic
1761 1264 1902 1300 oppositam

279 1310 379 1336 exhibet
403 1310 528 1337 Demetrii
545 1309 657 1345 Cydonii
671 1311 726 1338 [nec
744 1310 880 1345 Μονῳδία.
896 1311 1024 1345 Grapliice
1038 1311 1064 1336 in
1076 1318 1107 1336 ea
1123 1309 1253 1344 descripta
1270 1309 1366 1336 civium
1388 1309 1526 1336 discordice
1548 1310 1639 1337 mala:
1663 1310 1726 1344 quid
1747 1309 1798 1336 sibi
1810 1309 1901 1343 pariat,

278 1353 338 1388 ipsa
353 1350 402 1380 sibi
414 1361 567 1380 mucronem
582 1353 689 1388 adigens
702 1354 802 1385 civitas,
819 1361 850 1380 ac
862 1354 889 1380 in
905 1362 932 1380 se
943 1361 1017 1380 versa
1033 1353 1181 1388 respublica
1195 1354 1383 1388 ﬂammamque
1399 1354 1448 1379 sibi
1467 1354 1618 1388 subjiciens,
1628 1361 1659 1380 ne
1677 1354 1718 1380 cui
1731 1353 1841 1379 tandem
1857 1352 1902 1378 ulla

279 1405 398 1431 unquam
410 1397 496 1424 colore
508 1397 581 1432 furor
591 1402 680 1424 tantus
699 1398 818 1433 obrepat,
828 1398 970 1433 invidoque
981 1397 1094 1425 dwmoni
1107 1405 1139 1424 ea
1156 1396 1293 1423 molitione
1306 1397 1440 1431 funestum
1454 1397 1534 1432 plane
1553 1405 1682 1432 organum
1695 1401 1804 1432 pareat,
1821 1404 1851 1422 ac
1869 1395 1902 1422 vel

280 1441 381 1474 fumum
400 1442 496 1476 patriae
510 1441 658 1477 civibusque
678 1446 813 1477 aspergat,
840 1451 872 1469 ne
893 1446 969 1469 tanta
989 1442 1075 1468 dicam
1094 1442 1185 1475 hisque
1203 1439 1487 1472 Thessalonicensibus,
1515 1441 1604 1476 omnia
1625 1441 1758 1476 pariaque
1777 1440 1902 1467 incendia.

280 1483 392 1519 Reliqua
413 1485 447 1511 ad
469 1485 573 1519 imperii
597 1485 740 1520 Byzantini
754 1486 902 1518 interitum,
925 1486 1032 1520 ejusque
1053 1485 1140 1519 ipsam
1160 1488 1323 1519 postremam
1343 1483 1429 1511 labem
1446 1493 1477 1511 ac
1502 1492 1622 1511 occasum
1635 1484 1901 1518 ntinistrabunt,ipsa

281 1528 404 1562 Cydonii,
421 1527 586 1563 aliorumque
600 1528 656 1562 ejus
675 1530 779 1556 circiter
791 1530 849 1562 aevi,
865 1529 995 1564 pauloque
1009 1528 1166 1564 supparium
1185 1535 1198 1554 e
1214 1527 1296 1561 Regia
1308 1527 1378 1562 ipsa,
1395 1527 1508 1562 aliisque
1525 1527 1672 1554 Christiani
1685 1528 1757 1554 orbis
1773 1527 1900 1554 bibliothe-

281 1572 329 1603 cis,
347 1571 463 1607 epistolae
480 1580 510 1598 ac
525 1571 663 1607 opuscula,
683 1578 740 1609 post
760 1573 854 1600 Leonis
870 1573 982 1600 Diaconi
1001 1578 1026 1600 et
1041 1570 1177 1600 Michaelis
1198 1570 1281 1598 Pselli
1302 1571 1398 1606 (altero
1415 1572 1456 1598 hic
1470 1572 1561 1598 statim
1573 1572 1717 1606 volumine)
1731 1571 1902 1598 Historiarum

281 1615 400 1643 illustria
423 1625 438 1642 a
458 1624 498 1642 me
520 1616 584 1643 data
601 1617 778 1651 συντάγματα
796 1625 802 1632 '
827 1618 880 1645 sive
897 1617 961 1644 mihi
985 1617 1035 1652 ipsi
1053 1618 1108 1644 vita
1124 1623 1209 1642 comes
1227 1616 1317 1650 fuerit,
1339 1616 1393 1642 sive
1410 1617 1452 1642 cui
1471 1624 1517 1650 per
1534 1615 1732 1642 Providentiam
1750 1615 1901 1642 destinatum

282 1658 341 1688 erit.
359 1658 482 1694 lampade
493 1659 604 1686 tradita.
619 1659 873 1688 Thessalonicensem
888 1661 955 1688 hunc
971 1660 1114 1687 tumultum
1124 1660 1278 1695 perstrinxit
1294 1659 1493 1687 Cantacuzcnus
1507 1659 1526 1687 l.
1538 1660 1565 1694 5,
1575 1659 1660 1692 0.94;
1679 1667 1715 1686 an
1730 1659 1834 1686 sincera
1846 1659 1901 1685 satis

282 1702 469 1737 historiciﬁde,
485 1711 531 1729 nec
543 1711 598 1730 sua:
614 1703 669 1738 ipse
685 1712 771 1732 causae
787 1704 888 1738 favens,
905 1704 1019 1731 aliorum
1032 1705 1164 1739 judicium
1181 1709 1246 1731 esto.

1440 1791 1629 1800 ...κα-..-

772 1868 1098 1913 ΔΗΜΗΤΡΙΟΥ
1131 1866 1424 1921 ΚΥΔΟΝΙΟΥ

1016 1954 1170 1990 ΜΟΝῼΔῐΑ

716 2029 782 2055 EIII
817 2029 898 2055 ΤΟΙΣ
931 2028 982 2054 ΕΝ
1015 2027 1276 2061 ΘΕΣΣΑΛΟΝΙΚῌ
1306 2026 1481 2053 ΠΕΣΟΥΣΙ.

797 2152 1092 2197 DEMETRII
1133 2151 1385 2198 CYDONII

625 2247 802 2279 OCCISOR
809 2248 871 2278 UM
913 2249 1246 2280 THESSALONICzE
1288 2251 1414 2282 ΜΟΝΟ.

783 2248 871 2278 RUM
913 2249 1246 2280 THESSALONICzE
1288 2251 1482 2282 ΜΟΝΟΒΙΑ
1519 2251 1572 2292 (1).

1010 2313 1092 2341 (Anno
1110 2312 1190 2338 15w.)

327 2456 338 2483 Ι
375 2455 443 2488 Viri,
469 2458 606 2490 quotquot
632 2455 849 2490 propinquorum
871 2463 904 2482 ac
931 2455 1075 2490 gentilium
1091 2458 1114 2486 Α

1111 2481 1114 2486 ,
1164 2455 1208 2491 [Ρ.
1223 2456 1354 2492 584-585]
1379 2457 1413 2484 α’.
1427 2457 1551 2492 Ἄνδρες,
1569 2457 1625 2484 ὅσοι
1641 2457 1690 2489 τὰς
1705 2458 1761 2483 τῶν
1780 2456 1900 2491 συγγενῶν

290 2506 446 2528 vostrorum
461 2499 597 2535 eﬂ‘ugistis
611 2506 718 2531 manus,
736 2507 843 2536 mecum
862 2499 919 2533 ipse
936 2499 1075 2533 undequa-

1127 2502 1330 2536 διαπεφεύγατε
1347 2504 1451 2538 χεῖρας,
1475 2501 1530 2536 ὲγὼ
1546 2502 1594 2537 μὲν
1613 2502 1669 2528 οὐδ’
1680 2503 1730 2528 ὅτι
1749 2502 1802 2538 χρὴ
1824 2502 1897 2529 καλεῑι

291 2555 345 2582 que
357 2546 546 2578 considerans,
571 2553 626 2581 quo
640 2545 753 2573 nomine
770 2545 893 2572 vocanda
909 2545 945 2572 sit
966 2544 1075 2577 civitas,

1128 2549 1178 2583 τὴν
1194 2549 1281 2581 πόλιν,
1295 2550 1324 2576 ὲν
1366 2549 1454 2575 ταῦτα
1466 2549 1651 2584 πεπόνθαμεν,
1663 2548 1784 2582 δύναμαι
1798 2547 1898 2574 exami-

293 2591 319 2616 in
348 2597 401 2624 qua
417 2589 497 2617 nobis
518 2590 588 2617 maia
612 2590 670 2617 haec
693 2594 858 2622 evenerunt,
883 2589 1006 2617 invenire
1022 2598 1075 2617 non

1131 2604 1210 2631 μενος
1225 2596 1394 2631 πανταχόθεν
1407 2597 1508 2631 εὑρεῖν.
1524 2596 1553 2623 '0
1566 2597 1615 2631 μὲν
1630 2596 1685 2630 γὰρ
1699 2595 1853 2630 περίϐολος,
1863 2592 1898 2620 πό-

292 2643 416 2671 possum.
443 2636 516 2663 Sane
531 2636 644 2670 quidem
666 2636 788 2663 civitatis
809 2636 942 2670 urbisque
957 2635 1077 2662 ambitus

1128 2642 1197 2673 λεως
1208 2650 1214 2657 '
1228 2642 1259 2668 τὸ
1274 2642 1295 2668 δ’
1314 2643 1343 2668 ὲν
1358 2642 1427 2677 αὑτῇ
1445 2643 1544 2677 στῆσαι
1563 2642 1694 2677 τρόπαιον
1721 2641 1777 2668 ἀπὸ
1795 2640 1846 2666 τῶν

293 2685 352 2714 est;
372 2681 399 2708 in
415 2689 448 2708 ea
463 2686 553 2709 autem
570 2682 617 2716 qui
637 2681 718 2709 sedes
731 2682 849 2710 habeant
859 2681 893 2709 de
905 2681 1011 2709 civibus
1024 2686 1078 2713 tro-

1131 2688 1213 2715 λιτῶν
1226 2689 1288 2719 τοὺς
1307 2688 1464 2723 οἰκήτορας,
1481 2688 1528 2714 καὶ
1541 2682 1710 2715 άεκενῶσθαι
1733 2687 1864 2722 σωμάτων
1879 2682 1899 2708 si

294 2733 383 2761 pzeum
400 2726 531 2758 erexisse,
554 2729 582 2753 et
598 2727 762 2761 corporibus
775 2726 955 2760 municipium
976 2733 1077 2753 vacua-

1132 2735 1209 2766 ἄπτυ,
1226 2735 1274 2760 καὶ
1286 2734 1385 2768 Στυγὸς
1399 2735 1445 2761 καὶ
1461 2734 1592 2761 Κωκυτοῦ
1607 2735 1654 2761 καὶ
1667 2733 1820 2769 Βαρϐάρων
1836 2730 1899 2767 χείρω

296 2778 354 2799 tum
366 2780 438 2804 esse,
454 2780 512 2802 eos.
528 2772 575 2807 qui
591 2780 714 2805 evasere,
728 2772 809 2807 Styge
819 2771 923 2811 pariter
931 2776 960 2798 et.
975 2771 1078 2806 Cocyto

1002 2777 1078 2806 90310
1131 2781 1195 2812 τοὺς
1213 2780 1382 2815 ἐκφυγόντας
1400 2780 1551 2815 ἀναγκάζει
1569 2779 1672 2815 ταύτην
1688 2779 1791 2806 καλεῖν.

297 2819 378 2850 atque
391 2817 518 2844 Barbaris
532 2816 697 2844 deteriorem
720 2816 805 2851 ipsam
821 2823 980 2850 nuncupare
995 2816 1077 2851 cogit.

333 2860 360 2886 2.
387 2860 409 2887 0
425 2867 533 2897 tempus
553 2862 580 2889 in
605 2862 694 2890 lucem
720 2862 831 2889 trahens
857 2861 966 2893 omnia,
998 2865 1078 2895 atque

1171 2860 1201 2895 β’.
1216 2862 1246 2887 “ﬂ
1257 2861 1345 2888 πάντα
1365 2861 1412 2896 μὲν
1430 2860 1543 2895 φαίνων,
1561 2859 1649 2886 πάντα
1666 2859 1695 2886 δὲ
1711 2858 1837 2894 κρύπτων
1849 2853 1898 2890 χρό’

1048 2916 1164 2944 ΝΟΤίΕ.

341 2967 378 3001 (1)
399 2968 511 3002 Trugica
526 2969 715 3005 comploratio,
731 2966 914 2995 Lamentatio.
