1999 3165
83 173 129 206 6i!

536 172 712 203 MONODIA
731 172 949 202 OCCISORUM
965 173 1268 206 THESSALONICfE.

1662 178 1716 209 64?

83 232 138 263 vo;!
157 230 192 257 Ὢ
215 231 307 257 πᾶσαν
324 230 372 265 μὲν
401 230 579 264 συγγραφὴν,
592 230 683 256 πᾶσαν
704 229 737 255 ,δὲ
762 229 870 264 ποίησιν

923 231 1015 258 omnia
1036 232 1150 266 tegens!
1177 231 1360 264 Ocalamitas,
1375 233 1509 269 quidquid
1536 241 1651 268 usquam
1670 235 1715 261 hi-

83 275 266 311 ᾰποκρὸψασα
280 276 424 311 συμφοράί
439 276 470 302 Ὢ
482 277 586 307 πάντας
602 276 651 310 μὲν
665 275 871 310 διηγουμένους,

83 321 186 353 πάντας
201 321 232 347 δὲ
248 321 433 356 μονῳδοῦντας
442 321 548 356 σιωπᾷν
563 319 758 354 ἀναγκάζουσα
772 321 851 355 φήμη
864 321 870 346 l

83 369 200 403 Πότερον
212 368 370 402 ὲπαινῶμεν
382 368 445 399 τοὺς
458 368 543 393 οἰκεῖν
555 367 688 402 λαχόντας
700 367 750 402 τὴν
763 366 871 401 χώρους

88 414 158 442 Ἀλλ’
167 414 252 441 αὑτοῦ
270 409 317 441 καὶ
326 414 389 446 τοὺς
404 416 503 448 φονέας
517 414 636 449 ὁρῶμεν,
652 414 700 440 καὶ
715 414 781 448 αἰτῇ
794 413 874 447 eam

83 459 190 495 πικρῶς
204 459 329 494 ἔχοντες,
340 459 458 486 ἐνταῦθα
470 459 515 485 τὸν
526 459 595 494 πρὸς
613 458 698 494 αὐτὴν
714 459 874 494 πεπολεμή-

83 514 145 533 κασι
157 506 289 540 πόλεμον.
305 505 387 533 Ἀλλὰ
399 505 586 541 καταρώμεθα
601 506 648 532 καὶ
666 505 768 541 μιαρὰν
782 505 874 532 καλῶ-

82 560 131 586 μεν
148 552 201 586 τὴν
213 551 306 584 πόλινς
325 551 396 578 Ἀλλ’
411 553 427 585 ἡ
443 552 498 578 τῶν
515 552 653 578 πεσόντων
669 551 765 588 ἀρετὴ.
783 552 874 587 πάσης

80 598 185 632 ἀρετῆς
196 606 226 624 τε
241 598 288 624 καὶ
302 598 384 633 εὐχῆς
398 597 478 631 ἀξίαν
494 598 579 633 αὐτὴν
593 597 749 632 ἀποφαίνει.
760 597 808 629 Τίς
819 598 874 633 ἄρα

79 645 110 680 τῇ
124 644 178 679 τῆς
197 644 302 676 πόλεως
315 644 451 679 ἐϐάσκηνε
462 643 541 680 δόξῃς
557 644 605 676 Τίς
618 644 720 679 ταύτην
733 644 802 680 αὐτῇ
820 653 873 679 φυ-

77 690 227 717 λάττεσθαι
248 691 323 725 παρὰ
340 691 451 718 πάντων
467 691 498 716 οὺ
515 690 689 726 συνεχώρησε
700 691 745 717 διὰ
757 691 849 722 τέλους
863 699 871 724 ;

76 735 126 767 Τίς
141 736 182 771 μὴ
199 735 267 771 πρὸς
287 737 320 771 τῇ
341 736 434 772 σοφίᾳ,
449 738 495 764 καὶ
512 738 547 772 τῇ
564 736 756 773 φιλανθρωπίᾳ
770 737 872 771 ταύτην

75 782 172 816 ἀφῆκε
191 780 472 817 φιλοτιμεῖσθαι;Τίς
488 785 545 815 τοῖς
563 783 690 819 ὑστέροις
712 784 822 819 συνέχεε
839 784 873 811 τὰ

74 829 220 864 πρότερας
240 829 281 857 Τὰ
311 830 362 864 μὲν
387 830 441 866 γὰρ
469 831 523 866 πρδ
538 830 592 857 τῶν
612 830 795 866 τολμημάτων
811 831 873 858 τού-

71 884 131 901 των
151 877 202 902 καὶ
215 876 264 911 τῆς
278 876 405 911 σχετλίας
418 878 537 913 ἡμέρας,
555 877 597 909 τίς
611 877 682 904 οὕτω
697 878 787 912 λόγοις
803 877 873 905 πάν-

926 275 1074 303 storiarum
1090 277 1276 305 monumentis
1287 278 1425 313 proditum
1435 284 1487 312 est,
1503 278 1638 314 quidquid
1650 287 1717 315 poe-

927 325 1018 347 tarum
1041 321 1143 349 fabulis
1165 323 1336 350 celebratum
1351 345 1358 356 ,
1385 324 1505 352 obscuro
1517 325 1667 353 damnansi
1693 325 1716 354 0

926 372 1030 398 rumor,
1057 373 1074 393 ο
1100 367 1182 399 fama,
1209 368 1334 395 omnium
1358 369 1405 404 qui
1422 370 1609 398 narrationem
1635 370 1716 398 iustis

926 416 1015 445 tuant,
1027 413 1206 449 omniumque
1218 414 1342 442 funestos
1358 423 1438 443 casus
1457 417 1558 451 tragice
1571 417 1716 452 deploran-

927 457 996 485 tium
1010 465 1058 485 ora
1072 459 1155 487 silere
1178 460 1336 488 necessario
1356 463 1504 496 praestans!
1522 462 1716 491 Laudemusne

926 504 1047 539 regionis
1062 505 1183 533 incolas?
1207 507 1242 534 At
1271 507 1299 534 in
1320 514 1353 534 ea
1386 512 1415 535 et
1432 509 1548 536 sicarios
1569 509 1713 538 videmus:

924 551 1155 587 amarulentoque
1173 552 1301 581 homines
1316 553 1408 581 animo
1423 561 1454 581 ac
1464 555 1585 591 ingenio,
1611 555 1656 584 bic
1666 556 1715 583 ad-

924 604 1022 625 versus
1039 605 1100 625 eam
1128 606 1247 634 pugnam
1274 601 1481 628 commiserunt.
1505 601 1612 629 Dirisne
1630 602 1714 629 devo-

924 650 1057 676 veamus,
1085 645 1237 679 urbemque
1268 646 1405 681 impuram
1431 655 1464 674 ac
1491 648 1714 676 seelestissimam

925 690 1065 718 dicamus?
1079 691 1239 725 Enimvero,
1263 700 1359 720 eorum
1375 693 1422 728 qui
1438 694 1599 721 ceciderunt
1613 695 1713 728 virtus,

924 736 999 764 omni
1020 744 1080 764 eam
1101 738 1204 765 virtute
1220 758 1227 770 ,
1251 738 1404 774 faustisque
1428 739 1537 775 dignam
1563 740 1714 774 ominibus,

924 783 1057 811 ostendit.
1085 783 1217 818 Quisnam
1244 785 1329 820 igitur
1353 785 1431 813 urbis
1453 786 1571 813 claritati
1598 787 1716 815 invidit?

924 830 991 864 Quis
1005 838 1065 858 eam
1079 838 1109 858 se
1125 831 1176 858 sibi
1200 831 1227 858 in
1244 831 1325 859 tinem
1343 839 1429 867 usque
1450 832 1484 859 ab
1500 833 1631 861 omnibus
1656 841 1715 861 ser-

923 885 989 905 vare
1006 885 1060 905 non
1076 878 1161 905 sivit?
1174 878 1241 911 Quis
1256 882 1356 913 praeter
1373 879 1548 913 sapientiam,
1566 880 1648 907 etiam
1664 880 1716 908 liu-

72 930 127 953 uc
153 922 252 953 νικῶν,
270 923 345 954 ὅστις
369 923 402 950 ἂν
429 921 485 954 οἷός
508 923 532 949 τ’
557 923 667 957 ἐγένετο
692 923 870 959 διηγούμενος

924 923 1065 950 manitatis
1081 923 1162 951 laude
1185 931 1245 951 eam
1262 924 1408 958 splendere
1427 932 1482 951 non
1504 925 1631 952 dimisit?
1648 925 1715 958 Quis

69 967 224 1002 ἐφικέσθαι
241 968 355 1003 μέγεθος
373 969 433 1004 μὲν,
452 968 516 996 ὥστ’
533 969 635 1002 ἐξεῖναι
647 971 709 1000 ταῖς
727 970 870 1005 μεγίσταις

69 1016 164 1050 αὐτὴν
179 1015 367 1050 παραϐάλλειν
376 1023 383 1031 '
403 1006 479 1042 δέσιν
489 1015 518 1042 δὲ
531 1015 579 1051 τὴν
591 1016 739 1052 καλλίστην
753 1015 812 1051 ἅμα
823 1016 871 1042 καὶ

69 1061 286 1097 ὑγιεινοτάτην·
304 1062 421 1097 καρπῶν
436 1071 466 1088 τε
483 1063 581 1098 φορὰν,
599 1062 646 1089 καὶ
658 1062 704 1089 τὸν
720 1063 771 1098 τῆς
785 1062 871 1096 Αίγύ-

68 1115 144 1134 πτου
171 1107 253 1134 τόκον
272 1108 413 1141 νικῶσαν;
431 1107 493 1134 Νεὼ
508 1108 536 1134 δὲ
550 1108 597 1135 καὶ¹
617 1107 690 1142 ἱερὰ,
709 1108 765 1134 τῶν
781 1108 870 1134 ἁπαν-

19 1174 22 1176 .
68 1154 159 1189 ταχοῦ
175 1154 311 1182 κάλλιστά
327 1163 356 1181 τε
385 1155 433 1181 καὶ
451 1154 606 1189 ἁγιώτατα,
628 1154 749 1181 τοσαῦτα
773 1154 820 1181 καὶ
841 1153 871 1180 τδ

70 1201 197 1236 μέγεθος
212 1201 260 1228 καὶ
274 1201 305 1228 τὸ
320 1200 433 1236 πλῆθος,
445 1201 509 1228 ὥστ’
520 1202 571 1227 οὐκ
581 1199 650 1227 εἶναι
664 1200 766 1227 τούτων
778 1201 870 1228 ἄλλοθι

69 1247 227 1280 τοσούτοις,
255 1246 318 1274 οὔτε
345 1248 468 1282 μείζοσιν
491 1246 555 1274 οὔτε
586 1246 708 1273 πλείοσιν
736 1247 869 1282 ἐντυχεῖν

69 1294 164 1329 ἀγορά
183 1302 214 1320 τε
236 1294 300 1325 τοὺς
327 1294 356 1326 ἐξ
377 1293 488 1328 ἀπάσης
519 1293 571 1329 γῆς
599 1292 794 1328 ὑποδεχομένη,
822 1293 870 1320 καὶ

69 1342 138 1372 τοὺς
161 1341 315 1373 συνιόντας,
328 1336 359 1366 οὗ
379 1341 430 1375 γῆς
448 1337 503 1366 εἷεν
524 1341 639 1375 ἀπορεῖν
660 1339 868 1373 ἀναγκάζουσα·

71 1386 115 1422 [Ρ.
131 1386 200 1422 586]
218 1386 289 1413 οὕτω
301 1386 400 1413 ταυτὸν
420 1384 454 1421 ἢν
472 1386 580 1420 ἐκείνην
599 1394 629 1412 τε
647 1385 741 1417 οίκεῑν,
756 1387 802 1412 καὶ
818 1386 872 1412 πά-

73 1442 136 1464 σαις
154 1434 214 1468 ἄμα
231 1434 372 1468 παρεῖναι.
387 1432 509 1467 Λιμένας
522 1432 551 1458 δὲ
560 1432 653 1458 πολλοὶ
664 1433 713 1467 μὲν
725 1432 870 1468 ἐπῄνεσαν·

73 1479 124 1505 ὁδ’
160 1478 280 1506 ἐνταῦθα
308 1480 418 1505 πάντων
436 1478 479 1506 ,ἂν
506 1477 620 1510 δικαίως
639 1479 764 1513 ἐνίκησεν
797 1476 869 1505 εἶναι

75 1526 265 1561 παράδειγμα,
278 1527 291 1552 ὁ
306 1525 387 1557 αὐτὸς
417 1526 478 1552 ἀντὶ
502 1525 607 1557 πόλεώς
623 1534 652 1551 τε
671 1525 709 1551 ὢν
735 1525 782 1552 καὶ
795 1525 872 1560 λιμέ-

77 1581 131 1604 νος,
163 1573 213 1598 καὶ
230 1572 280 1607 τὴν
296 1571 372 1598 πόλιν
386 1572 436 1598 οὑκ
449 1572 489 1603 είς
509 1571 558 1606 τὴν
573 1571 709 1598 θάλατταν
733 1572 871 1606 λήγουσαν

77 1619 277 1654 παρεχόμενος,
296 1617 353 1645 ἀλλ’
368 1618 408 1649 είς
423 1618 500 1644 πόλιν
513 1618 621 1653 ἑτέραν.
647 1617 727 1644 Οὕτω
748 1617 873 1652 σεμνότε-
887 1607 908 1636 C

77 1673 124 1700 ρον
139 1666 187 1692 καὶ
201 1665 257 1692 τῶν
272 1665 432 1697 Βαὸυλῶνος
454 1665 618 1700 ἐτετείχιστο
640 1664 801 1700 περιϐόλων.
815 1665 873 1692 Μέ-

76 1722 169 1746 freto;
185 1713 213 1740 δὲ
227 1713 266 1739 ὣν
278 1710 315 1740 ὧν
333 1715 412 1748 ἴσμεν
426 1713 554 1748 λιμένων,
575 1713 707 1748 μεγίστην
720 1712 871 1748 παρέχεται

75 1759 129 1794 τὴν
147 1760 308 1794 ἀσφάλειαν,
331 1760 379 1786 καὶ
403 1759 452 1795 τὴν
468 1760 546 1786 πόλιν
559 1757 615 1786 οἷον
630 1759 660 1786 ὲν
672 1759 807 1793 ἀγκάλαις
819 1767 869 1785 πε-

77 1806 262 1841 ριλαμσάνων,
289 1806 428 1842 συμφῦναι
445 1807 520 1833 δοκεῖ
545 1806 673 1833 σπεύδειν
697 1806 777 1841 αὐτῇ.
790 1806 826 1832 Τὸ
840 1806 869 1832 δὲ

72 1853 140 1880 ὅλον
152 1853 244 1888 σχῆμα
274 1853 325 1888 τῆς
351 1853 457 1884 πόλεως
474 1853 547 1884 τίνος
563 1852 614 1887 μὲν
626 1852 677 1879 οὐκ
696 1852 730 1879 ἃν
745 1852 870 1886 ὲκοίμισε

70 1900 184 1935 idem;
200 1901 268 1927 Τίνα
282 1901 310 1927 δὲ
326 1900 376 1926 οὐκ
390 1899 423 1927 ἂν
437 1900 568 1927 νοσοῦντα
588 1898 735 1934 ἀνώρθωσε
745 1897 827 1931 ;Τίνα
842 1897 870 1923 δὲ

68 1945 133 1972 οὐκ
144 1946 174 1972 ἂν
195 1945 269 1978 ξένον
281 1945 373 1972 ἔπεισε
386 1946 494 1980 καὶτῆς
505 1943 632 1980 οὶκ[ε]ίας
648 1943 843 1975 halama-6m;

923 969 969 1002 iis,
986 977 1048 1004 qua:
1068 974 1163 997 secuta
1180 973 1256 1002 sunt.
1279 970 1373 1005 priora
1390 970 1538 998 confudit?
1561 970 1627 1004 Quae
1641 972 1715 999 enim

922 1016 1132 1044 scelestissimos
1143 1024 1228 1044 ausus
1239 1016 1290 1044 hos
1305 1021 1332 1044 et
1346 1017 1532 1045 miserabilem
1548 1017 1620 1045 diem
1637 1024 1716 1045 ante-

922 1070 1042 1095 cessere,
1071 1063 1133 1098 quis
1155 1067 1231 1091 tanta
1247 1063 1414 1098 eloquentia:
1434 1063 1461 1091 vi
1475 1064 1585 1092 donctis
1598 1066 1713 1097 eminet,

921 1114 953 1138 ut
965 1111 1075 1145 assequi
1089 1110 1182 1137 verbis
1197 1109 1335 1138 suilieiat?
1351 1109 1510 1146 Magnitudo
1528 1114 1612 1144 tanta,
1635 1114 1666 1138 ut
1682 1119 1713 1138 ea

922 1164 985 1184 cum
998 1156 1126 1184 maximis
1140 1156 1256 1184 urbibus
1277 1156 1406 1192 componi
1419 1157 1518 1184 merito
1529 1157 1626 1192 possit.
1649 1156 1715 1184 Loci

922 1202 992 1230 situs
1018 1202 1224 1238 pulcherrimus
1246 1202 1328 1230 simul
1355 1207 1384 1230 et
1407 1202 1627 1236 saluberrimus;
1655 1203 1715 1230 fru-

922 1254 1017 1276 ctuum
1033 1252 1194 1284 proventus,
1203 1249 1250 1283 qui
1263 1252 1291 1276 et
1303 1248 1412 1284 Egypti
1424 1249 1596 1277 feracitatem
1612 1249 1716 1277 vincat.

923 1295 1036 1330 Templa
1063 1303 1095 1323 ac
1112 1303 1197 1323 sacras
1213 1295 1296 1328 ades,
1323 1299 1398 1322 tanta
1416 1295 1608 1331 magnitudine
1622 1295 1717 1330 sicque

922 1349 1096 1374 numerosae,
1125 1345 1156 1369 ut
1187 1342 1264 1368 nullo
1283 1349 1400 1377 usquam
1425 1341 1485 1368 loco
1503 1342 1531 1368 in
1566 1344 1655 1368 tantas
1669 1344 1718 1368 aut

923 1388 1041 1423 majores
1064 1387 1192 1422 pluresve
1219 1387 1343 1415 incidere
1361 1387 1454 1415 liceat.
1479 1386 1580 1414 Forum
1595 1386 1714 1414 omniex

923 1437 996 1461 terra
1010 1433 1155 1460 venientes
1169 1433 1334 1468 suscipiens,
1354 1441 1386 1460 ac
1399 1433 1446 1468 qui
1459 1432 1653 1460 convenissent
1668 1432 1716 1460 ubi

923 1484 1061 1508 terrarum
1082 1484 1176 1506 essent
1201 1480 1342 1515 ambigere
1370 1487 1490 1515 cogens:
1507 1480 1547 1506 sic
1566 1479 1639 1506 idem
1656 1484 1716 1507 erat

923 1526 951 1552 in
967 1533 999 1552 ea
1017 1525 1135 1560 degere,
1159 1533 1191 1553 ac
1214 1526 1324 1554 cunctis
1350 1526 1433 1553 simul
1460 1524 1540 1553 torris
1569 1525 1716 1560 praesentia

925 1573 1034 1600 adesse.
1061 1573 1141 1600 Multi
1159 1576 1224 1600 sunt
1243 1572 1289 1607 qui
1306 1577 1402 1607 portus
1419 1572 1717 1605 laudavere;'i‘hessa-

926 1618 1109 1646 lonieensium
1124 1623 1218 1646 autem
1229 1618 1353 1645 omnium
1365 1618 1465 1645 merito
1479 1617 1621 1653 exemplar
1633 1617 1717 1645 evicit

925 1672 998 1697 esse,
1014 1665 1086 1692 idem
1104 1665 1162 1699 ipse
1181 1669 1209 1692 et
1232 1663 1321 1697 urbis,
1348 1668 1376 1692 et
1398 1669 1493 1699 portus
1503 1664 1591 1691 vicem
1607 1671 1716 1700 gerens.

925 1712 1004 1746 cujus
1023 1719 1139 1738 munere
1162 1710 1229 1738 urbs
1255 1718 1311 1737 non
1333 1710 1366 1738 ad
1385 1717 1460 1738 mare
1486 1710 1605 1742 desinat,
1621 1709 1668 1737 sed
1682 1710 1716 1736 ad

924 1757 1021 1784 urbem
1037 1757 1164 1784 alteram.
1191 1757 1237 1784 Sic
1250 1762 1278 1784 et
1290 1764 1346 1790 pra:
1359 1756 1496 1792 Babylone
1509 1757 1653 1792 augustior
1669 1764 1714 1784 se-

923 1807 1002 1836 ptus:
1020 1809 1139 1835 cumque
1155 1802 1290 1834 omnium,
1307 1809 1378 1836 quos
1389 1802 1559 1833 noverimus,
1573 1806 1670 1836 portus
1682 1801 1716 1827 sit

923 1848 1068 1879 maximus,
1083 1847 1228 1874 maximam
1246 1847 1424 1875 securitatem
1435 1847 1549 1882 praebet,
1561 1847 1716 1881 urbemque

924 1895 1003 1929 quasi
1029 1891 1152 1921 bra’cbiis
1180 1893 1356 1928 astringcns,
1397 1894 1525 1928 uinisque
1548 1893 1662 1925 fovens,
1690 1893 1715 1919 ei

924 1941 1000 1969 velut
1011 1940 1166 1968 coalescere
1178 1939 1245 1967 eniti
1261 1939 1380 1966 videtur.
1404 1939 1487 1967 Urbis
1503 1938 1593 1966 omnis
1610 1938 1718 1973 species

67 1992 159 2027 cujus
170 2000 224 2019 non
239 1992 324 2019 animi
339 1991 462 2019 dolorem
481 1990 604 2018 sedarit?
620 1990 706 2023 Quem
717 1996 790 2024 aegro
807 1994 923 2023 corpore
954 1993 1010 2014 non
1036 1981 1135 2013 sanum'
1158 1985 1334 2012 reddiderit?
1369 1984 1421 2011 Cui
1439 1989 1570 2012 extraneo
1602 1988 1657 2010 non
1688 1985 1717 2008 ct

69 2038 176 2073 patria:
186 2037 340 2072 domusque
352 2036 520 2063 oblivionem
536 2035 651 2063 fecerit?

122 2087 153 2118 γ’.
175 2083 255 2110 Ἀλλὰ
267 2085 320 2120 μὴν
333 2084 383 2118 τήν
411 2091 442 2116 γε
457 2083 506 2117 τῆς
521 2081 626 2113 πόλεως
648 2080 801 2113 εὐσέϐειαν,
819 2079 869 2106 καὶ

61 2131 133 2165 τὴν
144 2131 204 2165 περὶ
219 2130 266 2157 τὸν
281 2129 348 2156 Θεὸν
360 2129 519 2165 θεραπείαν,
541 2128 644 2163 βέλτιον
660 2127 694 2154 ἄν
707 2135 747 2159 τις
757 2125 869 2153 σιωπῶν

61 2178 86 2212 ἦ
123 2177 302 2212 φθεγγόμενος
319 2175 466 2208 ἐνδείξαιτο
479 2177 535 2206 τοῖς
555 2173 711 2201 ἀκούουσιν.
729 2173 802 2199 Ἐκεῖ
814 2172 868 2207 γὰρ

57 2222 175 2250 τακτοὶ
192 2223 241 2257 μὲν
252 2222 305 2248 οὐκ
322 2222 376 2248 εἰσὶ
399 2221 492 2256 καιροὶ
516 2221 572 2251 τοῖς
594 2219 722 2251 εὔξασθαι
739 2218 869 2254 βουλομέ-

56 2275 147 2300 νοις,
158 2267 225 2295 ἀλλὰ
241 2267 295 2294 τῶν
326 2267 406 2302 ιερῶν
431 2267 479 2293 καὶ
506 2265 615 2301 νύκτωρ
637 2265 685 2292 καὶ
708 2265 869 2300 μεθημὲραν

956 2076 1056 2112 600a
1065 2075 1092 2102 5.
1104 2074 1214 2102 Atenim
1231 2073 1309 2101 urbis
1324 2073 1467 2108 pietatem.
1491 2081 1523 2101 ac
1544 2081 1609 2110 erga
1626 2075 1712 2103 Deum

921 2126 1039 2157 cultum,
1049 2124 1148 2152 melius
1160 2123 1299 2158 quispiam
1312 2123 1435 2155 silentio,
1452 2129 1534 2157 quam
1545 2129 1672 2150 sermone
1683 2130 1716 2150 ac

922 2171 1032 2207 eloquio
1043 2170 1219 2199 auditoribus
1229 2169 1421 2196 insinuaverit.
1431 2169 1510 2196 Nulla
1522 2168 1560 2196 ibi
1569 2173 1638 2196 stata
1647 2173 1716 2196 tem-

922 2225 1000 2253 pora,
1010 2217 1044 2244 iis
1059 2216 1106 2252 qui
1122 2216 1208 2243 velint
1219 2215 1379 2251 precatione
1393 2215 1516 2250 defungi,
1529 2215 1577 2242 sed
1593 2219 1621 2242 et
1631 2220 1715 2243 noctu

921 2269 1003 2299 atque
1017 2263 1139 2291 interdiu
1157 2263 1288 2290 reseratis
1302 2262 1390 2289 sacris
1413 2262 1530 2295 :edibus,
1556 2269 1653 2297 preces
1665 2262 1717 2289 im-

55 2314 260 2349 ἀνεῳγμένων
276 2333 283 2345 ,
311 2301 401 2346 ἔξεστι
427 2312 549 2348 πληροῦν
573 2312 623 2344 τὰς
645 2312 728 2347 εὐχὰς
742 2311 790 2339 καὶ
803 2311 870 2348 0αρ-

923 2311 998 2346 plere
1020 2310 1095 2342 licet,
1130 2317 1163 2338 ac
1187 2309 1326 2337 conﬁdere
1342 2309 1376 2336 de
1390 2309 1492 2344 quibus
1509 2309 1572 2344 quis
1585 2314 1716 2337 oraturus

56 2360 138 2397 ῥεῖν
165 2361 229 2396 περὶ
259 2357 297 2387 ὧν
324 2369 366 2392 τις
394 2359 558 2395 δεησόμενος
583 2356 662 2394 ἧκεν.
682 2358 719 2384 Ἥ
734 2366 763 2385 τε
789 2358 870 2394 λοιπὴ

923 2357 1006 2384 venit.
1028 2356 1145 2391 Reliqua
1163 2356 1229 2384 item
1244 2355 1271 2382 in
1293 2355 1430 2391 ejusmodi
1448 2355 1652 2391 magnificentia
1674 2359 1716 2382 at-

58 2406 144 2441 περὶ
158 2406 193 2432 τὰ
207 2404 322 2432 τοιαῦτα
338 2405 479 2440 φιλοτιμία
489 2413 519 2431 τε
537 2404 585 2430 καὶ
597 2403 711 2438 σπουδὴ,
728 2402 872 2439 ἀναθημά-

51 2458 134 2479 των
150 2450 239 2486 κάλλη
254 2450 304 2487 καὶ
321 2450 423 2486 πλῆθος
447 2450 597 2485 προσόδιον,
626 2448 675 2475 καὶ
699 2448 870 2483 παννυχίδων

54 2498 217 2532 συνέχεια,
232 2497 281 2524 καὶ
293 2498 321 2524 αι
336 2496 390 2524 τῶν
406 2497 524 2532 ᾀδόντων
538 2497 644 2530 ίυγγες,
656 2495 705 2523 καὶ
717 2496 734 2530 ἡ
747 2494 792 2521 διὰ
802 2495 871 2521 πάν-

48 2552 134 2572 των
152 2544 247 2580 ὥσπερ
268 2545 296 2570 ὲν
313 2544 431 2579 μουσικῇ
455 2542 585 2578 ὁμολογία
602 2543 649 2568 καὶ
678 2541 765 2575 τάξις,
787 2540 868 2567 ταυτὶ

44 2593 94 2620 δὲ
123 2590 226 2625 βέλτιον
251 2591 373 2627 παρόντα
397 2590 464 2626 ὸρᾷν
479 2590 527 2617 καὶ
550 2589 699 2625 πειρᾶσθαι
724 2595 871 2622 καταμαν-

43 2638 170 2666 Θάνειν
185 2636 327 2672 γινόμενα.
344 2636 401 2663 Καὶ
417 2636 472 2671 μὴν
499 2637 546 2662 καὶ
570 2634 667 2670 μισθὸν
681 2634 774 2666 αὐτοῖς
794 2632 869 2660 οὗτοι

40 2681 179 2720 φαῦλον
193 2683 244 2719 τῆς
270 2682 413 2714 εὐσεϐείας
427 2682 537 2718 ὁρῶμεν
547 2689 553 2698 ·
566 2682 624 2708 ἀλλ’
642 2681 672 2708 ὃν
689 2681 722 2707 ἄν
739 2689 781 2712 τις
794 2679 870 2714 αὐτῷ

36 2739 95 2766 γε
119 2728 241 2764 ἡφιλοις
273 2728 447 2762 συνεύξαιτο”
468 2727 632 2764 πολιορκιῶν
647 2736 677 2754 τε
700 2727 802 2759 λύσεις,
822 2725 870 2752 καὶ

923 2734 991 2762 quos
1019 2725 1191 2754 necessarios
1229 2724 1370 2758 habebat;
1406 2723 1513 2751 solutas
1543 2722 1713 2754 obsidiones,

35 2774 166 2812 λιμῶν
182 2775 320 2812 βοηθείας,
338 2775 386 2802 καὶ
400 2775 562 2810 νοσημάτων
588 2775 620 2809 δὴ
636 2774 785 2810 Θεραπείας
804 2773 867 2799 ὲπι-

923 2773 1002 2800 iamis
1021 2773 1131 2807 solatia,
1149 2771 1358 2800 adventantium
1384 2769 1515 2806 depulsos
1530 2769 1644 2797 morbos
1661 2767 1713 2805 (2),

834 2817 951 2846 NOTAE.

96 2870 156 2906 (Ξ)
177 2871 242 2900 Haec
255 2873 395 2907 praecipue
414 2871 441 2898 in
454 2871 515 2898 Vita
530 2869 663 2907 Demetrii
675 2868 735 2907 inse
746 2868 868 2907 digesta;
926 2873 1066 2903 tempora,
1090 2875 1122 2895 ac
1139 2867 1240 2903 illyrici
1260 2866 1349 2899 bella;
1375 2871 1541 2900 possemque
1560 2870 1715 2898 repraesen-

29 2904 142 2947 qué:
160 2913 186 2935 et
222 2904 386 2936 ornamento
421 2910 514 2934 essent
544 2905 577 2933 ad
605 2905 724 2932 Mauritii
752 2904 864 2931 circiter
921 2908 990 2935 tare.

919 2413 973 2441 que
986 2411 1078 2439 opera.
1092 2403 1208 2439 pulchra
1219 2402 1345 2435 donaria,
1355 2405 1539 2438 proventuum
1554 2401 1715 2434 multitudo,

916 2453 996 2488 iuges
1017 2454 1101 2479 noctu
1127 2449 1236 2486 vigiliae,
1266 2454 1412 2477 cantorum
1437 2448 1591 2479 illecebrae.
1618 2455 1650 2475 ae
1664 2455 1715 2483 per

919 2497 1013 2525 omnia
1030 2497 1105 2525 velut
1128 2496 1157 2524 in
1181 2495 1286 2523 musica
1308 2498 1462 2522 concentus
1474 2493 1618 2529 ordoque;
1641 2494 1713 2524 haec.

923 2543 1046 2578 inquam,
1060 2544 1182 2577 prestat,
1195 2540 1241 2576 qui
1258 2540 1294 2568 sit
1305 2547 1436 2576 praesens,
1449 2539 1556 2572 videre,
1572 2546 1605 2567 ac
1617 2539 1714 2567 conari

922 2596 1015 2618 rerum
1030 2589 1089 2624 ipsa
1106 2587 1277 2615 exhibitione
1291 2586 1461 2614 condiscere.
1476 2585 1560 2621 Atqui
1571 2593 1624 2614 nec
1634 2593 1714 2621 sper-

921 2635 1040 2663 nendam
1053 2634 1165 2670 pietatis
1182 2632 1339 2661 mercedem
1356 2632 1461 2660 civitati
1481 2631 1610 2660 videmus
1618 2638 1714 2660 acces-

921 2681 1002 2714 sisse,
1016 2687 1049 2708 ac
1064 2687 1146 2715 quam
1161 2679 1213 2707 sibi
1229 2678 1293 2714 quis
1302 2677 1401 2706 merito
1415 2676 1714 2712 compreceturﬁisque
