1999 3165
289 185 343 218 643

926 184 1117 216 DEMETRII
1134 184 1289 214 CYDONII
1870 183 1916 215 6H

288 248 385 276 regum
399 247 484 268 neces
496 239 643 269 instructis
657 239 745 276 copiis
763 238 969 272 adorientium;
991 239 1021 267 in
1042 238 1084 265 fu-

1144 239 1304 274 ἰημούντων,
1322 239 1430 274 σφαγάς
1444 248 1473 266 τε
1489 238 1620 274 βασιλέων
1649 238 1741 270 αὐτοῖς
1755 239 1918 275 στρατεύμα-

289 292 382 315 turum
396 287 519 319 oracula,
541 286 628 315 Unam
640 287 708 322 fore,
726 295 786 323 qua:
807 288 835 314 in
853 286 987 314 communi
1005 285 1082 312 clade

289 342 321 361 ac
332 334 456 361 vastitate
475 333 613 360 incolumis
623 338 753 361 seruetur.
775 332 889 360 Confert
904 339 972 360 vero
985 331 1084 359 istius-

288 379 364 407 modi
379 387 489 414 quoque
500 379 608 412 usibus,
619 379 667 413 qui
676 382 705 406 et
720 378 882 406 universum
893 377 990 404 orbem
1003 376 1082 403 habi-

291 425 402 452 tabilem
444 424 663 459 universumque
707 422 917 450 inhabitabilem
949 420 1084 448 miraculo

291 474 376 501 tenet,
393 469 421 496 in
440 468 529 496 media
543 468 612 496 urbe
623 468 702 501 situs,
718 472 801 503 atque
812 467 846 494 ad
859 474 888 495 se
901 466 1085 501 undequaque

291 521 414 543 extrema
425 522 537 550 cogens,
561 519 619 541 tum
636 515 695 549 ipse
709 514 771 542 urbi
781 517 917 546 servator,
940 517 998 540 tum
1014 512 1084 539 civi-

291 562 343 590 bus
360 561 523 589 conciliator
535 565 618 596 atque
632 561 770 588 ad-Deum
789 560 969 588 intercessor.
989 559 1085 594 Neque

292 608 319 636 id
331 608 432 640 solum,
454 607 502 635 sed
526 611 556 634 et
577 607 625 642 qui
643 607 826 642 imperatores
840 606 964 641 placidos
977 604 1084 633 civitati

293 654 401 687 reddat,
428 661 490 681 cum
515 654 543 681 in
558 654 684 689 reliquis,
702 658 759 681 tum
774 657 804 680 ut
819 653 965 688 oppidanis
989 651 1086 679 remit-

293 706 353 728 tant
369 701 492 733 tributa;
510 701 593 736 inque
613 700 736 728 externis
755 707 788 727 ac
806 699 990 726 Barbarorum
1005 697 1087 726 bellis

293 748 352 783 ipse
367 748 465 776 ducem
482 752 555 783 agat,
583 747 814 782 tremendumque
837 745 990 782 majoribus
1004 745 1086 780 longe

292 795 381 830 copiis
393 799 424 822 ut
436 795 571 821 adversus
584 793 724 821 civitatem
737 800 812 820 arma
826 795 965 824 moveant,
975 790 1086 818 eiliciat.

294 839 340 867 Sic
371 840 503 867 nimirum
530 842 638 867 exstare
672 838 771 866 urbem
803 844 952 864 commune
977 835 1087 872 pietatis

293 887 433 922 exemplar
450 886 513 921 quis
531 885 643 914 dixerit.

1137 293 1180 312 σιν
1196 285 1340 318 ἐπιόντων,
1364 287 1412 312 καὶ
1429 286 1572 321 χρησμοὺς
1598 286 1638 317 είς
1651 286 1682 312 τὸ
1700 285 1807 320 μέλλον,
1825 286 1919 318 Μάνην

1136 330 1294 358 ἀνάλωτον
1304 331 1339 358 ἐν
1352 331 1390 366 τῇ
1404 331 1491 366 κοινῇ
1502 332 1766 366 περισωθήσεσθαι
1778 331 1919 366 συμφορᾷ.

1137 378 1269 414 Συνεργεῖ
1282 378 1311 405 δὲ
1325 379 1392 414 πρὸς
1416 378 1469 411 τὰς
1495 378 1626 410 τοιαύτας
1639 379 1734 413 χρείας
1760 378 1841 413 αὐτῇ,
1856 379 1898 405 καὶ
1914 382 1925 405 c'.

1138 426 1229 452 πᾶσαν
1244 425 1294 460 μὶν
1305 425 1356 460 τὴν
1378 425 1554 460 οίκουμένην,
1579 425 1671 451 πᾶσαν
1687 424 1715 451 δὲ
1734 424 1785 460 τὴν
1805 424 1926 459 ἀοίκητον

1137 471 1176 506 τῷ
1192 470 1312 506 θαύματι
1328 471 1486 506 κατασχὼν,
1505 471 1533 503 ὃς
1549 471 1578 498 ἐν
1601 470 1671 506 μέσῃ
1688 471 1722 506 τῇ
1744 470 1823 497 πόλει
1838 470 1912 505 κείμε

1138 527 1194 551 νος,
1212 518 1341 554 καὶπρὸς
1358 518 1442 545 αὑτὸν
1455 518 1490 545 τὰ
1518 517 1687 553 πανταχόθεν
1702 518 1777 553 ἄκρα
1799 517 1925 550 συνάγων.

1138 566 1172 600 τῇ
1186 572 1215 590 τε
1233 564 1310 591 πόλει
1331 564 1423 600 σωτὴρ
1437 563 1604 599 διαλλακτὴς
1616 572 1646 590 τε
1665 564 1722 595 τοῖς
1746 562 1871 594 πολίταις
1885 563 1924 588 καὶ

1139 610 1312 646 πρεσϐευτὴς
1327 610 1362 636 τὰ
1379 610 1448 645 πρὸς
1463 609 1542 636 Θεόν.
1559 609 1598 636 Οὐ
1613 608 1694 636 τοῦτο
1713 609 1742 635 δὲ
1758 608 1851 643 μόνον,
1866 607 1924 634 ἀλλὰ

1140 656 1188 683 καὶ
1201 655 1328 691 βασιλέας
1354 656 1404 691 μὲν
1431 656 1553 691 ἡμέρους
1575 656 1609 690 τῇ
1633 654 1757 689 πολιτείᾳ
1775 653 1922 688 καθίστησι,

1139 702 1174 728 τά
1191 710 1222 729 τε
1236 701 1305 728 ἄλλα
1325 701 1374 728 καὶ
1387 701 1422 727 τὰ
1442 700 1497 728 τῶν
1513 701 1605 736 φόρων
1616 700 1741 732 ἀνιέντας
1753 700 1788 734 τῇ
1805 699 1890 731 πόλει,
1901 700 1924 725 ἒν

1139 756 1170 774 τε
1184 748 1241 779 τοῖς
1255 748 1324 783 πρὸς
1338 747 1403 779 τοὺς
1417 747 1470 780 ἔξω
1493 747 1625 782 πολέμοις
1654 746 1736 778 αὐτὸς
1760 745 1924 781 στρατηγῶν,

1141 794 1189 821 καὶ
1204 793 1322 830 φοϐερὸν
1348 795 1406 826 τοῖς
1421 794 1599 826 πλεονάζουσι
1616 792 1748 824 καθιστὰς
1763 794 1848 819 κινεῖν
1864 792 1926 818 ὅπλα

1141 839 1212 866 κατὰ
1222 840 1272 874 τῆς
1285 839 1400 872 πόλεως.
1414 839 1508 871 οὕτως
1515 839 1548 866 ἂν
1554 840 1626 866 είποι
1641 847 1683 871 τις
1694 838 1822 866 ἵστασθαι
1844 838 1925 864 xor.va

1140 886 1191 921 τὴν
1208 886 1288 913 πόλιν
1300 886 1443 917 εὐσεϐείας
1455 883 1643 921 παράδειγμα.

274 935 277 938 '
329 933 356 961 ι.
368 933 516 960 Oratorum
529 939 615 967 porro
625 935 653 959 et
664 930 905 967 philosophorum,
917 928 1089 964 aliorumque

1175 930 1195 958 δ’
1200 953 1207 960 .
1225 931 1366 967 Ῥητόρων
1388 932 1418 958 δὲ
1441 931 1487 958 καὶ
1512 931 1675 966 φιλοσόφων.
1701 931 1749 958 καὶ
1770 930 1825 958 τῶν
1845 930 1927 957 ἄλλων

292 979 492 1011 litteratorum,
509 978 556 1006 ubi
577 977 638 1013 quis
656 981 705 1004 aut
725 977 830 1012 plures,
852 980 901 1003 aut
916 974 1089 1011 praestantio-

293 1034 339 1054 rcs
359 1026 460 1054 choros
485 1024 653 1061 perspiciat?
668 1024 739 1057 Quin
761 1024 842 1059 plane
859 1022 905 1050 hic
915 1029 1012 1050 omnes
1029 1021 1088 1056 pri-

293 1081 353 1100 mas
375 1072 442 1100 dant
461 1071 577 1104 civitati,
599 1079 632 1099 ac
654 1077 802 1098 commune
825 1069 998 1105 gymnasium
1014 1067 1089 1096 voci-

295 1123 354 1146 tant
369 1126 401 1146 ac
413 1118 548 1151 scholam,
567 1117 676 1146 cunctis
690 1117 724 1144 ad
737 1124 830 1144 musas
843 1116 870 1143 in
881 1123 914 1143 ea
928 1115 1008 1143 enixe
1021 1122 1089 1142 con-

295 1163 483 1191 tendentibus.
494 1163 643 1191 Enimvero
671 1163 739 1190 illud
749 1167 824 1190 certe
837 1169 922 1189 unum
939 1160 1013 1189 haud
1023 1161 1088 1188 licet

294 1209 387 1236 dicere
402 1218 408 1236 :
425 1209 452 1236 id
468 1216 542 1236 nunc
554 1208 666 1244 quidem
680 1207 742 1235 urbi
756 1207 918 1242 contigisse,
935 1211 966 1234 ut
983 1206 1090 1234 littera-

295 1263 357 1282 rum
377 1263 409 1283 ac
423 1255 592 1283 eruditionis
608 1253 759 1290 primatum
781 1257 902 1285 teneret,
918 1252 1004 1280 fuisse
1021 1259 1088 1279 vero

295 1309 358 1329 cum
386 1301 414 1328 in
441 1309 540 1329 eorum
564 1301 612 1336 qui
637 1299 793 1336 ignorantia
808 1299 1086 1327 laborantclasselm

294 1346 382 1374 cauda
412 1351 505 1374 esset:
533 1353 613 1374 secus
642 1346 739 1381 plane,
767 1345 875 1372 nullum
898 1353 954 1372 non
979 1349 1089 1380 tempus

295 1393 357 1425 fuit,
375 1393 402 1420 in
412 1401 467 1428 quo
477 1400 533 1420 non
551 1396 626 1420 esset
643 1392 782 1420 Elicorum
796 1391 874 1424 urbs,
891 1398 1089 1426 musarumque

295 1439 340 1466 hic
356 1439 382 1466 in
400 1446 488 1467 azvum
504 1438 596 1466 studia
614 1438 689 1466 clara
704 1438 830 1474 vigerent
855 1437 983 1470 victoria,
1002 1437 1088 1464 veluti

295 1486 397 1521 pubem
409 1485 507 1514 dicunt
519 1490 617 1521 poetae.
632 1485 678 1514 Sic
689 1485 807 1514 Athenis
819 1485 957 1520 quispiam
976 1484 1088 1517 dixerit,

297 1540 360 1559 cum
386 1532 571 1560 Demosthene
596 1539 629 1559 ac
657 1531 772 1560 Platone
792 1531 913 1564 versari,
937 1530 1090 1566 ludumque

298 1583 399 1611 terere,
412 1579 458 1606 cui
475 1578 521 1605 hic
536 1578 643 1606 versari
654 1578 814 1615 contigerit.

314 1640 316 1643 ‹
333 1626 360 1653 5.
380 1626 530 1653 Enimvero
553 1629 652 1653 cuneta
673 1625 732 1653 haec
749 1624 808 1652 dies
821 1632 874 1651 una
888 1623 1023 1656 confudit,
1048 1627 1091 1651 at-

298 1679 352 1707 que
375 1671 436 1698 urbi
458 1678 589 1698 coronam
610 1671 747 1703 detraxit;
774 1678 807 1697 ac
823 1678 906 1705 quam
930 1670 1092 1704 deperirent

299 1725 405 1750 omnes,
424 1717 497 1744 haud
515 1724 596 1744 secus
609 1724 642 1744 ac
656 1717 787 1751 scopulos
809 1716 861 1744 sub
877 1717 957 1751 aquis
975 1717 1092 1743 latentes

298 1765 423 1793 omnium
443 1765 545 1791 animis
563 1768 720 1799 suspectam
738 1762 868 1790 reddidit.
895 1762 917 1790 0
936 1762 1010 1789 unde
1024 1770 1091 1789 con-

301 1811 388 1839 tentio
404 1817 487 1846 atque
502 1811 536 1838 lis
559 1810 587 1837 in
600 1809 735 1837 mundum
759 1809 914 1843 ingressum
927 1808 1047 1836 habuit?
1070 1808 1092 1836 0

299 1857 374 1885 unde
393 1857 494 1885 seditio
514 1857 635 1884 miscens
651 1855 744 1883 omnia
757 1855 932 1890 impudenter
950 1855 1093 1889 obrepsit?

298 1903 378 1931 Unde
396 1910 463 1930 vero
475 1908 506 1930 ut
517 1910 570 1930 una
584 1902 612 1930 in
628 1910 660 1930 ea
677 1901 750 1929 nacti
765 1901 856 1934 sedes,
875 1910 930 1929 non
947 1906 976 1929 et
996 1901 1094 1929 eadem

299 1950 328 1978 in
341 1958 399 1978 rem
416 1954 513 1978 mutuo
530 1950 581 1977 rati
596 1949 762 1982 conducere,
782 1949 828 1976 alii
843 1949 962 1976 aliorum
976 1953 1093 1976 conten-

299 1997 384 2025 tionis
409 1997 509 2025 ardore
531 1997 702 2032 degustarint
724 2003 839 2028 carnes,
867 1994 1044 2030 amniumque
1061 2001 1094 2022 ac

298 2045 518 2080 propinquorum
533 2043 681 2071 cruoribus
699 2043 818 2078 patriam
841 2041 982 2073 fmdarint,
1009 2048 1093 2076 quam

299 2095 329 2119 et
347 2090 457 2126 potiore
481 2090 642 2125 parentibus
663 2089 725 2116 loco
748 2088 783 2116 iis
807 2088 866 2116 fore
896 2095 946 2123 par
969 2092 1039 2119 erat.
1070 2087 1094 2115 si

301 2145 375 2164 sanae
400 2137 504 2164 mentis
527 2135 676 2164 scintillam
691 2135 774 2162 ullam
795 2134 966 2162 retinerent?
991 2134 1013 2162 li
1027 2141 1094 2162 vero

300 2183 383 2210 furiis
406 2182 513 2217 agitari,
543 2188 678 2217 regesque
702 2180 818 2208 adorare
841 2188 874 2208 ac
902 2181 1093 2216 imperatores,

301 2229 349 2264 qui
371 2228 490 2263 publicis
509 2227 578 2256 nihil
602 2227 728 2263 tyrannis
738 2227 868 2256 meliores
878 2233 982 2255 essent.
1009 2227 1095 2255 Terra

1139 978 1195 1005 τῶν
1224 979 1271 1005 ἐπὶ
1293 979 1350 1010 τοῖς
1375 978 1477 1012 λόγοις,
1512 977 1564 1004 ποῦ
1596 986 1639 1009 τις
1666 977 1698 1004 ἂν
1732 978 1750 1014 ἢ
1777 977 1886 1008 πλείους
1911 975 1925 1009 ἢ

1139 1024 1268 1056 καλλίους
1319 1024 1369 1051 ἴδοι
1404 1024 1524 1061 χορούς;
1556 1024 1627 1050 Ἀλλ’
1669 1024 1789 1050 ἐνταῦθα
1832 1023 1927 1055 πάντες

1140 1070 1183 1106 [Ρ.
1205 1069 1268 1106 5S7]
1285 1071 1458 1106 συγχωροῦσι
1490 1071 1524 1106 τῇ
1547 1070 1635 1102 πόλει,
1656 1070 1703 1097 καὶ
1718 1069 1860 1105 διατριϐὴν
1875 1078 1927 1096 κα-

1139 1116 1216 1143 λοῦσι
1237 1117 1342 1152 κοινὴν,
1370 1118 1480 1144 πάντων
1503 1117 1581 1152 παρὰ
1607 1117 1658 1149 τὰς
1680 1116 1801 1144 ἐνταῦθα
1829 1116 1925 1151 μούσας

1140 1162 1339 1198 ἐπειγομένων.
1360 1163 1443 1190 Ἀλλὰ
1459 1163 1514 1198 μὴν
1524 1162 1606 1190 τοῦτό
1621 1171 1654 1197 γε
1671 1163 1753 1198 μόνον
1775 1162 1827 1189 οὐκ
1845 1163 1925 1189 ἔνεστ’
1966 1175 1968 1179 ν

1140 1211 1239 1242 είπείν,
1253 1211 1291 1242 ὡς
1304 1211 1352 1237 νῦν
1371 1211 1420 1245 μὲν
1437 1211 1506 1246 αὐτῇ
1524 1210 1683 1246 συμϐέῦηκε
1699 1210 1855 1245 προστῆναι
1875 1209 1925 1236 τῶν

1140 1256 1239 1290 λόγων,
1255 1254 1289 1292 ἦν
1317 1257 1340 1283 δ’
1353 1257 1398 1284 ὅτε
1417 1257 1487 1292 μετὰ
1513 1256 1569 1283 τῶν
1586 1256 1759 1291 ἀγνοούντων
1787 1256 1923 1283 ἐτέτακτο·

1140 1303 1209 1330 ἀλλὰ
1221 1303 1268 1330 τὸν
1283 1303 1392 1330 ἅπαντα
1403 1303 1436 1338 δὴ
1452 1303 1548 1338 χρόνον
1568 1302 1684 1330 Ἐλικῶν
1700 1299 1735 1338 ἦν
1747 1303 1765 1337 ἠ
1782 1302 1869 1335 πόλις,
1885 1302 1925 1329 καὶ

1141 1350 1284 1385 νενίκηκεν
1295 1349 1416 1377 ἐνταῦθα
1432 1349 1466 1376 τὰ
1484 1349 1539 1376 τῶν
1553 1348 1664 1385 μουσῶν
1680 1348 1714 1376 δι’
1729 1349 1828 1380 αἰῶνος
1843 1349 1926 1383 ἀκμά-

1141 1395 1209 1429 ζειν,
1220 1395 1314 1431 ὥσπερ
1322 1395 1389 1431 φασὶ
1399 1395 1448 1431 τὴν
1458 1395 1552 1430 ’Ἥϐην
1568 1395 1593 1422 οί
1609 1395 1731 1430 ποιηταί.
1745 1394 1842 1425 Οὕτως
1854 1393 1927 1429 ’Δθίιιο

1140 1452 1220 1479 νῃσιν
1236 1443 1268 1470 ἄν
1282 1451 1325 1475 τις
1341 1443 1414 1470 ετποι
1432 1442 1503 1478 μετὰ
1517 1441 1711 1477 Δημοσθένους
1729 1441 1778 1469 καὶ
1793 1440 1927 1471 Πλάτωνος

1140 1489 1301 1526 διατρίϐειν,
1315 1488 1409 1516 αὐτόθι
1421 1488 1582 1524 γενόμενος.

1178 1622 1210 1651 ε’.
1227 1622 1300 1650 Ἀλλ’
1317 1622 1428 1651 ᾶπαντα
1453 1623 1541 1651 ταῦτα
1559 1624 1653 1660 ἡμέρα
1687 1623 1720 1659 δὴ
1740 1624 1791 1660 μία
1814 1625 1930 1660 συνέχεε,

1143 1669 1190 1697 καὶ
1198 1669 1243 1696 τὸν
1257 1669 1308 1705 τῆς
1323 1670 1428 1702 πόλεως
1439 1670 1565 1705 ἀφείλετο
1578 1671 1711 1705 στέφανον
1720 1679 1728 1686 ⁶
1738 1671 1787 1698 καὶ
1797 1671 1847 1706 τὴν
1860 1673 1930 1705 κοινῇ

1143 1716 1298 1752 ἐρωμένην,
1318 1713 1414 1753 ὥσπερ
1437 1718 1488 1749 τὰς
1505 1718 1623 1752 ὑφάλους
1646 1718 1812 1745 ὑποπτεύειν
1827 1718 1931 1746 ἔπεισεν

1143 1763 1278 1795 ἅπαντας.
1295 1764 1326 1790 Ὢ
1343 1763 1424 1790 πόθεν
1442 1764 1491 1799 μὲν
1503 1765 1543 1797 είς
1560 1764 1606 1792 τὸν
1616 1765 1720 1800 κόσμον
1733 1765 1791 1801 ἔρις
1803 1765 1906 1800 εἰσῆλθε
1921 1774 1929 1798 ς

1145 1810 1230 1838 Πόθεν
1244 1811 1273 1838 δὲ
1293 1811 1466 1846 είσεκώμασε
1488 1812 1596 1846 στάσις
1612 1812 1698 1839 Πόθεν
1713 1812 1740 1839 δὲ
1754 1813 1834 1848 οίτὴν
1849 1813 1931 1847 αὐτὴν

1145 1857 1357 1890 κατοικοῦντες,
1370 1859 1400 1885 οὐ
1424 1858 1474 1885 καὶ
1485 1858 1574 1886 ταυτὰ
1598 1858 1785 1894 λυσιτελήσειν
1812 1859 1932 1894 ἀλλήλοις

1145 1904 1316 1939 νομίζοντες,
1337 1903 1466 1938 γεύονται
1493 1904 1542 1940 μὶν
1561 1904 1780 1939 φιλονεικοῦντες
1803 1905 1930 1940 ἀλλήλω-ι,

1145 1952 1243 1986 αἵματι
1262 1951 1291 1978 δὲ
1307 1950 1450 1985 συγγενῶν
1461 1951 1511 1986 τὴν
1524 1951 1644 1987 πατρίδα
1663 1952 1827 1986 μιαίνουσιν,
1837 1952 1870 1987 ῆν
1883 1950 1932 1977 Bst

1146 1998 1196 2025 καὶ
1211 1998 1266 2034 πρὸ
1278 1998 1334 2025 τῶν
1345 1997 1449 2032 γονέων
1463 1997 1569 2031 αὐτοῖς,
1581 1997 1608 2024 εί
1621 1998 1647 2031 γ’
1661 1998 1834 2034 ἐσωφρόνουν
1849 1997 1931 2033 ὑπάρ-

1145 2053 1224 2080 χειν;
1240 2045 1272 2072 υῑ
1288 2044 1338 2079 μὲν
1353 2043 1509 2079 ἐμαίνοντο,
1533 2045 1581 2071 καὶ
1595 2043 1725 2080 βασιλέας
1741 2044 1931 2079 προσεκύνουν,

1145 2089 1222 2117 οὐδὲν
1240 2089 1295 2116 τῶν
1307 2089 1426 2125 δημοσίᾳ
1439 2089 1646 2124 τυραννούντων
1661 2088 1804 2124 ἀμείνους.
1820 2089 1875 2116 Καὶ
1899 2087 1934 2120 γῆ

1146 2136 1289 2171 ἐνομίζετο
1318 2136 1368 2170 μὲν
1398 2135 1535 2171 ἡμετέρα.
1562 2135 1616 2162 ὑπὸ
1639 2135 1669 2162 δὲ
1703 2135 1759 2162 τῶν
1782 2135 1933 2170 δυναμένων

1146 2181 1323 2216 ἐγεωργεῐτο.
1346 2180 1521 2208 Ἐκέκλειστο
1534 2180 1563 2207 δὲ
1580 2181 1596 2216 ἠ
1616 2180 1752 2213 Θάλασσα,
1767 2181 1829 2213 ταῖς
1845 2181 1874 2207 δὲ
1888 2180 1933 2206 πιε-

1146 2226 1221 2254 λεσιν
1233 2226 1306 2253 οὕτω
1324 2226 1414 2262 μόνως
1432 2226 1496 2261 ἐνῆν
1512 2227 1694 2260 ἀναπνεῦσαι,
1711 2228 1736 2254 εί
1759 2228 1810 2262 τῆς
1833 2226 1933 2253 ἐλευθε-

302 2282 385 2310 porro
408 2282 440 2302 ac
459 2274 535 2310 regio
554 2279 649 2302 nostra
661 2274 826 2307 habebatur,
839 2273 888 2302 sed
907 2273 1090 2309 potentiorum

1149 2273 1211 2309 ρίας
1235 2273 1413 2300 παντάπασιν
1434 2272 1618 2301 ἐπιλάϐοιντο.
1636 2273 1691 2306 οὓς
1709 2273 1737 2300 δέ
1753 2272 1934 2308 δυσχεραίνειν

303 2321 347 2348 vis
372 2328 405 2349 ac
424 2321 525 2356 injuria
548 2328 581 2348 ea
603 2320 756 2349 fruebatur.
779 2320 853 2348 Mare
865 2320 1006 2348 occlusum
1021 2326 1092 2353 erat,

303 2367 475 2403 urbibusque
492 2368 530 2395 ita
541 2367 629 2395 solum
644 2367 780 2402 respirare
788 2367 900 2400 licebat,
917 2366 941 2394 si
958 2366 1094 2394 libertatis

302 2421 418 2450 prorsus
433 2414 528 2442 oblitae
543 2418 648 2442 essent.
671 2413 747 2447 Quos
763 2421 829 2441 vero
844 2421 892 2448 par
908 2416 969 2440 erat
981 2412 1094 2447 indigne

301 2462 387 2494 ferre,
405 2466 436 2489 ut
449 2461 552 2496 quibus
570 2465 715 2497 putaretur
732 2460 892 2496 imperium,
912 2459 931 2487 ii
961 2467 1019 2486 rem
1037 2459 1094 2487 risu

300 2507 489 2543 excipiebant,
500 2514 532 2535 ac
544 2507 568 2535 si
598 2507 683 2535 rebus
693 2506 759 2535 hinc
773 2506 896 2535 accessio
910 2507 992 2534 foret.
1011 2505 1096 2533 Malo-

302 2563 364 2582 rum
377 2563 462 2590 porro
478 2554 631 2582 remedium
643 2559 705 2582 erat
723 2553 758 2581 iis
769 2553 858 2581 solum
878 2553 1008 2580 nuntiare
1021 2551 1093 2585 dira,

301 2601 350 2636 qui
372 2601 432 2636 ipso
455 2609 552 2628 eorum
569 2605 684 2633 eventu,
708 2599 836 2627 victimas
849 2599 995 2627 iaciebant.
1009 2598 1095 2632 Quot-

302 2651 372 2683 quot
395 2651 488 2674 autem
507 2654 542 2674 ex
562 2646 758 2682 praesentibus,
773 2653 829 2681 quo
843 2645 954 2673 tandem
969 2644 1094 2683 res_civi-

302 2695 408 2722 tatibus
421 2701 546 2722 evasura;
565 2697 671 2728 essent,
695 2693 914 2728 augurabantur,
933 2691 1096 2727 quaerebant

303 2742 349 2770 cui
373 2740 551 2777 pereuntium
575 2747 650 2768 cura
669 2744 752 2767 esset.
777 2739 816 2767 Ac
840 2738 1025 2770 occurrebat,
1047 2737 1095 2772 qui

303 2788 424 2816 llercule
440 2787 547 2819 fortior,
565 2786 647 2815 Peleo
665 2785 778 2818 castior,
795 2784 893 2821 majori
910 2783 1096 2812 Themistocle

301 2835 330 2862 vi
352 2835 455 2870 ingenii
475 2839 566 2867 esset;
592 2841 624 2861 ac
646 2832 694 2868 qui
718 2833 777 2867 ipse
799 2839 864 2868 erga
883 2830 1009 2858 subditos
1031 2829 1096 2865 Cyri

304 2882 426 2909 animum
442 2881 618 2917 indolemque
635 2880 762 2908 referret.
787 2879 832 2912 At,
845 2879 914 2906 dura
926 2886 972 2906 res
985 2877 1094 2913 legisla-

306 2931 350 2954 tor
362 2925 462 2953 animis
478 2926 599 2960 quietem
610 2933 691 2959 agere
707 2924 825 2958 nesciis;
845 2925 959 2959 ejusque
980 2923 1096 2951 moleste

1149 2319 1214 2353 ἔδει,
1228 2319 1267 2351 ὡς
1285 2319 1360 2354 σφίσι
1381 2319 1432 2354 τῆς
1449 2319 1539 2355 ἀρχῆς
1562 2319 1812 2355 περικοπτομένης,
1831 2318 1933 2353 ἐγέλων.

1149 2367 1244 2403 ὥσπερ
1261 2367 1456 2402 προστιθέντες
1469 2367 1528 2398 τοῖς
1544 2366 1614 2394 οὖσι.
1631 2366 1668 2393 Τὸ
1678 2366 1707 2393 δὲ
1726 2366 1876 2401 φάρμακον
1888 2364 1934 2390 τῶν

1149 2413 1255 2446 κακῶν,
1270 2413 1388 2450 μηνύσαι
1406 2413 1487 2449 μόνον
1499 2414 1534 2440 τὰ
1557 2413 1632 2448 πάθη
1647 2413 1705 2444 τοῖς
1724 2412 1768 2439 ὅτι
1788 2411 1868 2438 ταῦτ’
1884 2410 1938 2443 ἑτέ-

1148 2468 1212 2487 νετο
1225 2460 1331 2487 θύουσι.
1343 2459 1422 2486 Ὅσοι
1435 2459 1458 2486 δ’
1472 2460 1505 2486 ἐκ
1514 2459 1570 2485 τῶν
1581 2458 1735 2494 παρόντων,
1747 2456 1775 2485 οἳ
1786 2457 1937 2491 τελευτήσει

1149 2505 1184 2532 τὰ
1201 2505 1276 2533 κακὰ
1293 2506 1354 2537 ταῖς
1374 2505 1487 2532 πόλεσιν
1500 2503 1693 2540 ἐμαντεύοντο,
1707 2503 1827 2539 ἐζήτουν
1846 2500 1869 2537 ᾧ
1890 2502 1938 2528 τῶν

1149 2552 1348 2588 ἀπολλυμένων
1366 2551 1498 2587 μελήσει·
1526 2551 1574 2578 καὶ
1601 2546 1683 2586 εὗρον
1702 2550 1874 2585 Ἡρακλέους
1897 2548 1938 2583 μὲν

1149 2598 1350 2634 ἀνδρειότερον,
1376 2597 1600 2632 σωφρονέστερον
1616 2595 1646 2622 δὲ
1665 2596 1791 2631 Πηλέως,
1815 2595 1941 2630 Θεμιστο-

1150 2644 1248 2676 κλέους
1261 2644 1289 2671 δὲ
1305 2643 1505 2678 συνετώτερον·
1520 2642 1556 2669 τὰ
1567 2642 1662 2678 Κύρου
1672 2642 1700 2669 δὲ
1715 2643 1764 2669 καὶ
1777 2642 1863 2669 αὐτὸν
1880 2641 1941 2674 πρζ

1149 2691 1214 2723 τοὺς
1224 2692 1240 2718 ά
1245 2699 1293 2727 ρχο
1297 2690 1394 2727 μένους
1401 2699 1435 2726 με
1440 2690 1478 2726 μιΙ
1486 2689 1536 2726 μη]
1540 2690 1630 2725 μένον.
1638 2689 1720 2716 Ἀλλὰ
1728 2690 1832 2724 πικρὸν
1837 2687 1942 2722 νομοθέο

1149 2745 1210 2772 της,
1217 2738 1274 2768 τοτς
1279 2736 1426 2772 ἡσυχάζειν
1432 2737 1483 2763 οὐκ
1489 2736 1634 2770 ἐγνωκόσι,
1648 2735 1696 2762 καὶ
1707 2735 1757 2771 τὴν
1765 2735 1857 2771 ἀρχὴν
1866 2734 1940 2760 ἐδυσ-

1150 2784 1277 2820 χέραινον
1301 2783 1352 2818 τὴν
1375 2783 1492 2816 ἐκείνου,
1506 2783 1531 2809 οἱ
1541 2782 1634 2817 σφίσιν
1640 2782 1732 2813 αὐτοῖς
1739 2782 1850 2817 πονηρὰ
1860 2788 1944 2807 συνει-

1149 2829 1224 2861 δότες
1235 2837 1241 2844 ·
1258 2829 1306 2856 καὶ
1321 2828 1367 2856 διὰ
1377 2828 1465 2855 ταῦτα
1475 2828 1624 2864 ἀκρόπολίς
1635 2836 1666 2854 τε
1679 2827 1712 2863 δὴ
1726 2827 1802 2863 παρὰ
1817 2827 1873 2853 τῶν
1884 2824 1943 2850 νοὶν

1150 2876 1268 2911 ἐχόντων
1296 2874 1540 2910 κατελαμσάνετο,
1568 2874 1606 2906 ὡς
1633 2873 1680 2909 βίᾳ
1702 2873 1749 2901 τὸν
1776 2871 1942 2908 ὲξεστηιιότι

1149 2921 1237 2956 δῆμον
1251 2921 1487 2956 θεραπευσόντων,
1505 2919 1560 2948 Καὶ
1574 2919 1649 2956 παρὰ
1661 2920 1708 2947 τὸν
1724 2920 1808 2947 παῖδα
1831 2918 1881 2945 τοῦ
1900 2916 1945 2952 βαι
