1999 3165
93 195 146 226 645

542 174 721 226 MONODI
736 193 957 225 OCCISORUM
975 193 1280 224 THESSALONICIE.

1677 195 1730 227 646

93 250 190 284 σιλὲως
204 251 251 278 τὸν
268 251 397 287 σώφρονα
415 252 463 279 καὶ
481 253 569 288 πρᾶον
584 252 634 279 καὶ
658 252 792 287 φρόνιμον
816 250 883 286 πρέ·

939 248 1065 277 ferebant
1078 250 1238 286 imperium,
1260 250 1309 286 qui
1331 250 1384 286 ipsi
1403 251 1457 279 sibi
1474 251 1610 279 malorum
1624 254 1730 281 conscii

92 298 169 330 σθεις
182 295 262 333 ἧκον,
272 297 411 330 ἀξιοῦντες
423 298 581 334 στράτευμα
595 297 765 333 πέμπεσθαι,
778 297 826 324 καὶ
833 297 884 332 τὴν

93 346 144 381 μιν
155 345 234 372 πόλιν
249 346 373 381 ἐπισχεῖν
385 345 427 382 [Ρ.
437 344 500 381 588]
513 345 576 372 καθ’
588 345 688 380 ἑαυτῆς
701 343 882 379 μαινομένην,

91 391 209 425 φυλάξαι
224 391 252 418 δέ
261 391 293 418 τὰ
309 391 470 426 πράγματα,
483 391 523 426 τῷ
532 390 630 423 σώζειν
647 390 716 418 αὐτὰ
728 389 882 425 δυναμένῳ.

93 437 169 464 Ἔδει
182 437 244 464 τότε
258 437 356 473 μικρὸν
369 437 505 473 ήσυχάσαι
518 437 570 473 τὴν
578 437 674 473 τύχην,
688 437 736 463 καὶ
749 435 884 472 στρατιώ-

90 492 139 515 τας
167 483 327 519 ἐλευθερίαν
353 482 518 518 κομίζοντας
545 483 583 518 μὴ
611 483 745 510 κωλῦσαι,
768 482 825 509 Νῦν
838 481 883 516 ἂν,

90 530 151 558 ἀντὶ
164 530 213 556 τοῦ
229 528 381 563 στενάζειν,
396 530 425 556 ἐν
441 530 550 565 ἑορταῖς
563 530 629 564 ἡμῖν
644 527 707 564 ἦνὴ
722 528 809 560 πόλις.
825 527 883 554 Νῦν

90 575 123 602 ἂν
138 575 270 612 ἐχόρευον
295 575 345 610 μέν
362 574 442 611 ήμῶν
454 575 478 601 al.
507 575 625 607 πολῖται,
646 576 671 601 οἱ
682 575 704 601 δ’
722 574 815 610 ἐχθροὶ
833 574 883 610 τὴν

89 622 234 657 παροῦσαν
260 621 466 657 μετελάμϐανον
482 622 579 658 τύχην.
606 621 674 658 Δίκη
689 621 711 648 δ’
731 622 764 649 ἂν
779 621 883 656 ἐγίνετο

91 669 152 703 μετ’
168 668 333 704 ἀνθρώπων,
352 668 444 696 καὶτὰ
471 668 517 695 τοῦ
532 668 636 704 χρυσοῦ
656 668 753 703 γένους
771 669 804 696 ἂν
816 669 883 704 ἡμῖν

89 713 221 749 περιῆκε.
233 713 291 741 Νῦν
309 713 331 740 δ’
348 713 382 749 (ὣ
398 713 457 746 πῶς
469 714 502 741 τὰ
525 714 615 745 καλῶς
639 713 839 750 βεϐουλευμένα
865 715 882 750 ἡ

89 760 159 795 τύχη
175 760 315 792 παίζουσα
343 760 535 796 περιτρέπειῐ)
553 761 578 787 οἱ
606 760 656 796 μὲν
679 760 824 795 ἠπείγοντο
837 769 844 777 ·
858 761 883 787 ot

88 806 112 833 δ⁴
124 804 197 842 ἦσαν
215 807 366 843 μετέωροι·
385 808 433 834 καὶ
452 807 507 835 τῶν
526 807 647 843 σημείων
671 806 721 842 ήδη
753 808 806 841 πρὸ
828 807 883 835 τῶν

89 852 186 880 πυλῶν
196 853 379 889 φαινομένων,
390 853 496 889 δαίμων
510 862 552 885 τις
570 853 701 889 φθονερὸς
717 855 799 890 ὑπῄει
819 854 883 886 τοὺς

89 900 196 932 πάντας
210 900 335 931 ἐοικότας
343 899 418 935 αὑτῷ
430 908 437 914 ·
455 900 503 926 καὶ
515 899 562 927 τδν
574 900 661 935 δῆμον
674 900 788 936 αἵματος
798 901 882 928 πάλαι

937 300 1042 324 essent.
1056 296 1094 324 Ea
1108 304 1190 324 causa
1201 297 1255 324 fuit
1271 305 1321 324 cur
1339 297 1392 325 viri
1405 297 1459 326 cati
1471 305 1503 326 ac
1513 298 1620 326 cordati
1638 307 1730 327 arcem

937 343 1112 378 occuparint,
1132 343 1210 379 quasi
1220 343 1253 371 ad
1265 344 1405 372 saniorem
1416 349 1548 377 mentem,
1564 352 1597 372 ea
1611 350 1731 372 emotam

936 388 1046 423 plebem
1058 389 1084 416 vi
1102 390 1242 417 redacturi
1259 394 1362 417 essent.
1377 390 1486 418 Adsunt
1496 391 1578 426 legati
1593 391 1627 418 ad
1646 390 1733 426 impe-

937 436 1037 462 ratoris
1049 435 1146 469 illium,
1156 436 1247 463 virum
1261 436 1426 469 modestum,
1441 437 1546 468 mitem,
1555 437 1730 472 prudentem,

938 485 1066 516 rogantes
1089 482 1161 510 mitti
1183 482 1285 510 milites
1313 482 1360 518 qui
1381 483 1479 510 urbem
1502 489 1679 518 compescant
1704 484 1731 510 in

937 534 997 554 sese
1022 527 1170 562 furentem,
1186 529 1267 564 eique
1283 529 1388 556 servari
1412 536 1468 561 res,
1484 529 1532 564 qui
1546 529 1605 564 ipse
1621 529 1731 558 incolu-

937 579 995 599 mes
1018 577 1149 607 praestare
1175 579 1278 609 posset.
1292 575 1359 602 Erat
1376 579 1442 602 tunc
1456 574 1592 610 tantisper
1608 575 1732 608 fortuna:

936 618 1146 654 quiescendum,
1163 628 1215 648 nec
1226 621 1369 648 inhibendi
1383 621 1495 654 milites,
1511 622 1558 657 qui
1574 621 1731 649 libertatem

936 664 1047 692 allaturi
1065 671 1170 694 essent.
1190 666 1270 694 Nunc
1283 675 1349 694 sane
1366 675 1416 702 pro
1431 668 1508 695 luctu
1525 675 1557 695 ac
1571 668 1685 704 gemitu,
1702 669 1730 695 in

937 711 1060 746 tripudio
1082 716 1165 748 atque
1182 714 1274 748 epulis
1304 714 1384 741 nobis
1414 714 1512 742 civitas
1540 719 1624 742 esset.
1652 715 1731 742 Nunc

936 757 1017 793 plane
1030 758 1106 786 cives
1121 762 1209 787 nostri
1221 761 1323 788 choros
1333 760 1478 794 ducerent,
1494 768 1526 788 ac
1541 760 1646 788 inimici
1660 768 1730 796 prte-

936 804 1024 831 sentis
1050 809 1152 833 nostra:
1180 806 1299 834 fortunae
1325 807 1474 842 participes
1500 807 1731 842 cssent.Vigeret
1776 823 1781 846 ε

934 850 1041 886 justitia
1055 851 1128 879 inter
1149 852 1287 886 homines,
1301 861 1472 889 aureumque
1487 861 1575 889 genus
1598 853 1625 880 in
1648 853 1730 881 nobis

937 901 1078 931 superstes
1098 903 1181 926 esset.
1198 899 1276 926 Nunc
1299 907 1376 932 vero,
1390 907 1407 927 o
1419 899 1557 935 quomodo
1570 907 1631 935 quae
1654 904 1730 928 recte

87 946 220 981 διψῶντα,
227 946 275 973 ἐπὶ
281 945 362 982 κόρον
367 941 429 978 ταῖς
436 948 570 982 πονηραῖς
582 935 753 982 παρεκάλουν
759 948 790 983 δη
795 956 883 983 μηγο-

935 943 1061 971 consiliis
1078 943 1156 972 initis
1184 944 1338 972 deliberata
1363 951 1468 978 essent,
1498 945 1598 973 ludens
1617 945 1730 973 fortuna

89 993 173 1028 ρίαις.
185 992 244 1019 οιδ·
250 991 398 1025 ἐκινοῦντο,
408 989 465 1018 οἷον
475 993 599 1028 Ὄμηρος
611 992 664 1029 ἐφη
681 993 731 1028 τὴν
746 994 884 1022 θάλατταν

88 1039 136 1065 ὑπ’
151 1038 285 1065 ἐναντίων
313 1038 479 1074 πνευμάτων
506 1039 699 1074 ἐλαυνομένην.
725 1039 780 1067 Καὶ
791 1040 884 1068 λοιπὸν

87 1084 165 1112 οὐδὲν
183 1082 218 1120 ἦν
236 1085 286 1112 σὺν
301 1084 389 1121 νόμῳ,
414 1085 473 1113 ἀλλ’
486 1084 584 1112 ἔπιπτε
605 1085 656 1121 μέν
670 1086 685 1112 ό
702 1086 862 1121 προστυχών
874 1095 882 1103 ’

87 1130 133 1157 διὰ
145 1130 175 1156 δὲ
189 1129 245 1157 τῶν
258 1130 364 1166 νεκρῶν
381 1130 428 1158 ἐπὶ
454 1131 518 1162 τοὺς
538 1130 673 1166 ἄρχοντας
688 1131 783 1168 ᾔεσαν.
800 1133 832 1159 οι
855 1132 883 1159 δέ

86 1174 344 1210 δωσκεδασάμενοι,
369 1175 495 1211 δέχεσθαι
519 1176 569 1212 μέν
589 1177 654 1209 τοὺς
680 1177 818 1210 ἐπιόντας,
837 1178 884 1205 καὶ

87 1214 182 1256 σφίσιν
197 1221 290 1254 αὐτοῖς
307 1223 422 1258 ἀμύνειν
435 1223 579 1250 ἐὸούλοντο
589 1233 597 1239 ι
615 1224 708 1258 ἕτερος
721 1223 749 1250 δέ
766 1223 884 1259 πόλεμος

88 1265 196 1293 ἐνδοθεν
209 1266 281 1293 κατὰ
289 1266 375 1293 νῶτον
392 1267 501 1303 ἀπήντα
516 1275 524 1283 ⁸
540 1267 606 1294 ὥστ’
619 1268 670 1294 οὐκ
694 1265 768 1303 εἶχον
790 1268 884 1295 λοιπὸν

87 1311 148 1338 ὅποι
162 1311 199 1338 τὰ
217 1312 353 1347 πρόσωπα
379 1312 519 1348 τρέψειαν.
542 1313 609 1340 Τότε
623 1313 656 1349 δὴ
682 1313 738 1349 πῦρ
761 1314 811 1349 μὲν
823 1315 884 1346 ταῖς

88 1357 190 1389 πύλαις
204 1358 368 1393 προσήγετο,
397 1359 444 1385 καὶ
469 1359 484 1385 ό
511 1359 616 1391 καπνὸς
642 1360 706 1392 τοὺς
724 1359 773 1395 μέν
784 1359 883 1393 ἔξωθεν

87 1403 285 1438 ἐπειγομένους
312 1401 389 1438 εῐργι
403 1403 451 1430 τοῦ
467 1405 562 1438 πρόσω
575 1413 582 1419 ·
593 1405 631 1436 ὡς
643 1405 676 1431 ἂν
686 1402 726 1436 οἷς
742 1405 883 1432 ἐϐούλοντο

87 1447 206 1483 βοηθεῖν,
224 1448 409 1483 εἰλημμένων.
427 1450 457 1476 Οί
469 1449 720 1485 δἐνδοθενήνοιγον
728 1449 777 1482 τὰς
795 1450 881 1482 πύλας

85 1495 144 1524 τοῖς
156 1493 348 1530 ἀνδροφόνοις·
370 1495 394 1520 οἱ
412 1494 436 1520 δ’
455 1495 639 1530 εἰσχυθέντες,
658 1497 749 1523 πᾶσαν
762 1496 882 1525 ἀνάστα-

84 1547 130 1565 σιν
141 1539 249 1570 πόλεως
263 1536 304 1571 οἷς
323 1539 453 1575 ἔδρασαν,
474 1540 628 1576 ἀπέφηναν.
653 1541 821 1577 Ἐγυμνοῦτο
833 1542 883 1577 μὲν

82 1585 142 1612 τῶν
157 1585 249 1611 ὃπλων
263 1586 277 1611 ὸ
294 1585 465 1621 στρατιώτης
477 1594 484 1601 ·
500 1586 606 1614 εἵλκετο
614 1587 641 1613 δὲ
654 1587 706 1614 ὑπὸ
717 1588 773 1615 τῶν
787 1589 883 1624 τυχόν-

80 1639 142 1658 των
165 1632 181 1657 ό
198 1631 284 1658 πολλὰ
296 1632 328 1667 δὴ
353 1632 460 1664 πολλοῖς
474 1633 579 1665 είωθὼς
602 1634 768 1661 ἐπιτάττειν.
784 1634 883 1666 Δοῦλος

80 1678 112 1704 δὲ
130 1678 178 1704 τὸν
194 1678 328 1714 δεσπότην
343 1679 448 1714 ἠγνόει,
462 1681 509 1707 καὶ
523 1677 560 1707 ὧν
580 1681 715 1716 πρότερον
732 1682 884 1718 ὲπετιμᾶτο

79 1724 201 1757 δικαίως
211 1725 271 1752 τότε
288 1725 367 1761 δίκην
381 1725 457 1760 ἠξίου
478 1725 638 1760 λαμϐάνειν.
657 1726 768 1753 Ὂπλων
781 1726 814 1762 δὴ
837 1728 885 1754 καὶ

79 1772 240 1808 χρημάτων
255 1772 280 1799 oi
303 1772 391 1799 δοῦλοι
406 1772 454 1799 καὶ
466 1772 581 1808 πένητες
589 1772 679 1808 κύριοι
689 1774 882 1808 καταστάντες,

80 1821 144 1852 τοῖς
160 1821 229 1855 πρὶν
255 1820 325 1847 αὐτὰ
349 1819 541 1855 κεκτημένοις,
555 1820 605 1856 τὴν
632 1820 687 1847 τῶν
707 1821 884 1856 ἀνδραπόδων

81 1866 242 1902 προσήκειν
255 1866 379 1902 ἐνόμιζον
392 1866 488 1902 τύχην,
505 1867 553 1893 καὶ
564 1866 696 1902 δήσαντες
711 1865 813 1903 εἶργον,
830 1876 884 1903 μη-

80 1911 113 1939 δὲ
135 1913 193 1939 τῶν
218 1911 337 1939 ἀκτίνων
369 1912 519 1940 ἀπολαύειν
542 1912 642 1944 αὐτοὺς
666 1913 881 1948 συγχωροῦντες.

81 1958 198 1993 Δρόμος
215 1959 264 1985 ἐπὶ
276 1958 325 1990 τὰς
348 1959 448 1992 οἰκίας,
467 1960 515 1986 καὶ
536 1959 628 1991 πάσας
650 1958 745 1995 ὥσπερ
766 1959 884 1994 ἐρημίας

79 2005 239 2040 διίσκαψαν
255 2006 359 2037 πόλεις.
376 2005 406 2032 '0
419 2006 447 2032 δέ
460 2005 611 2041 δακρύσας,
635 2005 718 2032 αὐτοῦ
743 2006 819 2041 παρὰ
830 2006 883 2033 τῶν

79 2051 198 2078 ἁσεὸῶν
214 2052 416 2086 ἀπεσφάττετο.
428 2052 460 2078 Ὢ
474 2052 590 2085 πόλεως,
602 2052 662 2079 ἀντὶ
675 2051 750 2086 μιᾶς,
766 2051 882 2085 πολλῶν,

79 2097 135 2124 καὶ
151 2097 256 2124 τούτων
265 2098 471 2126 ἐναντιωτάτων
479 2098 680 2134 γεγενημένηςί
693 2098 724 2124 Ὢ
733 2098 882 2131 πολιτείας,

79 2144 227 2179 Θαλάττης
242 2145 334 2180 πάσης
347 2145 550 2180 ἀπιστοτέραςί
569 2145 602 2172 Ὢ
619 2145 749 2179 πολιτῶν,
766 2145 842 2173 οὐδέν
855 2154 883 2172 τι

75 2191 145 2218 τῶν
162 2190 244 2225 φύσει
270 2190 417 2226 βαρϐάρων
440 2192 645 2227 ἅπιστοτέρωνε
660 2191 883 2219 Καταποντισταί

76 2244 160 2268 τινες
175 2235 307 2271 ἁντικρυς
323 2237 351 2265 ἐν
360 2237 485 2273 ἠπείρῳ·
504 2238 605 2273 μᾶλλον
617 2238 645 2264 δέ
659 2238 694 2265 τὰ
707 2238 820 2272 τούτων,
833 2239 882 2266 καὶ

934 989 1054 1018 evertit!
1070 991 1102 1018 Hi
1119 999 1220 1027 nempe
1234 992 1380 1027 urgebant,
1394 992 1434 1019 illi
1449 999 1464 1019 e
1479 992 1591 1019 sublimi
1607 991 1728 1019 stabant:

931 1035 1045 1071 jamque
1059 1037 1159 1065 vexilla
1172 1042 1237 1065 ante
1252 1042 1346 1072 portas
1356 1037 1492 1073 explicata
1508 1042 1598 1071 erant,
1612 1045 1675 1065 cum
1688 1037 1730 1065 in-

933 1083 1015 1112 vidus
1040 1083 1152 1119 quidam
1171 1083 1280 1112 dasmon
1305 1092 1401 1112 omnes
1426 1084 1521 1117 subiit,
1541 1084 1588 1120 qui
1603 1084 1664 1120 pari
1689 1084 1729 1113 illi

933 1128 1046 1164 ingenio
1070 1134 1185 1169 essent;
1201 1131 1305 1166 quique
1330 1130 1440 1166 plebem
1464 1130 1571 1166 pridem
1589 1130 1731 1167 sanguinis

934 1175 1115 1210 sitibnndam,
1130 1182 1162 1205 ut
1174 1185 1208 1205 eo
1232 1177 1417 1206 exsatiaretur
1440 1178 1645 1206 scelestissimis
1659 1185 1728 1205 con-

934 1222 1062 1251 cionibus
1087 1223 1252 1252 incitabant.
1271 1224 1310 1252 Ea
1325 1232 1408 1259 porro
1429 1224 1470 1252 sic
1488 1224 1662 1258 movebatur,
1689 1224 1730 1252 uti

934 1274 1011 1296 mare
1025 1268 1096 1296 dixit
1111 1268 1261 1302 Homerus,
1279 1278 1343 1298 cum
1361 1270 1511 1298 contrariis
1525 1271 1616 1298 ventis
1635 1270 1729 1306 quati-

936 1318 989 1341 tur.
1005 1315 1101 1350 Neque
1123 1316 1180 1352 jam
1200 1316 1301 1344 rationi
1328 1316 1433 1352 aliquid
1462 1317 1640 1353 conjunctum
1658 1321 1729 1350 erat,

934 1361 982 1388 sed
998 1361 1116 1397 quisque
1133 1361 1232 1390 obvius
1244 1362 1431 1390 cadebat.Per
1444 1362 1584 1390 substrata
1596 1362 1730 1390 cadavera

934 1408 1004 1435 itum
1019 1409 1052 1436 ad
1069 1410 1258 1445 magistratus.
1274 1410 1315 1437 Illi
1332 1409 1470 1445 dissipati,
1486 1409 1648 1445 ingruentes
1662 1410 1728 1445 qui—

934 1454 996 1482 dem
1013 1455 1153 1490 excipere,
1174 1464 1259 1491 seque
1276 1456 1348 1483 tueri
1362 1456 1514 1491 optabant;
1529 1456 1573 1484 his
1585 1456 1730 1484 enimvero

935 1501 1103 1529 intrinsecus
1116 1510 1130 1529 a
1146 1506 1223 1538 tergo
1236 1510 1327 1538 pugna
1338 1503 1423 1530 altera
1438 1502 1614 1530 occurrebat.
1627 1502 1730 1536 Quam-

934 1546 1030 1574 obrem
1050 1555 1106 1574 non
1130 1548 1186 1582 jam
1206 1552 1265 1575 erat
1291 1556 1346 1583 quo
1368 1548 1453 1576 facies
1483 1551 1636 1575 verterent.
1652 1547 1731 1575 Tunc

935 1593 1066 1620 nimirum
1082 1594 1144 1629 igne
1161 1595 1248 1629 portis
1274 1595 1396 1626 admoto,
1427 1593 1529 1627 fumus,
1543 1601 1591 1621 eos
1612 1593 1659 1629 qui
1683 1602 1732 1622 ex—

936 1637 1074 1666 trinsecus
1100 1644 1241 1674 urgerent,
1260 1639 1390 1674 progredi
1416 1639 1573 1672 inhibebat,
1590 1638 1670 1674 quasi
1696 1639 1731 1666 iis

936 1685 1155 1720 comprehensis,
1172 1686 1275 1721 quibus
1289 1687 1340 1721 ipsi
1357 1686 1499 1721 suppetias
1513 1686 1599 1713 ibant.
1615 1686 1668 1719 Qui
1688 1686 1731 1712 in-

936 1735 981 1759 tus
994 1736 1084 1764 erant,
1101 1733 1209 1760 sicariis
1224 1740 1256 1760 ac
1271 1732 1404 1760 maleﬁcis
1417 1731 1666 1767 portas'aperinnt.
1689 1732 1731 1759 llli

935 1777 965 1804 in
982 1777 1078 1805 urbem
1110 1778 1203 1811 eﬂ‘usi,
1221 1779 1324 1814 quibus
1353 1784 1510 1814 gesserunt,
1538 1787 1648 1806 omnem
1677 1778 1730 1814 ipsi

935 1824 1093 1852 vastitatem
1111 1825 1260 1853 inducunt.
1273 1826 1351 1854 Miles
1380 1826 1467 1853 armis
1481 1825 1658 1859 nudabatur;
1672 1830 1731 1852 tra-

936 1870 1054 1898 hebatur
1069 1879 1084 1899 a
1104 1871 1152 1899 vili
1165 1872 1257 1907 vulgo,
1275 1871 1323 1906 qui
1343 1872 1430 1899 multa
1456 1871 1550 1898 multis
1580 1871 1731 1906 praecipere

935 1915 1035 1943 solitus
1046 1920 1116 1943 erat.
1134 1915 1238 1944 Servus
1254 1916 1353 1944 herum
1372 1916 1533 1944 nesciebat:
1547 1924 1579 1944 ac
1606 1924 1689 1951 quem
1708 1916 1732 1944 is

936 1960 1014 1995 prius
1025 1962 1088 1997 jure
1114 1961 1286 1996 increpabat,
1302 1966 1368 1989 tunc
1384 1962 1436 1989 sibi
1463 1969 1559 1996 pmnas
1581 1969 1646 1988 eum
1662 1961 1730 1989 dare

936 2007 1077 2042 poscet-al.
1091 2007 1241 2035 Armorum
1261 2015 1401 2043 opumque
1416 2007 1489 2035 servi
1503 2015 1536 2035 ac
1553 2007 1649 2042 inopes
1663 2007 1731 2035 facti

935 2059 1087 2090 compotes,
1104 2055 1208 2090 quibus
1225 2055 1272 2082 illa
1287 2056 1364 2090 prius
1391 2054 1595 2090 competebant,
1623 2053 1731 2081 manci-

935 2101 1044 2136 piorum
1060 2100 1131 2128 forte
1150 2108 1183 2128 ac
1206 2100 1317 2128 fortuna
1348 2100 1500 2133 habebant,
1514 2103 1731 2135 compactosque

935 2146 964 2174 in
989 2154 1141 2179 carcerem,
1170 2154 1222 2174 nec
1252 2146 1322 2174 lucis
1347 2146 1433 2174 radiis
1459 2145 1514 2174 frui
1544 2145 1682 2173 sinebant.
1700 2145 1731 2173 ln

934 2191 1007 2219 aedes
1021 2192 1209 2225 concitabant,
1230 2199 1382 2227 omnesque
1410 2191 1539 2219 civitates
1555 2190 1730 2218 desertorum

935 2245 1011 2266 more
1024 2238 1170 2266 eruebant.
1183 2237 1234 2266 Cui
1248 2239 1377 2273 lacrymae
1389 2237 1494 2265 obortae
1505 2241 1610 2270 essent,
1626 2237 1731 2273 impio~

74 2282 182 2319 χείρω.
196 2282 230 2309 Ol
247 2282 296 2318 μέν
308 2290 341 2318 γε
356 2283 412 2310 τῶν
421 2283 507 2311 δντων
526 2283 732 2320 γυμνώσαντες,
748 2285 779 2312 οὺ
789 2285 836 2312 καὶ
852 2285 883 2312 τὸ

937 2291 998 2311 rum
1014 2283 1161 2311 confestim
1188 2283 1288 2319 gladiis
1312 2282 1568 2311 contrucidabatur.
1585 2281 1608 2311 0
1633 2283 1731 2311 civita-

74 2329 136 2365 ζῇν
153 2329 387 2364 προσαφείλοντο⁸
408 2327 482 2357 οὗτοι
496 2330 535 2363 δέ,
550 2330 595 2357 τὸν
615 2331 666 2366 μὲν
678 2330 785 2358 οῐκοοεν
801 2331 884 2372 στρα-

70 2384 176 2412 τευμα
187 2375 300 2412 τρέφειν
318 2375 480 2412 δυνάμενον,
495 2375 538 2412 [Ρ.
562 2375 627 2412 589]
644 2376 776 2412 ἐξαίφνης
790 2376 883 2412 ὥσπερ

73 2423 213 2460 σκηπτοῦ
243 2423 469 2460 κατενεχθέντος,
501 2423 699 2458 ἀποπέμπουσι
731 2424 883 2459 προσαιτή-

72 2480 181 2505 ooy'ta.
203 2471 236 2498 Ἦ
259 2471 283 2497 δ’
314 2471 464 2507 ὑπερϐολὴ,
488 2471 528 2498 δτι
549 2471 597 2498 καὶ
621 2471 675 2497 τῶν
689 2470 774 2497 ὄντων
787 2470 885 2497 ὲκδάλ-

69 2519 179 2550 λοντες
190 2518 406 2552 ἀγανακτοῦσιν,
421 2518 446 2544 εί
470 2517 554 2549 ζῶντι
572 2516 643 2552 μετὰ.
660 2516 714 2543 τῶν
730 2516 818 2544 ἄλλων
839 2516 883 2548 ἐξ-

69 2566 164 2593 έσται
183 2564 340 2600 μεμνῆσθαι
352 2565 403 2599 τῆς
421 2564 575 2600 συμφορᾶς.

932 2335 1001 2364 tem,
1010 2338 1073 2366 quae
1085 2338 1120 2358 ex
1134 2338 1200 2364 una,
1213 2331 1319 2362 multae,
1337 2329 1622 2365 contrariissimisque
1632 2329 1733 2357 studiis

933 2382 1017 2413 atque
1030 2377 1131 2405 animis
1156 2378 1281 2405 evaseris
1294 2378 1300 2404 l
1313 2375 1335 2404 0
1352 2376 1552 2412 rempublicam
1570 2376 1670 2412 quovis
1685 2384 1719 2411 pe

934 2425 997 2460 lago
1021 2424 1138 2452 inﬁdam
1165 2425 1271 2459 magis!
1289 2423 1311 2451 0
1338 2424 1415 2452 cives
1438 2423 1509 2451 nihil
1538 2423 1635 2459 majori
1666 2422 1732 2455 fide,

935 2478 1019 2506 quam
1034 2471 1082 2506 qui
1095 2475 1195 2498 natura
1214 2470 1325 2498 barbari
1341 2471 1473 2505 omnique
1503 2469 1616 2497 indole!
1632 2469 1731 2496 Marini

937 2517 1051 2553 quidam
1073 2517 1155 2553 plane
1182 2517 1327 2552 praedones
1350 2517 1379 2544 in
1393 2517 1574 2550 continente;
1591 2515 1659 2552 quin
1689 2515 1733 2542 his

936 2571 1048 2599 quoque
1062 2563 1162 2592 studiis
1178 2563 1341 2591 deteriores.
1360 2563 1403 2592 llli
1418 2570 1538 2598 namque
1565 2569 1636 2597 quos
1650 2561 1732 2589 bonis

67 2610 243 2647 spoliarint,
262 2610 335 2637 haud
348 2610 433 2638 etiam
444 2610 529 2638 vitam
541 2617 652 2645 quoque
663 2609 704 2637 eis
715 2609 885 2644 ademerint;
903 2609 933 2637 lii
948 2618 1015 2637 vero
1028 2611 1108 2646 queis
1123 2610 1196 2638 domi
1212 2611 1364 2646 repositum
1392 2613 1423 2636 ut
1447 2609 1577 2645 praesidio
1594 2609 1733 2644 militique

65 2660 134 2688 hos
148 2662 264 2693 repente
278 2658 355 2685 velut
373 2658 496 2686 immisso
509 2657 635 2690 fulmine,
650 2657 685 2685 ad
699 2657 930 2684 emendicandum
944 2665 959 2685 a
971 2665 1001 2685 se
1015 2658 1174 2686 amandant.
1204 2657 1339 2692 Quodque
1370 2656 1439 2685 adeo
1472 2664 1583 2685 omnem
1619 2657 1734 2684 sceleris

64 2705 287 2735 immanitatem
303 2705 400 2738 vincit,
419 2713 434 2733 a
458 2705 517 2733 suis
533 2711 644 2740 quoque
667 2703 820 2739 ejicientes,
836 2703 948 2739 indigne
964 2703 1078 2738 ferunt;
1115 2704 1138 2732 si
1155 2703 1199 2732 cui
1213 2703 1269 2731 vita
1287 2703 1399 2731 residua
1433 2703 1479 2736 sit,
1519 2711 1583 2731 cum
1619 2703 1735 2738 reliquis

62 2752 248 2783 meminisse
261 2752 359 2779 saltem
375 2751 538 2779 calamitatis
553 2752 675 2779 licuerit.

113 2802 159 2831 ς’.
176 2799 211 2825 Ὢ
235 2797 368 2833 λογισμοῦ
389 2797 645 2833 περιυϐρισμένουί
661 2797 694 2823 Ὢ
710 2796 802 2824 πάντα
821 2795 883 2823 ἁλο-

61 2847 148 2883 γιας
161 2845 286 2880 ἀγούσης
298 2845 304 2871 !
320 2845 352 2872 0i
365 2844 426 2879 μέν,
439 2843 486 2870 ἐπὶ
499 2845 562 2875 τοὺς
578 2844 632 2870 τῶν
647 2843 760 2870 δικαίων
772 2844 881 2877 πόνους,

61 2893 133 2921 καὶ
146 2891 197 2918 τοῦ
221 2891 306 2927 πυρὸς
323 2890 451 2926 ὀξύτερον
466 2889 616 2918 ἐκινοῦντο·
631 2889 744 2926 θαρρεῖν
758 2889 788 2916 δέ
809 2887 883 2925 εἶχεν

58 2938 186 2973 οὐδεὶς,
198 2938 229 2965 οὔ
242 2938 315 2973 γένει
326 2938 524 2974 κοσμούμενος,
533 2937 564 2965 οὗ
579 2936 684 2972 μεγάλα
695 2935 727 2973 δὴ
738 2936 785 2964 καὶ
797 2936 883 2963 πολλὰ

970 2795 1068 2832 eoab
1075 2795 1102 2822 6.
1113 2795 1135 2823 0
1145 2794 1229 2822 animi
1240 2793 1488 2822 rationcsludibrio
1494 2792 1613 2821 habitas!
1624 2792 1646 2820 0
1655 2800 1733 2820 men-

935 2843 971 2870 tis
981 2841 1221 2876 insaniamIcuncta
1230 2845 1367 2876 agentem,
1378 2839 1550 2874 rationisque
1558 2837 1732 2869 absentiami

935 2888 988 2920 llli,
1003 2888 1031 2915 in
1044 2888 1182 2923 iustorum
1199 2886 1319 2918 labores,
1335 2886 1395 2921 ipso
1407 2886 1470 2922 igne
1483 2886 1602 2914 celerius
1619 2885 1732 2913 invade—

935 2935 1013 2962 bant.
1040 2934 1126 2962 Nemo
1146 2941 1233 2970 usque
1254 2932 1394 2962 conﬁdere
1409 2938 1537 2970 poterat;
1562 2940 1618 2961 non
1646 2940 1731 2968 quem
