1999 3165
293 177 346 209 847

917 173 1107 205 DEMETRXI
1125 172 1279 203 CYDONII
1831 180 1869 212 eis

295 232 406 268 generis
421 231 515 259 infulae
540 232 680 262 ornarent,
705 235 761 256 non
779 227 827 263 qui
840 235 936 262 magna
952 235 983 255 ac
998 228 1082 259 clara,

1145 227 1369 262 .ελειτουργηκώς
1379 235 1385 242 '
1395 227 1427 254 οὐ
1441 228 1524 254 πᾶσιν
1539 228 1633 255 ἑαυτὴν
1648 229 1796 266 εὐάρμοστον
1805 244 1872 272 παρα.

291 287 344 307 nec
358 286 444 314 pauca
472 284 589 304 munera
612 275 756 307 edidisset,
772 283 826 301 nou
841 274 888 309 qui
906 281 935 302 se
956 273 1087 302 omnibus

292 325 473 356 concinnum,
492 322 662 358 placidisque
682 321 808 349 moribus
831 320 1022 351 exhibuisset;
1038 319 1086 346 sed

293 372 368 399 velut
388 369 631 398 omnibusiudicta
647 372 745 399 morte,
766 367 806 394 sic
820 367 987 394 irruentium
1003 366 1088 393 furia-

293 425 354 444 rum
371 417 479 443 illarum
497 415 597 442 obtutu
613 413 780 441 tremebant.
797 412 913 446 Quidam
929 420 981 439 nec
998 413 1087 439 solum

293 469 435 499 aspectum
446 461 590 490 ferebant;
605 459 730 487 nonnulli
747 459 800 486 sub
812 459 966 486 vicinorum
977 457 1088 486 lectulis

293 510 346 538 sibi
360 508 480 536 latebras
494 507 673 542 quaerebant;
698 510 796 541 puteos
811 505 858 532 alii
871 505 1018 536 subibant;
1042 503 1088 531 alii

295 553 478 590 apprehensis
501 553 568 583 aris.
598 559 650 579 nec
674 552 727 579 loci
757 551 889 587 religione
905 559 920 578 a
936 558 966 578 se
983 554 1088 577 metum

294 599 480 635 depellebaut.
497 598 554 625 Nec
563 597 663 624 desunt
679 596 726 631 qui
742 596 853 632 indigne
866 595 997 627 ferentes,
1014 593 1088 630 quod

293 652 350 672 non
362 643 470 678 pridem
485 643 541 669 vita
552 642 754 673 functiessent,
766 640 885 676 diruptis
897 640 994 668 loculis
1006 644 1088 675 atque

295 690 420 721 tumulis,
431 697 463 716 ac
478 688 611 716 cadavera
623 687 775 715 subeuntes
784 686 875 714 adhuc
886 686 950 713 tabo
961 685 1088 717 liuentia,

294 745 346 765 nec
360 737 383 764 si
401 737 464 772 quis
492 735 608 770 propius
622 734 767 762 accederet
785 733 829 760 vel
840 732 969 768 spiritum
986 732 1088 759 ducere

295 783 432 814 sinentia,
460 789 512 809 nec
539 781 580 810 sie
597 781 709 816 quidem
729 781 921 815 sepulcrorum
941 779 1089 806 eﬂ‘ossores

295 828 459 856 illos'vitare
478 827 630 863 potuerint.
652 826 705 854 Per
719 826 816 853 domos
834 826 939 853 clamor
955 824 1089 852 audieba-

296 880 353 907 tur,
375 882 408 902 ac
421 874 469 909 qui
494 873 556 900 heri
581 873 718 900 conducta
745 872 828 900 obolo
851 879 935 907 opera
954 870 1088 903 fodiebat,

296 921 378 948 hodie
398 919 574 948 sulfodiendo
600 919 742 946 civitatem
763 925 880 953 eamque
895 925 997 945 eruens
1011 917 1090 944 dives

295 971 365 994 erat.
396 967 536 1000 C(enaque
560 964 600 992 illi
630 964 756 999 opipara,
783 963 828 990 cui
861 962 936 990 sitim
961 961 1091 990 levabant

294 1012 385 1040 fontes
397 1020 429 1039 ac
444 1011 555 1046 frigida.
581 1010 684 1044 Fragor
697 1017 780 1044 porro
793 1017 825 1036 ac
836 1009 937 1044 pulvis.
955 1016 1091 1036 corruen-

296 1060 365 1086 tium
391 1057 486 1093 procul
504 1063 646 1083 murorum
663 1055 768 1082 indicio
778 1059 867 1086 erant,
887 1054 1038 1090 uxorisque
1059 1061 1092 1082 ac

297 1103 449 1130 liberorum
462 1101 514 1128 sub
530 1101 564 1128 iis
575 1100 663 1127 ruinis
680 1099 856 1127 obrutorum.
873 1099 920 1127 -lis
930 1104 1024 1127 autem
1043 1099 1091 1134 qui

296 1147 460 1182 superstites
486 1149 598 1178 essent,
626 1144 810 1172 aerumnosius
826 1149 887 1172 erat
905 1144 979 1180 quod
994 1152 1089 1172 evase-

297 1198 369 1225 rant,
384 1199 454 1227 quos
472 1198 528 1218 non
548 1190 647 1218 lateret
659 1190 776 1217 salutem
787 1189 861 1217 haud
877 1190 930 1217 sibi
945 1191 1004 1218 lore
1017 1190 1088 1225 peri-

297 1240 361 1268 culo
377 1243 464 1266 tutam
477 1247 483 1264 :
501 1236 535 1264 ad
548 1237 616 1265 alias
630 1237 704 1264 enim
719 1236 893 1264 ducebantur
908 1237 1060 1272 angustias,
1073 1244 1088 1264 a

296 1286 398 1321 quibus
414 1283 501 1312 Crtesi
515 1282 639 1310 thesauri
651 1282 840 1318 exigerentur.
858 1283 915 1310 Nec
928 1282 1026 1316 defuit,
1042 1282 1091 1310 ubi

296 1338 324 1360 et
340 1331 442 1367 puella,
458 1336 518 1365 quae
536 1329 564 1356 in
579 1336 661 1356 omne
677 1332 788 1364 tempus
809 1329 933 1356 virorum
951 1329 1091 1364 inaspecta

296 1378 385 1405 oculis
397 1376 524 1404 instituta
536 1380 621 1408 esset,
640 1374 669 1402 in
686 1374 753 1410 ipsis
767 1375 932 1402 verberibus
948 1374 1090 1402 denudata

296 1423 440 1451 occiderit.
464 1421 486 1450 0
510 1421 663 1454 insaniam,
693 1429 755 1456 qua:
773 1429 825 1449 nec
840 1421 968 1449 homines
987 1421 1092 1456 liquido

1139 274 1280 309 σχόμενος.
1299 274 1369 300 Ἀλλ’
1388 273 1483 309 ὥσπερ
1500 274 1615 301 θανάτου
1635 276 1700 303 κατὰ
1716 279 1807 306 πάντων
1825 291 1874 316 προ.

1139 320 1298 354 ειρημένου.
1311 319 1383 346 οὕτω
1399 320 1514 355 ἔτρεμον
1529 320 1579 352 τὰς
1597 321 1709 356 Ἐριννῦς
1728 325 1818 356 ἰκείνας
1833 328 1875 354 tm.

1137 365 1216 391 dum:
1245 364 1374 398 ὁρῶντες.
1401 366 1432 391 Οἱ
1462 365 1511 398 μὲν
1541 365 1588 392 καὶ
1612 366 1690 401 μόνην
1705 368 1748 402 τὴν
1773 369 1824 403 ὗψιν
1841 374 1875 399 οἰχ

1138 411 1314 444 ἐνεγκόντεςο
1331 411 1356 436 οἱ
1380 411 1408 437 δὲ
1430 412 1500 444 σφᾶς
1524 411 1622 442 αὐτοὺς
1651 412 1700 439 ὑπὸ
1718 414 1761 445 τὰς
1778 415 1821 441 τιῖιν
1837 425 1877 447 γει·

1138 457 1224 482 τόνων
1245 455 1382 491 ἔκρυπτον
1408 456 1513 487 κλίνας.
1532 457 1563 482 υἱ
1578 456 1600 482 δ’
1621 457 1734 492 ὑπῄεσαν
1753 460 1878 494 φρέατα-ιι

1138 501 1177 534 δὲ,
1209 502 1264 529 τῶν
1299 502 1399 537 βωμῶν
1437 503 1572 537 ἐχόμενοι,
1597 503 1655 528 οὐδὲ
1678 503 1720 530 τὸν
1743 505 1812 531 τόπον
1826 507 1879 540 εὔρι-

1141 556 1204 574 σκον
1233 548 1402 583 ἀφαιροῦντα
1418 557 1445 575 τι
1461 548 1508 575 τοῦ
1530 548 1617 580 δέους,
1642 549 1700 575 Elei.
1713 549 1734 576 δ’
1767 552 1788 578 oi
1810 552 1880 587 δυσχε-

1140 592 1333 628 ραίνοντεςητῷ
1352 593 1389 628 μὴ
1408 593 1495 620 πάλαι
1509 593 1645 624 τεθνάναι,
1670 594 1715 625 τὰς
1732 594 1805 629 θήκας
1821 597 1880 632 ἀναῤ-

1141 638 1301 674 ῥηγνύντες,
1316 641 1363 665 καὶ
1386 638 1451 670 τοὺς
1472 639 1587 674 νεκροὺς
1614 639 1743 672 ὑπιόντες,
1766 640 1800 668 ἔτι
1818 650 1879 676 σηπο-

1141 685 1249 720 μένους,
1282 684 1330 712 καὶ
1357 684 1417 719 μηδ’
1444 684 1471 710 εἴ
1499 693 1538 717 τις
1566 686 1762 720 προσεγγίσειτν
1785 688 1880 714 evomit

1141 729 1359 766 συγχωροῦντας,
1367 731 1421 757 οὐδ’
1433 730 1515 757 αὐτοῦ
1524 731 1587 762 τοὺς
1600 739 1630 757 τυ
1634 731 1783 767 μδωρὺχους
1792 733 1881 765 ἐκείνους

1140 773 1192 803 οἷοί
1209 785 1238 803 τε
1264 777 1389 810 ἐγένοντο
1409 776 1563 811 διαδρᾶναι.
1580 777 1635 812 Βοὴ
1651 777 1672 804 δ’
1687 778 1730 804 ἐπὶ
1751 778 1794 810 τὰς
1811 780 1882 811 obitu,

1140 823 1188 849 καὶ
1203 824 1218 849 ὸ
1233 823 1363 850 σκάπτων
1380 823 1444 858 χθὲς
1466 823 1572 856 ὸόολοῦ,
1592 824 1708 859 σήμερον
1723 826 1883 852 κατασκάπτω

1140 868 1188 903 τὴν
1215 869 1296 895 πόλιν
1318 869 1460 896 ἐπλούτει·
1489 870 1537 897 καὶ
1559 870 1702 902 πολυτελὲς
1721 870 1749 897 τὸ
1768 869 1885 904 Navem}

1103 901 1126 930 Β
1141 901 1274 950 θεραπεία
1295 915 1342 942 τοῦ
1365 915 1460 950 δίψους
1493 916 1520 942 αι
1560 917 1670 952 κρῆναι.
1694 901 1793 948 κτύπος
1814 917 1836 944 δὲ

1142 961 1293 996 κονιορτὸς,
1305 961 1513 988 καταπίπτοντα
1528 961 1671 998 πόρρωθεν
1685 962 1773 997 ἐδήλου
1783 962 1813 989 τὰ
1822 962 1885 997 τείχη,

1143 1009 1190 1035 καὶ
1213 1008 1343 1043 γυναικὸς
1369 1009 1418 1036 καὶ
1437 1009 1540 1048 παίᾷων
1553 1009 1643 1037 ,αὑτοῦ
1669 1009 1886 1044 καταχωννυμένων.

1143 1055 1205 1086 Τοῖς
1220 1055 1248 1081 δὲ
1272 1055 1492 1090 περιγινομένοις
1511 1055 1701 1091 ἀλγεινότερον
1724 1056 1752 1082 τὸ
1772 1056 1887 1090 διαφυγιιν,

1143 1101 1242 1137 εἰδόσιν
1256 1101 1308 1128 οὐκ
1318 1101 1460 1128 ἀκίνδυνον
1471 1102 1561 1133 αὐτοῖς
1578 1102 1710 1137 ἐσομένην
1723 1101 1766 1137 τὴν
1777 1102 1887 1136 σωτηρίαν⁴

1144 1148 1243 1183 ἤγοντο
1260 1147 1314 1182 γὰρ
1332 1148 1401 1183 πρὸς
1427 1148 1556 1184 δευτέρας
1574 1149 1707 1183 ἀνάγκας,
1724 1148 1781 1180 τοὺς
1803 1148 1888 1183 Κροίσου

1144 1193 1301 1229 θησαυροὺς
1321 1193 1530 1229 ἀπαιτούμενοι.
1552 1194 1608 1221 Καί
1628 1203 1680 1221 που
1703 1194 1748 1221 καὶ
1769 1193 1839 1227 κόρη.
1859 1194 1890 1218 ’ὠν

1143 1239 1254 1267 ἅπαντα.
1278 1239 1310 1274 δὴ
1325 1240 1422 1274 χρόνον
1440 1239 1599 1275 ὀφθαλμοὺς
1619 1240 1722 1275 ἀνδρῶν
1743 1239 1889 1274 διαδρᾶσα,ὲν

1143 1286 1241 1317 αὑταῖς
1271 1287 1331 1317 ταῖς
1359 1285 1486 1320 μάστιξιν
1513 1285 1678 1321 ἐτελεύτησε
1699 1284 1892 1320 γυμνωθιῖσα.Ὧ

1145 1331 1257 1366 μανίας,
1275 1330 1336 1367 μηδ’
1347 1331 1511 1367 ἀνθρώπους
1527 1331 1658 1367 καθαρῶς
1672 1331 1846 1367 συγχωρούσης
1856 1338 1891 1356 κα·

1144 1377 1250 1404 λετσθαι
1264 1378 1328 1410 τοὺς
1347 1377 1436 1405 ταῦτα
1450 1379 1676 1414 τετολμηκόταςι
1691 1379 1723 1405 Ὢ
1735 1377 1776 1405 οἷα
1791 1377 1894 1412 μὲνὲδρι-

1147 1432 1208 1456 σαν,
1224 1422 1268 1450 οἷα
1282 1424 1311 1451 δὲ
1326 1424 1476 1459 sario-quau!

298 1470 412 1498 vocitari
430 1469 513 1502 sinat,
529 1468 630 1503 quibus
642 1469 710 1495 tanti
723 1468 781 1496 haec
795 1469 910 1496 sceleris
922 1473 1089 1504 prwsumpta
1108 1469 1182 1498 Sinti
1215 1470 1237 1498 0
1254 1471 1347 1506 qualia
1363 1471 1417 1499 illis
1436 1471 1579 1507 designata
1593 1471 1729 1504 facinora,
1758 1470 1844 1506 quibus
1864 1476 1894 1496 m-

298 1523 394 1553 perata
408 1517 543 1545 cumulis!

334 1566 361 1592 7.
383 1565 494 1592 illorum
512 1565 605 1600 itaque
621 1568 680 1591 erat
702 1564 878 1600 superiorum
897 1564 1032 1591 malorum
1043 1572 1092 1592 cu-

1181 1564 1213 1597 C’.
1236 1564 1365 1591 Ἐκείνων
1377 1564 1421 1601 ἄρ’
1441 1562 1486 1600 ἦν,
1503 1565 1561 1596 τοῖς
1577 1564 1701 1600 φθάσασι
1714 1565 1802 1595 κακοῖς
1813 1561 1897 1589 τοιαῦτα

299 1610 386 1641 mulo,
403 1614 486 1636 tantae
500 1617 544 1636 res
561 1608 713 1644 impietatis
735 1608 907 1641 adinvenire,
922 1608 1090 1643 secutisque,

298 1662 394 1682 eorutn
418 1661 479 1689 qu:e
503 1653 563 1681 dira
585 1653 759 1688 punivissent
784 1652 983 1680 immanitatem
1016 1654 1094 1680 obte-

300 1709 376 1738 gere.
407 1701 494 1734 Quam
518 1700 581 1736 quis
606 1708 622 1727 a
648 1700 717 1727 viris
738 1699 932 1735 prastantibus
961 1701 1093 1734 majorem

300 1747 479 1782 exquisiisset
503 1754 624 1782 ptenam,
651 1754 732 1782 quam
749 1749 786 1773 ut'
797 1754 907 1775 carcere
921 1751 1092 1779 tenerentur,

301 1793 444 1828 virgisque
461 1791 721 1825 dehonestarentur,
735 1800 767 1820 ac
784 1792 881 1825 vincti,
904 1793 1093 1820 maleﬁcorum

302 1846 380 1866 more
406 1837 553 1866 sederent?
578 1837 645 1871 Quis
672 1838 774 1865 talibus
795 1839 964 1873 mancipatos
984 1839 1092 1872 videns,

303 1893 358 1912 non
379 1884 483 1912 fractus
498 1885 591 1911 animo
605 1893 638 1912 ac
655 1885 808 1918 emollitus,
826 1885 997 1921 fortunaeque
1009 1886 1092 1913 vicis-

306 1930 445 1958 situdines
463 1930 618 1963 reveritus,
644 1930 688 1958 his
713 1939 801 1966 ptume
824 1931 906 1959 linem
936 1932 1094 1959 statuisset?

302 1975 381 2003 Haud
409 1975 552 2003 enimvero
582 1975 691 2010 impura
720 1977 973 2011 scclestissimaque
1003 1977 1094 2011 capita

304 2021 362 2049 haec
381 2021 447 2049 satis
460 2021 601 2055 habuere;
620 2023 666 2049 sed
689 2022 742 2050 nisi
763 2022 877 2050 immani
900 2022 1018 2057 quadam
1037 2027 1093 2049 tra-

304 2067 396 2103 goedia
412 2067 523 2102 ﬂagitiis
549 2066 653 2101 addita,
669 2067 739 2095 nihil
753 2067 807 2095 sibi
820 2068 888 2096 satis
914 2076 975 2096 esse
1009 2068 1094 2096 duee-

304 2113 382 2140 bant.
394 2113 499 2148 Nempe
520 2113 611 2140 nudos
629 2113 656 2140 in
671 2114 788 2141 indusiis
815 2114 981 2146 educebant,
998 2122 1030 2142 ac
1045 2114 1093 2149 qui

304 2157 406 2192 saepius
424 2165 474 2192 pro
490 2157 600 2184 illorum
615 2166 647 2185 ac
665 2158 785 2186 civitatis
801 2157 930 2186 libertate
955 2159 1094 2194 perfuncti

305 2203 458 2231 certamine
471 2209 559 2236 erant,
571 2203 683 2231 funibus
697 2212 712 2231 ιι
726 2204 882 2232 cervicibus
894 2205 1095 2241 mancipiorum

1145 1610 1341 1646 προσεξευρεῖν
1361 1610 1558 1646 δυσσεὸήματα
1569 1619 1577 1626 ⁸
1595 1611 1644 1638 καὶ
1663 1612 1720 1643 τοῖς
1742 1610 1848 1644 ὑστέροις
1864 1607 1897 1637 τις

1144 1657 1198 1683 τῶν
1214 1656 1355 1691 προτέρων
1380 1656 1475 1683 δεινῶν
1501 1656 1660 1692 ὑπερϐολὰς
1684 1655 1838 1691 ἀποκρύψαι.
1851 1653 1898 1679 Τίνα

1144 1702 1176 1729 ἄν
1187 1710 1229 1733 τις
1248 1702 1308 1728 κατ’
1321 1701 1427 1737 ἀνδρῶν
1450 1701 1522 1737 οὕτω
1548 1701 1679 1736 μεγάλων
1702 1701 1784 1736 μείζω
1798 1697 1899 1734 τιμωρίαν

1145 1745 1289 1782 ἐζήτησεν,
1303 1745 1418 1782 εἱρκτῆς
1435 1747 1485 1773 καὶ
1502 1747 1631 1782 πληγῶν.
1646 1747 1696 1774 καὶ
1717 1745 1764 1773 τοῦ
1777 1743 1900 1778 διδεμὲνως

1144 1793 1239 1829 ὥσπερ
1250 1793 1314 1825 τοὺς
1328 1792 1510 1828 κακούργους,
1526 1793 1667 1830 καθῆσθαι
1680 1801 1688 1826 ς
1703 1792 1750 1824 Τίς
1761 1790 1856 1818 τοιαῦτα
1868 1795 1901 1814 πε-

1145 1839 1280 1871 πονθότας
1295 1839 1417 1870 ἐκείνους
1437 1838 1521 1873 ὁρῶν,
1537 1839 1589 1866 οὐκ
1605 1840 1640 1866 ἂν
1663 1830 1713 1874 τήν
1736 1837 1818 1872 ψυχὴν
1828 1833 1903 1868 ἐδαμά-

1147 1883 1209 1921 σθη,
1223 1885 1271 1911 καὶ
1286 1884 1418 1919 λογισμὸν
1435 1883 1510 1920 ἔσχε,
1528 1886 1578 1911 καὶ
1594 1885 1647 1917 τὰς
1661 1884 1766 1921 τροπὰς
1783 1884 1827 1917 τῆς
1842 1881 1902 1915 τύχης

1145 1930 1318 1964 εὐλαῦηθεὶς,
1331 1929 1373 1966 [Ρ.
1386 1929 1451 1966 590]
1466 1929 1572 1962 τούτοις
1586 1932 1638 1965 τὴν
1656 1930 1789 1966 τιμωρίαν
1800 1928 1903 1963 ὼρίσατο;

1152 1976 1221 2004 Ἀλλ’
1236 1977 1267 2002 οὐ
1283 1976 1396 2007 καὶτοῖς
1407 1977 1517 2011 μιαροῖς
1530 1977 1650 2009 ἐκεινοις
1664 1977 1751 2004 ταῦτα
1765 1975 1903 2009 ἀπέχρησεν

1145 2023 1202 2050 ἀλλ’
1215 2022 1239 2048 εὶ
1255 2023 1292 2058 μή
1308 2030 1370 2049 τινα
1383 2023 1444 2054 ταῖς
1459 2022 1607 2058 πονηρίαις
1627 2023 1773 2059 προσθεῖεν
1787 2019 1905 2057 τραγῳδίαν

1145 2067 1341 2103 ἀπάνθρωπον,
1361 2068 1438 2095 οὐδὲν
1461 2068 1587 2104 ἐνόμιζον
1602 2069 1744 2104 ἐξαρκεῖν.
1762 2068 1858 2102 Ἐξῆγον
1871 2065 1905 2099 μὲν

1145 2114 1178 2149 δὴ
1197 2114 1318 2149 γυμνοὺς
1333 2114 1362 2140 ὲν
1383 2115 1440 2146 τοῖς
1459 2115 1648 2148 χιτωνίσκοις,
1666 2116 1715 2142 καὶ
1730 2115 1792 2146 τοὺς
1805 2113 1863 2147 ΰπὶρ
1872 2110 1907 2142 τῆς

1147 2160 1304 2196 ἐλευθερίας
1318 2160 1410 2187 αὐτῶν
1425 2169 1455 2186 τε
1466 2160 1513 2187 καὶ
1527 2161 1578 2195 τῆς
1598 2161 1710 2193 πόλεως
1722 2160 1841 2191 πολλάκις
1855 2159 1907 2191 ἡγω-

1146 2207 1302 2242 νισμένους,
1315 2204 1407 2233 εἷλκον
1418 2206 1474 2234 ἀπὸ
1488 2207 1542 2233 τῶν
1560 2207 1702 2242 αὐχένων,
1728 2205 1772 2235 οἷα
1780 2207 1812 2234 τὰ
1819 2204 1864 2232 τῶν
1876 2204 1908 2230 ἁν-

306 2256 383 2276 more
399 2248 554 2276 trahebant.
571 2248 623 2276 Hic
638 2258 733 2278 servus
744 2251 843 2278 herum
856 2251 984 2280 trudebat
997 2261 1004 2285 ;
1019 2260 1092 2279 man-

1146 2252 1296 2288 δραπόδων,
1313 2252 1451 2287 σχοινίοις.
1475 2253 1610 2280 Ἐνταῦθα
1633 2254 1732 2286 δοῦλος
1761 2253 1808 2288 μὲν
1823 2252 1862 2278 τὸν
1878 2249 1908 2276 δε·

306 2295 422 2331 cipium,
443 2303 460 2322 a
484 2303 540 2331 quo
567 2297 657 2332 pretio
686 2297 845 2333 redemptus
867 2303 945 2325 erat:
963 2299 1094 2332 rusticus,

308 2342 452 2370 ductorem
472 2343 632 2376 exercitus;
647 2343 774 2377 militem,
787 2344 871 2371 homo
894 2345 1031 2380 agricola;
1047 2353 1096 2372 cu-

304 2389 351 2424 jus
361 2387 460 2423 opibus
476 2388 556 2415 multi
568 2389 684 2424 patriam
698 2389 820 2426 adjutam
835 2394 981 2423 noverant,
994 2397 1098 2426 egenus

307 2434 419 2469 otioque
436 2434 589 2468 maleﬁcus,
607 2434 811 2471 ducebautque,
826 2443 881 2471 quo
897 2443 945 2464 eos
970 2436 1031 2464 loco
1046 2443 1097 2463 ne-

306 2488 354 2509 ces
367 2481 525 2508 manebant.

342 2567 369 2595 8.
385 2567 408 2595 0
423 2567 574 2600 civitatem,
600 2568 629 2596 in
646 2575 701 2603 qua
715 2568 819 2597 invidis
843 2569 1014 2599 daemonibus
1029 2571 1098 2599 tales

308 2617 374 2641 sunt
398 2613 479 2641 edita:
493 2614 620 2642 chorea!
648 2614 670 2642 0
702 2623 807 2648 muros,
835 2616 931 2651 quales
949 2617 1098 2645 exstinctas

309 2659 473 2693 suscepistis
490 2661 600 2688 turresl
625 2659 648 2688 Ο
665 2661 738 2688 muri
755 2661 901 2696 ambitum,
922 2667 1096 2700 septumque,

308 2712 344 2733 ex
354 2712 411 2740 quo
424 2705 464 2733 illi
481 2705 583 2741 sapius
593 2705 694 2742 fugatis
709 2707 846 2740 hostibus,
858 2709 1003 2737 acerbiora
1015 2718 1099 2745 quam

309 2759 360 2786 pro
374 2751 511 2780 victorum
527 2753 634 2780 ratione
658 2753 816 2782 sustinuere
840 2755 930 2782 mala!
950 2755 1054 2792 Nempe
1070 2757 1099 2784 in

311 2805 416 2830 muros,
431 2798 533 2826 vinctis
545 2798 683 2832 manibus,
701 2799 890 2828 maleﬁcorum
907 2809 995 2836 more,
1019 2801 1099 2830 nefa-

312 2842 348 2869 rii
362 2841 500 2872 ducebant
511 2852 519 2878 ;
531 2848 647 2872 mortem
661 2846 719 2881 jam
735 2853 750 2874 e
767 2846 858 2874 vicino
872 2847 1028 2876 venientem
1041 2856 1100 2876 cer-

314 2890 411 2915 nentes
434 2889 539 2922 miseri,
557 2891 656 2919 animis
678 2891 850 2928 fugitabant:
868 2901 899 2921 ac
924 2894 962 2921 illi
987 2895 1098 2930 quidem

1148 2298 1249 2332 σπότην
1261 2297 1326 2323 ὤθει
1342 2305 1349 2312 ·
1368 2297 1413 2324 τὸν
1427 2298 1454 2324 δὲ
1465 2298 1632 2333 πριάμενον,
1646 2299 1680 2327 τὸ
1702 2295 1909 2335 ἀνδράποδοντδν

1147 2343 1175 2370 δὲ
1190 2343 1352 2378 στρατηγὸν,
1385 2344 1399 2370 ὸ
1427 2344 1556 2379 ἀγροῖκος
1569 2352 1576 2359 ·
1592 2347 1644 2372 καὶ
1663 2346 1712 2372 τὸν
1732 2340 1910 2380 στρατιώτηῌ

1148 2389 1270 2424 γεωργός
1283 2397 1289 2404 '
1341 2389 1363 2416 δ’
1377 2390 1410 2416 ἐκ
1424 2390 1480 2417 τῶν
1505 2390 1591 2418 ὄντων
1613 2391 1712 2419 πολλοὶ
1726 2391 1861 2427 συνῄδεσαν
1878 2387 1912 2420 τὴν

1148 2434 1264 2469 πατρίδα
1278 2434 1444 2470 ὼφεληκότι,
1473 2436 1487 2463 ὁ
1510 2437 1614 2474 ἄπορος
1636 2439 1688 2466 καὶ
1712 2436 1863 2472 κακουργῶν
1883 2433 1913 2458 διά

1147 2481 1310 2517 τῆςάργίας,
1327 2482 1375 2508 καὶ
1393 2483 1512 2517 ἀπῆγον.
1526 2482 1558 2511 οὗ
1574 2485 1744 2520 γενομένους
1756 2478 1912 2515 Εδειδέξασθιι

1147 2528 1197 2562 τὴν
1211 2529 1328 2563 σφαγήν.

1183 2572 1219 2607 η’.
1244 2574 1276 2600 Ὢ
1289 2575 1405 2608 πόλεως,
1422 2576 1452 2602 ἐν
1466 2572 1483 2613 ᾗ
1498 2576 1608 2612 δαίμοσι
1618 2577 1765 2613 φθονεροις
1782 2583 1814 2603 τα
1828 2579 1914 2602 τοιαυτί

1149 2619 1308 2654 ἑχόρευσανί
1327 2621 1360 2646 Ὢ
1371 2621 1560 2656 τειχῶν,οῖους
1575 2623 1806 2658 ἀποθνήσκοντας
1817 2618 1915 2654 ἐδέξασθε

1149 2665 1282 2700 πύργουςι
1300 2667 1332 2692 Ὢ
1346 2667 1502 2701 περιϐόλου,
1519 2665 1607 2704 ἀφόὗ
1625 2669 1764 2702 πολλάκις
1776 2669 1864 2696 ἐκεῖνοι
1871 2671 1915 2700 ιρι·

1149 2712 1265 2749 φάμενοι
1279 2723 1342 2746 τυυς
1359 2715 1486 2751 εχθροὺς,
1505 2716 1575 2752 μετὰ
1585 2717 1640 2749 τὰς
1667 2718 1748 2750 νίκας
1771 2715 1862 2744 ἔπαθον
1878 2710 1915 2737 τῶν

1149 2761 1309 2797 ἡττημένων
1325 2764 1477 2799 πικρότεροι
1490 2765 1497 2791 !
1511 2766 1544 2792 Οἱ
1559 2765 1610 2800 μὲν
1625 2765 1736 2801 ἀνῆγον
1751 2765 1796 2793 ἐπὶ
1809 2763 1841 2791 τὰ
1850 2760 1915 2795 “in:

1149 2807 1195 2834 τὸν
1215 2807 1272 2835 τῶν
1303 2809 1468 2846 κακούργων
1492 2811 1603 2846 τρόπον,
1620 2812 1786 2848 mech
1797 2810 1832 2838 τὼ
1845 2809 1916 2844 κάρτ’

1150 2853 1207 2880 οῑδ¹
1222 2855 1419 2890 ἀνεστρέφοντο
1442 2856 1493 2888 τὰς
1515 2856 1615 2893 ψυχὰς,
1645 2859 1698 2894 τὴν
1712 2857 1838 2892 τελευτὴν
1850 2853 1888 2882 καὶ
1895 2850 1918 2884 δὴ

1151 2900 1320 2934 προσιοῦσαν
1333 2901 1452 2937 ὁρῶντες
1462 2911 1468 2918 ·
1493 2905 1540 2931 καὶ
1563 2904 1586 2931 ol
1607 2904 1674 2940 μὲν,
1691 2905 1806 2941 ᾖπειγον
1818 2902 1871 2932 τοὺς
1882 2898 1919 2925 ὗπδ
