1999 3165
269 207 322 238 699

887 204 1077 234 SYMEONIS
1098 205 1173 234 MAG
1180 205 1282 235 ISTRI

1813 217 1853 246 70')

271 259 389 296 tyranni,
420 258 467 294 qni
494 259 571 287 urbis
596 266 658 286 eum
678 258 825 293 potiretur,
849 266 882 285 ex
898 259 991 286 uxoris
1004 266 1055 286 no-

1119 259 1157 294 ῖὴν
1264 260 1317 287 ἀπὸ
1329 261 1380 296 τῆς
1395 261 1513 296 συζύγου
1524 263 1700 298 ὠνομακέναι.
1712 267 1760 294 Καὶ
1773 271 1854 307 ταύτην

270 305 344 332 mine
360 304 434 332 illam
461 305 632 340 appellavit.)
650 304 838 339 Tbeopbobus
866 312 948 339 quam
962 305 1057 332 urbem

271 355 439 386 occuparat,
469 350 576 385 tyranni
596 350 657 385 jure
686 349 807 376 tenebat.
835 350 987 384 Imperator
1013 349 1059 378 ubi

271 397 393 429 rescivit,
413 397 516 432 ingenti
530 404 647 423 maerore
658 396 772 423 allectus
784 400 834 423 est.
847 396 957 423 Veritus
968 400 1059 423 autem

271 450 304 470 ne
319 442 358 468 illi
373 449 401 468 se
412 441 551 468 Arabibus
580 441 773 477 adjungerent,
791 441 819 468 in
845 441 1058 476 Paphlagoniam

271 494 359 521 usque
376 487 471 519 venit;
490 486 608 521 dataque
625 486 678 513 ilde
691 486 759 513 nihil
781 487 844 513 mali
861 495 1001 521 passuros,
1014 495 1057 515 as.

271 538 438 567 sumptoque
451 532 621 568 Theophobo
638 533 665 559 ln
682 533 778 560 urbem
806 533 898 560 rediit.
910 534 1000 561 Persa:
1015 541 1060 561 re-

272 579 339 613 liqui
365 578 398 605 ad
422 578 504 606 sedes
529 578 630 613 cuique
651 578 755 606 dudum
778 579 930 613 assignatas
946 579 1059 606 reversi.

271 624 357 650 Porro
369 623 556 658 Tbeopbobus
572 632 625 650 non
640 624 732 650 minus
753 623 861 651 civibus
872 632 952 658 quam
969 625 1061 652 Persis

272 669 360 696 amori
377 670 542 701 habebatur,
556 677 588 697 ea
603 669 708 696 ratione
724 669 798 704 quod
807 669 977 697 orthodoxus
989 675 1058 697 erat.

309 714 353 740 17.
371 714 517 749 Theophili
531 714 707 749 imperatoris
724 721 797 741 anno
817 713 926 751 decimo
937 715 1061 742 nascitur

273 759 299 785 ei
315 758 388 786 illius
401 766 434 785 ex
446 759 602 791 Theodora,
615 760 659 786 cui
672 759 813 786 Michaelis
829 768 929 787 nomen
951 760 1059 787 indidit.

273 804 436 832 Procedenti
460 812 494 832 ex
516 813 593 832 more
619 806 652 833 ad
679 805 848 833 Biaehernas
863 805 961 832 obvius
974 806 1061 834 factus

274 850 410 885 quispiam
427 851 465 878 ait
477 860 484 878 :
503 851 594 886 Equus
606 860 657 886 quo
675 852 776 878 vehitur
785 851 910 886 majestas
923 855 978 883 tua,
989 860 1060 878 mea:

275 895 434 929 «LQumrit
445 896 595 930 imperator
608 904 642 923 ex
658 896 759 924 comite
771 896 871 924 stabuli
889 897 963 932 cujus
980 905 1059 931 equus

274 944 317 969 sil.
331 942 383 975 Qui
393 943 448 970 ait:
463 943 557 971 Obsidi
568 944 651 979 638
663 951 748 970 comes
763 948 815 970 tua:
827 943 962 977 majestali
979 943 1059 970 misit.
1080 935 1101 962 Β

275 989 410 1016 Postridie
421 988 511 1024 itaque
523 997 556 1017 eo
572 990 690 1017 adducto
700 989 826 1025 (contigit
838 988 912 1016 enim
922 997 985 1016 eum
995 992 1061 1016 tunc

276 1035 303 1061 in
316 1034 382 1062 urbe
394 1035 509 1071 versari)
525 1036 563 1062 ait
575 1044 582 1062 :
594 1035 739 1070 Cujusnam
751 1041 787 1062 est
799 1044 879 1071 equus
888 1035 900 1062 .9
909 1036 1062 1070 Respondit

276 1086 304 1106 se
317 1079 393 1106 illum
406 1080 550 1107 coemisse.
565 1080 713 1107 Obnitente
731 1085 823 1107 autem
836 1080 883 1114 qui
899 1085 976 1108 actor
988 1085 1058 1112 erat,

275 1124 356 1159 vique
373 1125 493 1152 ablatum
506 1126 626 1158 dicente,
644 1134 695 1153 nec
712 1127 797 1153 ullum
808 1127 867 1161 ejus
881 1126 999 1161 pretium
1015 1135 1060 1153 so-

276 1171 363 1197 lutum
383 1178 454 1202 esse,
474 1172 512 1198 ait
532 1172 701 1206 imperator:
729 1172 829 1205 Quidni
848 1173 921 1207 prius
943 1172 1062 1199 solvisti?

277 1217 321 1252 qni
352 1219 515 1252 respondit:
541 1218 651 1246 Centum
670 1219 711 1246 illi
739 1227 859 1246 nummos
878 1219 1061 1252 numerabant,

276 1264 459 1299 quaerebatque
482 1265 552 1292 inter
577 1265 710 1292 scholare:
736 1265 795 1292 alas
811 1265 916 1300 adlegi;
941 1265 968 1292 id
990 1274 1061 1297 vero,

277 1310 345 1344 quod
356 1310 431 1337 homo
443 1311 553 1346 ignavus
575 1316 644 1344 erat,
662 1312 769 1338 minimc
782 1316 933 1338 consecutus
953 1319 999 1338 nec
1010 1319 1067 1338 cen-

277 1360 332 1381 tum
344 1364 463 1382 nummos
473 1357 592 1392 accipere
606 1357 701 1384 voluit.
724 1356 878 1391 Imperator
902 1357 994 1391 itaque
1008 1365 1068 1384 cer-

279 1402 331 1427 tior
343 1401 431 1429 factus
446 1410 548 1437 equum
563 1403 590 1429 vi
605 1403 726 1430 ablatum
738 1410 810 1435 esse.
828 1403 918 1438 ipsum
935 1403 1065 1435 reddidit,

275 1447 376 1482 iubens
384 1452 412 1474 et
428 1448 504 1475 illum
517 1448 589 1475 inter
603 1449 744 1476 seholares
760 1449 867 1476 referri.
884 1449 942 1475 Non
958 1449 1068 1483 acquie-

278 1492 317 1519 vit
329 1492 374 1520 ille
387 1496 418 1519 ut
433 1500 535 1528 equum
553 1494 703 1528 acciperet,
729 1494 845 1528 aurique
862 1494 970 1521 duabus
984 1494 1064 1521 libris

279 1537 396 1565 donatus
411 1539 552 1567 abscessit.

1111 305 1276 339 παραλαῦὼν
1289 307 1398 341 κατεῖχε
1410 308 1580 342 τυραννικῶς
1590 316 1596 324 ³
1612 309 1677 344 ὅπερ
1689 311 1761 344 γνοὺς
1771 314 1783 339 ὸ
1795 305 1855 349 βασί-

1110 350 1172 380 λεὺς
1187 351 1215 376 ὲν
1233 351 1338 388 μεγάλῃ
1351 351 1424 389 λύπῃ
1437 353 1543 388 γέγονε.
1557 355 1717 389 Φοϐούμενος
1728 358 1753 385 δὲ
1772 361 1803 395 μὴ
1814 371 1855 388 πι-

1113 397 1252 431 ραῤῥυῶσι
1267 398 1324 429 τοῖς
1348 398 1461 434 Ἀραψι,
1488 399 1570 435 μέχρι
1593 401 1769 437 Παφλαγονίας
1784 406 1857 442 ἀπῄει,

1112 442 1158 467 καὶ
1175 442 1271 476 λόγους
1283 444 1375 475 αὐτοῖς
1394 445 1431 476 ὡς
1439 445 1516 472 οὐδὲν
1536 446 1672 475 πείσονται
1691 449 1800 483 δεδωκὼς
1823 456 1858 481 καὶ

1111 487 1156 514 τὸν
1169 488 1300 523 Θεὸφοϐον
1313 491 1512 526 ἀναλαϐόμενος
1528 493 1691 528 ὑπέστρεψεν
1706 497 1732 522 ἐν
1744 499 1772 531 τῇ
1791 499 1857 531 πόλει,
1869 492 1872 521 λ

1110 535 1165 561 τῶν
1177 535 1264 562 ἄλλων
1289 537 1402 572 Περσῶν
1424 539 1653 574 παραγενομένων
1675 539 1753 577 οὗπερ
1771 543 1859 577 ἕκαστος

1112 582 1321 617 κατεσκήνωσεν
1341 583 1371 615 ἐξ
1388 583 1485 619 ἀρχῆς.
1510 585 1651 619 Ἠγαπᾶτο
1671 587 1698 614 δὲ
1716 588 1729 613 ὁ
1752 589 1858 624 Θεόφοὸος

1112 627 1188 661 παρὰ
1220 628 1274 654 τῶν
1305 629 1421 656 πολιτῶν
1444 631 1493 665 οὐχ
1506 627 1587 666 ἦττον
1604 631 1619 667 ἢ
1637 633 1688 659 τῶν
1717 635 1814 670 Περσῶν
1832 638 1859 669 ob;

1111 672 1261 706 ὀροόδοξος.
1296 686 1301 690 ”

1150 719 1193 751 ιζ’.
1210 720 1254 755 Τῷ
1271 720 1286 747 ι’
1297 721 1378 747 αὑτοῦ
1400 721 1455 749 ἔτει
1470 723 1575 757 γίνεται
1594 724 1633 758 τῷ
1662 725 1758 758 βασιλεῖ
1769 727 1803 763 [Ρ.
1814 729 1860 764 ΗΞ]

1113 767 1175 797 παῖς
1193 767 1224 792 ἐκ
1243 767 1395 802 Θεοδώρας,
1415 768 1444 795 ὃν
1462 769 1639 804 ἐπωνόμασεν
1654 770 1764 807 Μιχαὴλ.
1785 775 1861 808 ’Δπερ.

1112 813 1219 848 χομένῳ
1238 813 1265 839 δὲ
1285 813 1323 848 τῷ
1338 814 1441 849 βασιλεῖ
1465 815 1532 850 πρὸς
1556 815 1718 851 Βλαχέρνας,
1738 819 1817 850 καθὼς
1833 821 1862 846 εῖ-

1113 858 1197 890 etne,
1219 858 1374 894 ὑπήντησεν
1401 860 1476 895 αὐτῷ
1503 869 1544 892 τις
1575 861 1678 895 λέγων⁸
1713 863 1742 889 ⁸0
1763 863 1863 898 ἵπποςῷ

1115 904 1266 939 ἐποχεῖται
1286 905 1458 939 ἠβασιλεία
1475 914 1533 933 σου
1561 907 1633 941 ἐμός
1647 908 1736 935 ἐστιν.
1761 911 1784 936 '0
1797 911 1862 945 δὲβα-

1117 949 1207 979 σιλεὺς
1230 950 1276 976 τὸν
1305 951 1412 986 κόμητα
1431 951 1477 978 τοῦ
1506 951 1621 980 στάὸλου
1643 954 1863 989 ὲπηρώτησεν·Τί-

1115 1004 1168 1028 νος
1197 995 1283 1023 ἐστὶν
1310 998 1325 1023 ό
1347 997 1458 1030 ῖππος;
1494 998 1523 1024 '0
1551 999 1580 1025 δέ
1608 1007 1704 1034 φησιν·
1743 1001 1769 1027 '0
1794 1003 1863 1035 κόμης

1116 1041 1168 1068 τοῦ
1202 1042 1322 1076 dii-thw
1356 1042 1537 1072 ἀπέστειλεν
1562 1046 1668 1084 ναὐτὸν
1696 1045 1730 1080 τῇ
1752 1047 1864 1081 ,ϐασιλείᾳ

1116 1096 1185 1114 σου.
1203 1089 1241 1124 Τῇ
1256 1089 1284 1115 δὲ
1307 1089 1438 1124 ἐπαύριον
1457 1090 1501 1117 τὸν
1518 1091 1627 1126 κόμητα
1648 1092 1692 1119 τοῦ
1712 1093 1804 1127 eorum
1816 1094 1865 1127 ἁγα-

1114 1133 1170 1166 γὼν
1184 1133 1273 1169 (ἔτυχε
1288 1133 1343 1170 γὰρ
1355 1135 1383 1161 ὲν
1395 1136 1428 1170 τῇ
1440 1136 1516 1163 πόλει
1535 1136 1618 1164 αὑτὸν
1634 1135 1711 1173 εἶναι)
1734 1139 1779 1173 ἔφη
1790 1147 1795 1153 ·
1805 1140 1865 1172 Τίνος

1114 1179 1201 1206 ἐστὶν
1216 1181 1232 1205 ό
1245 1180 1353 1213 ἵππος;
1366 1180 1398 1207 10
1413 1181 1441 1207 δὲ
1468 1181 1519 1216 ἔφη
1537 1190 1543 1197 ·
1571 1183 1713 1217 Ὴγόρασα
1726 1185 1814 1211 αὐτόν.
1827 1184 1865 1210 Τοῦ

1115 1223 1144 1249 δὲ
1172 1224 1352 1257 ἐγκαλοῦντος
1379 1226 1581 1262 ἀνθισταμένου
1610 1229 1657 1255 καὶ
1687 1229 1798 1263 λέγοντος
1817 1230 1866 1264 μετᾶ

1118 1268 1179 1303 βίας
1192 1269 1339 1302 ἀφελέσθαι
1352 1271 1433 1298 αὑτὸν
1450 1272 1497 1298 καὶ
1513 1273 1598 1307 χωρὶς
1614 1275 1770 1309 τιμήματος,
1788 1276 1800 1300 ὁ
1811 1275 1866 1309 βασι-

1117 1315 1180 1346 λεὺς
1194 1314 1244 1350 ἔφη
1257 1323 1263 1331 ·
1280 1315 1331 1342 Διὰ
1342 1317 1370 1343 τι
1381 1317 1424 1352 μὴ
1443 1319 1591 1352 πρότερον
1604 1319 1661 1354 τὴν
1688 1320 1772 1355 τιμὴν
1783 1321 1866 1348 ἀπέκο-

1117 1361 1196 1393 prae;
1223 1360 1251 1387 '0
1273 1361 1301 1387 δὲ
1328 1362 1505 1397 ἀποκριθείς¹
1526 1363 1554 1398 ρ’
1589 1367 1752 1400 νομίσματα
1775 1366 1868 1394 ἐδίδουν

1118 1404 1198 1437 αὑτῷ
1209 1413 1215 1420 ·
1232 1407 1324 1439 αὐτὸς
1338 1408 1371 1434 δὲ
1390 1408 1483 1442 ἐζήτει
1496 1410 1639 1442 γενέσθαι
1659 1412 1814 1446 σχολὰριος,
1833 1412 1868 1438 tuti

1119 1449 1167 1477 διὰ
1182 1450 1214 1477 τὸ
1228 1450 1305 1479 εἶναι
1320 1454 1414 1481 αὐτόν
1428 1455 1532 1483 δειλὸν
1544 1458 1653 1484 τούτου
1663 1459 1807 1493 ἀποτυχὼν
1818 1458 1869 1485 οὐδὲ

1118 1494 1154 1521 τὰ
1172 1495 1199 1529 ρ’
1216 1498 1385 1533 νομίσματα
1402 1499 1536 1535 ἠθέλησε
1561 1504 1678 1530 λαϐεῖν.
1709 1504 1765 1530 Ἐπὶ
1790 1505 1869 1534 τούτοις

1119 1540 1277 1575 βεϐαιωθεὶς
1295 1545 1308 1570 ὁ
1324 1545 1450 1580 βασιλεὺς
1467 1548 1508 1574 ὅτι
1526 1548 1583 1584 βίᾳ,
1602 1550 1648 1576 τὸν
1664 1550 1744 1577 ἵππον
1764 1550 1870 1576 ἀποδέδω-

278 1594 337 1616 κεν,
355 1586 450 1620 ὁρίσας
461 1587 508 1613 καὶ
524 1587 664 1623 σχολάριον
680 1587 761 1615 αὐτὸν
784 1588 906 1622 ποιῆσαι.
928 1587 957 1614 '0
970 1586 998 1614 δὲ
1013 1586 1059 1612 τὸν
1078 1585 1161 1614 ἵππον
1195 1589 1232 1624 μὴ
1251 1590 1391 1627 βουληθεὶς
1420 1593 1522 1627 λαϐεῖν,
1550 1595 1650 1623 ἐλαϐεν
1673 1596 1777 1633 χρυσίου
1800 1597 1870 1631 λίτρας

281 1633 303 1668 β’
318 1634 364 1660 καὶ
380 1634 512 1668 ἀπῆλθεν.

316 1683 359 1710 48'.
373 1683 516 1710 Saracenis
530 1683 638 1711 infestis
649 1684 734 1719 signis
749 1684 892 1711 Amorium
908 1683 1068 1719 petentibus
1081 1684 1102 1714 C

280 1730 430 1764 imperator
449 1730 578 1758 celeriter
592 1730 619 1756 in
640 1730 842 1764 Cappadociam
864 1738 952 1765 usque
974 1731 1068 1765 copias

280 1776 384 1803 eduxit.
406 1775 617 1802 Amermumnes
639 1784 707 1803 vero
738 1776 848 1803 selectis
871 1777 1068 1812 quinquaginta

280 1821 417 1854 millibus,
437 1821 622 1856 prtefectoque
632 1821 686 1848 illis
702 1821 815 1849 Gundec
840 1822 898 1849 viro
914 1823 985 1849 inter
999 1823 1069 1857 Aga-

281 1879 361 1899 renos
380 1871 452 1898 fama
467 1871 630 1903 clarissimo,
648 1871 782 1898 adversus
807 1870 1001 1905 imperatorem
1018 1870 1069 1896 mi-

280 1917 324 1945 sit.
339 1917 473 1944 Conserto
490 1917 585 1951 praello
598 1916 747 1951 imperator
766 1916 855 1943 victus
869 1915 1002 1949 fususque
1013 1918 1066 1948 est,
1079 1919 1087 1928 '

280 1963 378 1998 vixque
404 1971 421 1990 a
447 1962 524 1990 clade
539 1969 600 1990 eum
614 1962 719 1997 probro
733 1962 791 1997 ipse
807 1962 955 1989 incolumis
968 1961 1065 1988 evasit.

281 2010 409 2037 Saraceni
433 2017 498 2037 vero
528 2009 649 2044 undique
675 2009 766 2035 cincto
792 2008 905 2035 Amorio
928 2007 1067 2041 variisque

280 2056 381 2091 puellis
414 2059 528 2087 tentato,
561 2055 633 2090 quod
665 2054 818 2089 oppidanos
838 2058 950 2080 strenue
970 2053 1066 2080 urbem

279 2105 483 2136 propugnantes
496 2099 635 2130 viderent,
659 2098 832 2126 obsidionem
851 2098 958 2125 solvere
980 2097 1067 2124 medi-

281 2148 418 2175 tabantur.
430 2147 532 2174 Verum
550 2146 652 2173 Leonis
667 2145 824 2180 philosophi
840 2144 990 2178 discipulus
1006 2144 1067 2178 qui-

280 2193 352 2224 dam,
380 2196 436 2219 tum
455 2192 482 2218 in
498 2190 626 2225 praesidio
646 2197 739 2224 agens,
767 2190 794 2216 in
817 2189 875 2216 hmo
888 2188 971 2215 verba
987 2196 1066 2214 nian-

280 2239 327 2265 dat
343 2247 349 2264 :
368 2237 513 2264 Dummodo
527 2237 592 2263 duos
614 2235 701 2262 solum
716 2236 769 2262 dies
786 2236 927 2262 stationem
942 2235 1064 2267 teneatis,

281 2284 370 2311 urbem
387 2281 608 2317 evertetis;quod
620 2286 648 2308 et
660 2281 784 2316 contigit.
803 2280 915 2307 Prodlta
931 2280 1004 2307 enim
1024 2284 1066 2306 est

281 2339 294 2358 a
306 2326 434 2362 'Buditze,
454 2336 536 2364 quem
552 2333 661 2361 vocant,
673 2333 699 2355 et
715 2335 729 2354 a
751 2327 959 2362 Manieophanc.
984 2326 1065 2354 Com-

280 2375 409 2412 prehensl
435 2383 469 2402 ex
491 2374 635 2402 catholicis
663 2374 715 2401 viri
740 2374 823 2408 639
841 2373 1065 2405 nominatisslmi,

280 2422 450 2457 TheOphllus
462 2421 594 2456 patricius
612 2421 721 2455 duxque
746 2420 894 2452 exercitus,
907 2419 1069 2447 Melissenus

284 2473 312 2496 et
325 2469 431 2500 Aetius,
459 2467 622 2495 Theodorus
648 2474 759 2502 quoque
785 2466 1025 2501 protospatliarins
1042 2470 1070 2492 et

280 2515 425 2543 eunuchus
440 2514 582 2546 Craterus,
594 2513 725 2541 Callistus
749 2513 918 2545 turmareha,
936 2511 1071 2539 Constan-

284 2562 358 2588 tinus
372 2561 538 2595 drungarius
552 2564 580 2586 et
599 2560 701 2586 Basoes
722 2566 837 2591 cursor;
860 2558 972 2593 quidam
988 2558 1070 2585 etiam

284 2607 422 2643 agminum
434 2606 565 2641 praefecti.
578 2606 652 2639 Quos
663 2613 725 2633 cum
740 2606 889 2640 imperator
906 2604 988 2631 vellet
1001 2604 1074 2630 redi-

286 2661 371 2684 mere,
391 2652 483 2680 missis
507 2653 604 2688 legatis
626 2652 660 2679 ad
685 2653 911 2678 Amermuinnem
938 2658 1001 2677 eum
1022 2649 1074 2677 du-

283 2699 370 2728 centis
384 2699 561 2731 centenarlis,
575 2699 635 2734 ejus
648 2698 886 2732 nequiitanimuin
902 2704 1069 2732 expugnare;

283 2746 330 2780 qui
347 2745 460 2776 diceret,
481 2752 526 2771 nec
545 2744 567 2770 si
584 2743 679 2770 millies
689 2748 810 2770 tenlenas
828 2743 907 2770 libras
921 2751 954 2768 eo
966 2743 1070 2769 nomine

285 2796 434 2818 tmmcruret
450 2791 599 2825 ulcaptivos
610 2789 745 2825 reciperet,
759 2789 797 2815 vel
810 2797 888 2815 mrum
905 2788 1068 2815 liberandum

288 2837 351 2870 fore.

322 2881 364 2908 i9.
381 2882 504 2916 Captivis
534 2883 627 2917 itaque
653 2883 679 2909 in
706 2882 811 2916 .‘qriam
828 2881 965 2912 adductis,
986 2881 1071 2907 [mdia

287 2927 328 2954 eis
341 2927 382 2953 vis
395 2936 409 2954 ιι
424 2929 639 2962 protosymbulo,
665 2928 729 2963 quin
744 2933 768 2955 «‘l
787 2937 799 2954 η
821 2928 935 2955 lludille
947 2927 1070 2954 adhibita

1157 1683 1200 1719 ιη’.
1222 1684 1282 1710 Τῶν
1297 1685 1325 1710 δὲ
1341 1685 1508 1721 Σαρακηνῶν
1520 1688 1566 1714 ἐπὶ
1579 1688 1611 1716 τὸ
1633 1690 1753 1724 ’Δμόριον
1770 1689 1871 1716 ἐλθόντων

1120 1729 1134 1755 ὁ
1149 1728 1273 1764 βασιλεὺς
1283 1730 1423 1765 συντόμως
1447 1732 1529 1767 μέχρι
1548 1733 1747 1765 Καππαδοκίας
1760 1733 1870 1768 ἐξήλασεν.

1127 1773 1155 1800 Ὀ
1170 1773 1198 1800 δὲ
1213 1774 1426 1811 ’Λμερμουμνῆς
1444 1780 1465 1802 ν’
1477 1777 1603 1812 χιλιάδας
1620 1779 1683 1806 λαὸν
1703 1780 1830 1814 ἀφορίσας,
1838 1779 1871 1805 δε-

1119 1819 1213 1851 δωκὼς
1227 1820 1318 1852 αὐτοῖς
1330 1821 1376 1848 καὶ
1390 1821 1436 1848 τὸν
1447 1823 1564 1858 Γουνδεῆ
1585 1825 1704 1860 ἄρχοντα
1723 1824 1871 1860 ὀνομαστότα-

1120 1874 1164 1891 τον
1191 1865 1254 1892 ὄντα
1272 1868 1300 1892 ἐν
1320 1869 1376 1898 τοῖς
1399 1868 1573 1904 Ἀγαρηνοῖς,
1602 1870 1744 1897 ἀπέστειλε
1762 1870 1822 1896 κατὰ
1839 1868 1872 1895 τοῦ

1121 1911 1263 1945 βασιλέως.
1278 1913 1335 1939 Καὶ
1351 1914 1471 1948 πολέμου
1485 1915 1636 1950 γενομένου
1660 1915 1779 1951 ἡττηθεὶς
1790 1917 1802 1942 ό
1813 1915 1872 1950 βασι-

1119 1958 1181 1989 λεὺς
1194 1958 1287 1993 ἔφυγε,
1300 1962 1347 1986 καὶ
1359 1961 1417 1995 μετ’
1431 1961 1563 1996 αἰσχύνης
1585 1962 1737 1997 ὑπέστρεψε
1752 1962 1818 1996 μόλις
1829 1961 1871 1987 δια-

1120 2005 1227 2037 σωθείς.
1255 2006 1287 2031 Οἱ
1315 2006 1343 2032 δὲ
1376 2007 1532 2041 Σαρακηνοὶ
1572 2007 1832 2043 περιχαρακώσαντες
1853 2005 1874 2031 τὸ

1125 2051 1250 2086 ’Λμόριον
1276 2053 1323 2078 καὶ
1351 2053 1465 2085 πολλοὺς
1494 2053 1632 2089 πολέμους
1653 2055 1812 2089 ποιήσαντες,
1827 2053 1871 2079 ἐπεὶ

1120 2096 1257 2132 σταθερῶς
1272 2097 1334 2129 τοὺς
1355 2098 1428 2124 ἔνδον
1459 2099 1679 2134 ἀγωνιζομένους
1706 2099 1800 2135 ἑώρων,
1814 2099 1874 2132 ἡδονι

1118 2143 1239 2178 λήοησαν
1259 2145 1448 2180 ὑποχωρῆσαι.
1471 2145 1604 2182 Μαθητὴς
1629 2147 1657 2173 δέ
1671 2156 1712 2178 τις
1726 2147 1827 2176 Λέοντος
1838 2144 1871 2170 τοῦ

1118 2189 1262 2224 φιλοσόφου
1283 2191 1311 2217 ὲν
1343 2190 1381 2225 τῷ
1407 2191 1518 2226 κάστρῳ
1538 2190 1575 2219 ὢν
1607 2192 1704 2228 μηνύει
1728 2191 1833 2222 τούτους,
1847 2190 1875 2215 ὅτι

1118 2237 1153 2262 Et
1177 2236 1457 2270 προσκαρτερήσετε
1489 2237 1543 2264 δύο
1575 2238 1690 2272 ἡμέρας
1704 2258 1711 2268 ,
1738 2234 1875 2270 ἐκπορθεῖτε

1117 2281 1205 2316 ἡμᾶς.
1224 2283 1256 2308 Ὃ
1268 2283 1314 2308 καὶ
1328 2283 1442 2316 γέγονεν
1454 2291 1460 2298 ’
1480 2283 1614 2318 προεδόθη
1635 2285 1689 2319 γὰρ
1707 2283 1756 2310 ὑπὸ
1767 2282 1807 2310 τοῦ
1818 2282 1875 2314 λεγο-

1120 2328 1201 2362 μένου
1217 2327 1346 2363 Βουδίτζη
1366 2329 1413 2354 καὶ
1429 2328 1477 2355 τοῦ
1492 2329 1710 2364 Μανικοφάνους.
1729 2326 1874 2362 Κατεσχέθη-

1122 2383 1171 2400 σαν
1184 2374 1213 2400 δὲ
1226 2374 1321 2410 ἄνδρες
1329 2374 1538 2410 ὀνομαστότατοι
1565 2376 1621 2402 τῶν
1637 2375 1763 2407 εὐσεϐῶν,
1775 2371 1874 2407 Θεόφιλος

1123 2419 1267 2454 πατρίκιος
1287 2420 1332 2446 καὶ
1344 2420 1493 2455 στρατηγοὶ
1508 2420 1522 2446 ὃ
1538 2429 1566 2446 τε
1578 2419 1745 2456 Μελισσηνὸς
1755 2418 1814 2445 καὶὸ
1832 2416 1873 2442 Ἀέν

1122 2473 1189 2498 τιος,
1205 2466 1251 2491 καὶ
1265 2465 1401 2500 Θεόδωρος
1419 2466 1665 2500 πρωτοσπαοάριος
1683 2466 1728 2492 καὶ
1753 2462 1856 2497 εὐνοῦχος
1866 2460 1874 2485 ὕ

1123 2511 1279 2545 Κρατερὸς,
1305 2511 1455 2542 Κάλλιστος
1488 2511 1676 2546 τουρμὰρχης,
1708 2509 1876 2537 Κωνσταντῑνος

1122 2556 1302 2591 δρουγγάριος
1318 2557 1364 2583 καὶ
1378 2557 1484 2591 Βασὰης
1496 2557 1509 2582 ὁ
1523 2557 1641 2592 δρομεὺς
1661 2556 1705 2583 καί
1721 2563 1786 2586 τινες
1801 2554 1875 2588 ἄρχον·

1124 2610 1169 2634 τες
1196 2602 1251 2628 τῶν
1280 2602 1439 2636 ταγμάτων.
1466 2602 1521 2634 Οὓς
1542 2602 1730 2637 ἐξωνήσασθαι
1747 2599 1876 2635 βουλόμενος

1125 2649 1138 2674 ὁ
1163 2648 1289 2682 βασιλεὺς
1318 2648 1477 2674 ἀποστέλλει
1501 2648 1630 2682 πρέσὸεις
1655 2647 1720 2683 πρὸς
1745 2646 1785 2673 τὸν
1800 2645 1875 2678 Ἀμερ-

1128 2696 1234 2730 μουμνῆ
1265 2694 1333 2729 μετὰ
1363 2695 1547 2729 κεντηναρίων
1575 2695 1727 2721 διακοσίων.
1759 2691 1819 2719 Ἀλλ’
1841 2689 1875 2714 οὒκ

1127 2741 1235 2768 ἔπεισεν
1258 2741 1382 2773 εἰπόντα,
1406 2742 1448 2767 ὅτι
1475 2741 1562 2768 Χίλια
1580 2740 1758 2775 κεντηνάρια
1771 2738 1817 2765 ἐὰν
1836 2741 1876 2761 πα·

1124 2786 1243 2821 ράσχῃς
1270 2789 1350 2821 λόγῳ
1382 2786 1435 2814 τοῦ
1473 2787 1707 2821 συνειλεγμένου
1738 2783 1813 2815 λαοῦ,
1837 2781 1875 2807 οὐκ

1125 2832 1314 2866 ἐλευθερώσω
1329 2832 1438 2860 οὐδένα
1453 2834 1574 2861 τούτων.

1166 2879 1209 2904 ιϐ’.
1229 2879 1288 2904 Τῶν
1301 2878 1480 2913 αἰχμαλώτων
1496 2878 1540 2905 οὖν
1557 2879 1585 2904 ὲν
1613 2877 1698 2913 Συρίᾳ
1721 2873 1875 2908 ἀπαχθέντων,

1124 2925 1167 2961 μ’.
1180 2923 1243 2960 4ὶ4]
1257 2924 1340 2951 πολλὰ
1356 2925 1430 2959 παρὰ
1456 2924 1502 2950 τοῦ
1519 2922 1758 2959 πρι-,γτοσυμϐνιύλον
1780 2920 1877 2949 άναῖκν
