1999 3165
122 245 172 278 701

672 247 857 277 ANNALES.
879 259 911 264 -
929 246 1186 286 THEOPHILUS.

1694 249 1748 280 7ίέίέ

123 305 242 336 σθέντῖς,
259 305 326 331 ἀλλὰ
342 305 394 340 μὴν
410 306 455 332 καὶ
479 306 527 332 τοῦ
554 305 693 340 Βουδίτζη,
708 307 741 340 τῇ
764 305 818 332 τῶν
842 303 912 331 ἑπτὰ

970 313 1044 337 longa
1059 314 1193 333 annorum
1205 311 1309 341 septem
1326 307 1446 334 carceris
1460 307 1643 334 maceratione
1653 315 1661 339 ;
1671 315 1750 334 cum-

121 351 227 386 χρόνων
253 351 402 386 καθείρξει,
424 352 472 378 καὶ
498 352 534 386 μὴ
561 348 720 382 πεισθέντες
744 351 913 386 ἀρνήσασθαι

121 397 168 423 τὸν
178 397 308 430 Χριστὸν,
324 398 396 430 ξίφει
413 398 622 433 ἀπετμήθησαν,
642 397 702 423 ἀντὶ
718 397 768 431 τῆς
784 397 914 432 προσκαί-

125 452 171 478 ρου
190 443 263 478 ζωῆς
276 444 325 478 τὴν
339 444 448 471 αἰώνιον
461 445 664 478 ἀγαπήσαντες,
688 443 737 470 καὶ
766 443 835 478 μετὰ
848 445 914 478 μῖαιν

122 489 230 524 ἡμέραν
242 490 271 515 ἐν
286 489 325 524 τῷ
340 490 455 526 ποταμῷ
478 492 642 527 ἐρρίφησαν.
659 492 695 518 Τὸ
717 491 745 517 δὲ
762 492 913 527 παραδοξὸ-

121 543 215 567 τατον,
232 535 273 561 ὅτι
285 535 387 569 ἑκάστη
405 535 509 570 κεφαλὴ
525 536 593 570 μετὰ
611 536 659 570 τὴν
675 535 794 570 ἐκτομὴν
807 535 845 570 τῷ
856 533 913 571 ἰδῖῳ

123 579 232 615 σώματι
244 580 334 617 ἡνὼθη
352 582 399 608 καὶ
415 582 534 617 συνεφόη
546 590 552 597 '
575 582 622 608 καὶ
634 581 728 616 ὥσπερ
740 582 767 608 αἱ
784 582 869 616 ψυχαὶ
885 583 913 608 ἐν

122 628 163 654 ἐν).
179 628 257 662 τόπῳ
282 628 330 654 τοῦ
356 628 533 663 παραδείσου,
549 628 620 655 οὕτω
638 629 684 655 καὶ
704 628 759 654 τῶν
775 629 861 662 ἁγίων
878 628 913 655 τὰ

122 674 239 708 σώματα
254 675 318 710 μιᾶς
329 675 406 707 ὁσίας
416 675 493 710 παρὰ
502 675 556 701 τῶν
572 675 675 701 πιστῶν
689 674 794 710 ἔλαχον.
805 674 913 701 Τούτων

121 719 324 747 τελειωθέντων
338 721 481 747 ἐκέλευσεν
494 722 508 747 6
534 720 781 756 πρωτοσύμϐουλος
795 720 842 746 καὶ
868 720 913 747 τὸν

121 765 270 800 Βουδὶτζην
284 766 536 801 ἀποκεφαλισθῆναι
554 766 650 798 εἰπὼν,
677 766 718 792 ὅτι
746 766 801 793 Καὶ
812 763 912 799 οὗτος,

120 812 147 838 ει
165 809 202 846 ἦν
217 813 305 846 ὀρθὸς
317 813 504 846 Χριστιανὸς,
522 814 577 839 οὐκ
589 811 654 847 εἶχε
664 813 841 848 μαγαρίσαι.
858 813 913 839 Καὶ

121 858 220 884 τούτου
236 859 384 892 γενομένου
400 859 446 885 καὶ
458 858 505 884 τοῦ
529 859 655 893 σώματος
678 859 760 885 αὐτοῦ
788 858 913 894 ῥιφέντος

123 903 194 938 μετὰ
210 903 263 930 τῶν
279 903 375 937 ἁγίων,
389 904 441 937 ἔξω
453 904 503 938 τῆς
516 904 625 939 στοιϐῆς
634 903 737 931 τούτων
754 905 909 940 ηὑρίσκετο.

122 949 180 975 Καὶ
195 951 211 984 ἡ
227 950 332 985 κεφαλὴ
346 950 374 976 δὲ
388 950 471 977 αὑτοῦ
486 951 580 985 πόρρω
595 951 640 977 τοῦ
659 950 784 985 σώματος
803 949 848 984 ἦν,
865 951 912 977 καὶ

121 994 172 1029 οὐχ
187 994 225 1026 ὥς
236 995 289 1021 τῶν
303 995 388 1029 ἁγίων
403 995 656 1032 συγκεκολλημένη.
682 995 736 1022 Καὶ
755 996 793 1027 είς
809 996 852 1022 τὸν
868 1005 912 1023 πο-

122 1040 211 1074 ταμὸν
238 1041 383 1076 ῥιφέντων,
404 1043 451 1068 καὶ
485 1042 596 1068 πάντων
610 1041 665 1068 τῶν
692 1042 828 1077 σωμάτων
857 1043 911 1068 τῶν

122 1086 210 1120 ἁγίων
230 1086 374 1121 βλέποντος
386 1087 432 1114 τοῦ
449 1087 529 1122 ὄχλου
542 1087 754 1122 εὑπλοησάντων
769 1089 814 1114 καὶ
828 1089 867 1120 εἰς
881 1087 911 1114 τὸ

122 1132 213 1166 πέραν
224 1131 366 1165 ἐλθόντων,
382 1133 465 1159 αὐτοῦ
481 1133 562 1167 μόνον
576 1132 604 1159 τὸ
616 1133 696 1168 σῶμα
708 1134 733 1159 οἰ
747 1133 912 1168 κροκόδειλοι

121 1177 300 1213 διασύραντες
311 1178 465 1213 κατέκοψαν
476 1178 522 1205 καὶ
534 1178 698 1213 κατέφαγον.

159 1267 195 1306 κ’,
219 1268 249 1296 '0
260 1268 288 1295 δὲ
307 1268 354 1295 τοῦ
367 1269 515 1303 φιλοσόφου
529 1268 642 1300 Λέοντος
664 1268 799 1304 μαθητὴς,
826 1270 839 1296 6
865 1278 913 1296 και

124 1315 249 1350 μηνυτὴς
266 1315 316 1350 τῆς
328 1316 485 1350 προδοσίας,
511 1307 641 1350 ἠρωτήθη
658 1315 734 1350 παρὰ
748 1315 795 1342 τοῦ
813 1316 912 1351 Ἀμερ-

124 1360 236 1396 μουμνῆ
252 1361 315 1396 περὶ
329 1362 377 1396 τῆς
392 1361 548 1396 ἐπιστήμης
568 1361 661 1393 αὑτοῦ,
671 1361 719 1388 καὶ
731 1360 807 1388 εἴπεν
824 1362 913 1396 μαθη-

124 1406 174 1442 τὴς
189 1404 260 1434 εἶναι
271 1407 318 1433 τοῦ
331 1407 476 1442 φιλοσόφου
490 1407 615 1439 Λέοντος.
642 1407 760 1438 Ἐκεῖνος
774 1407 801 1433 δὲ
819 1407 913 1442 μαθὼν

125 1452 219 1484 ὁποῖός
235 1453 309 1479 ἐστιν
323 1453 337 1479 6
352 1453 438 1485 Λέων,
451 1452 585 1488 ἐπεθύμει
596 1453 689 1480 τοῦτον
708 1453 783 1485 ἰδεῖν,
798 1453 845 1479 καὶ
853 1453 914 1485 δούς

123 1507 178 1525 τινι
201 1497 255 1524 τῶν
275 1498 457 1533 αἰχμαλώτων
474 1499 627 1534 γράμματα
653 1499 723 1534 πρὸς
744 1500 848 1526 Λέοντα
870 1500 914 1526 τὸν

125 1544 271 1578 φιλόσοφον
286 1544 447 1571 ἀπέστειλεν
465 1546 493 1572 ἐν
522 1545 821 1578 Κωνσταντινουπόλει,
848 1545 914 1572 ὑπο·

126 1590 259 1625 σχόμενος
275 1590 402 1626 δεύτερον
411 1591 493 1618 αὐτὸν
513 1589 583 1618 εἶναι
596 1592 624 1618 ἐν
637 1593 714 1627 τιμῇ.
733 1591 762 1618 Ὀ
787 1592 814 1618 δὲ
839 1591 915 1618 Λέων

123 1637 159 1663 τὰ
170 1637 321 1672 γράμματα
340 1636 485 1664 ἀπολαόὼν
503 1637 626 1676 ἁνῄγαγε
642 1637 730 1664 ταῦτα
743 1637 865 1672 Θεοφίλῳ
876 1637 915 1672 τῷ

126 1682 243 1718 βασιλεῖ.
265 1683 293 1709 '0
308 1683 335 1709 δὲ
351 1683 433 1718 γνοὺς
443 1683 477 1710 τὰ
491 1683 540 1718 τῆς
558 1683 656 1710 ἑαυτοῦ
682 1685 849 1719 ἐπιστήμης,
867 1684 915 1710 καὶ

125 1729 167 1755 ὅτι
196 1728 317 1755 τοιοῦτον
338 1729 516 1765 σοφὺνᾶνδρα
541 1729 570 1756 ἐν
592 1731 625 1765 τῇ
637 1729 713 1756 πόλει
740 1729 823 1756 αὑτοῦ
847 1730 914 1765 ἔχει,

126 1774 349 1809 προσλαϐόμενος
372 1775 452 1802 αὐτὸν
486 1776 526 1807 εἰς
551 1775 581 1802 τὸ
608 1776 739 1802 παλάτιον
757 1776 785 1802 ὲν
809 1777 841 1811 τῇ
857 1776 918 1803 Μα-

126 1819 234 1856 γναύρᾳ
247 1820 332 1851 ἔθετο,
347 1820 486 1856 παραδοὺς
497 1821 571 1856 αὐτῷ
581 1821 628 1848 καὶ
641 1821 766 1856 μαθητὰς
780 1821 916 1848 διδάσκειν

125 1866 191 1896 τοὺς
220 1866 421 1900 εὐφυεστάτους
448 1866 534 1898 νέων,
571 1865 699 1900 παρέχων
723 1865 798 1900 αὐτῷ
827 1867 916 1892 πᾶσαν

126 1911 276 1939 ἀπάθειαν.
304 1908 388 1944 Οὗτος
422 1912 471 1939 καλ¹
502 1911 706 1947 μητροπολίτης
740 1911 808 1946 μετὰ
831 1912 917 1938 ταῦτα

127 1957 332 1993 Θεσσαλονίκης
344 1959 466 1992 γέγονεν,
486 1958 538 1984 ὑπὸ
555 1957 602 1985 τοῦ
619 1957 771 1992 ἁγιωτάτου
785 1957 919 1993 πατριάρ-

127 2012 177 2039 χου
191 2004 323 2031 Μεθοδίου
341 2004 539 2040 χειροτονηθείς
548 2003 582 2031 ’⁸.

165 2049 221 2077 κα’.
236 2050 280 2084 Τῷ
296 2049 331 2076 ια’
348 2049 429 2076 αὐτοῦ
457 2050 512 2076 ἔτει
536 2049 624 2082 κτίζει
653 2051 666 2076 ό
682 2050 807 2086 βασιλεὺς
823 2051 851 2076 ἐν
879 2044 918 2085 τῷ

128 2095 256 2131 παλατίῳ
266 2095 295 2122 τὸ
310 2095 461 2131 ἰ’ρίκογχον
477 2096 525 2122 καὶ
540 2095 571 2122 τὸ
597 2095 744 2131 λεγόμενον
760 2095 849 2130 Σίγμα
872 2097 919 2122 καὶ

126 2141 180 2173 τὰς
194 2141 351 2177 ἀναὸάθρας
367 2142 421 2168 τῶν
435 2141 540 2176 δήμων,
556 2141 646 2175 ἵστησι
656 2141 683 2167 δὲ
699 2141 746 2168 καὶ
761 2141 810 2176 τὴν
821 2141 919 2176 φιάλην

127 2189 156 2214 ὲν
169 2185 300 2225 ᾖγίνεται
315 2188 344 2215 τὸ
362 2188 568 2222 σαξιμοδέξιμον
583 2188 738 2222 λεγόμενον,
751 2188 808 2214 τῶν
827 2188 919 2215 ἳππων

127 2235 294 2270 ἀμφοτέρων
319 2234 373 2262 τῶν
388 2235 481 2270 μερῶν
506 2235 703 2270 διερχομένων,
719 2235 788 2270 μετὰ
811 2236 920 2270 χρυσῶν

129 2281 321 2315 σαγισμάτων.
340 2281 420 2307 "Tr-.6
448 2280 476 2307 δὲ
505 2281 535 2306 τὸ
562 2280 714 2316 Τρίκογχον
743 2280 865 2308 κάτωθεν
877 2281 920 2306 διὰ

129 2328 259 2364 μηχανῆς
275 2327 386 2362 ἐποίησε
395 2327 427 2353 τὺ
443 2327 588 2361 λεγόμενον
603 2327 772 2362 Μυστήριον,
792 2328 820 2353 ὲν
835 2323 867 2360 ᾧ,
891 2329 920 2353 ὲν

126 2376 162 2410 τῇ
179 2374 230 2409 μιᾷ
245 2374 330 2408 γωνία
347 2373 361 2399 ὃ
372 2373 419 2399 ἐὰν
433 2373 497 2408 εἴπῃ
515 2381 557 2404 τις
585 2374 613 2399 ὲν
630 2373 774 2408 μυστηρίῳ
801 2381 920 2409 προσκεο

127 2419 237 2453 κυεξὼς,
252 2419 411 2452 ἐξακούεται
426 2420 454 2446 ἐν
468 2421 501 2454 τῇ
518 2419 600 2454 ἑτέρᾳ
621 2420 755 2455 φανερῶς.

165 2509 220 2545 2.92.
241 2509 286 2535 Ἐν
296 2508 403 2539 τούτοις
437 2507 531 2543 μαθὼν
546 2508 677 2543 Θεόφιλος
699 2508 713 2534 6
733 2509 859 2543 βασιλεὺς
879 2510 920 2536 ὅτι

129 2556 270 2590 Θεοφάνης
287 2556 300 2581 6
315 2554 369 2581 τῶν
381 2554 616 2590 ὲκκλησιαστικῶν
634 2554 754 2580 κανόνων
765 2554 810 2581 καὶ
827 2554 920 2589 ὓμνων

129 2601 248 2637 ποιητὴς
271 2601 315 2637 ξΡ.
333 2601 396 2637 425]
428 2601 475 2627 καὶ
502 2600 639 2634 Θεόδωρος
659 2600 673 2626 6
694 2599 776 2626 αὐτοῦ
806 2600 921 2636 ἁδελφὸς

130 2647 194 2674 καθ’
208 2647 322 2678 ἑαυτοὺς
339 2645 439 2678 ζῶντες
455 2645 505 2681 τὴν
520 2645 648 2672 ἀσέϐειαν
663 2645 746 2672 αὐτοῦ
759 2646 921 2681 κωμῳδοῦσι

130 2693 179 2720 καὶ
204 2691 399 2726 διελέγχουσιν,
428 2691 532 2725 ἤγαγεν
549 2690 649 2722 αὐτοὺς
668 2690 736 2726 πρὸς
751 2690 844 2724 αὑτὸν,
875 2691 921 2717 καί

130 2746 214 2774 φησι·
231 2738 327 2764 Πόθεν
340 2737 427 2769 sate;
439 2737 470 2763 υἱ
483 2736 512 2763 δὲ
526 2730 602 2763 εἶπον
619 2745 625 2752 ·
639 2737 690 2764 Ἐκ
701 2737 918 2770 Παλαιστίνης.

131 2785 210 2812 Καὶό
224 2784 353 2818 Θεόφιλος
365 2792 371 2799 ·
384 2784 435 2810 Καὶ
454 2782 502 2809 διὰ
518 2783 546 2809 τί
558 2784 613 2816 τὴν
629 2783 689 2818 γῆν
704 2783 786 2818 ὑμῶν
794 2783 920 2817 ἀφέντες

130 2831 182 2858 καί
201 2832 245 2862 εἰς
270 2830 328 2863 τὴν
349 2829 494 2864 ἡμετέραν
517 2829 657 2862 ἐλθόντες
684 2830 720 2856 οὺ
737 2828 920 2864 πειθαρχεῖτε

132 2876 170 2911 τῇ
182 2877 329 2909 ,βασιλείᾳ
343 2885 422 2911 you;
439 2876 499 2902 Τῶν
517 2876 545 2902 δὲ
572 2876 654 2912 μηδὲν
681 2876 919 2911 ἀποκριναμένων,

965 360 1019 386 que
1034 352 1118 379 nullis
1135 353 1266 380 aerumnis
1279 361 1312 380 ac
1332 353 1503 380 cruciatibus
1517 352 1616 380 adduci
1643 354 1747 388 potuit?»

965 403 1027 426 sent
1043 403 1073 425 ut
1085 399 1224 426 Christum
1238 404 1381 434 negarem,
1396 399 1487 434 gladio
1505 399 1567 427 caesi
1594 404 1669 432 sunt,
1696 407 1752 435 pra:

966 448 1142 478 temporanca
1169 439 1280 472 scilicet'
1305 449 1437 472 aeternam
1467 445 1551 471 vitam
1581 445 1750 472 adamantas.

964 489 1101 516 Postridie
1129 489 1156 516 in
1177 489 1279 517 ﬂumen
1308 491 1429 525 projecta
1457 490 1600 517 cadavera.
1617 490 1751 525 Quodque

964 543 1073 563 onmem
1099 535 1186 563 vincit
1214 535 1435 569 admirationem,
1457 536 1674 571 uniuscujusque
1707 536 1754 563 ab-

964 581 1080 608 scissum
1102 586 1185 615 caput
1199 589 1260 608 cum
1285 589 1334 608 SUO
1345 585 1443 608 trunco
1461 581 1567 607 unitum
1587 584 1629 607 CSl
1644 588 1676 607 ac
1687 587 1754 606 C01]-

964 632 1069 654 sertum
1082 636 1089 660 ;
1102 635 1135 654 ac
1153 627 1334 654 sicutanima:
1348 627 1442 654 in'uno
1469 627 1608 653 collocata:
1630 626 1752 661 paradisi

962 674 1035 705 loco,
1055 674 1095 701 sic
1106 677 1133 701 et
1147 681 1265 708 corpora
1281 678 1440 700 sanctorum
1453 681 1508 700 uno
1526 672 1623 700 funere
1635 681 1650 700 a
1665 672 1752 699 ﬁdeli-

965 719 1016 746 bus
1027 718 1096 746 el;tta
1109 723 1183 746 sunt.
1205 718 1252 746 His
1272 719 1394 754 peractis
1415 719 1498 753 jussit
1528 718 1752 753 protosymbulus

965 769 994 792 ut
1008 768 1034 791 et
1049 764 1155 791 Buditzi
1171 769 1252 798 caput
1280 764 1449 796 auferretur,
1473 764 1569 791 dicens
1583 773 1589 790 :
1614 772 1672 790 eum
1685 771 1751 798 quo-

964 811 1058 846 que,si
1071 815 1156 837 rectus
1174 811 1265 845 fuisse!
1290 809 1467 842 Christianus,
1491 818 1630 845 nunquam
1654 809 1752 836 Malm-

964 858 1045 884 metlu'
1065 859 1147 884 sacris
1174 857 1341 884 imbuendum
1358 857 1423 891 fore.
1453 857 1502 883 lllo
1522 856 1614 890 itaque
1632 856 1751 888 sublato,

964 905 1024 939 ejus
1038 904 1155 931 cadaver
1169 911 1222 930 una
1235 910 1298 930 cum
1323 902 1428 929 sanctis
1447 901 1612 936 projectum,
1629 905 1705 927 extra
1721 901 1752 927 il-

965 949 1055 976 lorum
1068 953 1172 976 struem
1194 952 1334 982 repertum
1351 951 1411 973 est:
1432 945 1479 972 sed
1491 949 1518 972 et
1531 949 1612 979 caput
1625 944 1720 978 procul
1737 951 1752 970 a

965 1001 1064 1022 trunco
1079 999 1216 1022 semotum
1229 997 1298 1024 erat,
1317 1000 1368 1019 nec
1387 992 1465 1019 velut
1485 991 1574 1025 capita
1594 994 1751 1017 sanctorum

965 1041 1005 1068 illi
1019 1040 1181 1068 cohmserat.
1200 1038 1334 1074 Projeetis
1345 1044 1455 1072 quoque
1472 1036 1498 1062 in
1513 1035 1615 1062 ﬂumen
1628 1034 1752 1068 corpori-

965 1087 1028 1119 bus.
1044 1093 1106 1113 cum
1121 1089 1280 1112 sanctorum
1289 1083 1381 1110 omnia
1391 1090 1506 1116 corpora
1523 1085 1664 1116 spectante
1674 1080 1752 1115 plebe

965 1133 1046 1161 facile
1061 1134 1219 1159 euatassent
1233 1129 1315 1165 640
1337 1135 1503 1163 amnemque
1526 1130 1752 1158 transmeassent,

966 1180 1026 1215 ejus
1037 1178 1120 1205 unius
1131 1184 1232 1212 corpus
1246 1175 1378 1203 crocodili
1395 1179 1514 1201 tractum
1527 1173 1753 1207 discerptumque

965 1229 1109 1253 vorarunt.
1640 1250 1643 1251 ,

1001 1273 1046 1301 20.
1058 1271 1159 1299 Leonis
1173 1275 1265 1298 autem
1281 1268 1440 1305 philosophi
1465 1267 1630 1302 discipulus,
1652 1265 1700 1300 qui
1726 1268 1754 1291 et

967 1319 1149 1355 proditionem
1168 1317 1354 1347 denuntiaret,
1372 1315 1406 1342 de
1418 1323 1466 1341 sua
1481 1313 1596 1341 scientia
1611 1312 1645 1339 ab
1657 1312 1754 1338 Amer—

968 1373 1079 1392 mumne
1093 1365 1279 1398 interrogatus
1299 1361 1400 1389 Leonis
1416 1368 1446 1388 se
1464 1358 1622 1395 philosophi
1633 1357 1756 1391 discipu-

967 1411 1024 1438 lum
1039 1410 1180 1445 professus
1195 1413 1248 1436 est.
1264 1408 1312 1435 llle
1333 1414 1429 1442 porro,
1445 1406 1491 1432 ubi
1507 1408 1630 1440 quantus
1644 1403 1686 1429 vir
1699 1402 1757 1429 Leo

968 1460 1040 1483 esset
1055 1454 1170 1486 audivit,
1184 1454 1243 1488 ejus
1259 1452 1369 1480 videndi
1386 1450 1526 1478 desiderio
1550 1455 1683 1476 accensus
1708 1447 1756 1474 uni

968 1502 1051 1529 alicui
1079 1501 1251 1535 captivorum
1279 1498 1352 1525 datis
1367 1497 1468 1524 litteris
1490 1495 1575 1523 Leoni
1589 1493 1758 1529 philosopho

967 1550 1074 1585 Cpolim
1087 1548 1207 1583 scripsit,
1225 1551 1373 1580 sancteque
1391 1545 1430 1572 illi
1460 1544 1597 1572 secundas
1611 1543 1646 1570 ab
1660 1550 1689 1570 se
1705 1541 1756 1568 ho-

968 1596 1046 1623 noris
1057 1599 1148 1629 partes
1156 1592 1266 1620 obtulit.
1295 1592 1348 1618 Leo
1368 1591 1470 1618 litteris
1484 1590 1606 1624 acceptis
1615 1588 1648 1616 ad
1666 1589 1757 1616 Theo—

967 1641 1073 1676 philum
1094 1639 1198 1666 retulit.
1216 1637 1387 1672 Theophilus
1409 1637 1550 1670 explorata
1563 1635 1615 1662 viri
1642 1634 1756 1662 scientia

967 1695 999 1714 ac
1017 1686 1062 1714 ubi
1074 1690 1180 1713 tantum
1198 1683 1338 1711 hominem
1366 1687 1477 1709 nactum
1495 1689 1523 1708 sc
1539 1680 1566 1707 in
1579 1680 1691 1708 civitate
1708 1687 1757 1707 co-

967 1731 1071 1767 gnovit,
1092 1733 1264 1764 assumptum
1287 1728 1365 1754 illum
1389 1727 1416 1754 in
1432 1727 1534 1761 palatio
1561 1726 1588 1752 in
1612 1725 1758 1759 Magnaura

968 1778 1152 1809 constituens,
1178 1776 1310 1810 omnique
1327 1775 1434 1802 donans
1466 1772 1653 1804 immunitate,
1681 1771 1759 1804 inge-

968 1824 1150 1852 nuosissimos
1162 1822 1350 1850 adolescentes
1365 1819 1527 1854 disciplinas
1552 1818 1653 1846 docere
1665 1817 1757 1851 jussit.

969 1871 1020 1899 Hic
1044 1874 1139 1905 postea
1165 1867 1370 1896 Thessalonicae
1401 1865 1576 1900 metropolita
1598 1867 1718 1894 creatus,
1743 1870 1758 1888 a

968 1917 1142 1945 sanctissimo
1159 1914 1316 1951 patriarcha
1334 1913 1476 1941 Methodio
1490 1911 1577 1947 gradu
1601 1913 1693 1937 motus
1705 1913 1756 1936 est.

1005 2052 1051 2079 21.
1067 2053 1146 2080 Anno
1163 2051 1225 2086 ejus
1248 2049 1397 2077 undecimo
1422 2048 1540 2076 exstruit
1563 2047 1713 2081 imperator
1732 2046 1759 2072 in

971 2098 1072 2134 palatio
1084 2097 1270 2125 Triconchum
1287 2095 1457 2128 cubiculum,
1479 2099 1507 2122 et
1522 2094 1596 2129 quod
1613 2093 1704 2128 Sigma
1715 2100 1761 2120 vo-

971 2149 1045 2177 cant,
1061 2143 1217 2180 gradusque
1229 2151 1261 2170 ac
1276 2141 1406 2170 subsellia
1417 2141 1578 2168 factionum.
1593 2138 1682 2167 Struit
1693 2146 1760 2166 vero

971 2191 1053 2219 etiam
1072 2190 1206 2222 Phialam,
1230 2190 1258 2217 in
1282 2197 1336 2224 qua
1353 2187 1381 2215 fit
1404 2187 1478 2223 quod
1510 2185 1761 2214 Saximodeximum

971 2241 1082 2269 vocant,
1101 2241 1279 2270 utrarumque
1296 2235 1414 2270 partium
1442 2234 1522 2268 equis
1542 2232 1760 2262 transeuntibus.

972 2283 1065 2312 aureis
1087 2282 1212 2311 instralis
1229 2282 1370 2317 stragulis.
1386 2281 1443 2308 Sub
1467 2279 1624 2307 Trieoncho
1644 2279 1763 2306 inferius

974 2334 1077 2358 structa
1094 2329 1221 2356 machina
1242 2328 1317 2360 fecit,
1330 2327 1404 2362 quod
1421 2331 1519 2354 vocant
1546 2325 1718 2361 Mysterium;
1735 2325 1762 2351 in

972 2376 1052 2412 64],
1066 2382 1132 2410 quo,
1154 2373 1290 2409 quidquid
1308 2373 1408 2408 aliquis
1424 2372 1452 2399 in
1466 2379 1522 2399 uno
1533 2371 1634 2406 angulo
1646 2378 1706 2398 sese
1720 2370 1762 2397 in-

974 2423 1082 2450 clinans
1095 2424 1205 2448 secreto
1215 2420 1327 2447 locutus
1338 2418 1433 2450 fuerit,
1447 2418 1475 2444 in
1489 2417 1543 2444 alio
1557 2417 1632 2444 clare
1647 2416 1762 2444 exaudi-

975 2474 1029 2496 tur.

1009 2514 1055 2541 (ὶὲ.
1070 2515 1143 2541 luter
1162 2514 1219 2540 haec
1244 2516 1385 2546 comperto
1415 2510 1586 2545 Theophilus
1615 2510 1764 2544 imperator

974 2559 1171 2595 Theophanem
1185 2557 1436 2586 ccclesiasticorum
1447 2563 1585 2584 canonum
1600 2563 1631 2583 ac
1643 2555 1764 2582 cantico-

975 2616 1036 2635 rum
1052 2611 1203 2638 auctorem,
1219 2613 1282 2632 eum
1297 2604 1443 2632 Theodoro
1458 2604 1554 2635 fratre,
1581 2609 1674 2630 secum
1690 2602 1765 2636 ipsos

975 2656 1088 2688 agentes
1102 2651 1176 2678 illius
1194 2650 1364 2685 impietatem
1380 2649 1510 2684 sugillare
1524 2656 1557 2675 ac
1572 2655 1698 2683 arguere.
1711 2647 1763 2674 sibi

974 2697 1036 2724 illos
1056 2696 1115 2723 sisti
1131 2694 1227 2730 jubet,
1245 2694 1357 2730 aitque:
1385 2693 1459 2721 Unde
1483 2692 1570 2720 extis?
1586 2692 1671 2719 Aiunt
1697 2691 1737 2717 illi
1756 2699 1762 2717 :

977 2740 1018 2767 Ea:
1043 2739 1200 2767 Ραίιεδιὶηα.
1224 2739 1294 2766 Tum
1319 2738 1512 2773 Theophilus:
1531 2736 1599 2769 Quid
1623 2742 1709 2762 causa
1726 2738 1764 2760 cu

975 2794 1022 2812 cur
1036 2794 1094 2813 cum
1106 2785 1194 2820 patria
1210 2785 1302 2811 relicta
1317 2785 1345 2810 in
1356 2783 1445 2810 urbem
1457 2783 1590 2814 veneritis,
1603 2789 1702 2808 morem
1712 2788 1765 2807 non

975 2822 1075 2866 geratis
1088 2839 1150 2858 mare
1160 2831 1294 2865 majestali
1306 2830 1429 2863 ?Quihus
1438 2829 1505 2856 nihil
1522 2826 1764 2862 respondentibus,

976 2883 1072 2902 eorum
1088 2875 1156 2902 dure
1171 2875 1254 2902 facies
1275 2875 1378 2909 percuti
1403 2874 1491 2909 jubet.
1513 2873 1582 2899 Tum
1604 2871 1708 2899 laureis
1732 2871 1764 2899 ad

770 2922 889 2950 ΥᾹΙΗνΕ
916 2922 1116 2950 LECTleﬁs.

170 2969 194 2984 ⁸⁸
210 2969 382 3004 καθαιρεθεὶς
397 2977 490 3003 margo
504 2968 533 2996 Ρ.
