1999 3165
249 241 301 272 ἾοἾ

845 238 1034 268 δΥῘιῙΕΠΝἺΒ
1052 238 1237 267 ΜᾹΟΙΞΤΚῘ

1819 237 1870 268 7‘03

248 303 291 326 est
322 296 420 324 domus
448 296 601 332 hospitalis,
628 303 709 330 quam
731 303 806 322 nunc
823 295 969 329 Theophili
990 302 1038 321 ro-

1091 293 1200 327 Ξενῶνα,
1219 295 1264 319 τὸν
1282 293 1328 320 νῦν
1343 293 1473 328 θεοφίλου
1488 293 1644 328 λεγόμενον,
1671 291 1745 319 οἶκον
1771 292 1820 327 μὲν
1841 293 1872 319 τὰ

249 346 330 374 cant;
356 341 523 375 fueruntque
548 341 670 374 primum
698 340 796 367 lsidori
817 340 927 374 patricii
953 339 1034 371 (edes,

248 388 309 423 ejus
339 387 387 421 qui
420 386 507 414 Roma
534 393 597 413 cum
622 385 734 421 Olybrio
750 386 826 412 venit
854 385 1036 412 Constantino

250 442 347 468 magno
361 434 544 469 imperatore;
569 433 718 468 multisque
734 433 865 467 deinceps
882 432 960 459 annis
984 431 1035 458 im-

249 481 387 516 peratoris
398 480 513 507 addicta).
525 479 601 512 ﬁsco,
612 479 747 506 nobilium
762 479 860 506 scortis
873 478 1035 505 feminarum

250 526 436 554 habitaculum
453 525 605 563 praebuere.
625 524 716 551 Leone
733 529 824 551 autem
840 524 934 550 Isauro
951 523 1037 557 impe-

251 576 360 603 ratore,
383 579 444 606 quae
466 571 538 598 aedes
565 571 682 605 lupanar
707 574 803 600 erant.
822 569 849 595 iu
874 569 1037 603 hospilalem

249 617 362 644 domum
380 621 534 644 cesserunt.
562 616 631 643 Exin
648 615 829 642 Constantino
853 615 945 641 [renes
969 614 1035 643 tilio,

250 667 429 698 posteaquam
446 670 461 689 a
479 666 564 688 matre
580 665 732 688 excmcatus
753 661 853 693 fuerat,
876 660 975 687 dOIDUS
988 667 1036 686 EX-

251 708 359 735 stitere.
389 707 471 743 6&6
498 707 556 740 Quo
572 706 704 733 defuncto
717 706 790 732 illius
803 714 871 733 uxor
889 704 1038 732 sanctimo-

251 754 332 780 nialis
345 754 501 780 institutum
516 754 652 788 amplexa.
666 753 863 780 monasterium
872 751 1036 782 construxit,

250 808 282 828 ac
295 801 436 828 Metanaaa:
456 800 493 835 (id
509 805 551 827 est
565 801 746 836 poenitentizc)
771 800 950 835 nuncupavit.
974 800 1037 826 Tri-

250 847 326 873 clinii
339 847 422 881 igitur
435 847 553 874 maxima
571 848 713 876 confracta
726 848 818 875 trabes
831 847 939 874 ruinam
953 847 1039 873 mina-

250 891 341 918 batur.
371 892 600 920 Sanctimoniales
630 901 697 920 vero
723 894 784 921 illae
810 893 863 920 iter
892 892 1037 919 habentem

251 938 435 972 Theophilum
447 945 527 974 opem
543 939 616 967 ferre
630 944 772 975 rogarunt.
786 939 833 966 Ille
846 939 938 973 itaque
956 943 1039 973 caput

251 982 432 1016 protendens,
450 984 618 1018 domumque
633 984 809 1018 conspiciens
825 991 857 1010 ac
872 991 903 1010 ea
920 983 1039 1010 delecta-
1056 974 1076 1002 Β

251 1033 304 1060 tus,
326 1030 584 1057 sanetimonialibus
601 1030 627 1057 in
645 1030 720 1057 aliud
735 1029 932 1057 monasterium
949 1027 1039 1055 traxis-

251 1074 326 1108 latis,
347 1076 490 1110 omnisque
503 1076 612 1111 generis
630 1080 729 1103 ornatu
747 1076 855 1102 exculta
877 1075 969 1105 domo.
990 1082 1039 1109 pe-

253 1122 370 1157 regrinis
382 1122 555 1157 excipiendis
581 1122 727 1156 hospitalis
755 1122 810 1148 ritu
838 1129 899 1148 eam
925 1121 1038 1152 addixit,

252 1167 405 1202 opibusque
420 1175 453 1195 ac
467 1168 599 1203 pomeriis
615 1168 809 1202 locupletatam
827 1167 972 1202 Theophili
991 1175 1039 1195 r0-

252 1214 334 1241 cavit.

285 1272 329 1298 27.
342 1270 508 1307 Dysenterize
520 1274 610 1298 autem
624 1270 721 1298 morbo
734 1271 863 1298 laborans
878 1271 1038 1305 imperator,

252 1316 365 1350 ejusque
379 1315 490 1349 gravius
502 1315 645 1342 doloribus
656 1316 806 1347 eruciatus,
818 1315 963 1342 consilium
977 1323 1039 1342 cum

252 1362 313 1389 suis
342 1361 496 1396 gregalibus
522 1362 556 1389 de
579 1361 749 1396 Theophobo
775 1362 856 1389 Persa
883 1361 943 1388 init.
971 1361 1039 1389 Cum

251 1405 325 1432 enim
343 1406 533 1433 non‘neseiret
545 1405 630 1432 multa
651 1413 713 1432 eum
727 1406 798 1440 apud
812 1407 918 1438 Persas,
933 1407 998 1442 quin
1013 1411 1040 1434 et

252 1451 322 1485 apud
337 1459 480 1486 procerum
493 1459 547 1478 non
564 1459 676 1486 paucos,
690 1452 793 1486 pollere
810 1451 862 1479 ﬁde
875 1453 962 1487 iisque
975 1453 1040 1480 cha-

252 1497 391 1524 rissimum
408 1505 478 1528 esse,
500 1498 590 1525 timuit
607 1506 640 1525 ne
657 1498 727 1526 forte
743 1499 802 1533 ipso
819 1499 887 1526 vivis
902 1504 1038 1533 exempto,

253 1548 345 1576 spreto
369 1543 502 1570 Michaele
531 1543 598 1576 ﬁlio,
624 1544 733 1579 imperii
759 1544 846 1572 fasces
871 1545 1040 1579 Theophobo

1090 341 1187 375 πρῶτα
1221 341 1350 375 γεγονότα
1392 340 1527 375 ἰσιδὼρου
1564 340 1707 374 πατρικίου
1741 339 1789 365 τοῦ
1823 339 1872 365 ἀπο

1097 386 1208 422 Ῥώμης
1226 388 1294 421 μετὰ
1328 386 1468 422 Ὀλυΰρίου
1495 387 1652 418 ἀνελθόντος
1669 386 1715 412 ἐπὶ
1732 387 1874 411 Κωνσταν-

1090 432 1161 458 τίνου
1188 432 1233 458 τοῦ
1260 434 1379 468 μεγάλου
1397 453 1404 465 ,
1435 434 1503 468 μετὰ
1531 434 1559 459 δὲ
1591 433 1704 468 χρόνους
1734 432 1875 459 ἐκδοθέντα

1091 477 1263 513 κουρατώρια
1286 480 1325 510 είς
1343 479 1373 506 τὸ
1395 480 1532 506 κατοικεῖν
1554 479 1642 504 ἐκεῖσε
1663 478 1799 512 γυναῖκας
1827 477 1875 504 τῶν

1090 525 1207 558 εὐγενῶν
1239 525 1275 560 μὴ
1302 525 1402 557 εἰδυίας
1424 526 1584 560 σωφρονεῖν.
1628 525 1691 550 Ἐπὶ
1716 524 1744 550 δὲ
1766 523 1876 555 Λέοντος

1089 571 1136 597 τοῦ
1164 571 1285 606 Ἰσαύρου
1318 572 1480 607 ξενοδοχεῐον
1512 572 1563 598 ὑπ’
1591 571 1675 598 αὑτοῦ
1698 572 1731 597 ἐκ
1749 570 1875 605 πορνείου

1091 617 1285 652 ἐχρημάτισεν.
1305 617 1369 644 Εἶτα
1385 619 1497 652 γέγονεν
1515 616 1588 649 οἶκος
1606 616 1815 644 Κωνσταντίνου
1830 616 1876 650 τῆς

1091 663 1210 698 Εἰρήνης
1228 664 1286 690 me
1314 665 1381 699 μετὰ
1398 664 1447 699 τὴν
1472 664 1524 690 ὑπὸ
1540 664 1590 699 τῆς
1609 664 1710 699 μητρὸς
1735 664 1877 696 γεγονυῖαν

1091 709 1130 739 εἰς
1147 709 1228 735 αὐτὸν
1241 709 1386 743 τύφλωσιν.
1411 710 1631 745 Τελευτήσαντος
1645 709 1672 735 δὲ
1684 708 1768 735 αὑτοῦ
1785 709 1876 743 ἠγυνὴ

1091 753 1173 780 αὑτοῦ
1196 754 1337 789 μονάσασα
1360 755 1542 790 μοναστήριον
1567 755 1648 781 αὐτὴν
1674 753 1877 780 κατεσκεύασεν

1091 799 1138 826 καὶ
1153 801 1188 825 τὰ
1204 800 1357 831 Μετανοίας
1376 800 1516 827 ἐκάλεσεν.
1529 800 1611 827 eum
1625 798 1818 835 onpéywmv
1832 799 1876 825 τοῦ

1091 845 1228 880 τρικλίνου
1252 847 1425 873 ἀποκλασθὲν
1449 847 1556 882 ἠπείλει
1579 847 1692 879 πτῶσιν,
1710 847 1737 872 αἱ
1753 846 1783 872 δὲ
1797 845 1877 880 μονὰ-

1092 892 1185 924 ζουσαι
1211 893 1258 919 τοῦ
1287 892 1420 928 βασιλέως
1458 893 1500 929 [Ρ.
1523 893 1587 929 428]
1607 893 1784 928 διερχομένου
1815 893 1878 926 περὶ

1092 937 1173 963 αὑτοῦ
1191 937 1349 973 ἐδεήθησαν.
1367 938 1513 970 Ἐκνεύσας
1526 939 1572 966 οὖν
1586 939 1632 965 καὶ
1640 939 1686 965 τὸν
1694 936 1770 964 οἷκον
1779 937 1878 964 θεασᾶ-

1093 992 1171 1017 μενος
1194 984 1240 1010 καὶ
1255 984 1380 1019 ἀρεσθεὶς
1398 986 1546 1020 μετοικίζει
1569 985 1618 1020 μὲν
1643 986 1692 1016 τὰς
1707 984 1879 1019 μοναζούσας

1091 1031 1119 1057 ἐν
1131 1031 1211 1065 ἑτέρᾳ
1226 1033 1304 1066 μονῇ,
1316 1033 1397 1059 αὐτὸν
1411 1032 1439 1058 δὲ
1457 1033 1552 1067 κόσμῳ
1568 1031 1689 1066 παντοίῳ
1704 1030 1878 1061 καλλωπίσας

1092 1077 1195 1109 ξενῶνα
1214 1079 1375 1114 πεποίηκεν,
1390 1079 1498 1110 ἐπιδοὺς
1510 1080 1639 1114 χρήματα
1650 1079 1698 1106 καὶ
1713 1079 1877 1114 προάστεια.

1091 1125 1137 1150 καὶ
1150 1124 1183 1149 τὰ
1197 1123 1327 1158 Θεοφίλου
1343 1124 1525 1159 ἐπονομάσας.

1126 1269 1177 1300 κζ’.
1195 1269 1382 1305 Δυσεντερικῷ
1392 1269 1420 1296 δὲ
1437 1270 1571 1304 νοσήματι
1590 1270 1755 1305 περιπαρεὶς
1770 1269 1784 1295 ό
1802 1269 1878 1304 βασι-

1090 1315 1152 1346 λεὺς
1170 1315 1267 1350 βουλὴν
1283 1315 1439 1350 βουλεύεται
1460 1317 1530 1350 μετὰ
1545 1317 1599 1342 τῶν
1617 1317 1777 1351 όμοφρόνων
1795 1314 1877 1342 αὐτοῦ

1092 1362 1155 1397 περὶ
1176 1362 1310 1396 Θεοφόὸου
1328 1362 1375 1388 τοῦ
1399 1362 1516 1397 Πέρσου.
1547 1361 1631 1393 Εἰδὼς
1651 1362 1706 1396 γὰρ
1719 1362 1760 1388 ὅτι
1777 1360 1878 1394 πολλὴν

1091 1407 1181 1433 ’πίστιν
1199 1408 1246 1433 καὶ
1268 1407 1377 1441 ἀγάπην
1399 1407 1506 1442 ἔχουσιν
1520 1407 1559 1438 είς
1572 1407 1653 1433 αὑτὸν
1669 1407 1694 1432 οἱ
1716 1407 1819 1440 Πέρσαι
1831 1405 1877 1431 x2".

1090 1453 1122 1479 ὲκ
1138 1452 1191 1479 τῶν
1206 1454 1234 1479 ἐν
1253 1453 1324 1479 τέλει
1346 1453 1396 1479 οὐκ
1410 1453 1508 1487 ὀλίγοι,
1526 1453 1647 1488 ἐφοϐήθη
1664 1453 1701 1487 μή
1718 1461 1776 1483 πως
1793 1450 1877 1477 αὑτοῦ

1090 1498 1300 1533 τελευτήσαντος
1316 1499 1397 1525 αὑτὸν
1409 1499 1601 1533 καταστήσωσι
1622 1498 1747 1534 βασιλέα,
1764 1497 1808 1523 τὸν
1821 1496 1878 1523 υἱὶν

1091 1544 1173 1570 αὐτοῦ
1192 1544 1301 1579 Μιχαὴλ
1320 1545 1516 1579 ἀπωσάμενοι·
1535 1544 1582 1570 καὶ
1598 1543 1762 1575 ἀποστείλας
1773 1543 1877 1577 ἤγαγεν

254 1588 403 1616 deferrent.
432 1589 542 1616 Mittens
567 1590 659 1624 itaque
686 1590 712 1617 in
737 1591 868 1625 palatium
886 1591 1034 1618 adductum

1091 1589 1170 1616 αὑτὸν
1188 1590 1217 1616 ὲν
1236 1589 1275 1624 τῷ
1297 1589 1420 1624 παλατίῳ
1444 1589 1492 1616 καὶ
1513 1590 1542 1616 ὲν
1568 1590 1685 1625 τηρήσει
1700 1588 1784 1623 εἶχεν.
1813 1587 1876 1614 Εἶτα

253 1641 315 1661 eum
336 1635 388 1662 sub
405 1635 527 1662 custodia
549 1635 677 1662 habebat.
708 1635 812 1663 Exinde
833 1636 1038 1670 ingravescente

255 1681 353 1707 morbo
368 1681 492 1708 cervices
510 1681 549 1708 illi
567 1682 691 1708 abscindi
706 1683 794 1717 jubet.
821 1682 978 1717 Videasque
993 1691 1040 1709 ex-
1054 1702 1062 1708 .

253 1730 358 1752 sectum
375 1731 467 1760 caput,
497 1727 569 1759 Jam,
587 1727 686 1761 inquit,
705 1727 865 1763 Thcophobe,
887 1732 942 1754 tum
965 1733 991 1754 tu
1012 1729 1039 1755 in

253 1770 315 1797 vivis
328 1778 382 1797 esse
402 1771 512 1804 deniish‘,
535 1777 590 1798 tum
606 1781 652 1807 ego
665 1774 734 1800 curis
749 1773 850 1801 solutus
870 1783 945 1806 sum;
964 1775 1039 1802 diro-

253 1823 306 1850 que
320 1824 382 1842 mox
399 1817 523 1844 cruciatu
540 1818 611 1845 male
627 1819 753 1853 spiritum
778 1820 897 1854 abrupit.
927 1821 992 1855 Ejus
1012 1820 1040 1847 in

253 1859 302 1887 SS.
319 1860 511 1894 Apostolorum
527 1862 629 1888 elatum
646 1862 738 1896 funus,
758 1862 920 1898 Theophobi
935 1863 961 1889 in
981 1863 1041 1898 ejus

254 1906 365 1933 domum
386 1914 473 1942 prope
503 1908 627 1935 Narsetis
654 1909 736 1936 aedes.
769 1909 841 1936 Inter
868 1909 927 1937 haec
949 1909 1041 1936 Persis

253 1952 466 1986 exquirentihus
493 1952 693 1987 Theophobum
708 1975 716 1986 ,
738 1954 805 1989 quid
824 1954 919 1989 utique
940 1954 986 1981 illo
1002 1953 1041 1981 fa-

253 2003 327 2025 ctum
345 2003 429 2030 esset,
457 2000 549 2026 vivere
572 2007 634 2026 eum
652 2000 678 2026 in
699 2000 800 2035 palatio
819 2000 901 2027 aulici
916 2007 1042 2028 asserue-

255 2048 328 2071 runt.
361 2045 442 2080 647
468 2045 631 2072 Pererebuit
654 2045 790 2073 hactenus
821 2053 853 2073 ea
876 2045 946 2073 fama
967 2046 1040 2081 apud

255 2089 362 2123 Persas,
394 2090 593 2125 Theophobum
617 2090 827 2126 haudquaquam
858 2096 974 2118 mortem
993 2099 1042 2126 gu-

254 2138 352 2162 stasse.

321 2202 504 2229 Romanorum
518 2203 663 2237 imperator
674 2202 786 2229 Michael
801 2207 824 2230 et
838 2203 980 2230 Theodora.

291 2271 317 2300 l.
339 2270 435 2298 Mundi
450 2279 539 2299 annus
555 2271 636 2303 6535,
649 2271 749 2299 divina:
766 2272 963 2300 incarnationis
978 2272 1039 2306 855,

255 2319 440 2346 Romanorum
458 2318 608 2352 imperator
625 2317 739 2344 Michael
752 2323 781 2345 et
794 2317 938 2345 Theodora
954 2326 1040 2346 annos

255 2365 299 2396 Η,
318 2363 435 2390 Michael
455 2363 531 2390 solus
546 2371 633 2391 annos
648 2363 689 2395 l0,
707 2363 807 2391 Basilio
821 2364 925 2400 collega
937 2373 1041 2392 annum

255 2410 281 2442 1,
297 2416 408 2437 menses
422 2409 449 2440 4,
469 2408 551 2436 simul
567 2416 656 2436 annos
669 2409 713 2440 27,
730 2417 838 2437 menses
854 2410 880 2436 4.
896 2410 1040 2437 Theodora

253 2460 316 2481 cum
332 2453 376 2487 pia
392 2457 467 2480 esset
480 2457 508 2480 et
523 2452 612 2480 ﬁdelis
628 2457 656 2480 et
671 2453 833 2486 orthodoxa,
843 2455 942 2481 marito
952 2455 1041 2482 adhuc

253 2499 281 2526 in
304 2499 375 2526 vivis
391 2502 488 2534 agente
503 2505 595 2526 sacras
614 2499 747 2534 imagines
761 2500 867 2527 colebat
883 2507 914 2526 ac
929 2507 1042 2527 venera-

252 2544 343 2572 batur.
377 2544 441 2571 Πίος
459 2551 509 2570 sua
528 2543 587 2578 ipsa
604 2543 754 2576 sententia,
775 2545 912 2579 simulque
934 2545 972 2572 illi
990 2553 1040 2572 au-

253 2591 330 2615 ctore
355 2593 383 2616 et
407 2589 534 2616 hortante
552 2589 714 2616 Theoctisto
731 2590 846 2617 caniclei
869 2591 996 2624 praefecto
1012 2595 1041 2618 et

252 2633 404 2668 logotheta,
424 2633 538 2668 impium
561 2634 746 2668 patriarcham
770 2634 902 2661 Joannem
918 2635 1040 2662 Ecclesia

257 2679 344 2716 ejicit.
360 2680 470 2708 tametsi
489 2681 549 2715 ejus
560 2685 701 2715 compater
714 2685 783 2712 erat,
803 2685 883 2715 atque
900 2681 927 2708 in
944 2689 1039 2709 mona-

252 2725 368 2754 sterium
393 2725 549 2760 ,quoddam,
580 2725 653 2760 quod
670 2725 787 2753 Clidium
803 2730 902 2752 vocant
931 2727 964 2753 ad
980 2727 1041 2754 Ste—

252 2780 330 2803 num.
354 2772 452 2799 exsilio
467 2773 580 2806 relegat.
602 2769 661 2798 lllic
681 2779 774 2807 agens,
798 2779 860 2798 cum
873 2771 975 2799 Christi
992 2773 1040 2800 Dei

252 2818 342 2844 nostri
355 2822 522 2852 'sanctzeque
534 2817 667 2851 Deiparae,
684 2825 791 2844 necnon
806 2817 924 2844 ctelestis
939 2817 1042 2845 militia:

252 2860 410 2895 principum
436 2862 604 2897 imaginibus
631 2862 727 2889 oculos
756 2862 909 2895 etl‘odisset,
933 2863 960 2889 in
980 2871 1040 2890 eam

254 2906 418 2932 sententiam
436 2907 579 2934 Theodora
600 2907 679 2939 ierat,
696 2912 726 2934 ut
742 2912 770 2934 et
791 2908 830 2935 illi
847 2909 949 2936 lumina
973 2909 1040 2936 ctio-

255 2950 343 2977 deret.
366 2951 466 2978 Verum
489 2960 545 2979 non
568 2953 694 2980 siverunt
722 2962 838 2989 quorum
856 2962 899 2982 res
924 2955 1040 2982 consilio

1091 1635 1220 1671 βαρηοεὶς
1233 1635 1285 1661 ὑπὸ
1299 1635 1348 1669 τῆς
1357 1635 1435 1661 νόσου
1448 1635 1612 1670 προστάσσει
1626 1632 1877 1668 ἀποκεφαλιςθῆναι

1091 1681 1180 1708 αὐτόν.
1198 1682 1250 1708 Καὶ
1266 1681 1314 1716 τὴν
1330 1681 1451 1716 κεφαλὴν
1467 1681 1529 1707 ἰδὼν
1545 1680 1598 1715 ἔφη
1611 1687 1618 1694 ·
1629 1680 1724 1713 Ἀρτι,
1739 1678 1875 1712 Θεόφεεε,

1090 1727 1140 1755 καὶ
1165 1727 1206 1754 σὺ
1231 1727 1385 1760 ἁνεπαύης
1413 1727 1462 1754 καὶ
1492 1726 1549 1761 ἐγὼ
1578 1726 1799 1760 ἀπεφρόντισα.
1823 1724 1877 1749 Καὶ

1090 1773 1171 1805 εὐθὺς
1183 1773 1214 1799 τὸ
1225 1773 1333 1807 πνεῦμα
1348 1772 1430 1800 αὑτοῦ
1446 1773 1539 1804 κακῶς
1551 1773 1597 1799 καὶ
1606 1771 1743 1806 ὀδυνηρῶς
1756 1771 1877 1806 ἀπέρρη-

1092 1820 1130 1852 ξε.
1165 1820 1200 1846 Τὸ
1223 1819 1251 1845 δὲ
1276 1820 1355 1854 σῶμα
1379 1819 1461 1846 αὑτοῦ
1483 1821 1522 1850 εἰς
1549 1819 1594 1845 τὸν
1616 1818 1681 1844 ναὸν
1699 1818 1755 1844 τῶν
1780 1816 1875 1850 Ἀγίων

1098 1863 1265 1890 Ἀποστόλων
1288 1862 1472 1897 ἀπεκομίσθη,
1493 1862 1524 1888 τὸ
1536 1861 1564 1888 δὲ
1576 1861 1623 1888 τοῦ
1639 1861 1776 1894 Θεοφόσου
1795 1861 1824 1885 ἐν
1836 1858 1874 1893 τῷ

1091 1909 1157 1944 οἴκῳ
1172 1908 1254 1936 αὐτοῦ
1269 1909 1382 1944 πλησίον
1400 1909 1454 1935 τῶν
1475 1908 1598 1943 Ναρσοῦ.
1621 1908 1682 1934 Ἐπὶ
1704 1907 1809 1937 τούτοις
1824 1905 1874 1931 τῶν

1093 1955 1204 1989 Περσῶν
1215 1955 1418 1990 ἐπιζητούντων
1433 1955 1478 1981 τὸν
1492 1954 1636 1988 Θεόφοῦον,
1653 1954 1679 1980 τί
1699 1954 1754 1988 ἄρα
1771 1953 1872 1986 γέγονε,

1091 2002 1116 2027 οι
1133 2001 1179 2028 τοῦ
1197 2001 1331 2036 βασιλέως
1355 2001 1465 2027 ἔπεισαν
1482 2000 1581 2031 αὐτοὺς
1596 2001 1624 2027 ὲν
1639 1999 1678 2035 τῷ
1693 1999 1817 2034 παλατίῳ
1836 1997 1873 2023 δι-

1092 2046 1229 2072 αιτᾶσθαι.
1261 2045 1354 2080 Τούτῳ
1369 2045 1407 2080 τῷ
1420 2047 1513 2080 τρόπῳ
1529 2045 1706 2080 διαὸεὗόηται
1722 2044 1797 2078 παρά
1809 2043 1873 2077 Πέρ-

1092 2099 1153 2122 σαις
1168 2092 1232 2126 ἄχρι
1246 2091 1300 2117 τῶν
1314 2088 1365 2117 ὧδε
1386 2091 1489 2126 χρόνων
1519 2091 1636 2117 θανάτου
1667 2090 1705 2126 μὴ
1728 2087 1873 2124 γεύσασθαι

1091 2137 1137 2164 τὸν
1151 2137 1295 2171 Θεόφοῦον.

1151 2207 1300 2241 Ῥωμαίων
1309 2206 1460 2239 ,βασιλεὺς
1479 2206 1601 2240 Μιχαὴλ
1616 2205 1666 2232 καί
1679 2205 1823 2239 Deceo-pa.

1057 2279 1080 2307 υ
1129 2270 1163 2293 α’.
1178 2266 1287 2300 Κόσμον
1306 2265 1365 2296 ἔτος
1380 2264 1467 2297 ,ςτλέ,
1488 2264 1538 2298 τῆς
1551 2263 1626 2294 θείας
1639 2262 1806 2298 σαρκώσεως
1821 2261 1872 2291 ἔτος

1093 2310 1165 2344 ωλέ,
1186 2311 1328 2345 Ῥωμαίων
1351 2310 1476 2344 βασιλεὺς
1500 2310 1609 2344 Μιχαὴλ
1625 2310 1672 2336 καὶ
1691 2308 1816 2343 Θεοδώρα
1831 2308 1872 2341 ἐτη

1094 2355 1133 2388 ιδ’,
1153 2356 1233 2391 μόνος
1249 2356 1295 2391 ἔτη
1314 2355 1357 2391 ιβ’,
1374 2356 1421 2383 καὶ
1437 2356 1485 2382 σὺν
1510 2356 1644 2390 Βασιλείῳ
1662 2355 1723 2386 ἔτος
1745 2358 1770 2381 α’
1795 2355 1872 2389 μῆνας

1091 2401 1122 2433 δ’,
1150 2401 1218 2436 ὁμοῦ
1242 2401 1291 2436 ἔτη
1308 2401 1349 2433 κζ’
1368 2401 1455 2436 μῆνας
1479 2399 1510 2427 δ’.
1548 2400 1582 2427 Ἣ.
1608 2400 1735 2434 Θεοδώρα
1767 2399 1873 2432 εὐσεϐὴς

1091 2446 1157 2474 οὖσα
1178 2448 1224 2474 καὶ
1242 2447 1325 2482 πιστὴ
1341 2449 1386 2474 καὶ
1407 2446 1546 2481 όρθόδοξος
1566 2447 1605 2473 ἔτι
1622 2446 1668 2472 τοῦ
1683 2446 1781 2481 ἀνδρὸς
1799 2446 1873 2479 αὐτῆς

1093 2495 1234 2528 περιόντος
1251 2493 1338 2528 λάθρα
1356 2494 1405 2524 τὰς
1430 2493 1510 2526 ἁγίας
1531 2494 1640 2524 εἰκόνας
1660 2493 1743 2526 ὶτίμα
1761 2493 1807 2518 καὶ
1822 2491 1873 2517 ὲσέ-

1093 2539 1172 2565 ὕετο·
1198 2539 1258 2574 ἥτις
1287 2538 1384 2575 γνώμῃ
1415 2539 1464 2573 μὲν
1497 2539 1598 2573 αὐτῆς,
1631 2538 1759 2574 ὑποθήκῃ
1786 2537 1813 2564 δὲ
1834 2536 1874 2562 γαὶ

1093 2586 1254 2621 παραινέσει
1278 2586 1440 2612 Θεοκτίστου
1471 2585 1626 2612 κανικλείου
1653 2586 1700 2611 καὶ
1727 2584 1872 2618 λογοθέτου,

1093 2632 1233 2665 ἐξελαύνει
1259 2633 1307 2666 τῆς
1336 2631 1502 2666 Ἐκκλησίας
1531 2631 1576 2658 τὸν
1603 2631 1681 2657 ἄθεον
1708 2631 1872 2665 πατριὰρχην

1092 2679 1222 2712 Ἰωάννην
1235 2697 1242 2709 ,
1261 2679 1363 2712 καίπερ
1379 2677 1523 2704 σύντεκνον
1543 2677 1627 2710 αὐτῆς
1650 2677 1716 2703 ὅντα
1729 2697 1735 2709 ,
1761 2674 1872 2711 περιορί-

1094 2733 1163 2751 σασα
1177 2725 1271 2751 τοῦτον
1284 2725 1312 2750 ὲν
1327 2724 1365 2758 τῷ
1378 2724 1468 2759 Στενῷ
1478 2725 1518 2755 εἰς
1534 2724 1564 2750 τὸ
1578 2723 1745 2758 καλούμενον
1760 2722 1872 2749 Κλείδιον

1094 2771 1122 2797 ἔν
1138 2780 1189 2797 τινι
1214 2770 1397 2805 μοναστηρίῳ.
1420 2771 1510 2796 Κόικεῖ
1525 2770 1605 2796 αὐτὸν
1624 2770 1673 2801 τὰς
1688 2770 1735 2795 τοῦ
1759 2767 1869 2804 Χριστοῦ

1093 2817 1140 2843 τοῦ
1157 2817 1225 2843 Θεοῦ
1248 2816 1326 2852 ἡμῶν
1354 2817 1460 2847 εἰκόνας
1485 2815 1526 2852 [Ρ.
1547 2815 1610 2851 μιν]
1635 2815 1682 2841 καὶ
1705 2815 1756 2848 τῆς
1777 2815 1872 2848 Θεομή-

1092 2871 1170 2898 τορος
1195 2863 1241 2889 καὶ
1263 2863 1317 2889 τῶν
1341 2863 1570 2897 ἀρχιστρατήγων
1594 2862 1793 2897 κατορύξαντα,
1818 2861 1870 2889 τοὺς

1094 2909 1252 2944 ὀφθαλμοὺς
1269 2909 1351 2935 αὐτοῦ
1369 2908 1495 2943 ἐξορύξαι
1510 2908 1646 2944 ἠϐουλήθη
1656 2916 1663 2922 ·
1684 2907 1832 2934 κωλυθεῖσα
1846 2905 1869 2930 ἰὲ

1095 2957 1199 2990 πέμπει
1222 2956 1268 2982 καὶ
1295 2955 1420 2990 μαστιζει
1433 2955 1512 2981 αὐτὸν
1528 2955 1674 2985 διακοσίοις
1689 2953 1798 2988 λιῖῳοις,
1819 2952 1869 2977 εἰσ-
