1999 3165
234 254 287 286 719

263 312 308 339 l5.
334 310 413 335 Anno
437 303 543 340 imperii
567 300 706 330 Michaelis
725 300 808 328 tertio
833 298 940 326 decimo
956 297 1024 323 Bar-
1041 301 1061 326 Α

229 359 278 386 das
299 356 390 384 Cmsar
411 356 487 380 extra
510 350 606 377 urbem
632 354 716 383 agens
738 354 802 374 cum
821 344 953 372 Damiano
976 350 1023 377 pa-

231 404 310 431 tricio
327 409 358 429 ac
376 399 533 428 accubitore
553 394 672 422 amicitia
685 394 800 429 junctus
817 395 874 424 est,
889 391 917 418 is
937 390 1024 423 impe-

231 448 332 477 ratoris
350 452 462 480 compos
479 443 596 470 ellectus
617 444 715 468 auctor
733 439 773 466 illi
799 442 841 465 est
867 436 1023 464 utBardam

231 499 259 525 in
282 495 379 523 urbem
401 500 433 520 ac
450 490 582 526 palatium
600 488 722 515 inducat.
747 485 802 513 Sed
816 489 845 512 et
856 483 1024 518 Theophane

231 539 469 578 protospathario,
505 538 688 571 cognomento
717 532 875 566 Phalgana,
908 529 1025 563 aliisque

231 574 396 623 quibusdam
420 583 473 611 sibi
495 580 645 612 devinctis,
674 579 734 614 ipso
759 584 868 613 quoque
894 574 1026 602 Michaele

230 619 354 663 conscio,
370 629 561 657 Theoetistum
579 627 606 653 in
625 624 728 660 palatio
741 620 924 651 contrucidat.
937 619 1026 647 Theo-

232 680 300 707 dora
319 682 350 704 ut
371 675 493 706 rescivit,
520 680 578 700 rem
599 669 796 699 molestissime
818 667 893 697 tulit,
921 664 1028 700 magnis

231 725 399 755 clamoribus
415 722 548 749 adversus
563 719 759 753 imperatorem
779 722 811 742 ac
833 713 957 747 reliquos
974 718 1028 738 ca:-

234 771 277 799 dis
292 775 421 799 auctores
440 769 641 802 improperans.
658 763 711 791 Sed
726 767 755 789 et
770 759 903 796 asperiori
919 763 1029 785 conter-

234 819 288 846 rita
318 824 397 849 voee,
420 813 532 850 lugubri
560 811 658 839 habitu
685 813 819 845 gestuque
850 805 960 833 thalami
985 812 1030 831 se-

235 868 310 892 creta
326 862 436 890 tenebat
455 869 461 887 :
482 858 596 895 quidam
611 857 685 884 enim
707 863 741 883 ex
760 854 905 882 Melissena
928 850 1030 878 familia

234 914 372 945 exprmtor
408 908 519 934 domum
554 902 768 933 revertendum,
799 898 873 934 quod
909 905 942 924 ea
971 896 1031 923 dies

236 943 430 992 percussorum
445 957 515 983 erat,
536 950 682 978 indixerat.
701 947 826 981 Cumque
840 943 954 972 Michael
970 949 1030 969 mo-

236 989 281 1030 dis
306 1000 436 1028 omnibus
467 997 563 1025 matris
592 995 714 1022 animum
745 991 862 1019 delinire
891 989 1032 1017 studeret!

235 1048 341 1075 nullam
353 1045 437 1081 658
452 1044 498 1071 illa
510 1040 726 1069 consolationem
739 1037 911 1065 admittebat.
929 1035 1031 1068 Quam-

235 1093 335 1120 obrem
364 1080 496 1116 imutatis
537 1088 699 1121 imperator,
730 1083 769 1110 uti
794 1082 886 1110 animo
913 1080 945 1108 ac
970 1087 1033 1107 sen-

237 1137 340 1166 tentia.
368 1135 405 1162 ita
432 1134 515 1163 etiam
541 1139 659 1167 persona
687 1134 821 1165 gestuque
843 1132 872 1155 et
895 1131 968 1158 actu,
992 1130 1032 1153 tot

237 1191 299 1211 eam
327 1181 450 1216 quasitis
478 1178 620 1207 coloribus
649 1177 793 1210 modisque
820 1173 944 1202 molestia
973 1172 1031 1200 am-

238 1235 302 1256 cere
332 1226 486 1257 nitebatur,
516 1229 585 1260 quot
617 1227 681 1250 ante
715 1219 912 1248 blandimentis
941 1219 1032 1246 colere

227 1279 322 1309 atque
359 1273 482 1300 mulcere
517 1269 673 1298 simulabat.
710 1268 749 1295 Ac
779 1266 891 1302 quidem
922 1273 1033 1293 sorores

224 1317 568 1351 ‘Theclam,Anastasiam
592 1320 621 1344 et
644 1316 751 1342 Annam
773 1313 807 1340 ad
829 1312 939 1340 Cariani
961 1311 1034 1339 aedes

239 1365 379 1398 amandat,
401 1363 577 1392 Pulcheriam
596 1369 674 1394 vero,
689 1364 719 1388 ut
732 1359 815 1387 matri
829 1358 1031 1391 charissimam,

224 1434 226 1437 .
240 1413 273 1441 ad
294 1411 466 1440 Gaslriorum
481 1409 678 1438 monasterium
696 1408 811 1442 relegat.
833 1406 958 1440 Tumque
973 1411 1031 1432 om-

240 1466 290 1486 nes
317 1457 394 1485 brevi
419 1461 483 1492 post
505 1463 606 1491 cogens
624 1455 652 1482 in
671 1454 844 1482 Gastriorum
866 1450 1035 1480 monasterio

241 1503 490 1533 sanctimonialium
518 1503 573 1529 ritu
605 1509 637 1529 ac
665 1501 740 1528 cultu
770 1499 854 1526 vitam
881 1505 963 1534 agere
991 1497 1036 1531 ju-

241 1551 300 1579 bet.
323 1550 384 1583 Quo
407 1555 532 1584 tempore
550 1547 626 1574 omni
646 1551 743 1574 senatu
760 1546 954 1580 imperatorem
971 1550 1035 1569 con-

242 1597 390 1630 salutante,
406 1596 482 1624 solus
495 1595 552 1630 ipse
567 1601 659 1621 rerum
675 1593 790 1628 potitur.
814 1592 900 1619 Porro
917 1589 1035 1617 Bardam

241 1644 404 1679 magistrum
439 1641 554 1677 prmiicit
587 1645 614 1667 et
648 1640 804 1667 scholarum
841 1636 1034 1664 domesticum.

241 1688 356 1715 Matrem
381 1694 427 1714 res
448 1686 564 1713 moleste
585 1681 705 1712 habebat
728 1686 758 1710 ut
782 1683 810 1710 in
838 1681 965 1709 ordinem
991 1688 1035 1708 re-

242 1733 377 1760 dactam:
406 1731 454 1759 sed
482 1735 510 1757 et
534 1730 570 1757 ob
598 1729 728 1764 injustam
753 1727 908 1755 Theoctisti
940 1733 1036 1754 necem

241 1776 417 1812 implacabile
445 1776 518 1803 inter
547 1775 610 1802 illos
634 1774 728 1802 odium
756 1778 826 1801 erat.
856 1773 952 1807 Itaque
975 1780 1037 1799 eam

243 1829 355 1858 quoque
377 1822 439 1850 aula
466 1824 633 1849 summotam
654 1819 783 1846 amandat
808 1818 842 1846 ad
862 1817 981 1846 Gastria.
999 1817 1037 1844 lbi

232 1868 371 1898 «maeroris
385 1868 413 1896 vi
422 1868 554 1902 absorpto
566 1866 681 1893 rationis
697 1865 812 1901 judicio,
823 1871 944 1899 saneque
955 1871 1037 1890 sensu

243 1923 300 1950 pra:
326 1919 440 1949 stupore
467 1913 589 1948 deiecta,
619 1920 676 1939 rem
709 1911 882 1939 machinatur
905 1909 1039 1937 adversus

243 1960 359 1988 Bai-dam
383 1967 438 1987 non
463 1958 531 1986 satis
553 1965 585 1985 ex
609 1957 743 1992 dignitate
767 1961 815 1984 aut
843 1956 886 1983 sui
912 1955 1037 1988 ratione,

236 2006 352 2034 adlecta
383 2012 445 2033 eum
470 2004 532 2032 aliis
555 2003 683 2039 pluribus
703 2003 787 2030 etiam
818 2002 865 2037 qui
889 2005 1040 2037 protostra-

243 2051 314 2079 toris
335 2058 436 2078 munus
465 2050 576 2081 obibat.
604 2056 704 2084 nempe
733 2048 888 2076 necandum
923 2047 1037 2074 Bardam

238 2105 280 2125 ex
300 2097 460 2125 suburbano
481 2104 531 2123 suo
549 2099 747 2128 revertentem,
769 2094 842 2129 quod
863 2093 1039 2121 Cosmedium

236 2148 355 2172 "vocant.
375 2143 487 2170 Delecta
513 2146 577 2169 ante
602 2148 672 2175 opus
693 2140 896 2175 coniuratione,
926 2139 953 2166 in
981 2139 1038 2174 ipsa

235 2190 389 2224 coniurata
411 2189 501 2222 capita
527 2187 629 2214 malum
651 2193 760 2214 versum
787 2189 852 2213 est:
873 2184 1039 2220 deprehensi

235 2234 321 2262 .enim
335 2234 462 2268 tentique
480 2233 513 2259 ad
529 2232 602 2260 Circi
622 2231 734 2259 fundam
755 2231 845 2267 capite
869 2231 943 2266 plexi
963 2234 1038 2258 sunt.

246 2280 366 2308 Basilius
382 2279 505 2307 defuncti
527 2279 588 2306 loco
609 2278 818 2314 protostratoris
840 2277 972 2313 dignitate
994 2285 1040 2304 au-

850 239 1040 272 SYMEUNIS
1054 235 1239 269 MAGISTRI

1814 225 1865 258 ’ῖὲ0

1115 292 1161 326 ιγ’.
1179 291 1225 326 Τῷ
1242 289 1276 324 ιγ’
1292 289 1347 315 ἔτει
1366 286 1448 314 αὑτοῦ
1465 286 1568 321 Βάρῧα;
1593 285 1607 310 ὸ
1624 283 1734 318 Καῖσαρ
1749 281 1803 315 ἔξω
1818 282 1863 313 ei};

1077 341 1183 371 πόλεως
1198 338 1236 365 ὢν
1249 334 1431 370 συνεφιλιῲθη
1447 331 1578 367 Δαμιανῷ
1601 329 1740 365 πατρικίῳ
1752 328 1798 354 xui,
1812 336 1862 353 tu—

1076 383 1288 421 ρακοιμωμὲνῳ,
1300 381 1329 412 ὃς
1344 381 1390 407 τὸν
1405 378 1519 415 βασιλέα
1536 377 1675 412 κρατήσας
1687 376 1796 401 ἔπεισεν
1809 374 1862 399 εξο-

1079 431 1167 458 ελοεῐν
1194 430 1223 456 ὲν
1238 430 1269 464 τῇ
1286 427 1362 454 πᾶλει
1380 427 1425 451 τὸν
1440 424 1545 459 Βάρδαν
1567 423 1614 449 καὶ
1635 423 1674 454 εἰς
1690 421 1721 447 τὸ
1739 419 1865 446 παλάτιον

1077 479 1218 515 ἑρχεσθαι.
1236 474 1456 509 Οἱκειωσάμενος
1471 473 1499 499 δὲ
1527 472 1574 498 καὶ
1593 471 1638 497 τὸν
1667 468 1866 504 πρωτοσπαθά-

1078 534 1134 560 ριον
1150 524 1289 558 Θεοφάνην
1310 522 1354 548 τὸν
1370 520 1513 554 Φαλγάνην
1530 519 1577 544 καὶ
1589 516 1685 547 ἄλλους
1715 515 1792 546 τινας
1804 515 1867 539 ἀπο-

1077 573 1177 600 κτείνει
1203 572 1249 598 τὴν
1267 571 1429 596 Θεὴκτιστον
1455 568 1483 593 ὲν
1500 565 1539 601 τῷ
1561 565 1704 599 παλατίῳ,
1733 563 1803 598 μετᾶ
1826 562 1868 588 καὶ

1077 621 1126 655 τῆς
1141 619 1188 646 τοῦ
1205 617 1336 654 βασιλέως
1356 615 1547 650 συνειδήσεως.
1560 612 1646 639 Τοῦτο
1659 610 1784 646 μαθοῦσα
1808 609 1868 636 Θεο-

1077 667 1154 701 δώρα
1165 664 1342 700 ἠγανάκτησε
1358 661 1430 689 κατὰ
1445 661 1492 687 τοῦ
1504 660 1636 695 βασιλέως
1651 658 1699 684 καὶ
1715 657 1772 683 τῶν
1787 655 1869 682 ἄλλων

1077 711 1102 739 οἶ
1118 700 1164 737 τὸν
1183 709 1264 744 φόνον
1292 707 1510 742 κατειργάσαντο
1528 724 1535 736 ,
1556 702 1757 736 καταϐοωμένη
1774 700 1868 727 αὐτῶν.

1087 756 1167 784 Ἀλλὰ
1180 756 1229 782 καὶ
1244 755 1320 789 φωνῇ
1353 752 1456 788 βριαρᾷ
1476 749 1699 783 καταπτοηοεῖοα
1730 747 1870 783 ammte;

1080 801 1285 838 θιιλοιμεύεττιιι⁹
1301 800 1357 827 τῶν
1372 798 1591 834 ἀποστρατήγων
1618 795 1671 831 γάρ
1692 803 1746 826 τις,
1772 795 1805 820 ὲκ
1819 793 1870 820 Με-

1080 848 1216 884 λισσηνῶν
1245 847 1374 880 κατάγων
1400 845 1430 872 τὺ
1455 845 1552 879 γένος,
1586 843 1656 877 αὐτῇ
1681 840 1872 875 ἀπεφθέγξατο

1083 894 1280 930 παλινδρομεῖν
1296 892 1388 919 οἴκαδε
1401 912 1409 924 ,
1426 891 1477 926 τὴν
1490 889 1618 922 τοιαύτην
1630 888 1739 922 ἡμέραν
1763 885 1871 920 κρουόν-

1083 950 1138 967 των
1155 939 1314 966 ὰποκοιλῶν.
1332 938 1385 964 Τοῦ
1403 937 1431 964 δὲ
1446 935 1555 971 Μιχαὴλ
1569 935 1650 961 παντὶ
1667 934 1762 969 τρόπῳ
1786 940 1871 967 μηχι-

1052 984 1071 1011 Β
1085 987 1208 1022 τωμένου
1223 986 1272 1021 τὴν
1289 984 1395 1020 μητέρα
1415 982 1621 1015 ἑξιλεώσασοαι,
1641 980 1710 1015 αὑτὴ
1733 978 1872 1013 ἀπαρηγό-

1086 1040 1164 1068 ρητος
1196 1031 1323 1066 ἔμεινεν·
1350 1031 1413 1057 ὅθεν
1438 1029 1487 1055 καὶ
1515 1027 1677 1063 μεταϐαλὼν
1703 1027 1717 1052 ό
1743 1025 1867 1060 βασιλείῃ

1083 1079 1178 1113 ὥσπερ
1190 1078 1237 1114 τὴν
1256 1077 1344 1112 ψυχὴν
1359 1077 1406 1102 καὶ
1424 1075 1473 1110 τὴν
1486 1074 1609 1123 γνιίηιην,
1624 1073 1696 1100 οὕτω
1715 1072 1748 1107 δὴ
1773 1071 1820 1098 καὶ
1843 1072 1870 1097 τὺ

1085 1125 1178 1160 σχῆμα
1192 1125 1240 1152 καὶ
1252 1125 1301 1159 τὴν
1317 1124 1468 1159 ἐνέργειαν,
1485 1118 1624 1152 mrtem;
1647 1120 1808 1155 προσώποις
1827 1118 1872 1145 αὑ-

1083 1173 1132 1208 τὴν
1141 1173 1236 1199 λυπεῖν
1252 1172 1437 1206 κατηπεὶγετο
1446 1171 1519 1202 ὅσοις
1533 1170 1586 1205 πρὸ
1598 1168 1694 1195 τούτου
1713 1167 1872 1203 Θεραπεύειν

1084 1218 1291 1254 ἐσχηματίζετο.
1309 1218 1364 1244 Καὶ
1382 1217 1432 1248 τὰς
1453 1217 1503 1251 μὲν
1520 1215 1637 1249 ἀδελφὰς
1661 1214 1744 1241 αὑτοῦ
1761 1213 1872 1245 Θέκλαν,

1091 1264 1270 1292 Ἀναστασίαν
1285 1264 1333 1290 καὶ
1354 1264 1454 1290 ’Ἅνναν
1472 1264 1512 1294 εἰς
1528 1261 1563 1289 τὰ
1579 1261 1718 1296 Καριανοῦ
1749 1260 1870 1295 μεθιστᾷ,

1085 1311 1252 1347 Πουλχερίαν
1267 1311 1295 1338 δὲ
1309 1311 1346 1341 ὡς
1362 1310 1547 1346 ἠγαπημένην
1561 1310 1594 1344 τῇ
1611 1308 1696 1343 μητρὶ
1708 1308 1738 1333 ὲν
1757 1307 1791 1342 τῇ
1809 1307 1882 1341 μονῇ¹

1084 1358 1138 1384 τῶν
1150 1358 1301 1393 Γαστρίων.
1320 1355 1388 1384 Εἶτα
1418 1356 1478 1391 μετ’
1493 1355 1583 1389 ὀλίγον
1595 1355 1642 1381 καὶ
1656 1353 1744 1385 πάσας
1773 1352 1870 1382 ὲνώσας

1085 1405 1114 1430 ὲν
1133 1405 1166 1438 τῇ
1191 1405 1258 1439 μονῇ
1278 1403 1332 1429 τῶν
1351 1402 1491 1437 Γαπρὶων
1511 1401 1670 1436 ἀπέκειρεν.
1689 1400 1755 1426 Τότε
1776 1399 1807 1434 δὴ
1829 1398 1872 1425 καὶ

1085 1449 1138 1476 ὑπὸ
1155 1449 1203 1484 τῆς
1219 1449 1372 1484 συγκλήτου
1402 1449 1493 1483 πάσης
1515 1447 1711 1482 ἀναγορεύεται
1725 1446 1774 1472 καὶ
1798 1446 1871 1472 αὺτο-

1086 1497 1232 1531 κρατορεί,
1251 1496 1298 1522 καὶ
1317 1496 1363 1522 τὸν
1391 1495 1497 1529 Bap/34w
1527 1494 1710 1529 προὸάλλεται
1725 1494 1872 1528 μάγιστρον

1086 1542 1132 1568 καὶ
1149 1541 1308 1575 δομέστικον
1325 1541 1381 1567 τῶν
1411 1540 1525 1575 σχολῶν.
1549 1540 1608 1573 Ἐφ’
1622 1538 1662 1571 οἷς
1677 1540 1694 1574 ἡ
1715 1540 1807 1574 μήτηρ
1826 1539 1871 1565 αὑ-

1086 1588 1133 1614 τοῦ
1145 1587 1300 1622 λυπουμένη
1311 1587 1574 1622 ὼ;.διατασσομὲνη.
1595 1586 1662 1613 ἀλλὰ
1682 1586 1735 1621 μὴν
1756 1586 1804 1613 καὶ
1827 1586 1867 1613 διὰ

1086 1634 1136 1670 τὴν
1146 1633 1236 1660 ἄδικον
1256 1634 1365 1668 σφαγὴ-ι
1380 1634 1542 1660 Θεοκτὶστου
1553 1654 1559 1663 .
1577 1634 1662 1668 ἔχθρα
1677 1630 1713 1668 ἦν
1740 1633 1873 1668 ἁναμέσον

1088 1681 1177 1708 αὐτῶν
1193 1680 1334 1711 ἄσπονδος,
1362 1680 1486 1714 Κατὰ-(ει
1509 1680 1599 1706 τοίνυν
1614 1680 1662 1706 καὶ
1687 1679 1772 1714 αὐτὴν
1784 1680 1823 1710 εἰς
1843 1680 1874 1704 τὰ

1088 1728 1208 1763 Γαστρία
1223 1735 1230 1742 ”
1245 1727 1306 1763 ἥτις
1319 1728 1350 1762 τῇ
1367 1727 1471 1763 ἀθυμίᾳ
1484 1726 1737 1753 καταδαπτιοθείσα
1748 1726 1796 1753 τὸν
1805 1725 1873 1755 νοῦν.

1090 1774 1138 1801 καὶ
1160 1774 1205 1800 ὑπ’
1228 1773 1388 1808 ἐκπλήξεως
1417 1774 1596 1809 ἀφαιρεθεῖσα
1626 1773 1675 1799 καὶ
1695 1773 1727 1799 τδ
1750 1774 1874 1808 φρονεῖν,

1088 1820 1201 1853 ἀναξίαν
1228 1820 1310 1855 ἑαυτῇ
1341 1820 1504 1852 συσκευάζει
1532 1820 1603 1846 κατὰ
1637 1818 1730 1854 Βάρδα
1766 1818 1873 1854 βουλὴ-λ.

1089 1866 1204 1902 ἑλομένη
1244 1866 1371 1893 κοινωνὸν
1407 1866 1456 1892 σὺν
1491 1866 1582 1896 ἄλλοις
1620 1865 1728 1896 πολλοῖς
1757 1866 1804 1891 καὶ
1832 1864 1875 1891 τὸν

1089 1913 1136 1939 τοῦ
1153 1913 1285 1948 βασιλέως
1312 1913 1554 1949 πρωτοστράτορα,
1567 1913 1641 1944 ὅπως
1659 1912 1874 1946 ὑποστρέφοντος

1089 1959 1135 1985 τοῦ
1149 1959 1240 1994 Βάρδα
1258 1959 1312 1986 ἀπὺ
1323 1959 1370 1985 τοῦ
1386 1959 1552 1994 προαστείου
1566 1959 1649 1985 αὐτοῦ
1662 1959 1710 1985 τοῦ
1724 1959 1874 1994 Κοσμηδίον

1090 2006 1282 2040 ἁναιρήσουσιν
1296 2006 1388 2032 αὐτόν.
1409 2007 1465 2040 Τῆς
1483 2005 1511 2032 δὲ
1529 2006 1645 2041 μελέτης
1662 2005 1716 2042 πρὸ
1733 2005 1781 2032 τοῦ
1799 2006 1873 2041 ἔργα)

1090 2051 1304 2086 φανερωθείσης,
1320 2051 1381 2077 κατ’
1396 2051 1486 2078 αὐτῶν
1505 2051 1617 2077 ἐκείνων
1639 2052 1694 2077 τῶν
1710 2052 1873 2086 μελετησάν-

1089 2105 1143 2123 των
1159 2097 1188 2124 τὸ
1206 2097 1290 2124 κακὸν
1309 2097 1441 2132 ἐξηνέχθη
1457 2105 1463 2112 ·
1477 2097 1652 2132 φωραθέντες
1661 2098 1716 2132 γὰρ
1733 2098 1780 2124 καὶ
1799 2105 1875 2123 κατα-

1091 2143 1232 2178 σχεθέντες
1250 2143 1279 2170 ἐν
1294 2145 1327 2178 τῇ
1342 2143 1482 2178 Σφενδόνῃ
1499 2143 1548 2175 τὰς
1574 2143 1696 2177 κεφαλὰς
1716 2143 1873 2178 ἀπετμήθη-

1091 2196 1149 2214 σαν.
1163 2187 1206 2224 [Ρ.
1221 2187 1286 2223 456]
1304 2187 1360 2214 Καὶ
1377 2187 1560 2221 προϐάλλεται
1580 2187 1627 2213 τὸν
1641 2186 1782 2213 Βασίλειον
1796 2187 1810 2212 ὁ
1826 2186 1874 2212 Μι-

1090 2232 1160 2268 χαὴλ
1193 2233 1255 2259 ἀντὶ
1286 2232 1334 2258 τοῦ
1377 2232 1592 2267 τελευτήσαντος
1624 2232 1872 2267 πρωτοστράτορος,

1090 2279 1191 2311 ὁμοίως
1223 2278 1271 2304 καὶ
1294 2278 1401 2314 Βάρδαν
1426 2277 1471 2304 τὸν
1496 2277 1569 2304 θεῖον
1597 2277 1679 2304 αὐτοῦ
1710 2276 1874 2312 κουροι-ςαλᾶ-

247 2330 328 2362 getur
342 2334 350 2359 ;
367 2325 495 2353 similiter
512 2334 622 2361 quoque
637 2325 737 2353 [tardas
752 2333 768 2352 a
782 2329 882 2360 nepote
898 2324 1037 2359 europala-
1049 2339 1077 2368 Β
1089 2333 1149 2360 την.

248 2375 289 2398 tes
304 2370 464 2405 prmﬁcitur.

281 2416 365 2452 659
385 2417 426 2445 14.
436 2417 546 2452 Imperii
563 2416 703 2445 Michaelis
715 2425 787 2445 anno
803 2416 924 2445 secundo
936 2423 1037 2444 cmen-

247 2467 292 2490 tus
309 2463 380 2491 cinis
392 2471 407 2491 e
420 2463 490 2491 emlo
508 2462 587 2498 copia
611 2463 724 2496 decidit,
741 2463 874 2498 multique
895 2461 1039 2498 sanguinis

248 2510 335 2537 instar
350 2509 428 2537 rubri
445 2510 548 2537 coloris
560 2509 667 2544 lapides
680 2509 798 2537 inventi.
811 2510 896 2537 Porro
909 2508 1037 2541 Michael,

248 2555 314 2583 dum
340 2555 372 2582 ad
387 2563 467 2583 omne
492 2555 583 2583 scelus
606 2563 638 2583 ac
653 2555 792 2583 luxuriam
812 2555 886 2582 laxat
901 2555 1035 2586 habenas,

248 2601 379 2636 pecunias
394 2601 421 2628 in
439 2601 540 2636 palatio
565 2601 702 2636 repositas
717 2601 786 2628 male
814 2600 957 2635 dilapidat,
973 2608 1036 2628 cum

248 2645 322 2673 mille
335 2647 483 2681 nonaginta
493 2646 552 2674 auri
563 2647 720 2674 eentenaria
731 2646 897 2674 excederent
910 2650 1037 2681 essetque

246 2691 353 2728 argenti
372 2692 505 2720 immensa
517 2692 569 2725 vis,
582 2700 643 2728 quae
663 2693 722 2728 ejus
737 2697 825 2720 mater
837 2693 865 2720 in
878 2693 977 2720 aerario
992 2700 1036 2719 as-

1125 2416 1167 2443 ιδ’.
1182 2415 1227 2448 Τῷ
1244 2413 1265 2450 β’
1285 2414 1381 2440 τούτου
1396 2414 1450 2440 ἔτει
1469 2413 1550 2440 ἔπεσε
1567 2413 1641 2444 κόνις
1655 2413 1688 2439 ἐκ
1700 2412 1747 2438 τοῦ
1767 2410 1873 2446 οὐρανοῦ

1088 2463 1197 2498 πλήρης
1211 2461 1381 2498 αἱματώδης,
1398 2462 1444 2487 καὶ
1462 2460 1553 2491 λίθους
1565 2459 1695 2494 εὕρισκον
1707 2459 1803 2485 πολλοὶ
1815 2461 1870 2493 ἐρυ-

1088 2509 1169 2544 Θροὺς
1183 2509 1222 2540 ὡς
1242 2506 1322 2542 αἷμα.
1339 2507 1465 2538 Ἐπιδους
1480 2506 1577 2533 ἑαυτὸν
1596 2507 1634 2537 εἰς
1647 2506 1738 2532 πᾶσαν
1754 2506 1847 2532 κακίαν
1863 2504 1874 2529 ὁ

1088 2556 1209 2591 Μιχαὴλ,
1218 2555 1252 2582 τὰ
1263 2557 1292 2581 ὲν
1299 2554 1338 2589 τῷ
1347 2555 1471 2589 παλατίῳ
1479 2554 1609 2588 χρήματα
1618 2552 1711 2584 κακῶς
1717 2552 1872 2582 ἀναλίσκων,

1089 2601 1159 2636 ὑπὲρ
1176 2600 1229 2627 τῶν
1244 2600 1338 2634 χιλίων
1353 2600 1517 2634 ἐνενήκοντα
1533 2598 1720 2633 κεντηναρίων
1735 2599 1800 2625 ὄντα
1816 2606 1873 2632 χρυ-

1089 2647 1158 2678 σίου,
1173 2646 1293 2681 ἄργυρος
1308 2645 1336 2670 δὲ
1352 2644 1453 2679 πλῆθος
1465 2643 1661 2678 ἀναρίθμητος,
1677 2643 1777 2677 ᾶπερή
1792 2643 1874 2677 μήτηρ

1088 2691 1171 2719 αὐτοῦ
1187 2691 1351 2726 ἐφυλάξατο.
1367 2691 1418 2716 Καὶ
1432 2690 1495 2721 τοὺς
1507 2690 1560 2716 τῶν
1579 2689 1695 2724 ἡνιόχων
1711 2689 1809 2720 παῖδας
1827 2687 1874 2713 ἀπὸ

244 2738 386 2767 servabat.
405 2738 573 2774 Aurigarum
594 2738 697 2774 quippe
719 2739 823 2766 liberos
833 2746 866 2766 ex
882 2746 960 2768 sacro
987 2738 1033 2765 ba-

1087 2737 1134 2762 τοῦ
1152 2736 1235 2771 ἁγίου⁵
1247 2736 1435 2771 βαπτίσματος
1456 2734 1685 2769 υἱοϐετητάμενος
1703 2734 1813 2768 ἑκάστῳ
1825 2731 1874 2758 £55-

246 2785 375 2818 ptismate
393 2784 420 2812 in
439 2784 510 2812 ﬁlios
523 2785 669 2820 adoptans,
692 2785 809 2821 singulis
824 2792 953 2812 nummos
970 2792 1037 2812 ceu-

247 2835 304 2856 tum
318 2835 365 2858 aut
375 2830 519 2858 minimum
533 2830 733 2866 quinquaginta
757 2831 850 2858 dabat.
865 2830 1035 2865 Quandoque

246 2874 329 2901 etiam
343 2876 390 2902 uni
415 2877 609 2910 patriciorum,
630 2876 730 2904 lmerio
753 2877 877 2909 nomine,
889 2876 922 2903 ab
935 2875 1037 2911 agresti

247 2919 341 2946 vultus
356 2921 449 2954 specie
464 2921 566 2950 Cher
580 2927 739 2957 nuncupato
763 2923 806 2957 (ac
825 2922 847 2949 si
863 2929 978 2957 porcum
994 2921 1037 2948 di-

248 2965 317 3000 cas),
330 2973 392 2993 cum
410 2967 437 2992 in
452 2975 544 2995 mensa
566 2970 656 3004 turpia
672 2969 796 3004 quadam
813 2969 985 3005 obgauuiens
1003 2968 1035 2996 ad

1087 2781 1131 2808 δου
1146 2781 1302 2817 νομίσματα
1321 2785 1341 2816 ρ’
1359 2781 1419 2815 ἣτὺ
1448 2781 1588 2816 ἐλάχιστον
1605 2779 1638 2806 ν’.
1658 2780 1715 2806 Καί
1741 2780 1794 2806 τινί
1816 2783 1872 2804 ποτε

1089 2829 1226 2864 πατρικῐῳ
1241 2830 1249 2863 (
1266 2828 1381 2863 Ἱμέριος
1393 2823 1471 2858 οὗτος
1486 2827 1610 2854 ἐκαλεῖτο
1622 2827 1635 2852 ὁ
1652 2826 1760 2861 Χοῖρος,
1777 2822 1819 2848 aia
1830 2821 1871 2855 τὴν

1087 2875 1133 2901 τοῦ
1155 2874 1301 2910 προσώπου
1324 2875 1476 2910 ἀγριότητα
1498 2874 1584 2905 οὕτως
1607 2868 1871 2904 κατιινομαζὸξιιενος)

1087 2921 1174 2953 ἄλλως
1187 2920 1409 2955 αἰσχρολογοῦντι
1424 2920 1495 2947 κατὰ
1507 2920 1555 2954 τὴν
1568 2915 1706 2952 τράπεζαν
1722 2916 1771 2942 καὶ
1793 2915 1871 2950 etiam:

1088 2968 1119 2994 ὲκ
1134 2967 1183 3002 τῆς
1199 2966 1314 3002 βεϐήλου
1339 2966 1422 2993 αὐτοῦ
1444 2963 1560 2999 γαστρὸς
1575 2961 1646 2989 κατὰ
1662 2961 1806 2996 πρόσωπον
1829 2958 1870 2986 τοῦ
