1999 3165
135 216 186 248 721

590 217 774 248 ANNALES.
796 230 824 237 -
844 218 1016 249 MICHAEL
1031 219 1078 250 ΕΤ
1098 220 1313 250 THEODOllA.

1719 219 1773 251 722

135 274 271 310 βασιλέως
290 274 405 301 καὶτῶν
433 274 663 302 συνδειπνούντων
690 275 808 310 ἀφιέντι,
823 276 859 307 ὡς
877 276 924 302 καὶ

990 285 1006 304 ις
1030 277 1120 312 ipsum
1144 277 1320 312 imperatoris
1344 285 1376 304 ac
1405 277 1587 304 convivarum
1613 285 1646 304 ex
1664 277 1776 313 impuro

133 322 163 347 τὸ
177 320 289 355 φατλιον
305 320 336 346 τὸ
348 319 459 352 τούτους
480 319 667 355 φωταγωγοῦν
692 322 724 348 ὲκ
738 322 784 348 τοῦ
799 322 927 357 τηλικού-

134 375 181 393 του
199 366 287 402 ψόφου
304 366 457 394 ἀποσϐέσαι
471 367 511 402 τῷ
536 367 682 404 παραδόξῳ
707 368 839 404 θαύματι,
861 377 926 404 χρυ-

134 413 192 439 σίου
205 412 362 448 νομίσματα
376 412 493 440 δέδωκεν
508 412 542 449 ρ’.

171 459 213 488 ιε’.
231 459 325 492 οὕτως
341 461 445 493 ἐκεῖνος
463 461 503 494 εἰς
518 461 594 488 οὐδὲν
607 462 667 489 δέον
681 462 718 489 τὰ
731 462 850 497 δημόσια
864 469 930 487 κατ-

135 508 290 536 uvam“.
311 507 368 535 Kal.
397 509 482 544 μήπω
522 509 618 544 καιροῦ
645 508 832 544 ,παρελθόντος
859 508 928 541 ἑνὸς,

134 555 198 582 ἐπεὶ
208 555 258 590 τῆς
267 556 467 590 στρατιωτικῆς
477 556 560 592 ῥόγας
570 556 661 592 παρῆν
671 557 684 583 ό
696 555 792 591 καιρὸς
804 555 852 582 καὶ
860 563 930 591 χρη-

137 602 234 637 μάτων
260 601 345 638 πόρος
366 603 416 629 οὐκ
444 600 490 638 ἦν,
515 603 565 638 τήν
578 611 609 629 τε
629 603 736 638 χρυσῆν
758 603 866 639 ἐκείνην
883 602 932 629 καὶ

136 648 342 685 πολυθρύλητον
365 649 501 676 πλάτανον
524 650 570 677 καὶ
591 650 654 682 τοὺς
679 649 727 677 δύο
745 650 855 682 λέοντας
884 651 932 676 καὶ

135 695 202 728 τοὺς
207 695 256 722 δύο
264 694 384 730 γρῦπας,
397 696 559 731 ὁλοχρύσους
574 696 655 729 ὄντας
664 697 710 724 καὶ
729 696 930 732 σφυρηλάτους,

136 741 231 768 καὶτὸ
256 740 403 776 ὁλόχρυσον
425 741 551 777 ὄργανον,
582 742 650 769 ἀλλὰ
685 742 732 769 καὶ
762 742 844 778 ἕτερα
862 742 932 778 ἔργα

135 786 220 821 ὁλκὴν
245 786 342 822 ἔχοντα
354 787 376 803 ³⁷
393 787 479 813 τῶνδ’
495 788 681 823 κεντηναρίων
701 789 749 815 καὶ
776 788 872 820 στολὰς
883 787 932 820 ωξ¹

135 832 301 868 ὁλοχρύσους
335 832 383 860 καὶ
408 834 628 869 χρυσοῦφάντους
669 834 806 870 χωνεύσας
831 835 933 870 ἐχάρα-

137 879 178 910 ξε.
195 879 244 905 καὶ
266 878 314 914 τὴν
334 879 388 906 τῶν
407 880 582 915 στρατιωτῶν
612 880 695 914 ρὁαν
712 881 852 915 ὲποὶησεν.
867 881 933 908 Ὅτε

136 924 166 951 δὲ
179 925 194 951 ό
209 925 349 957 Βασίλειος
358 923 450 961 ἦλθεν,
466 926 544 953 οὐδὲν
563 926 627 953 ἄλλο
639 924 719 961 εὗρεν
734 927 758 953 εἰ
778 927 815 963 μὴ
832 936 932 963 κεντη-

137 971 222 1006 ναρια
244 970 278 1006 ιγ’
294 972 340 998 καὶ
359 972 512 1008 μιλιαρίσια
528 971 560 999 0'.
581 973 640 1007 Ἐφ’
654 969 696 1004 οἷς
713 972 824 1008 ἀπορῶν
839 973 870 999 τὸ
884 972 932 1000 νῦν

139 1018 269 1049 σενζάτον
295 1018 464 1054 καλούμενον
477 1019 650 1054 χαραχθῆναι
663 1019 791 1047 ἐκέλευσε
808 1021 855 1047 καὶ
885 1021 932 1048 τοῦ

137 1064 271 1100 δημοσίου
303 1065 471 1101 ποιήσασθαι
486 1066 626 1100 πρόνοιαν.

175 1155 225 1189 ις’.
241 1156 299 1183 Ἰνα
318 1156 346 1183 δὲ
362 1157 459 1193 μικρόν
478 1165 504 1184 τι
517 1156 598 1191 λέξας
613 1157 754 1192 βεὸαιώσω
767 1159 800 1186 τὰ
819 1158 933 1195 διηγοῦ-

140 1212 211 1238 μενα
227 1204 274 1230 καὶ
288 1204 444 1238 σαφεστέρα
469 1205 582 1240 γένηται
600 1205 672 1241 ἢτοῦ
689 1205 795 1241 ἀνδρὸς,
810 1206 838 1233 si
852 1215 886 1240 γε
902 1206 934 1241 δὴ

140 1250 188 1276 καὶ
211 1249 295 1285 ἄνδρα
310 1250 391 1277 αὑτὸν
402 1251 496 1278 καλεῖν
510 1251 561 1282 δεῖ,
575 1250 716 1285 ἀναγωγία
732 1252 779 1278 καὶ
790 1251 877 1283 ἄνοια,
891 1251 933 1286 ἐφ’

139 1297 265 1331 ἅρματος
278 1297 423 1333 ἱσταμένου
438 1298 544 1333 καὶτῆς
555 1297 678 1332 βαλϐῖδος
687 1297 829 1332 μέλλοντος
850 1299 936 1333 ἐκπη-

137 1345 230 1378 δῆσαι,
240 1343 405 1378 ἐπαγγελίας
414 1344 558 1379 φθασὰσης
567 1345 608 1370 ὅτι
617 1343 712 1376 δεινῶς
721 1344 734 1370 ὁ
748 1345 839 1380 Ἀμερ
851 1352 936 1371 κατα-

140 1390 265 1423 ληῖζεται
274 1390 305 1417 τὸ
312 1390 332 1416 Θ
337 1390 468 1426 ρᾳκήσιον
478 1390 524 1417 καὶ
532 1390 563 1417 τὸ
571 1390 693 1424 Ὀψίκιον
701 1389 869 1417 ὑπεισελθὼν
879 1391 936 1422 τοῖς

143 1435 313 1470 Μαλαγίνοις
331 1436 478 1471 πλησιάζει
496 1436 544 1462 καὶ
551 1436 756 1472 προσδοκῶνται
778 1437 816 1469 ὡς
830 1437 936 1464 οὐδέπω

141 1482 230 1515 δεινὰ,
247 1483 294 1509 καὶ
307 1482 355 1509 ἐπὶ
363 1482 450 1518 τούτῳ
463 1483 664 1517 στυγνάσαντος
677 1483 726 1518 μὲν
739 1480 785 1510 τοῦ
796 1492 933 1519 πρωτονο-

141 1528 252 1564 captet),
271 1529 491 1563 ἀπαγγείλαντος
501 1529 529 1556 δὲ
542 1529 611 1565 μετὰ
619 1529 773 1564 κατηφείας
783 1529 833 1566 τὴν
846 1531 878 1557 ἐκ
888 1530 936 1557 τοῦ

140 1574 304 1610 δομεστίκου
314 1576 369 1603 τῶν
380 1576 484 1610 σχολῶν
493 1576 649 1612 ἀπόκρισιν,
657 1577 705 1604 καὶ
714 1577 773 1612 ἅμα
787 1577 833 1603 ὲπὶ
843 1578 937 1613 χεῖρας

142 1622 180 1648 τὰ
201 1621 355 1657 γράμματα
376 1622 496 1656 φέροντά
512 1630 542 1648 τε
565 1622 611 1648 καὶ
626 1621 784 1649 δεικνύοντα
796 1642 803 1655 ,
822 1622 936 1655 ἐκεῖνος,
951 1629 973 1658 c

145 1669 187 1700 TI.
207 1669 300 1704 φησιν,
313 1666 338 1696 ὦ
354 1667 454 1702 οὗτος.
481 1667 526 1705 [Ρ.
548 1669 612 1705 457]
635 1671 731 1704 τόλμῃ
745 1669 937 1704 χρησάμενος

142 1715 268 1742 τοιαῦτα
283 1715 357 1742 κατὰ
378 1715 431 1742 τὸν
450 1715 615 1750 ἀναγκαῖον
642 1715 751 1742 τοῦτον
765 1715 867 1751 ἀγῶνά
878 1724 938 1750 μου

141 1761 296 1795 διαλέγειν
311 1761 478 1797 ἐπιχειρεῖς,
500 1761 586 1789 τοῦτο
619 1762 714 1794 μόνον
726 1761 939 1794 σπουδάζοντι,

141 1807 186 1842 μὴ
202 1806 258 1834 τὸν
272 1806 370 1841 μέσον
388 1805 545 1841 εὐώνυμον
558 1807 633 1834 ἰδεῖν
657 1808 938 1842 περιτετραμμένον,

144 1853 223 1887 ὑπὲρ
239 1851 274 1881 οὖ
289 1862 340 1888 μοι
365 1853 425 1886 πᾶς
441 1855 457 1880 d
472 1853 569 1888 dydw;

181 1899 226 1933 ιζ’.
243 1899 324 1927 Ἀλλὰ
335 1899 382 1927 καὶ
400 1899 498 1926 τούτου
512 1899 606 1935 ἕτερόν
628 1908 655 1926 τι
672 1899 837 1935 διηγήσομαι
860 1899 940 1935 χαλε-

145 1946 280 1982 πώτερον,
301 1946 332 1972 οὐ
362 1946 441 1980 μόνον
459 1945 593 1973 ἐκπίπτον
609 1945 656 1972 τοῦ
683 1945 845 1981 πρέποντος,
873 1946 941 1973 ἀλλὰ

145 1994 194 2020 καὶ
208 1993 259 2028 τῆς
274 1992 417 2029 βασιλικῆς
432 1992 510 2025 ἀξίας
524 1993 566 2019 ὅτι
582 1993 699 2028 μάλιστα
714 1992 854 2028 ἀλλότριον
865 2001 871 2007 ·
888 1992 941 2019 Γυ-

144 2039 215 2074 ναίῳ
230 2039 284 2066 τινὶ
299 2036 333 2074 ἧς
342 2038 389 2065 τὸν
412 2039 497 2065 παῖδα
508 2038 736 2073 υἱοθετησέιμενος
748 2037 781 2073 ἦν
792 2059 799 2072 ,
811 2039 843 2065 ἐκ
859 2038 943 2074 βαλα-

145 2085 219 2112 νείου
235 2085 388 2120 ἐρχομένην
398 2084 448 2112 καὶ
461 2084 511 2119 τὴν
535 2084 633 2120 ἑαυτῆς
657 2084 766 2119 κάλπην
781 2083 826 2111 ἐπὶ
846 2086 942 2121 χεῖρας

145 2131 249 2168 ἐχούσῃ
263 2132 432 2165 συναντήσας
450 2130 498 2157 τοῦ
517 2131 601 2157 ἵππου
622 2131 723 2166 mon,
745 2132 793 2158 καὶ
816 2133 879 2163 τοὺς
894 2131 943 2167 μὲν

145 2179 246 2210 ἄλλους
263 2178 334 2205 κατὰ
355 2179 390 2204 τὰ
402 2177 425 2194 ³³
441 2177 580 2212 ἀνάκτορα
605 2177 766 2204 ἀπέστειλεν
782 2197 789 2209 ,
804 2178 944 2205 ἀκόλαστα

145 2225 176 2252 δὲ
195 2225 245 2252 καὶ
275 2224 395 2260 μυστικὰ
416 2225 438 2241 ⁸⁹
465 2224 599 2260 ἀνδράρια
629 2225 838 2260 ἑταιρισάμενος
861 2224 943 2261 ἀπῄει

148 2270 221 2304 μετὰ
248 2270 299 2304 τῆς
333 2270 475 2304 γυναικὸς,
517 2269 567 2304 τὴν
603 2269 712 2305 κάλπην
747 2270 801 2296 τῶν
836 2271 943 2306 ἐκείνης

146 2315 248 2351 χειρῶν
261 2315 414 2342 ἀναλαϐών.
427 2316 493 2348 Καὶ,
514 2315 585 2350 "Are
597 2315 646 2349 δὴ,
666 2313 690 2342 ὦ
704 2316 802 2350 γύναι,
816 2315 942 2350 θαρῤοῦ-
959 2307 981 2335 θ

145 2369 199 2393 σα,
213 2361 315 2393 ἔλεξεν,
329 2360 382 2395 ἐμὲ
410 2361 486 2388 κατὰ
514 2361 547 2387 τι)
565 2359 624 2388 σύν
645 2361 755 2395 οἴκημα
782 2363 940 2394 ὑπόδεξαι,

145 2406 255 2442 ψωμοῦ
270 2407 455 2441 πιτιιρώᾶους
466 2408 513 2434 καὶ
529 2408 754 2441 ἀσϐεστοτύρου
767 2407 944 2442 ἐπιθυμοῦν-

147 2454 283 2489 τα,·τάχα
309 2463 361 2481 που
379 2455 433 2481 ἀπὸ
448 2455 502 2481 τῶν
513 2453 533 2480 ν’
549 2455 739 2489 νομισμάτων,
755 2455 827 2492 ειπερ
842 2454 943 2483 δέδωκε

146 2501 188 2536 τῷ
211 2501 290 2537 ἀνδρὶ
308 2501 409 2536 αὐτῆς,
426 2501 629 2536 ὑπολαμϐάνων
648 2509 674 2527 τι
705 2501 856 2537 κεκτῆσθαι
878 2503 943 2528 ταῦ-

147 2557 211 2580 την.
233 2548 295 2575 Ἐπὶ
307 2548 335 2574 δὲ
348 2547 388 2583 τῷ
403 2547 471 2582 ξένῳ
484 2547 571 2583 τούτῳ
591 2546 708 2582 θεάματι
721 2547 738 2582 ἡ
750 2547 819 2583 γυνὴ
836 2547 940 2574 ἐκπλα-

147 2594 240 2627 γεῖσα.
264 2593 326 2619 ἐπεὶ
342 2593 388 2620 καὶ
405 2592 514 2619 πάντων
539 2593 568 2618 ὲν
585 2592 688 2628 ἀπορίᾳ
706 2589 751 2628 ἦν,
766 2593 846 2624 αὐτὸς
862 2594 875 2619 ό
892 2594 945 2620 Μι-

148 2639 221 2674 χαὴλ
244 2639 276 2665 τὸ
293 2639 411 2666 σαῆἀνον
427 2639 514 2672 αὐτῆς
528 2639 568 2665 ἑτι
589 2638 732 2674 διάδροχον
746 2639 776 2665 ὃν
799 2639 859 2665 ἀντὶ
878 2647 945 2674 μεσ-

149 2685 245 2711 οαλίου
260 2684 299 2719 τῷ
312 2685 426 2720 σκάμνῳ
440 2684 554 2711 ἐπέθετο
565 2684 606 2720 (οὔ
623 2685 677 2719 γὰρ
693 2683 765 2719 εἶχεν
777 2684 944 2720 τρᾶιπεζαν),

149 2732 201 2766 τήν
208 2740 239 2758 τε
251 2731 346 2758 κλεῖδα
360 2731 469 2766 ἀφελὼν
481 2732 567 2766 αὸτῆς
581 2730 614 2767 ἦν
625 2733 660 2758 τὰ
673 2732 762 2759 πάντα
774 2732 790 2758 ό
804 2731 944 2767 βασιλεὺς,

149 2776 371 2810 τραπεζοποιὸς,
396 2778 545 2813 μάγειρος,
566 2777 728 2813 .δαιτυμών.
758 2778 897 2805 Ἐκϐαλὼν
919 2779 946 2806 δὲ

151 2821 227 2856 ὅπερ
238 2819 312 2855 εἶχεν
334 2823 383 2858 τὴς
400 2825 532 2859 πενιχρᾶς
558 2823 666 2859 ἐκείνης
685 2824 841 2860 ἠκιὸωτῆς,
856 2834 945 2851 συνει-

980 328 1076 352 ventre
1089 328 1165 352 tanta
1175 324 1200 352 vi
1214 325 1350 360 crepitum
1361 324 1510 357 emisisset,
1532 329 1563 351 ut
1576 324 1637 360 ejus
1649 324 1714 351 ﬂatu
1729 325 1775 351 lu‘

979 377 1062 397 cerna
1077 370 1110 396 ad
1132 377 1254 397 mensam
1268 370 1364 397 lucens
1378 370 1614 404 exstingueretur,
1629 369 1667 397 rei
1684 373 1777 397 motus

980 417 1115 444 miraculo
1123 420 1234 444 centum
1248 424 1377 444 nummos
1388 416 1562 444 numeravit.‘

1017 463 1061 491 15.
1078 463 1124 491 Sic
1141 464 1185 491 ille
1205 463 1262 492 ﬁsci
1276 464 1348 491 bona
1366 464 1393 491 iu
1409 464 1495 491 rebus
1508 463 1612 491 nullius
1629 463 1716 499 frugis
1732 463 1781 490 in—

981 510 1116 537 sumebat.
1146 511 1277 545 Adeoque
1307 510 1427 538 necdum
1453 510 1519 537 anni
1547 509 1628 537 solidi
1657 509 1776 537 decurso

981 557 1081 592 spatio,
1097 565 1158 584 cum
1176 557 1314 585 militibus
1327 557 1466 593 eroganda
1482 561 1575 585 essent
1591 556 1729 592 stipendia
1744 564 1778 583 ac

981 603 1106 637 pecunias
1123 603 1260 636 deessent,
1272 603 1352 639 longe
1363 603 1608 631 celebratissimam
1629 603 1702 630 illam
1718 602 1778 637 pla.

983 654 1077 679 [anum
1090 658 1213 683 auream,
1226 650 1353 686 duosque
1378 651 1473 678 leones
1486 658 1519 678 ac
1536 649 1606 677 duos
1626 657 1725 685 grypes
1744 657 1778 676 ex

982 703 1050 723 auro
1082 696 1186 725 solidos
1211 705 1244 724 ac
1270 696 1400 728 ductiies,
1428 704 1561 732 organum
1580 703 1692 731 quoque
1710 704 1779 723 auro

983 742 1112 774 solidum.
1129 742 1237 778 aliaque
1254 743 1340 770 nihilo
1360 744 1452 771 minus
1474 751 1570 778 opera,
1593 743 1779 770 ducentorum

984 789 1208 817 centenariorum
1220 789 1321 824 pondo,
1338 795 1431 817 vestes
1456 789 1522 817 item
1537 796 1637 817 aureas
1653 796 1780 824 auroque

983 838 1126 862 contortas
1140 834 1313 870 octingentas
1329 835 1471 869 sexaginta
1483 834 1617 865 conﬂatis,
1633 833 1780 868 pecuniam

984 880 1101 908 cuditac
1121 880 1370 915 militibus'stipem
1388 880 1522 915 erogavit.
1537 879 1606 907 Cum
1619 887 1685 906 vero
1705 878 1782 906 Basi-

984 927 1040 955 lius
1052 927 1200 962 imperium
1218 927 1301 962 660
1322 926 1481 962 capessivit,
1504 929 1606 961 prmter
1623 923 1782 952 centenaria

985 973 1116 1001 tredecim
1142 981 1175 1001 ac
1194 973 1400 1001 miliarisiorum
1427 972 1552 1000 sacculos
1581 971 1782 1009 novem_nihil

984 1020 1100 1048 invenit.
1119 1020 1255 1054 Quocirca
1271 1019 1306 1047 ad
1319 1019 1439 1054 inopiam
1456 1018 1594 1049 redactus,
1611 1016 1686 1052 quod
1707 1024 1783 1044 nunc

984 1071 1128 1095 senzatum
1142 1074 1284 1098 vocamus,
1300 1065 1363 1093 eudi
1379 1065 1472 1101 jussit,
1496 1072 1585 1100 eoque
1599 1064 1696 1091 ﬁscum
1717 1069 1783 1098 pro»

985 1115 1091 1143 curari.
1669 1132 1673 1135 Α

1022 1162 1064 1189 16.
1081 1161 1116 1190 Ut
1131 1165 1224 1189 autem
1244 1159 1341 1196 paucis
1358 1159 1441 1187 ﬁdem
1455 1158 1550 1186 verbis
1575 1162 1708 1188 astruam,
1727 1155 1784 1183 cla-

986 1207 1099 1242 riorque
1130 1207 1178 1234 ﬁat
1198 1206 1264 1240 viri,
1288 1206 1311 1234 si
1329 1210 1422 1233 tamen
1441 1205 1532 1232 virum
1556 1204 1649 1232 dicere
1674 1203 1784 1233 deceat,

986 1252 1134 1280 dissolutio
1147 1260 1181 1280 ac
1190 1251 1349 1279 dementia:
1363 1258 1426 1278 cum
1439 1250 1466 1277 in
1479 1258 1564 1277 curru
1576 1253 1660 1276 staret
1674 1248 1786 1284 jamque

986 1299 1051 1335 equi
1069 1297 1385 1326 carceribusemittendi
1398 1301 1503 1327 essent,
1521 1296 1597 1323 venit
1612 1302 1708 1322 rumor
1722 1293 1787 1321 alla-

987 1350 1086 1381 tusque
1094 1346 1209 1373 nuntius
1217 1345 1393 1373 estAmerem
1404 1344 1465 1371 dire
1473 1342 1654 1370 Thracesium
1663 1341 1784 1376 depopu-

986 1391 1038 1419 lari
1059 1391 1221 1427 ingredique
1246 1390 1398 1426 Opsicium,
1425 1397 1478 1417 nec
1504 1388 1628 1424 procula
1645 1386 1787 1422 Malaginis

987 1446 1058 1471 esse,
1078 1442 1258 1473 actutumque
1279 1437 1350 1464 mala
1363 1435 1528 1472 exspectari.
1546 1434 1611 1470 Ejus
1638 1433 1676 1461 rei
1705 1440 1788 1460 causa

987 1484 1069 1512 anxio
1094 1484 1223 1519 tristique
1253 1482 1466 1519 protonotario,
1494 1481 1671 1516 demisseque.
1709 1479 1787 1507 vultu

988 1529 1132 1558 domestici
1147 1529 1304 1557 scholarum
1327 1536 1492 1563 responsum
1506 1527 1678 1563 perferente,
1704 1531 1788 1561 atque

988 1584 1042 1603 una
1052 1576 1159 1603 litteras
1167 1584 1224 1611 prae
1233 1575 1361 1602 manibus
1371 1574 1491 1602 habente
1502 1581 1533 1601 ac
1541 1576 1787 1603 commoustraute,

989 1623 1034 1650 hic
1048 1622 1093 1650 ille
1109 1631 1116 1649 :
1129 1621 1198 1656 Qua,
1213 1621 1312 1656 inquit,
1326 1622 1388 1648 licus
1401 1626 1439 1653 tu,
1455 1620 1616 1652 temeritate,
1629 1618 1697 1646 talia
1714 1618 1787 1650 mihi,

989 1669 1137 1696 necessario
1153 1669 1200 1696 hoc
1232 1676 1315 1705 agone
1333 1669 1475 1703 occupato,
1506 1666 1636 1693 obmutire
1658 1660 1787 1695 instituis,

989 1723 1048 1742 cum
1067 1715 1114 1742 hoc
1139 1717 1244 1742 tantum
1260 1713 1393 1745 studeam,
1411 1717 1439 1739 ut
1455 1721 1516 1739 eum
1530 1712 1574 1748 qui
1591 1711 1705 1738 medium
1719 1713 1790 1737 tenet

989 1763 1017 1790 in
1041 1763 1134 1790 lwvam
1167 1766 1270 1798 partem
1289 1765 1419 1792 avertam.
1436 1760 1467 1787 de
1488 1767 1539 1795 quo
1556 1759 1620 1786 mihi
1636 1763 1720 1786 totum
1741 1757 1789 1785 hoc

990 1813 1125 1836 certamen
1143 1812 1180 1835 est
1197 1817 1228 1834 ac
1241 1807 1371 1835 contentio
1382 1807 1395 1833 ἵ)

1028 1900 1070 1927 17.
1099 1899 1154 1927 Sed
1181 1903 1209 1926 et
1226 1897 1301 1926 aliud
1329 1897 1395 1933 quid
1413 1897 1466 1924 isto
1488 1896 1601 1932 gravius
1623 1899 1790 1922 narraturus

992 1954 1072 1979 sum;
1089 1946 1116 1972 in
1141 1953 1195 1980 quo
1211 1952 1266 1971 non
1294 1943 1383 1971 solum
1395 1942 1506 1970 honesti
1523 1941 1691 1978 pessundata
1707 1940 1789 1969 ratio.

992 1993 1039 2021 sed
1050 1997 1077 2020 et
1092 1992 1119 2020 id
1131 1993 1274 2020 actitatum
1287 1990 1361 2026 quod
1375 1990 1493 2017 maxime
1507 1989 1610 2024 regiam
1618 1989 1789 2023 majeslatem

992 2039 1125 2066 dedeceat
1143 2042 1171 2065 et
1186 2038 1220 2065 ab
1243 2029 1276 2065 ea
1291 2037 1389 2072 procul
1404 2036 1565 2063 abhorreat.
1581 2035 1649 2063 Cum
1674 2034 1790 2062 mulier-

993 2086 1093 2117 culam.
1112 2085 1191 2122 cujus
1213 2084 1298 2112 ﬁlium
1325 2091 1340 2111 e
1366 2091 1444 2112 sacro
1477 2083 1553 2110 fonte
1579 2086 1750 2118 susceperat,
1776 2089 1792 2108 e

993 2133 1092 2160 balneo
1102 2132 1258 2160 venientem
1271 2131 1438 2165 situlamque
1451 2131 1478 2157 in
1497 2130 1625 2157 manibus
1642 2128 1791 2156 habentem

993 2178 1102 2206 obviam
1112 2177 1266 2208 habuisset.
1279 2185 1351 2212 equo
1364 2176 1478 2207 desiliit,
1493 2176 1609 2210 aliisque
1622 2176 1648 2202 in
1661 2175 1792 2210 palatium

994 2225 1071 2252 abire
1080 2225 1159 2260 661
1179 2224 1263 2260 jussis
1279 2223 1337 2258 ipse
1354 2230 1417 2250 cum
1441 2222 1548 2258 impura
1566 2221 1729 2257 perditaque
1744 2227 1793 2256 ga-

994 2279 1114 2299 neonum
1125 2270 1260 2298 sodalium
1272 2269 1354 2297 turba
1366 2268 1557 2296 mulierculam
1569 2272 1692 2300 secutus,
1703 2274 1793 2302 exque

995 2317 1055 2353 ejus
1072 2317 1200 2343 manibus
1215 2316 1306 2343 ablata
1322 2315 1416 2346 situla,
1427 2314 1512 2346 Bono,
1530 2313 1630 2349 inquit,
1645 2314 1735 2341 animo
1746 2313 1792 2344 sis,

994 2372 1008 2391 ο
1030 2363 1136 2394 mulier,
1152 2367 1182 2389 ut
1200 2370 1241 2389 me
1257 2362 1334 2388 domo
1357 2365 1405 2388 tua
1422 2360 1550 2396 accipias,
1566 2361 1611 2395 qui
1638 2359 1792 2395 {urfuracea

994 2419 1063 2446 pane
1078 2418 1109 2437 ac
1120 2409 1217 2436 recenti
1235 2417 1311 2436 caseo
1326 2409 1393 2435 vesci
1411 2411 1548 2443 appetant,
1569 2407 1642 2434 forte
1666 2414 1699 2434 ex
1712 2406 1792 2442 quin-

994 2455 1125 2492 quaginta
1143 2455 1247 2486 aureis,
1275 2461 1345 2489 quos
1360 2461 1394 2481 ex
1410 2453 1458 2481 illo
1481 2453 1525 2480 vir‘
1552 2453 1613 2488 ejus
1636 2454 1791 2486 acceperat,

995 2502 1098 2530 habere
1112 2510 1172 2530 eam
1189 2500 1293 2536 aliquid
1315 2500 1343 2527 in
1358 2508 1431 2535 penu
1453 2499 1628 2528 existimans.
1650 2497 1727 2525 Novo
1740 2496 1794 2524 hoc

993 2557 1025 2576 ac
1037 2547 1160 2576 inaudito
1172 2546 1330 2583 spectaculo
1345 2546 1462 2574 attonita
1486 2545 1615 2577 muliere,
1628 2545 1730 2580 quippe
1749 2543 1794 2572 cui

995 2604 1044 2630 per
1057 2595 1202 2630 penuriam
1226 2595 1260 2623 ad
1279 2595 1340 2630 ejus
1356 2594 1453 2630 epulas
1468 2593 1539 2621 nihil
1553 2592 1581 2620 in
1599 2596 1696 2628 paratu
1708 2596 1792 2625 esset,

995 2641 1053 2676 ipse
1066 2641 1182 2668 lllichael
1196 2639 1368 2668 mulierculm
1388 2639 1536 2667 lersorium
1553 2638 1669 2666 linteum
1681 2637 1793 2665 adhuce

996 2686 1094 2714 balneo
1106 2686 1246 2713 madidum
1259 2693 1308 2720 pro
1323 2692 1422 2720 mappa
1436 2692 1549 2712 scamno
1569 2683 1669 2711 sternit
1680 2681 1793 2718 (quippe

996 2740 1059 2760 cum
1087 2737 1115 2760 et
1138 2739 1232 2760 mensa
1249 2730 1402 2767 deﬁceret),
1417 2734 1566 2765 ereptaque
1592 2729 1617 2756 ei
1629 2729 1704 2756 clave
1721 2736 1799 2754 unus

996 2779 1090 2806 omnia
1104 2779 1255 2813 imperator
1277 2782 1356 2811 erat;
1384 2768 1442 2812 ips‘e
1465 2784 1568 2804 mensae
1588 2778 1721 2807 structor,
1735 2773 1794 2809 ipse

997 2834 1113 2861 coquus,
1131 2825 1190 2872 ipse
1209 2825 1335 2853 conviva.
1353 2823 1583 2860 Depromptisque
1598 2831 1659 2858 qua:
1675 2829 1799 2857 pauper-7

808 2914 926 2941 ‘v’Al'llxli
950 2913 1155 2942 LECTlUNkS.

194 2959 216 2976 "
236 2959 352 2994 ἐχόντων
368 2957 399 2987 Ρ.

441 2959 462 2974 ³⁸
483 2959 516 2986 τέι
535 2967 591 2987 orn.
607 2960 638 2988 Ρ.
677 2962 698 2978 ³³
714 2961 843 2998 tu:an
861 2961 995 2996 Srylitzes
1017 2961 1144 2997 πορνικά,
