1999 3165
232 181 288 213 727

851 183 1042 214 SYMEONIS
1062 184 1247 215 MAGISTIU

1810 180 1859 212 728

264 237 309 264 25.
328 237 394 273 Ejus
411 236 518 272 imperii
534 244 607 264 anno
624 241 724 272 quarto
739 236 853 266 Michael
874 238 1024 273 imperator

1110 238 1158 266 κε’.
1176 239 1222 275 Τῷ
1236 239 1257 266 δ’
1272 238 1355 266 αὐτοῦ
1382 239 1438 266 ἔτει
1464 237 1642 274 ἐκπμτεῦει
1666 237 1779 272 Μιχαὴλ
1810 233 1875 271 itm:

229 289 292 309 eum
307 282 415 310 Casam
432 286 503 310 terra
519 282 644 317 marique
660 282 795 310 adversus
809 283 946 311 Goboreru
958 283 1025 311 Bul-

229 335 360 363 garorum
375 328 528 363 principem
541 328 635 363 copias
647 328 749 356 educit.
764 329 873 365 Bulgari
891 334 1026 364 apparatu

229 373 336 405 audito,
351 381 384 401 ac
399 381 461 401 cum
475 374 542 402 alias
559 373 630 402 fame
645 375 857 408 conﬁcerentur.
868 377 945 411 quasi
961 378 1026 404 tacti

229 428 245 448 e
259 420 330 447 coelo
342 420 557 455 obrigescentes,
571 421 701 456 omnique
715 422 821 458 abjecta
837 422 962 450 victoriae
979 430 1027 458 spe

229 471 294 494 ante
310 467 393 494 etiam
410 474 511 501 agones
527 475 560 495 ac
582 468 689 502 proelia,
713 476 813 496 nomen
828 468 939 496 Christo
961 468 1027 496 dare

230 513 384 548 deposcunt
401 521 432 541 ac
445 514 570 541 Romano
589 514 702 542 subesse
723 514 895 548 imperatori.
911 515 1027 542 Michael

230 567 298 587 vero
325 559 353 587 in
377 560 474 587 urbem
499 560 628 588 inductos
657 560 770 588 salutari
794 569 892 589 omnes
916 562 1027 589 lavacro

231 604 357 638 donavit,
367 612 519 640 eorumque
527 605 680 640 principem
687 614 719 633 ex
725 614 776 633 suo
784 607 896 634 nomine
908 607 1028 635 Michae-

229 651 286 679 lem
302 651 460 686 appellavit.
481 651 528 679 Ille
545 651 579 679 ad
600 660 664 679 suos
685 660 814 680 reversus
831 653 963 680 Methodii
987 653 1028 689 pi-

233 697 321 725 ctoris
337 705 420 725 manu
433 705 465 725 ac
474 698 603 733 penicillo
614 698 750 734 judicium
758 699 935 734 futuramque
948 699 1029 727 retri-

232 743 376 771 butionem
390 744 419 771 in
434 744 491 771 suis
503 744 608 772 aedibus
623 745 733 780 depingi
748 745 866 772 curavit.
887 745 1027 778 Quamob-

233 798 294 817 rem
322 790 405 818 etiam
433 798 530 818 omnes
562 792 625 826 ejus
647 791 792 826 populares
809 792 895 828 magis
915 792 943 819 in
965 800 1028 820 eum

235 836 344 864 accensi
369 838 595 870 tumultuantur;
627 839 655 865 in
682 846 752 873 quos
779 838 823 866 ille
848 846 911 866 cum
933 839 1029 874 paucis

233 887 362 911 conserta
387 891 488 919 pugna,
510 883 600 911 victor
625 884 781 919 divinaeque
807 885 897 912 erucis
926 885 1027 913 collare

233 930 341 964 signum
363 930 422 965 (seu
439 930 587 965 pectorale)
606 930 824 963 circumferens,
837 931 920 966 666
932 939 1027 959 omnes

233 976 322 1011 palam
333 974 506 1004 Christianos
521 975 596 1004 fecit.
610 976 770 1012 Imperatori
787 985 896 1012 quoque
912 977 946 1005 de
961 985 1027 1014 agro

233 1021 381 1057 signiﬁcat,
393 1029 491 1056 nempe
505 1023 588 1050 artari
600 1023 657 1051 suis
670 1023 771 1050 finibus
783 1024 934 1059 subjectam
946 1028 1028 1052 tantas

233 1067 422 1096 multitudinis
450 1068 577 1103 plebem,
608 1073 791 1103 praeterquam
819 1070 893 1104 quod
926 1070 1028 1098 animis

234 1111 417 1141 constitutum
431 1113 468 1140 sit
480 1112 603 1149 ejusdem
618 1114 680 1141 fidei
696 1122 806 1142 sensum
821 1105 849 1142 in
865 1120 1029 1151 perpetuum

236 1164 331 1188 tenere
343 1167 374 1188 ac
390 1159 514 1187 caritatis
527 1160 646 1187 insoluta
656 1160 802 1189 vinculain
819 1165 952 1189 aeternum
970 1170 1029 1189 ser-

237 1211 311 1232 vare.
333 1205 437 1233 Annuit
454 1205 562 1241 placide
583 1206 751 1241 imperator,
767 1215 798 1234 ac
814 1211 880 1235 tunc
896 1208 1030 1244 temporis

235 1251 369 1279 incultam
383 1252 523 1288 regionem
542 1260 555 1279 a
574 1252 671 1280 Sidera
687 1254 695 1288 (
711 1253 738 1280 id
755 1258 796 1281 est
813 1254 946 1290 Ferrea),
969 1263 1030 1290 qua:

1077 285 1198 320 Καίσαρι
1213 284 1257 312 διά
1272 293 1302 312 τε
1320 285 1371 320 γῆς
1385 285 1434 312 καὶ⁴
1448 285 1587 320 Θαλάσσης
1602 284 1672 311 κατὰ
1688 283 1788 317 Γόὃορι
1817 283 1858 316 ἂρ·

1077 341 1152 368 χοντι
1166 331 1338 367 Βουλγάρων.
1352 331 1437 358 Τοῦτο
1459 331 1592 367 μαθόντες
1609 330 1635 357 οι
1665 329 1818 364 Βούλγαροι
1834 329 1854 344 ⁸⁸

1077 378 1137 412 ἅμα
1151 377 1179 404 δὲ
1199 378 1247 405 καὶ
1263 377 1337 414 λιμῷ
1350 378 1505 414 τηκόμενοι.
1532 377 1570 409 ὡς
1584 377 1643 413 ήχῳ
1671 375 1790 412 βροντῆς
1817 374 1864 401 ὐπ-

1078 423 1224 458 εκλίθησαν
1239 424 1287 451 xal
1304 424 1357 460 πρὸ
1371 424 1425 451 τῶν
1455 423 1567 458 ἀγώνων
1582 422 1630 449 καὶ
1637 422 1687 457 τῆς
1701 421 1793 456 μάχης
1808 421 1866 455 τπρὶ

1077 471 1126 504 τὴν
1142 470 1222 504 νίκην
1237 470 1424 504 κατέγνωσαν,
1451 469 1609 506 Χριστιανοι
1625 477 1654 495 τε
1672 467 1802 502 γενέσθαι
1824 467 1867 493 καὶ

1078 516 1279 544 ὑποτάσσεσθαι
1292 516 1332 551 τῷ
1346 516 1452 552 βασιλεῖ
1474 516 1618 551 Ῥωμαίων
1630 515 1779 551 ᾐτήσαντο.
1800 513 1828 540 '0
1841 513 1867 540 δὲ

1079 562 1207 597 βασιλεὺς
1217 563 1329 595 τούτους
1341 564 1370 590 ὲν
1381 565 1415 599 τῇ
1428 563 1503 590 πόλει
1515 561 1626 596 ἀγαγὼν
1639 561 1791 588 ἐϐάπτισεν
1803 560 1868 587 πάν-

1078 617 1128 640 τας
1139 609 1187 635 καὶ
1201 608 1247 635 τὸν
1262 609 1380 644 ἄρχοντα
1396 609 1486 635 αὐτῶν
1495 608 1605 644 Μιχαὴλ
1617 607 1808 642 ἐπωνόμασεν.
1824 607 1869 637 Ὃς

1078 656 1119 687 εὶς
1132 655 1162 682 τὺ
1187 655 1252 682 ἴδιον
1265 656 1439 692 ὑποστρέψας
1455 656 1500 683 διὰ
1515 655 1662 691 ζωγράφου
1680 654 1814 681 Μεθοδίου
1829 653 1870 679 λε-

1078 702 1195 736 γομένου
1210 702 1259 737 τὴν
1275 702 1365 737 κρίσιν
1382 703 1428 729 καὶ
1442 702 1621 729 ἀνταπόῖοσιν
1636 702 1666 728 ἐν
1678 701 1717 735 τῷ
1732 700 1803 735 οἴκῳ
1823 699 1869 726 αὐ-

1077 747 1126 774 τοῦ
1156 748 1299 783 γραφῆναι
1325 748 1494 783 πεποίηκεν·
1509 748 1550 774 διο
1575 748 1623 774 καὶ
1651 746 1753 782 μᾶλλον
1767 746 1819 780 τὴν
1843 746 1871 772 ἐκ

1080 792 1180 824 παντὸς
1193 792 1240 820 τοῦ
1251 793 1349 827 γένους
1364 793 1446 820 αὑτοῦ
1462 793 1661 828 καθυφίσταται
1675 791 1870 820 ἐπανάστασιν,

1078 837 1126 869 οὓς
1149 839 1219 872 μετά
1247 847 1328 865 τινων
1359 838 1458 873 ὀλίγων
1485 838 1727 873 καταπολεμήσας,
1759 837 1806 863 τὸν
1827 835 1872 862 τοῦ

1080 884 1153 910 θείου
1172 884 1291 921 σταυροῦ
1324 885 1408 912 τύπον
1424 885 1568 919 ὲγκόλπιον
1594 884 1746 920 περιάγων,
1772 883 1873 913 πάντας

1080 930 1231 965 ἀναφανδὸν
1248 931 1362 967 ἐποίησε
1378 931 1568 968 Χριστιανούς.
1583 931 1664 967 Δηλοῖ
1679 931 1726 958 καὶ
1742 929 1783 964 τῷ
1801 928 1875 963 βασι-

1080 974 1123 1003 λεῖ
1137 977 1201 1012 περὶ
1220 979 1272 1013 γῆς
1287 978 1331 1005 διὰ
1343 979 1374 1005 τὸ
1391 977 1552 1005 στενοῦσθαι
1566 977 1596 1004 ὲν
1608 978 1664 1009 τοῖς
1678 976 1755 1007 ἰδίοις
1770 976 1801 1002 τὸ
1815 976 1875 1002 ἑαυ-

1081 1022 1140 1055 τοῦ,
1157 1023 1226 1058 πρὸς
1240 1024 1278 1059 τῷ
1294 1024 1341 1051 καί
1358 1024 1388 1051 ὲν
1414 1025 1448 1060 τῇ
1468 1024 1561 1051 πίστει
1575 1024 1699 1058 ὁμονοεῖν
1716 1022 1811 1053 natu;
1830 1022 1875 1048 καί

1081 1069 1131 1105 τὴν
1147 1070 1259 1105 ἀγάπην
1272 1070 1369 1098 ἄλυτον
1384 1071 1424 1103 εἰς
1442 1070 1543 1102 αἰῶνας
1556 1069 1713 1104 φυλάττειν.
1735 1068 1765 1094 ὐ
1783 1068 1812 1094 δὲ
1832 1067 1874 1093 εὐ-

1085 1115 1174 1151 μενῶς
1187 1117 1298 1152 ἢκουσε,
1314 1118 1361 1144 καὶ
1375 1117 1492 1144 δέδωκεν
1502 1116 1612 1153 ἐρήμην
1626 1113 1711 1143 οὖσαν
1725 1113 1874 1149 τηνικαῦτα1

1083 1164 1132 1199 τὴν
1145 1165 1200 1192 ἀπὸ
1210 1166 1260 1200 τῆς
1276 1166 1404 1201 Σιδηρᾶς,
1429 1165 1533 1201 ταύτης
1550 1163 1582 1200 δὴ
1597 1164 1659 1191 τότε
1687 1164 1761 1198 ὅριον
1776 1169 1874 1195 τυγχα-

1084 1210 1182 1245 νούσης
1200 1212 1346 1247 Ῥωμαίων
1359 1221 1390 1238 τε
1405 1211 1453 1240 καὶ
1467 1211 1568 1242 αὐτῶν,
1585 1211 1658 1246 ’ἄχρι
1671 1211 1722 1245 τῆς
1737 1207 1873 1239 Δεὸελτδν,

1083 1257 1144 1292 ἥτις
1161 1257 1232 1285 οὕτω
1246 1258 1370 1285 καλεῖται
1383 1258 1504 1292 Ζαγόρια
1518 1257 1585 1291 παρ’
1599 1257 1701 1288 αὐτοῖς.

235 1302 303 1326 tunc
327 1298 457 1326 Romanae
481 1307 514 1326 ac
531 1298 713 1335 Bulgarorum
728 1299 842 1328 ditionis
865 1300 945 1327 limes
959 1305 1029 1332 erat,
1051 1301 1084 1328 ad
1103 1301 1245 1331 Debellum
1263 1311 1347 1338 usque
1361 1303 1519 1339 (vernacula
1532 1302 1626 1338 lingua
1658 1301 1793 1336 Zagoram
1826 1299 1874 1327 illis

236 1347 434 1382 nmtcupatam)
450 1355 579 1383 agrorum
597 1351 703 1382 partem
720 1347 761 1375 cis
781 1348 888 1376 tribuit.

271 1393 317 1420 26.
333 1393 475 1421 Michaelis
488 1393 596 1428 imperii
611 1402 683 1421 anno
697 1394 805 1429 quinto.
823 1395 923 1422 Amere
940 1395 1033 1429 copias

237 1446 335 1467 rursus
361 1439 494 1467 adversus
519 1440 658 1468 Romanos
679 1439 827 1473 educente,
850 1441 985 1469 Petronas
1006 1445 1034 1468 et

237 1486 326 1514 Nazar
342 1486 427 1514 duces
445 1487 472 1514 in
490 1487 550 1522 ejus
566 1494 712 1515 occursant
731 1487 765 1515 ad
781 1488 962 1515 Lalacaonem
987 1495 1036 1515 vc—

237 1541 316 1560 nere.
337 1532 450 1560 Collatia
472 1533 557 1569 signis
580 1533 665 1561 Amer
688 1533 716 1562 in
742 1534 834 1570 fugam
859 1541 955 1562 versus
980 1539 1034 1567 est,

238 1579 300 1614 ejus
317 1583 459 1606 exsectum
482 1584 566 1614 caput
588 1579 761 1615 aliorumque
784 1579 904 1614 plurium
928 1580 1070 1628 victorec

239 1623 364 1651 exercitu
385 1632 417 1652 ac
440 1624 541 1652 ducum
573 1625 715 1660 triumpho
741 1625 769 1652 in
791 1625 887 1653 urbem
914 1625 1033 1653 illatum.

240 1670 310 1698 Hinc
334 1679 431 1706 magna
449 1679 499 1706 per
522 1671 662 1699 Orientem
684 1672 756 1699 facta
781 1672 977 1707 tranquillitas.
996 1673 1035 1700 Ac

241 1715 354 1750 quidem
370 1716 417 1743 alii
433 1716 542 1744 labores
558 1717 741 1749 desudabant,
764 1717 965 1753 adversuinque
985 1718 1035 1746 bo-

241 1766 299 1790 stes
312 1762 443 1797 praeclara
456 1762 520 1789 belli
533 1762 654 1790 facinora
666 1762 848 1798 designabant
860 1772 867 1790 :
883 1763 1033 1798 imperato-

242 1806 282 1834 ris
304 1814 370 1835 vero
384 1807 411 1834 in
427 1807 557 1835 Basilium
574 1807 678 1836 effusus
702 1817 779 1836 amor
804 1814 880 1841 erat,
905 1810 1035 1845 huncque

243 1861 329 1881 unum
345 1854 387 1881 sui
399 1854 573 1889 potissimum
591 1854 726 1883 cultorem
740 1855 925 1883 existimabat.

277 1901 323 1928 27.
340 1900 406 1937 Ejus
435 1900 544 1936 imperii
572 1909 645 1928 anno
667 1907 745 1929 sexto
772 1902 891 1930 mdilicat
920 1897 1035 1931 Michael

242 1947 344 1983 equile,
377 1947 563 1975 marmoribus
585 1954 735 1981 exornans,
752 1948 898 1984 omnisque
928 1950 1036 1985 generis

243 2000 377 2028 aquarum
403 1991 528 2027 irriguo,
552 1992 708 2028 jucundum
739 1993 806 2020 illud
833 1997 916 2028 atque
940 1995 1036 2022 usibus

242 2037 419 2066 commodum
449 2042 595 2073 praestans.
626 2038 761 2066 Absolulo
790 2039 892 2074 equilis
920 2039 1037 2068 aedilicio

242 2084 325 2112 Petro
350 2083 461 2112 cuidam
487 2084 620 2115 ostendit.
649 2083 709 2111 viro
735 2085 826 2120 sagaci
857 2092 889 2112 ae
914 2085 1039 2114 dicteriis

243 2136 357 2163 assueto
369 2131 456 2160 (hunc
471 2130 669 2166 πτωχομάχην,
687 2138 719 2158 ac
737 2131 760 2158 si
776 2131 852 2159 dicas
866 2133 1039 2167 paupertatis

242 2176 382 2203 vindicem
396 2183 444 2204 seu
465 2183 616 2210 pauperum
638 2175 823 2209 defensorem,
839 2176 990 2212 dicebant),
1004 2186 1038 2205 ex

243 2229 277 2248 eo
292 2220 402 2248 laudem
412 2225 543 2255 captans;
559 2220 653 2256 aitque
665 2221 725 2255 ejus
736 2222 830 2256 operis
838 2230 953 2250 munere
964 2230 1038 2251 sem-

1088 1397 1094 1402 ’
1122 1399 1178 1428 κς¹.
1193 1395 1238 1430 Τῷ
1251 1394 1271 1421 ε’
1288 1393 1371 1422 αὑτοῦ
1388 1393 1443 1422 ἔτει
1458 1393 1505 1421 τοῦ
1523 1393 1614 1427 Ἀμερ
1639 1391 1722 1418 πάλιν
1744 1390 1793 1417 ἐπὶ
1812 1389 1874 1416 Ῥω-

1088 1442 1186 1478 μανίαν
1206 1441 1362 1474 ἐξελθόντος
1380 1439 1531 1467 συναντῶσι
1545 1439 1694 1474 Πετρωνᾶς
1718 1437 1767 1465 καὶ
1783 1437 1872 1472 Νάσαρ

1086 1491 1111 1517 οἱ
1120 1489 1270 1526 στρατηγοὶ
1285 1490 1325 1520 εἰς
1338 1489 1385 1515 τὸν
1395 1487 1578 1516 Λαλακαῶνα.
1589 1486 1644 1513 Καὶ
1653 1495 1685 1512 συ
1690 1485 1792 1520 μὸολῆς
1805 1493 1875 1518 γενο-

1087 1533 1171 1568 μένης
1185 1532 1316 1568 τρέπεται
1330 1533 1346 1558 ό
1359 1533 1392 1558 'A
1398 1540 1461 1568 μερ,
1477 1532 1526 1567 καὶ
1538 1530 1588 1566 τὴν
1603 1529 1726 1565 κεφαλὴν
1740 1529 1822 1556 αὐτοῦ
1833 1528 1874 1555 καὶ

1085 1578 1173 1606 ἄλλων
1187 1577 1291 1605 πολλῶν
1308 1578 1332 1604 οἱ
1351 1577 1498 1613 στρατηγοὶ
1509 1577 1549 1609 είς
1561 1576 1611 1612 τὴν
1621 1576 1700 1602 πόλιν
1713 1575 1874 1609 εἰσάγουσιν.

1092 1624 1140 1650 Ἐκ
1151 1623 1246 1650 toti-:06
1263 1624 1368 1658 γίνεται
1384 1624 1489 1659 γαλήνη
1509 1623 1614 1658 μεγάλη
1630 1623 1660 1648 ὲν
1679 1622 1712 1657 τῇ
1740 1619 1876 1655 Ἀνατολῇ.

1086 1671 1141 1697 Καὶ
1154 1670 1243 1698 ἄλλων
1260 1670 1308 1706 μὲν
1324 1671 1349 1696 οἱ
1367 1670 1443 1696 πόνοι
1456 1669 1504 1696 καὶ
1518 1669 1552 1696 τὰ
1566 1669 1621 1696 τῶν
1643 1668 1771 1703 πολέμων
1786 1667 1878 1701 ἀνδρα-

1084 1716 1250 1752 γαθήματα·
1267 1717 1284 1752 ἡ
1297 1716 1326 1742 δὲ
1342 1716 1389 1742 τοῦ
1414 1715 1548 1750 βασιλέως
1567 1713 1662 1749 ἀγάπη
1681 1713 1751 1749 πρὸς
1761 1713 1809 1740 τὸν
1828 1713 1878 1739 Βα-

1086 1763 1184 1790 σίλειον
1199 1762 1356 1798 ἐξεκέχυτο,
1374 1762 1421 1789 καὶ
1439 1762 1534 1789 τοῦτον
1553 1761 1633 1797 μόνον
1659 1760 1788 1796 ἐνόμιζεν
1815 1757 1878 1786 εἶναι

1085 1809 1132 1836 τὸν
1151 1809 1337 1844 θεραπεύοντα
1354 1809 1446 1836 αὐτόν.

1123 1898 1174 1932 κζ’.
1192 1899 1237 1934 Τῷ
1254 1898 1280 1932 ς’
1296 1899 1378 1926 αὑτοῦ
1395 1898 1449 1926 ἔτει
1477 1899 1565 1932 κτίζει
1582 1898 1698 1925 στάὃλον
1711 1897 1770 1923 τῶν
1793 1896 1881 1922 ἵππων

1087 1945 1181 1978 αὐτοῦ,
1196 1945 1339 1980 κοσμήσας
1356 1944 1437 1971 αὐτὸν
1451 1943 1609 1979 μαρμάροις
1623 1944 1669 1970 καὶ
1686 1943 1792 1970 ὑδάτων
1807 1942 1880 1975 ἐπιρ-

1087 1994 1162 2028 ροαῖς
1183 1990 1417 2027 παντοιοτρόπως.
1449 1990 1630 2021 Τελεσθέντος
1653 1989 1681 2016 δὲ
1711 1988 1881 2016 ὑποδεικνύει

1087 2038 1135 2074 τὴν
1150 2037 1247 2072 ἄλογον
1260 2037 1435 2071 κατασκευὴν
1449 2036 1497 2062 τοῦ
1514 2035 1605 2068 οἴκου,
1628 2035 1794 2070 βουλόμενος
1806 2035 1881 2060 ἐπαι-

1088 2085 1209 2120 νεθνῆναι,
1225 2083 1321 2120 Πέτρῳ
1336 2083 1389 2109 τιν).
1410 2082 1494 2118 λογίῳ
1513 2082 1561 2109 καὶ
1576 2081 1724 2116 σκωπτικῷ
1750 2082 1839 2116 ἀνδρὶ,
1855 2080 1882 2106 ὃν

1087 2118 1137 2160 καί
1148 2118 1198 2168 7[Ρ.
1213 2118 1287 2167 Mli
1303 2129 1493 2166 Πτωχομάχην
1511 2129 1646 2161 ἐκάλουν,
1674 2129 1720 2156 καί
1739 2137 1835 2164 φησιν,
1848 2127 1882 2157 ὡς

1092 2188 1101 2204 θ
1113 2178 1168 2204 Ἀεὶ
1182 2175 1401 2213 μνημονεύεσθαι
1415 2175 1516 2209 ὀφείλω
1523 2174 1546 2191 ⁸⁸
1555 2174 1600 2201 διὰ
1611 2174 1660 2209 τὴν
1673 2173 1721 2200 τοῦ
1732 2174 1816 2208 ἔργου
1827 2172 1883 2198 τούν

1088 2234 1135 2251 του
1148 2223 1331 2258 κατασκευήν.
1351 2231 1360 2248 ›
1379 2223 1432 2249 Καὶ
1449 2223 1463 2249 ὁ
1485 2221 1589 2256 Πέτρος
1604 2221 1644 2256 τῷ
1660 2220 1769 2256 βασιλεῖ
1787 2226 1879 2255 φησιν·

243 2267 383 2302 piternum
389 2266 442 2294 sibi
448 2266 507 2294 fore
514 2274 613 2294 nomen
621 2274 654 2294 ac
659 2267 950 2304 claritatem.667Ad
958 2277 1032 2305 quen

1099 2268 1316 2302 Ἰουστινιανὸς
1341 2263 1444 2296 ἔκτισε
1460 2268 1519 2302 τὴν
1543 2267 1690 2303 Μεγάλην
1716 2266 1883 2300 ἐκκλησίαν

244 2313 364 2339 Petrus:
383 2311 554 2339 Justinianus
585 2312 718 2348 Angustus
751 2313 879 2350 Magnam
902 2315 1039 2343 ecclesiam

244 2358 395 2392 mdiﬁcavil,
412 2367 478 2386 auro
494 2365 517 2386 ct
536 2363 646 2395 argento
659 2360 833 2396 pretiosisque
862 2362 1038 2389 marmoribus

244 2404 387 2440 magniﬁce
399 2412 532 2432 exornans
546 2413 556 2437 ,'
573 2413 619 2432 nec
629 2405 687 2440 ejus
703 2414 773 2432 nunc
782 2410 882 2442 perstat
900 2408 1037 2434 memoria.

245 2451 283 2478 Tu
298 2460 368 2485 vero,
387 2460 402 2479 ο
414 2452 570 2488 imperator,
589 2451 664 2479 clara
682 2455 706 2479 te
720 2454 849 2480 memoria
866 2453 937 2488 apud
949 2457 1037 2488 poste-

245 2506 288 2525 ros
312 2498 498 2526 celebrandum
519 2498 591 2525 ducis
605 2519 612 2530 ,
642 2499 713 2533 quod
739 2498 824 2526 locum
845 2505 991 2526 stercorant
1012 2504 1037 2525 et

245 2542 330 2578 equile
341 2543 518 2570 construxerit:
533 2543 543 2569 !
568 2543 753 2578 Iratus'ergo,
773 2549 802 2571 ut
821 2544 868 2579 qui
885 2552 933 2579 spe
948 2544 1037 2572 laudis

246 2587 366 2623 quaesita:
393 2588 541 2616 frustratus
564 2593 653 2620 esset.
673 2588 837 2617 verberibus
859 2589 1037 2625 calcibusque

246 2634 329 2661 domo
344 2635 471 2662 extrusit.

280 2681 326 2708 28.
344 2681 456 2716 Imperii
469 2681 611 2709 Michaelis
635 2689 709 2709 anno
732 2682 860 2717 septimo,
878 2684 1038 2718 percrebre-

247 2732 339 2755 secnte
363 2727 434 2754 fama
448 2727 564 2754 Bardam
586 2726 721 2755 Caesarem
737 2723 819 2755 nurui
840 2736 896 2755 sua:
911 2728 1039 2756 Eudociaz

246 2773 328 2802 foedis
350 2771 491 2801 amoribus
515 2773 698 2805 commisceri,
722 2773 887 2806 admonebat
913 2774 1041 2801 crebrius

248 2819 369 2854 lgnatius
384 2819 539 2854 patriarcha
553 2824 582 2846 ut
595 2827 610 2846 a
623 2820 696 2847 malo
717 2828 777 2848 sese
794 2821 958 2848 contineret.
975 2821 1041 2847 Bar-

1092 2317 1252 2352 κοσμήσας
1268 2315 1373 2351 χρυσῷ
1387 2317 1436 2343 καὶ
1451 2316 1570 2350 ἀργύρῳ
1589 2315 1637 2342 καὶ
1650 2314 1819 2349 μαργὰροις
1832 2321 1882 2340 πο-

1090 2365 1238 2398 λυτίμοις,
1253 2363 1302 2390 καὶ
1318 2363 1337 2398 ὴ
1348 2362 1452 2397 μνήμη
1465 2361 1560 2389 αὑτοῦ
1576 2362 1635 2388 νῦν
1658 2362 1714 2388 οὐκ
1729 2360 1814 2387 ἔστι·
1838 2358 1883 2386 και

1091 2410 1143 2442 σὺ,
1153 2409 1297 2443 βασιλεῦ,
1312 2408 1452 2444 κοπρῶνα
1468 2408 1599 2441 ποιήσας
1615 2407 1663 2434 καὶ
1679 2408 1802 2441 ἀλόγων
1817 2405 1884 2434 ἀνά-

1091 2463 1208 2483 παυσιν
1223 2455 1322 2491 λέγεις
1344 2455 1591 2490 μνημονεύεσθαι
1611 2453 1659 2480 διὰ
1683 2453 1795 2486 τοῦτο;
1815 2453 1844 2479 '0
1858 2450 1883 2476 δὶ

1091 2502 1230 2538 ὀργισθεὶς
1243 2501 1281 2533 ὡς
1298 2501 1345 2528 τοῦ
1360 2501 1472 2528 ἐπαίνου
1488 2500 1633 2536 ἀποτυχὼν
1657 2500 1829 2534 τυπτόμενον
1842 2497 1884 2524 καὶ

1093 2549 1244 2583 συρόμενον
1259 2548 1340 2575 αὑτὸν
1351 2547 1499 2583 ἐξήγαγεν.

1128 2680 1182 2715 κη’.
1197 2680 1242 2714 Τῷ
1252 2673 1280 2712 ξ’
1293 2679 1376 2706 αὐτοῦ
1391 2679 1456 2709 ἔτει.
1470 2679 1565 2714 φήμης
1578 2675 1740 2711 διαθεούςης
1761 2676 1800 2707 ὡς
1815 2676 1881 2710 Βάρ-

1092 2728 1140 2760 δας
1159 2729 1172 2754 ὁ
1184 2729 1293 2761 Καῖσαρ
1305 2729 1338 2763 τῇ
1351 2727 1445 2763 νύμφῃ
1455 2725 1538 2753 αὑτοῦ
1550 2725 1666 2760 Εὑδοκίᾳ
1676 2723 1881 2759 συμφοεὶρεται.

1093 2775 1107 2800 ὁ
1123 2773 1297 2809 πατριάρχης
1329 2773 1459 2808 Ἰγνάτιος
1488 2772 1616 2803 πολλάκις
1643 2770 1731 2805 τούτῳ
1757 2768 1891 2804 πειραινεί⁴

1094 2820 1264 2855 ἀποσχέσθαι
1279 2821 1326 2847 τοῦ
1342 2819 1438 2849 κακοῦ.
1461 2820 1490 2846 '0
1503 2819 1531 2846 δὲ
1551 2818 1588 2854 μὴ
1606 2817 1770 2853 πειθόμενος
1785 2815 1879 2851 μᾶλλοι

888 2868 1004 2896 VARle
1024 2867 1226 2896 LECTI‘JNES.

286 2912 306 2925 ⁵⁵
324 2912 458 2950 Πωγώριῖλ
495 2914 517 2929 ³⁵
534 2914 648 2948 ὀ·ι;εἱ).ιι›ν
665 2914 695 2942 Ρ.
