1999 3165
81 230 134 262 737

552 227 737 257 ANNAIES.
758 239 789 243 α
810 224 983 255 MlCHAEL
1001 224 1048 254 ET
1064 224 1284 255 THEODORA.

1668 223 1722 255 738

83 287 245 323 ερχομίνου,
263 284 444 321 καθεξόμενος
456 286 470 312 ὁ
484 285 627 320 πατρίκιος
643 284 777 320 Δαμιανδς
795 284 824 309 ὲν
840 282 878 318 τῷ

940 290 1021 309 ιοηιηι
1052 286 1230 314 transeunte,
1256 280 1405 309 Damianus
1431 280 1565 316 patricius
1591 285 1619 309 et
1642 289 1723 309 accu—

83 332 266 369 ὡρολογίῳ,ὁ
294 332 341 359 καὶ
370 331 631 367 παρακοιμώμενος,
657 331 708 357 οὐκ
736 329 878 366 ἐπηγέρθη

83 380 200 415 τιμῆσαι
219 378 311 405 αὐτόν.
335 378 364 404 '0
380 378 408 404 δὲ
436 377 572 413 Ουμωθεὶς
594 376 633 411 τῷ
652 376 759 412 βασιλεῖ
777 375 879 402 κλαίων

83 426 164 453 τοῦτο
184 424 363 460 ἀπήγγειλεν,
383 426 446 457 καὶ,
468 425 509 451 ὅτι
537 424 589 457 Εἰς
606 423 722 456 ὄνειδος
744 421 799 456 τῆς
820 421 880 455 σῆς

81 472 248 505 βασιλείας
266 472 321 498 οὐκ
335 470 484 505 ἐπηγέρθη
500 479 561 505 μοι.
584 471 612 497 '0
630 470 657 497 δὲ
671 470 796 505 βασιλεὺς
811 470 878 504 αὐτῇ

84 520 119 554 τῇ
140 517 200 558 ᾣρᾳ
219 517 337 552 ἐξορίζει
361 517 407 544 τὸν
423 515 672 551 παρακοιμώμενον
690 515 827 550 Δαμιανὺν
852 515 880 541 ἐν

85 563 124 600 τῷ
146 563 230 598 Ἀγίῳ
248 563 391 596 Μάμαντι,
408 563 456 588 καὶ
471 561 655 597 προϐάλλεται
674 561 812 587 Βασίλειον
832 560 879 586 τὸν

86 609 321 647 πρωτοστράτορα
341 608 424 635 αὑτοῦ
449 606 706 644 παρακοιμώμενον.
730 607 815 633 Τοῦτο
831 608 844 634 ὁ
857 608 879 623 δ’

88 657 199 691 Καῖσαρ
216 655 277 682 ἰδὼν
299 654 422 690 ἐλυπήθη
440 654 513 687 λίαν,
535 654 582 681 καὶ
611 653 705 689 ἐζήτει
719 654 880 681 ἀποκτεῖναι

88 703 239 730 Βασίλειον.

125 749 162 785 μ’.
182 751 227 785 Τῷ
240 748 272 776 ια’
286 749 370 776 αὑτοῦ
389 749 442 776 ἔτει
458 749 613 785 ὲχὼρισενό
630 748 756 785 βασιλεὺς
772 747 881 783 Μιχαὴλ

86 797 133 823 τὸν
150 796 290 822 Βασίλειον
309 796 358 831 τῆς
384 796 466 822 αὑτοῦ
486 796 615 830 γυναικὸς
640 795 759 831 Μαρίας,
776 795 823 822 καὶ
837 795 880 820 δέ-

86 844 175 869 δωκεν
201 841 275 878 αὐτῷ
294 844 412 876 γυναῖκα.
439 842 572 869 Εὺδοκίαν
591 843 641 878 τὴν
658 842 823 877 Ἰγγηριναν,
842 841 882 868 δι-

87 887 252 922 ορισάμενος
271 887 346 922 αὐτῷ
361 888 463 922 κυρέως
476 887 561 923 αὐτὴν
583 888 669 923 ἔχειν·
687 885 721 922 ἦν
740 888 795 923 γὰρ
812 887 881 922 αὑτὴ

87 933 135 959 τοῦ
153 933 288 968 βασιλέως
307 932 442 969 παλλακὴ,
458 933 505 960 καὶ
529 934 601 960 πάνυ
623 934 718 969 ἠγάπα
739 932 823 968 αὐτὴν
842 932 880 963 ὡς

88 979 226 1014 εὐπρεπῆ.
250 978 304 1014 Τὴν
325 978 353 1004 δὲ
370 978 508 1014 προτέραν
525 978 606 1005 αὑτοῦ
621 979 737 1012 γυναῖκα
757 978 878 1011 Μαρίαν.

88 1025 150 1057 δοὺς
168 1026 283 1060 χρυσίον
306 1026 352 1052 καὶ
370 1025 485 1052 πλοῦτον
502 1026 595 1058 πολὺν,
615 1025 775 1052 ἀπέστειλεν
791 1025 831 1055 εἰς
849 1025 884 1051 τὰ

89 1072 153 1099 ἴδια.
167 1072 273 1099 Θέκλαν
292 1072 320 1099 δὲ
334 1071 382 1106 τὴν
406 1072 474 1098 ιδίαν
495 1072 613 1108 ἀδελφὴν
637 1073 813 1107 προσήρμοσε
832 1071 884 1098 Bat-

89 1118 182 1153 σιλείῳ
197 1117 243 1144 τοῦ
257 1117 329 1153 ἔχειν
342 1117 427 1153 αὐτὴν
446 1118 528 1149 ἰδίως.
546 1117 574 1144 '0
587 1118 680 1153 μέντοι
690 1119 800 1152 Καῖσαρ
811 1118 857 1144 καὶ
870 1119 883 1144 ὁ

88 1164 223 1198 βασίλειος
236 1163 423 1190 ὑπεϐλέποντο
435 1163 580 1197 ἀλλήλους,
592 1163 737 1199 ζητοῦντες
749 1163 810 1195 πῶς
821 1163 882 1190 ἓτε-

90 1218 134 1244 ρος
146 1210 193 1236 τὸν
213 1209 306 1245 ἓτερον
322 1209 416 1244 ἀνέλῃ.
432 1210 479 1235 Διὸ
490 1210 536 1235 καὶ
549 1210 679 1245 ἐλοιδόρει
693 1209 739 1236 τὸν
756 1210 884 1245 Καίσαρα

89 1255 230 1286 Βασίλειος
243 1254 310 1290 πρὸς
320 1255 364 1280 τὸν
374 1255 487 1290 βασιλέα
496 1255 531 1286 ὡς
545 1257 606 1282 κατ’
620 1255 704 1281 αὑτοῦ
717 1255 883 1290 μελετῶντα.

94 1301 125 1328 '0
133 1301 260 1328 δὲταῦτα
272 1301 309 1333 ὡς
319 1301 402 1338 λῆρον
418 1301 526 1337 ἤκουεν.
537 1302 582 1329 Διὸ
590 1302 637 1328 καὶ
647 1302 770 1328 σπεύδων
782 1302 835 1337 πλη
841 1310 885 1336 ρο-

89 1347 209 1383 ςέορῆσαι
216 1347 262 1374 τδν
271 1347 383 1382 βασιλέα
394 1348 584 1383 συμφ;).ιοῦται
593 1348 740 1384 Συμῦατίῳ
748 1349 886 1384 πατρικίῳ

91 1395 138 1421 καὶ
150 1395 282 1431 λογοοέτῃ
292 1395 339 1421 τοῦ
348 1395 461 1431 δρόμου,
472 1395 591 1431 γαμϐρῷ
609 1396 656 1422 τοῦ
669 1396 807 1431 Καίσαρος
819 1404 825 1410 ·
839 1397 886 1422 καὶ

89 1441 123 1468 δι’
149 1442 239 1475 ὅρκων
262 1441 418 1476 βεϐαιοῦσιν
445 1441 577 1476 ἀλλήλους
598 1442 620 1458 ⁵³
647 1441 698 1477 τὴν
722 1442 762 1474 εις
785 1442 885 1473 αὐτοὺς

90 1488 231 1522 ὁμόνοιαν.
265 1488 465 1524 Ἐπληροφὸρει
494 1488 523 1514 δὲ
557 1488 713 1523 Συμϐἀτιον
747 1488 886 1519 Βασίλειος

90 1536 125 1562 δι’
148 1536 241 1570 ὅρκων
261 1534 393 1569 φρικτὼν,
417 1535 458 1561 ὅτι
479 1534 534 1562 Τοῦ
551 1535 707 1568 βασιλέως
725 1534 827 1561 πολλὰ
850 1542 887 1561 σε

91 1581 274 1616 ἀγαπῶντος
305 1581 450 1613 ,βούλεται
479 1583 614 1616 Καίσαρα
646 1581 885 1615 προϐάλλεσθαι,

931 329 1040 356 1)11οΓ111
1057 328 1202 364 liorologio
1213 328 1313 355 sedens
1329 327 1367 355 illi
1381 326 1496 355 honoris
1511 334 1594 355 causa
1609 328 1723 355 minime

919 375 1092 407 ,assurrexit.
1118 375 1157 402 Ea
1185 382 1215 402 re
1240 374 1285 402 ille
1307 378 1487 408 exasperatus
1511 373 1609 409 lugens
1636 374 1725 408 impe-

930 421 1014 447 ratori
1036 420 1131 453 refert,
1154 420 1237 456 idque
1264 421 1357 448 animo
1375 421 1539 455 cogitantem
1558 420 1596 447 ait
1613 428 1668 451 non
1683 428 1726 448 as-
1756 420 1768 446 ΐ

930 468 1093 501 surrexisse,
1107 473 1135 495 ut
1155 469 1256 504 regiam
1270 469 1354 504 ipsum
1370 468 1645 503 majestateminjuria
1660 475 1723 502 pro-
1741 467 1769 514 Ei

930 483 1093 501 διιιιιιλιδδυ,
1108 483 1134 495 ιιι
1155 483 1256 504 lcglurn
1271 483 1354 504 ιμοιιιη
1370 483 1535 502 ιηιυιῡιμιιςιιι
1543 483 1611 503 lﬂjul
1619 483 1645 494 lu
1661 483 1723 502 μιυ-
1741 486 1757 514 Ε

930 513 1027 547 ὒνοᾳιιε
1050 514 1172 541 violaret.
1200 513 1258 541 Hoc
1279 514 1375 541 audito
1400 513 1566 548 imperator,
1594 513 1727 540 Damiano
1749 483 1773 545 ’ἃ

931 561 964 588 ad
995 561 1023 589 S.
1047 561 1192 589 Mamantis
1215 562 1358 596 ablegato,
1388 561 1519 589 Basilium
1543 563 1726 595 protostrato—

931 615 989 634 rem
1016 607 1206 635 accubitorem
1237 607 1362 642 praiiieit.
1387 608 1489 635 Videns
1520 611 1612 634 autem
1637 606 1727 634 Caesar

932 661 990 680 rem
1005 653 1199 681 molestissime
1215 652 1323 685 habuit.
1337 661 1489 688 necemque
1506 653 1608 680 Basilio
1625 651 1729 679 machi-

930 701 1059 728 nabatur.

966 747 1012 774 40.
1037 746 1117 774 Almo
1135 747 1195 782 ejus
1218 746 1325 782 imperii
1347 745 1493 773 undecimo
1517 745 1632 773 Michael
1656 745 1729 772 Basi-

931 791 998 818 lium
1023 792 1096 826 cogit
1117 792 1181 818 dato
1205 792 1299 818 libello
1325 791 1432 826 repudii
1454 790 1566 818 Mariam
1585 790 1728 825 conjugem

932 837 1084 870 dimittere,
1101 838 1202 864 tradita
1220 837 1245 864 ei
1262 844 1348 864 uxore
1372 835 1493 863 Eudocia
1510 836 1655 870 lngerina;
1668 836 1729 871 jus-

933 891 1049 919 sumque
1077 884 1115 911 illi
1139 888 1169 911 ut
1190 889 1251 910 rato
1276 891 1336 911 eam
1360 883 1489 918 conjugio
1514 883 1640 909 haberet.
1663 882 1730 909 Erat

934 929 1006 956 enim
1033 929 1108 956 illius
1130 929 1295 960 concubina,
1314 935 1396 963 quam
1421 934 1528 954 summe
1550 927 1682 961 diligebat
1696 934 1730 953 eo

935 975 1007 1010 quod
1026 975 1114 1002 forma
1130 975 1324 1003 venustissima
1339 979 1422 1003 esset.
1444 974 1565 1002 Priorem
1585 980 1650 1000 vero
1668 981 1731 1000 uxo-

935 1030 992 1049 rem
1011 1022 1123 1049 Mariam
1147 1030 1215 1049 auro
1235 1022 1352 1057 aliisque
1365 1021 1470 1048 divitiis
1484 1021 1612 1048 donatam
1628 1019 1661 1046 ad
1682 1027 1730 1046 sua

935 1069 1052 1096 remisit.
1080 1069 1210 1096 Theclam
1239 1073 1331 1095 autem
1364 1075 1488 1094 sororem
1519 1074 1597 1094 Suam
1630 1065 1731 1093 Basilio

935 1114 1100 1150 despondit,
1130 1118 1161 1141 ut
1191 1114 1321 1149 privatim
1350 1121 1410 1140 eam
1441 1113 1566 1140 haberet.
1593 1110 1731 1138 Caeterum

935 1161 1025 1188 Cmsar
1045 1165 1073 1187 et
1085 1161 1202 1188 Basilius
1214 1160 1268 1187 sibi
1291 1156 1386 1187 mutuo
1404 1158 1523 1194 suspecti
1539 1161 1630 1189 erant,
1649 1160 1732 1191 atque

936 1208 1006 1235 alter
1031 1207 1149 1234 alterum
1183 1207 1280 1234 tollere
1309 1205 1479 1240 quaarebant.
1513 1204 1580 1231 Eam
1607 1203 1642 1231 ob
1673 1210 1732 1230 rem

936 1253 1054 1281 Basilius
1079 1253 1152 1288 apud
1180 1252 1376 1287 imperatorem
1402 1251 1559 1286 expostulat
1585 1248 1676 1276 moliri
1703 1249 1733 1276 in

935 1307 999 1328 eum
1021 1299 1167 1327 Caesarem.
1186 1299 1288 1326 Verum
1314 1299 1372 1326 lucc
1393 1298 1438 1325 ille
1463 1301 1495 1324 ut
1516 1296 1613 1323 deliria
1635 1295 1733 1323 audie-

936 1346 993 1373 bat.
1019 1346 1204 1379 Quamobrem
1221 1346 1305 1381 676
1323 1345 1405 1373 etiam
1431 1344 1550 1371 Basilius
1572 1342 1654 1370 ﬁdem
1680 1341 1733 1368 im-

936 1392 1056 1427 peratori
1082 1391 1206 1418 facturus
1233 1390 1369 1418 amicitias
1389 1389 1480 1425 jungit
1503 1396 1565 1416 cum
1592 1387 1735 1423 Symbatio

937 1438 1055 1473 patricio
1084 1445 1116 1464 ac
1134 1436 1223 1464 dromi
1239 1437 1390 1472 logotheta,
1414 1434 1530 1462 Cwsaris
1551 1440 1670 1469 genero;
1686 1433 1733 1468 ju-

937 1489 1082 1518 ratamque
1107 1483 1177 1511 alter
1198 1483 1277 1510 alteri
1297 1481 1476 1510 concordiam
1498 1480 1618 1507 ﬁrmant.
1635 1479 1734 1506 Aiebat

939 1531 1057 1558 Basilius
1072 1529 1275 1565 horrendisque
1299 1527 1463 1564 juramentis
1483 1525 1643 1554 adstruehat
1658 1524 1734 1559 diligi

940 1585 999 1604 eum
1017 1576 1163 1612 plurimum
1191 1576 1223 1603 ab
1246 1576 1418 1610 imperatore.
1446 1581 1477 1600 ac
1507 1571 1573 1599 velle
1601 1570 1735 1599 Caesarem

89 1629 172 1655 ἀλλὰ
191 1628 241 1655 διὰ
255 1628 308 1654 τὴν
327 1627 474 1662 πενθερόν
489 1637 548 1655 σου
570 1628 658 1655 τοῦτο
673 1627 797 1662 ποιῆσαι
812 1627 884 1654 ἀδυ-

940 1622 1096 1657 proveltere,
1133 1629 1181 1647 nec
1208 1625 1298 1647 tamen
1331 1623 1438 1654 propter
1470 1619 1527 1652 ejus
1558 1624 1677 1644 socerum
1707 1615 1735 1641 iri

91 1674 188 1702 νατεῖ.
209 1670 253 1701 Ἐν
270 1674 377 1707 τούτοις
400 1675 550 1709 ἀπατηθεὶς
575 1676 588 1701 ὀ
614 1675 769 1710 Συμόάτιος
791 1675 889 1709 γέγονε

91 1721 164 1748 κατὰ
194 1719 243 1747 τοῦ
277 1721 416 1756 Καίσαρος
447 1721 538 1756 Βάρδα
561 1721 608 1747 τοῦ
640 1721 706 1747 laico
735 1721 889 1755 πενθεροῦ,

91 1768 141 1794 καὶ
166 1767 298 1794 εἰσελθὼν
329 1768 372 1799 εἰς
403 1767 450 1794 τὸν
487 1767 600 1803 βασιλέα
631 1767 790 1802 ἐξωμόσατο
821 1768 889 1803 πλη-

92 1814 257 1849 ροφορήσας
291 1814 374 1840 αὐτόν
404 1822 478 1845 πως·
502 1814 532 1840 '0
545 1814 661 1848 Καῖσαρ
677 1814 826 1847 ,ϐούλεται
842 1823 889 1845 σε.

91 1861 190 1896 φησιν,
213 1860 347 1893 ἀνελεῖν,
379 1859 495 1892 ἐξειπὼν
518 1862 565 1887 καὶ
587 1861 621 1888 τὰ
647 1862 697 1895 τῆς
728 1860 837 1896 βουλῆς.
862 1861 890 1888 '0

90 1909 122 1935 δὲ
133 1909 264 1944 βασιλεὺς
277 1909 334 1940 τοῖς
347 1909 440 1944 ὅρκοις
459 1908 614 1943 Συμῆατίου
630 1909 753 1941 πεισθεὶς
768 1910 816 1935 καὶ
833 1910 891 1940 τοῖς

91 1957 189 1990 λόγοις
217 1955 360 1982 Βασιλεὶου
385 1955 548 1990 βεϐαιωθεὶς
573 1955 717 1991 ὲνδομύχει
747 1955 819 1982 κατὰ
842 1955 890 1982 τοῦ

93 2002 249 2036 Καίσαρος.
281 2002 310 2028 '0
338 2001 367 2027 δὲ
400 2001 540 2032 Βασίλειος
564 2001 654 2029 πάντα
687 2001 891 2036 σκευασάμενος

95 2048 170 2074 κατὰ
187 2047 235 2074 τοῦ
252 2047 403 2082 Καίσαρος,
422 2048 451 2074 ὲν
471 2048 499 2074 δὲ
523 2049 556 2083 τῇ
583 2047 659 2074 πόλει
680 2047 764 2082 μηδὲν
780 2048 891 2082 ποιῆσαι

92 2095 257 2129 δυνάμενος,
283 2093 372 2120 πείθει
386 2094 432 2120 τὸν
446 2093 558 2129 βασιλέα
581 2093 691 2129 κινῆσαι
706 2093 801 2120 στόλον
820 2094 891 2121 κατὰ

92 2143 146 2178 τῆς
165 2142 289 2178 Κρήτης.
307 2141 361 2168 Καὶ
371 2141 467 2168 τούτου
481 2141 625 2177 γινομένου
637 2141 712 2168 Λέων
723 2141 737 2167 ὁ
748 2140 893 2175 φιλόσοφος

95 2188 190 2223 Βάρδα
207 2188 336 2223 Καίσαρα
357 2189 381 2204 ⁵⁸
403 2188 521 2223 παρῄνει
540 2187 753 2214 ὑποστέλλεσθαι
769 2186 812 2223 [1³.
828 2186 892 2222 447]

94 2236 144 2263 καὶ
160 2236 305 2270 συντηρεῖν
321 2235 417 2261 ἑαυτὸν
432 2235 485 2261 ἀπὸ
510 2234 660 2262 Βασιλείου.
683 2235 711 2261 '0
728 2234 756 2261 δὲ
783 2235 892 2269 Καῖσαρ

93 2282 144 2309 τὶν
169 2281 284 2317 βασιλέα
314 2282 482 2315 ἐπεφωνείτο
496 2280 635 2316 φείδεσθαι
661 2280 708 2307 τοῦ
737 2280 889 2307 Βασιλειου.

101 2327 183 2353 Ἐπεὶ
199 2326 228 2353 δὲ
245 2326 406 2362 προέλευσις
422 2325 469 2351 τοῦ
488 2323 694 2360 Εὑαγγελισμοῦ
707 2324 736 2350 ὲν
751 2326 806 2355 τοῖς
818 2323 892 2350 Χαλ-

94 2375 274 2410 κοπρατείοις
287 2374 414 2404 ἐτελεῖτο,
434 2372 602 2407 Εὑαγγελιου
619 2370 791 2402 τελεσθέντος
808 2371 890 2406 ἀνῆλ-

95 2421 145 2448 θεν
163 2421 178 2447 ὅ
193 2429 222 2447 τε
235 2420 412 2455 πατριάρχης
425 2418 526 2450 (Mitto;
541 2417 590 2444 καὶ
606 2418 620 2444 ὁ
635 2416 765 2452 βασιλεὺς
785 2417 834 2443 σὺν
855 2415 892 2451 τῷ

96 2467 223 2502 Καίσαρι
236 2465 285 2492 καὶ
300 2465 434 2500 Βασιλείῳ
450 2463 693 2499 παρακοιμωμένῳ
706 2463 734 2489 ἐν
751 2463 807 2494 τοῖς
821 2463 895 2488 Κατ-

94 2513 277 2549 ηχουμένοις·
296 2513 342 2539 καὶ
362 2511 410 2538 τοῦ
424 2511 593 2547 πατριάρχου
611 2510 658 2536 ἐπὶ
673 2510 766 2544 χεῖρας
786 2508 894 2544 ἔχοντος

95 2560 128 2586 τὴ
142 2559 234 2594 τίμιον
254 2559 334 2593 σῶμα
359 2558 407 2585 καὶ
423 2555 493 2593 αἷμα
517 2557 565 2584 τοῦ
583 2556 686 2592 Κυρεου
708 2556 787 2590 ἡμῶν
805 2555 893 2591 Ἰησοῦ

95 2604 230 2640 Χριστοῦ,
255 2604 392 2639 βάψαντες
419 2604 432 2629 ὃ
447 2612 477 2629 τε
496 2602 622 2638 βασιλεὺς
647 2601 693 2628 καὶ
715 2602 729 2628 ὁ
754 2601 895 2632 Βασίλειος

95 2652 162 2682 τοὺς
182 2651 290 2686 τιμίους
316 2648 478 2685 ὑπέγραψαν
503 2648 653 2683 σταυροὺς.
683 2647 758 2683 ὅρκῳ
781 2646 896 2681 βεϐαιώ-

97 2707 197 2729 σαντες
217 2699 262 2724 τὺν
280 2697 409 2732 Καίσαρα
427 2696 535 2730 ἀφόϐως
551 2695 688 2721 συνελθεῖν
704 2694 796 2725 αὐτοῖς
813 2694 841 2720 ὲν
855 2693 894 2728 τῷ

95 2744 236 2780 meum.
258 2744 288 2771 '0
306 2744 335 2770 δὲ
353 2743 498 2778 φιλόσοφος
512 2742 586 2769 Λέων
603 2741 729 2776 φανερῶς
744 2740 894 2775 παρηγγύα

96 2789 136 2824 τῷ
153 2789 247 2824 Βάρδᾳ
272 2788 309 2823 μὴ
331 2787 449 2820 ἐξελθεῖν
476 2787 524 2813 σὺν
541 2787 643 2818 αὐτοῖς,
669 2786 841 2822 ἐξερχομένῳ
864 2786 893 2813 δὲ

98 2834 193 2869 ῐλεγεν
209 2834 246 2869 μὴ
259 2833 452 2869 ὑποστρέφειν.

941 1675 1016 1702 posse
1032 1671 1180 1703 pratstare.-
1194 1666 1242 1693 llis
1266 1665 1402 1700 deceptus
1426 1662 1584 1699 Symbatius
1603 1661 1737 1688 adversus

941 1713 1060 1740 Bardam
1077 1713 1212 1740 Carsarcm
1226 1718 1353 1739 socerum
1373 1717 1454 1737 suum
1468 1708 1612 1744 conjurat;
1632 1706 1737 1741 ingres-

941 1767 1044 1794 susque
1059 1759 1093 1786 ad
1109 1760 1318 1794 imperatorem,
1334 1755 1518 1791 jurejurando
1538 1753 1604 1782 velle
1617 1752 1737 1780 Bardam

942 1806 1076 1833 Cwsarcm
1087 1813 1146 1832 eum
1161 1805 1310 1839 interﬁcere
1320 1803 1447 1834 allirmat,
1461 1801 1534 1837 ipsas
1542 1807 1653 1835 quoque
1669 1798 1737 1825 insi-

943 1853 1003 1880 dias
1024 1860 1151 1880 narrans.
1173 1851 1326 1886 lmperator
1341 1847 1475 1884 Symbatii
1497 1845 1662 1882 juramcntis
1677 1851 1739 1871 cre-

941 1900 1038 1931 dulus.
1060 1907 1092 1926 ac
1113 1898 1208 1926 Basilii
1233 1896 1326 1924 verbis
1348 1901 1513 1930 persuasus,
1546 1892 1621 1919 intus
1644 1890 1738 1918 animo

942 1947 969 1975 in
997 1947 1134 1984 Czesarem
1171 1943 1286 1971 insidias
1314 1941 1465 1970 condebat.
1503 1938 1621 1966 Basilius
1644 1941 1738 1965 autem

941 2001 1003 2028 quae
1027 1997 1106 2019 erant
1129 1990 1270 2026 perdendo
1290 1987 1403 2020 Caesari,
1427 1989 1526 2014 cuncta
1551 1985 1737 2015 instruxerat,

942 2046 1061 2073 eumque
1080 2046 1137 2065 rem
1161 2037 1188 2063 in
1206 2036 1272 2062 urbe
1295 2038 1425 2069 prmstare
1445 2039 1500 2058 non
1517 2034 1620 2066 posset,
1642 2033 1738 2056 auctor

942 2090 984 2112 cst
1002 2083 1171 2120 imperatori,
1186 2086 1216 2109 ut
1232 2082 1347 2108 classem
1364 2079 1496 2106 adversus
1507 2077 1654 2105 Cretenses
1671 2074 1739 2102 edu-

943 2135 997 2158 cat.
1018 2130 1079 2157 llrcc
1095 2137 1157 2157 cum
1175 2131 1339 2163 gererentur
1353 2125 1447 2160 sicque
1473 2131 1517 2150 res
1541 2123 1569 2149 in
1595 2120 1738 2156 procinctu

942 2181 1027 2208 esset,
1051 2176 1107 2203 Leo
1134 2174 1319 2210 philosophus
1344 2171 1460 2199 Bardam
1484 2169 1619 2197 Caesarem
1645 2167 1740 2194 admo-

943 2225 1027 2252 ncbat
1044 2227 1076 2250 ut
1096 2230 1125 2250 se
1142 2221 1311 2249 subduceret
1329 2219 1437 2253 sibique
1457 2225 1472 2244 a
1492 2215 1593 2243 Basilio
1608 2218 1737 2240 caveret:

944 2271 1035 2299 Cmsar
1060 2277 1127 2297 vero
1150 2268 1348 2303 imperatorem
1373 2266 1400 2292 in
1424 2263 1555 2291 Basiliam
1579 2260 1740 2296 proniorem

904 2303 932 2334 D
944 2325 1006 2346 esse
1024 2315 1220 2352 respondebat.
1237 2313 1315 2347 Quod
1338 2316 1431 2340 autem
1452 2315 1598 2345 processus
1614 2306 1669 2334 diei
1692 2313 1742 2332 an-

944 2364 1129 2393 nuntiationis
1153 2363 1181 2390 in
1208 2358 1422 2395 Chalcopratzeis
1445 2355 1641 2392 peragebatur,
1668 2353 1742 2380 lecto

944 2411 1094 2447 Evangelia.
1115 2407 1240 2437 ascendit
1259 2405 1374 2435 Photius
1396 2402 1574 2439 patriarcha,
1603 2403 1631 2428 et
1654 2399 1742 2447 impe-

946 2444 1034 2486 rator'
1046 2464 1108 2485 cum
1133 2456 1242 2483 Caesare
1263 2458 1291 2480 et
1318 2451 1420 2479 Basilio
1448 2447 1608 2476 accubitore
1636 2445 1669 2472 ad
1690 2444 1742 2471 Ca-

945 2505 1132 2536 techumena;
1167 2505 1335 2535 tenenteque
1367 2496 1524 2534 patriarcha
1555 2494 1582 2520 in
1614 2491 1743 2519 manibus

947 2551 1099 2588 pretiosum
1129 2556 1232 2584 corpus
1264 2551 1292 2575 et
1325 2544 1488 2580 sanguinem
1515 2539 1625 2569 Domini
1652 2536 1741 2565 nostri

947 2586 1012 2627 :lesu
1045 2596 1164 2629 Christi,
1201 2595 1368 2629 intingentes
1396 2592 1546 2626 imperator
1574 2586 1679 2622 pariter
1709 2591 1742 2611 ac

947 2645 1030 2681 677
1056 2643 1174 2672 Basilius
1192 2640 1365 2669 venerandae
1379 2645 1476 2666 cruces
1497 2635 1742 2669 subscripserunt.

944 2679 1127 2729 jurejurando
1144 2689 1245 2718 ϐᾶσαι-1
1270 2687 1353 2715 ﬁdem
1371 2684 1586 2719 obstringentes,
1606 2679 1695 2708 omnis
1712 2682 1743 2729 ut

947 2744 1038 2767 metus
1057 2745 1175 2766 securus
1194 2743 1255 2764 eam
1278 2741 1340 2762 cum
1359 2732 1414 2761 illis
1427 2729 1631 2766 expeditionem
1653 2732 1741 2752 suscu~

945 2790 1035 2822 peret.
1056 2784 1114 2813 Leo
1138 2788 1230 2811 autem
1252 2780 1435 2817 philosophus
1453 2777 1568 2805 Bardam
1582 2773 1671 2809 palam
1682 2778 1742 2797 mo-

946 2833 1029 2861 nebat
1051 2839 1086 2859 ne
1099 2838 1163 2859 cum
1179 2829 1234 2857 illis
1246 2827 1429 2864 egrederetur
1443 2833 1451 2852 :
1467 2823 1511 2852 sin
1525 2822 1627 2852 minus,
1649 2824 1742 2846 rever-

948 2886 1044 2907 surum
1057 2885 1112 2904 non
1122 2883 1193 2904 esse.

758 2923 875 2950 VARIIE
895 2926 960 2953 LEC
968 2924 1044 2954 “ON
1050 2924 1101 2952 ES.

138 2973 162 2990 "
170 2974 185 3000 ὁ
203 2981 259 3001 om.
283 2973 312 3002 P.

353 2973 374 2989 ⁵³
387 2972 531 3009 ἁλλήλοιςῖ
569 2973 591 2989 ⁵³
606 2972 696 3009 Βάρδᾳ
713 2972 751 3008 τῷ
769 2973 889 3010 Καίσαρι
902 2973 914 3000 ‘I
