1999 3165
127 207 180 238 777

688 206 871 237 ANNALES.
892 219 925 224 —
945 203 1186 236 ALEXANDER.

1702 204 1757 236 778

134 267 250 302 Ἱμέριος
266 267 312 293 καὶ
329 265 406 300 μόλις
420 263 546 298 διεσώθη,
559 264 669 290 πάντων
681 264 739 290 ἐκεῖ
753 263 845 298 σχεδὸν
859 271 916 289 κιν-

976 262 1031 289 vita:
1045 262 1198 297 periculum
1213 261 1340 288 adductis
1357 261 1401 288 vix
1417 261 1474 296 ipse
1493 261 1638 288 incolumis
1655 263 1754 290 evasit.

127 313 324 341 δυνευσάντων.
334 311 412 338 Μετὰ
421 311 500 337 τοῦτο
515 311 591 337 Λέων
605 311 619 336 ὀ
633 309 760 345 βασιλεὺς
773 311 846 337 νοσεῖ
861 318 918 336 κοιι

128 358 217 394 λιακῷ
243 358 386 393 νοσήματι.
411 357 508 391 Γέγονε
538 356 567 383 δὲ.
591 356 637 383 καὶ
651 355 817 391 ἐμπρησμὸς
832 357 872 387 εἰς
885 356 919 382 τὰ

116 405 298 440 ικηρουλάρια
323 404 372 438 τῆς
400 403 531 438 Μεγάλης
557 403 715 438 ἐκκλησίας,
732 403 780 429 καὶ
797 402 919 436 ὲκάησαν

129 452 162 478 τά
179 450 344 486 χαρτοθὲσια
377 450 465 476 πάντα
483 449 530 476 καὶ
548 450 565 484 ὴ
582 449 710 484 σακέλλη.
727 449 767 484 Τῇ
780 449 808 475 δὲ
822 448 857 475 ια’
873 448 918 475 τοῦ

128 497 218 524 Μαΐου
236 495 321 531 μηνὸς
335 494 449 530 τελευτᾷ
463 495 538 521 Λέων
555 495 568 520 ό
586 494 726 529 βασιλεὺς,
743 493 921 529 προχειρισά-

131 551 212 577 μενος
237 541 411 577 Ἀλέξανδρον
424 541 471 567 τὸν
495 540 579 567 αὑτοῦ
603 533 716 574 ἁδελφδν
742 540 874 574 βασιλέα²
891 539 920 566 ὃν

131 587 205 619 ἰδὼν,
221 587 260 619 ῶς
280 595 371 621 φασιν,
388 587 580 622 εἰσερχόμενον
596 586 664 621 πρὸς
680 586 760 625 αὐτόν
774 586 825 621 ἔφη
837 594 844 601 ο
861 585 921 612 Ἴδε

130 636 181 663 καὶ
200 637 217 663 ὁ
227 636 319 668 κακὸς
336 635 439 669 καιρὸς
452 635 526 669 μετὰ
537 633 570 669 47"
584 633 698 669 μηνῶν,
721 634 805 660 πολλὰ
816 633 920 669 δεηθεὶς

131 681 214 708 αὑτοῦ
232 681 375 715 φυλάττειν
390 681 435 707 τὸν
450 681 508 708 υίδν
519 680 601 707 αὐτοῦ
618 681 833 707 Κωνσταντῖνον.

137 760 289 794 Ῥωμαίων
303 760 454 792 ,βασιλεὺς
478 759 674 793 Ἀλέξανδρος
687 759 748 786 σὺν
762 761 922 794 Κωνστᾳν-

160 793 232 830 τίνῳ
243 794 284 828 τῷ
297 795 570 830 Πορφιιοογεννήτῳ
593 796 660 828 ἔτος
673 794 698 820 α’
714 794 827 829 ἡμέρας
841 793 905 828 uel;

167 852 209 889 [P.
230 851 294 888 ΓΗ]
312 852 422 887 Κόσμον
438 852 496 884 ἔτος
512 851 592 888 ¹ςυζ¹,
604 852 652 887 τῆς
666 851 741 883 θείας
759 851 923 887 σαρκώσεως

130 898 190 932 ἒξ,
213 898 355 933 Ῥωμαίων
371 898 499 934 βασιλεὺς
519 898 693 933 Ἀλέξανδρος
715 897 764 924 σὺν
777 898 922 924 Κωνσταν-

972 308 1075 335 Exinde
1089 307 1145 335 Leo
1156 307 1269 335 coeliaco
1282 308 1379 334 morbo
1392 307 1519 334 laborare
1531 307 1624 342 coepit.
1637 307 1758 344 Contigit

971 362 1038 381 vero
1050 354 1210 381 incendium
1228 354 1255 380 in
1275 354 1378 389 Magna:
1394 354 1517 381 ecclesiae
1531 354 1690 387 Cerulariis,
1705 362 1760 389 quo

970 401 1114 428 combusta
1135 401 1293 428 chartarum
1315 401 1433 428 armaria
1456 400 1548 427 omnia
1568 405 1596 428 ct
1616 401 1757 428 sacellum.

971 448 1035 474 Maii
1051 452 1142 475 autem
1167 447 1210 475 die
1230 447 1377 475 undecima
1397 447 1515 473 moritur
1528 446 1584 473 Leo
1598 446 1759 482 imperator,

971 492 1126 520 Alexandro
1144 493 1231 520 fratre
1254 492 1397 526 designato
1415 492 1601 526 imperatore;
1623 499 1679 527 quo
1700 491 1761 518 viso

971 539 1004 566 ad
1022 547 1051 566 se
1063 540 1190 567 veniente
1201 539 1304 566 dixisse
1317 539 1405 566 fertur
1421 547 1428 565 :
1445 538 1483 566 En
1501 542 1524 564 et
1537 542 1640 573 tempus
1660 539 1761 566 malum

972 589 1029 620 post
1058 586 1181 612 tredecim
1206 593 1323 616 menses.
1345 585 1462 612 multum
1495 592 1595 620 rogans
1622 589 1651 611 ut
1666 584 1755 612 lilium

973 638 1052 658 suum
1069 630 1281 658 Constantinum
1295 634 1430 658 servaret.

972 759 1155 787 Romanorum
1176 760 1322 793 imperator
1337 759 1487 786 Alexander
1501 767 1559 786 cum
1585 758 1762 786 Constantino

1080 795 1331 831 Porplxyrogenneto
1344 803 1444 822 annum
1460 795 1474 822 Ι
1495 795 1550 822 dies
1567 803 1638 822 nix.

1007 851 1105 879 Mundi
1123 859 1213 879 anuus
1241 851 1309 879 6407
1323 871 1331 883 ,
1354 851 1454 878 divina:
1476 851 1675 879 incarnationis
1698 851 1762 883 907,

974 897 1123 932 imperator
1145 897 1299 924 Alexander
1323 905 1386 924 cum
1409 897 1591 924 Constantino
1606 898 1764 933 Porpher-

130 946 194 979 τίνῳ
206 946 456 980 Πορφυρογεννήτῳ
465 945 515 980 υἱῷ
527 945 651 976 Λέοντος,
666 944 789 970 ἐνιαυτὸν
806 946 830 970 α’
851 943 920 978 ἡμέ-

976 948 1091 978 genneto
1103 942 1205 970 Leonis
1219 943 1288 974 lilio.
1307 950 1409 970 annum
1425 943 1437 970 1
1453 943 1513 970 dies
1526 943 1571 969 29.
1596 943 1654 970 Mox
1671 943 1764 978 itaque

131 998 180 1024 ρας
193 989 245 1016 κθ’.
264 991 292 1017 ’0
307 988 353 1017 οὖν
375 990 548 1025 Ἀλέξανδρος
563 990 727 1020 ἀποστείλας
740 989 820 1020 εὐθὺς
834 989 922 1023 ἤγαγε

130 1035 265 1062 Νικόλαον
293 1037 325 1062 ὲκ
349 1036 535 1071 Γαλακρηνῶν
567 1036 614 1062 καὶ
644 1036 813 1071 ὶνεθρόνισεν
831 1035 921 1068 αὑτὸν,

131 1080 299 1115 καταγαγὼν
314 1081 460 1116 Εὑθύμιον,
474 1081 504 1107 ὂν
521 1081 568 1108 καὶ
580 1081 619 1113 είς
630 1081 677 1107 τοῦ
705 1080 819 1114 Ἀγαθοῦ
836 1080 924 1115 ἐξορί-

131 1135 181 1158 σας
202 1126 261 1161 μετ’
277 1126 371 1159 ὀλίγας
384 1126 491 1161 ἡμέρας
504 1127 543 1157 εὶς
557 1126 725 1162 Μαγναῦραν
740 1127 867 1161 ἦνεγκεν,
877 1126 924 1152 καὶ

131 1172 268 1198 σελέντιον
282 1173 330 1199 καὶ
360 1172 468 1199 σύνοδον
494 1173 553 1198 ἐκεῖ
564 1174 690 1207 ποιήσας,
703 1172 754 1207 τὴν
765 1172 924 1207 καθαίρεσιν

129 1216 214 1244 αὐτοῦ
238 1217 372 1250 ποιοῦσιν,
396 1218 502 1252 ἀτίμως
521 1217 655 1249 τίλλοντες
671 1217 718 1244 τοῦ
745 1216 925 1253 ίεροπρεποῡς

129 1264 179 1291 καὶ
206 1263 372 1298 ἀξιαγάστου
396 1264 500 1290 ἐκείνου
527 1263 623 1298 ἀνδρὸς
649 1263 698 1300 τὴν
724 1263 861 1297 γενειάδα,
878 1264 925 1290 καὶ

129 1310 214 1341 ἄλλας
228 1310 304 1342 τινὰς
317 1309 410 1345 ὕϐρεις
421 1310 468 1336 καὶ
484 1310 580 1342 ποινὰς
598 1309 672 1344 αὐτῷ
689 1309 876 1344 ἐπιφέροντες,
892 1309 924 1341 ἃς

130 1356 242 1391 ἡσύχως
265 1356 311 1382 καὶ
327 1356 422 1391 πράως
441 1356 455 1382 ὁ
476 1357 547 1390 ίερδς
564 1357 666 1391 ποιμὴν
689 1353 767 1388 οὗτος
783 1356 923 1391 ὑπέμεινε.

130 1402 187 1429 Καὶ
200 1402 282 1428 πάλιν
294 1402 423 1436 ἐπέμφθη
435 1403 474 1433 είς
485 1401 532 1428 τοῦ
552 1402 681 1436 Ἀγαθοῦ,
696 1402 760 1429 ἔνθα
773 1403 820 1429 καὶ
833 1403 926 1429 τελευ-

130 1448 218 1483 τήσας
245 1448 419 1475 κατατίθεται
447 1449 476 1475 ἐν
491 1450 525 1484 τῇ
539 1448 621 1475 αὐτοῦ
651 1450 717 1485 μονῇ
733 1450 761 1475 ὲν
775 1448 862 1480 πόλει,
881 1450 925 1481 είς

131 1495 167 1522 τὰ
180 1496 340 1531 Ψαμαθίου.
356 1495 401 1532 Τῷ
418 1496 445 1522 δὲ
458 1496 582 1531 κληρικῷ
596 1496 634 1531 τῷ
649 1496 753 1523 τίλαντι
767 1496 816 1528 τὰς
828 1497 925 1532 τρίχας

131 1542 180 1569 τοῦ
196 1543 367 1578 πατριάρχου
384 1543 482 1580 συνέϐη
504 1543 584 1575 εὐθὺς
596 1544 626 1570 ὲν
641 1543 681 1579 τῷ
693 1544 861 1579 ἐξορίζεσθαι
879 1544 924 1570 τὴν

131 1589 221 1622 ἅγιον,
244 1589 312 1624 αὐτῇ
343 1590 375 1625 τῇ
402 1589 481 1625 ὥρᾳ,
504 1589 691 1625 πυρίκαυστον
723 1590 850 1624 γενέσθαι
875 1589 924 1624 τὴν

131 1634 222 1661 οἰκίαν
234 1635 316 1661 αὑτοῦ
329 1636 358 1668 ἐξ
372 1636 489 1670 ἀοράτου
503 1635 601 1671 πυρός.
619 1636 651 1662 Ἥ
664 1636 693 1662 δὲ
705 1634 829 1671 θυγάτηρ
841 1635 922 1662 αὐτοῦ

131 1681 261 1708 παντελεῖ
278 1681 408 1716 ἐπιληψίᾳ
419 1682 570 1717 ἐκρατήθη,
590 1683 627 1717 μή
641 1682 780 1717 δυναμένη
801 1683 880 1717 χεῖρα
907 1682 924 1717 ἢ

132 1727 222 1761 στόμα
246 1727 262 1762 ἢ
287 1727 351 1754 ἄλλο
365 1727 396 1753 τὸ
412 1727 435 1743 ⁵⁸
462 1727 566 1756 οίονοῦν
585 1728 666 1763 μέρος
685 1729 771 1755 κινεῖν
799 1728 814 1763 ἢ
833 1727 924 1763 φωνὴν

131 1773 259 1807 ἀφιέναι·
272 1773 333 1808 ἥτις
350 1774 398 1801 καὶ
415 1773 546 1809 κλινήρης
569 1772 636 1801 οὖσα
657 1775 706 1801 καὶ
725 1775 869 1810 προσαῖτις
885 1774 925 1801 δι-

131 1819 251 1854 ήρκεσεν
277 1819 358 1854 μέχρι
383 1819 542 1855 Νικηφόρον
569 1818 703 1854 βασιλέως
729 1818 776 1845 τοῦ
791 1818 923 1854 Nam/:05.

138 1864 170 1892 '0
196 1865 224 1892 δὲ
249 1864 376 1900 βασιλεὺς
394 1866 570 1902 Ἀλέξανδρος
585 1867 668 1902 μηδὲν
693 1865 831 1901 βασιλικὸν
844 1866 924 1901 ἔργον

131 1911 282 1947 δυνάμενος
299 1912 422 1947 ποιῆσαι,
441 1914 498 1944 τοῖς
523 1912 696 1946 κυνηγεσίοις
710 1911 758 1938 καὶ
770 1913 825 1944 τοϊς
843 1920 925 1946 πονη-

135 1959 193 1993 ροῖς
207 1958 299 1994 ἔργοις
320 1959 363 1986 ἀεὶ
385 1959 527 1995 ἐσχόλαζε.
542 1959 593 1985 Τὸν
618 1959 646 1985 δὲ
658 1958 705 1985 τοῦ
717 1958 830 1989 Λέοντος
844 1958 925 1984 παῖδα

133 2003 266 2035 πολλάκις
297 2005 451 2040 εὐνουχίσαι
479 2004 622 2040 βουληθεὶς
651 2003 827 2039 διεσκεδάσθη
851 2004 925 2038 παρὰ

131 2049 189 2076 τῶν
204 2050 257 2076 ὑπὸ
276 2050 324 2076 τοῦ
338 2051 452 2082 Λέοντος
480 2050 727 2087 εὐεργετηθέντων,
744 2050 808 2076 ποτὲ
825 2050 875 2085 μὲν
887 2050 925 2082 ὡς

132 2095 242 2129 νήπιον,
257 2096 323 2121 ποτὲ
345 2096 374 2123 δὲ
398 2096 435 2128 ὡς
448 2096 613 2125 ἀσθενοῦντα
629 2095 844 2123 ὑποῦαλλόντων.
862 2094 925 2122 Ἐπὶ

131 2141 229 2167 τούτου
246 2141 333 2177 ἐφάνη
351 2141 439 2178 ἀστὴρ
453 2143 577 2179 κομήτης
592 2143 623 2169 ὲκ
643 2142 747 2175 δύσεως
758 2143 804 2169 ἐπὶ
819 2143 925 2178 ἡμέρας

135 2184 174 2220 μ’,
189 2185 219 2212 ὃν
235 2186 327 2221 ἔλεγον
343 2187 434 2222 ξιφίαν
456 2187 526 2216 εἶναι
545 2189 592 2216 καὶ
607 2189 807 2225 αἰματοχυσίαν
825 2190 924 2225 σημαί-

134 2240 193 2258 νειν
217 2233 246 2258 ὲν
274 2235 308 2268 τῇ
326 2233 403 2260 πόλει
420 2234 594 2269 ἐργάσεσθαι.
621 2233 704 2266 οὗτος
717 2236 731 2262 ό
749 2235 925 2270 Ἀλέξανδρος

134 2277 248 2309 πλάνοις
263 2279 311 2306 καὶ
333 2279 430 2315 γόησιν
444 2280 540 2306 ἑαυτόν
557 2280 660 2312 ἐκδοὺς,
678 2280 726 2307 τοῦ
741 2281 860 2315 συάγρου
886 2280 924 2315 τῷ

133 2325 270 2360 στοιχείῳ,
301 2325 391 2357 καθὼς
414 2326 495 2353 αὑτὸν
513 2327 611 2353 ἐκεῖνοι
623 2326 756 2359 ἐδίδαξαν,
772 2327 819 2353 τοῦ
836 2327 866 2353 ὲν
884 2327 923 2362 τῷ

133 2371 240 2406 ἱππικῷ
260 2371 311 2412 τῂν
339 2372 411 2408 ζωὴν
435 2373 518 2400 αὑτοῦ
536 2373 578 2409 [Ρ.
598 2373 661 2410 ΗΞ]
690 2373 923 2409 προσανακεῐσθαι

131 2415 249 2449 ἔφασαν,
265 2413 310 2444 τὶν
321 2417 439 2452 χοιρώδη
455 2417 512 2453 βίον
526 2418 631 2445 ἐκείνου
645 2420 691 2445 καὶ
707 2419 821 2453 ἀνόητον
836 2420 925 2454 ὑπεμ-

130 2461 286 2494 φαίνοντες.
309 2462 420 2494 Τούτοις
442 2463 565 2495 πεισθεὶς
582 2464 681 2491 αἰδοῖον
699 2464 746 2491 καὶ
760 2464 870 2496 ὀδόντας
885 2464 924 2498 τῷ

130 2507 217 2543 χοίρῳ
233 2509 375 2543 περιέθετο
388 2509 426 2542 ὡς
441 2509 620 2546 λειπομένους
635 2510 722 2546 αὐτῷ·
751 2511 799 2537 καὶ
813 2512 846 2546 τῇ
861 2510 923 2536 τού-

130 2562 187 2581 των
200 2553 291 2591 πλάνῃ
303 2554 441 2587 πεποιθὼς
459 2544 570 2583 ἱππικὸν
593 2544 729 2582 ἐπόλισεν
751 2556 798 2582 καὶ
815 2544 853 2591 τῷ
872 2556 923 2587 ζω-

129 2600 181 2634 δίῳ
192 2601 352 2635 φωταυγίαν
365 2602 506 2637 ἐποίησεν.
523 2602 605 2630 Ὅθεν
629 2602 676 2629 καὶ
689 2601 759 2637 ήρθη
778 2601 827 2628 ἀπ’
839 2602 922 2628 αὑτοῦ

131 2646 149 2681 ἡ
161 2646 279 2681 Χριστοῦ
300 2647 362 2683 χεὶρ
377 2647 415 2680 ὡς
426 2648 476 2684 τὴν
489 2648 535 2675 τοῦ
556 2648 626 2675 Θεοῦ
640 2648 722 2684 τιμὴν
735 2649 791 2679 τοῖς
803 2647 924 2679 εἰδώλοις

131 2693 333 2728 προσάψαντος.

974 989 1088 1017 mittens
1102 989 1257 1017 Alexander
1265 989 1406 1017 Nicolaum
1422 996 1455 1016 ex
1467 988 1626 1017 Galacrenis
1643 989 1706 1016 tulit
1732 996 1765 1016 ae

975 1036 1002 1063 in
1024 1036 1090 1064 sede
1116 1036 1272 1067 collocavit,
1296 1036 1378 1071 716
1398 1035 1544 1063 deturbate
1559 1043 1591 1062 ea
1605 1036 1762 1070 Euthymio,

975 1088 1056 1116 quem
1075 1082 1108 1109 ad
1131 1082 1228 1117 Agathi
1252 1082 1378 1109 exsulare
1393 1083 1499 1117 jussum
1518 1089 1572 1109 non
1586 1087 1646 1116 post
1662 1082 1765 1109 multos

975 1127 1035 1154 dies
1049 1128 1083 1155 ad
1109 1129 1286 1163 Magnauram
1300 1128 1397 1160 duxit;
1427 1136 1482 1162 quo
1503 1128 1564 1155 loco
1588 1128 1683 1155 habito
1696 1136 1765 1155 con-

976 1178 1060 1200 ventu
1086 1177 1169 1208 atque
1201 1174 1306 1209 synodo
1320 1192 1327 1205 ,
1353 1181 1442 1208 exque
1456 1173 1502 1200 illa
1521 1181 1554 1201 eo
1574 1177 1764 1205 exauctorato,

977 1221 1095 1255 turpiter
1109 1220 1260 1248 venerandi
1278 1220 1406 1255 sacrique
1422 1220 1473 1247 viri
1488 1228 1519 1246 ac
1531 1227 1646 1255 prorsus
1655 1220 1765 1247 colendi

976 1267 1054 1293 vulsa
1069 1266 1165 1298 barba,
1187 1267 1295 1301 aliaque
1319 1266 1466 1301 opprobria
1483 1270 1510 1293 ct
1530 1266 1637 1301 injuria:
1656 1274 1688 1294 ac
1700 1275 1766 1294 cru-

976 1313 1111 1340 ciamenta
1128 1313 1212 1343 illata.
1227 1320 1288 1348 quae
1303 1313 1360 1347 ipse
1376 1320 1454 1339 sacer
1472 1316 1565 1347 pastor
1576 1313 1688 1339 silentio
1702 1320 1765 1340 sus-

977 1360 1084 1387 tinebat
1102 1367 1133 1387 ac
1149 1365 1301 1387 mansuete.
1325 1360 1432 1387 Rursus
1444 1359 1477 1386 ad
1491 1359 1588 1394 Agathi
1611 1359 1685 1386 aedes
1699 1359 1767 1387 mis-

977 1413 1024 1433 sus
1047 1410 1128 1440 atque
1151 1406 1189 1433 ibi
1212 1406 1268 1432 vita
1290 1405 1412 1437 functus,
1438 1405 1466 1432 in
1489 1405 1659 1433 monasterio
1673 1413 1723 1432 suo
1738 1405 1766 1432 in

978 1452 1046 1479 urbe
1062 1452 1095 1479 ad
1111 1452 1260 1479 Psamathii
1281 1452 1356 1479 aedes
1375 1452 1504 1479 conditus
1525 1456 1576 1479 est.
1598 1451 1705 1479 Clerico
1720 1453 1766 1487 qui

978 1498 1142 1533 patriarcha:
1161 1498 1231 1533 pilos
1250 1498 1382 1530 vulserat,
1406 1497 1489 1525 simul
1503 1506 1534 1524 ac
1552 1502 1664 1525 sanctus
1674 1498 1768 1533 jussus

977 1547 1020 1571 est
1043 1543 1189 1575 exsulare.
1217 1552 1248 1571 ea
1275 1544 1333 1578 ipsa
1354 1543 1436 1574 hora.
1449 1543 1580 1570 invisibili
1595 1543 1657 1579 igne
1669 1543 1768 1572 domus

977 1587 1068 1615 omnis
1084 1588 1229 1615 combu~ta
1248 1592 1299 1615 est.
1326 1588 1391 1623 Ejus
1414 1587 1469 1614 lilia
1485 1587 1524 1615 sic
1546 1592 1601 1615 tota
1618 1588 1767 1623 epilcptico

976 1634 1074 1662 morbo
1088 1642 1221 1669 oppressa
1235 1639 1288 1665 est,
1304 1638 1334 1661 1Ιὶ
1354 1642 1406 1661 nec
1418 1641 1540 1666 manum,
1558 1641 1647 1670 neque
1662 1642 1702 1667 05.
1716 1643 1768 1662 nec

976 1682 1060 1709 ullam
1085 1686 1192 1717 partem
1213 1682 1338 1716 corporis
1363 1689 1473 1708 movere
1494 1686 1587 1716 posset
1607 1685 1655 1708 aut
1671 1689 1766 1709 vocem

976 1727 1105 1759 mittere;
1122 1733 1183 1761 quae
1201 1731 1229 1753 ct
1249 1726 1321 1753 lecto
1333 1725 1412 1753 aﬂixa
1427 1733 1458 1753 ac
1475 1726 1573 1761 stipem
1591 1726 1769 1754 emendicans

976 1773 1009 1801 ad
1029 1773 1215 1808 Nicephorum
1234 1780 1321 1808 usque
1334 1773 1454 1800 Phocam
1473 1773 1667 1808 imperatorem
1684 1773 1768 1801 dura-

975 1821 1025 1848 vit.
1053 1821 1139 1848 Porro
1165 1820 1322 1847 Alexander
1349 1820 1511 1854 imperator,
1534 1820 1603 1847 nihil
1618 1828 1667 1855 pro
1681 1820 1767 1855 impe-

976 1866 1077 1893 ratoris
1087 1874 1201 1893 utuncrc
1217 1873 1304 1900 exque
1327 1873 1456 1901 purpura:
1466 1866 1599 1901 dignitate
1614 1866 1705 1893 moliri
1720 1875 1767 1893 va-

975 1913 1035 1940 lens
1063 1916 1111 1939 aut
1134 1912 1258 1946 exsequi,
1276 1920 1306 1939 se
1334 1916 1421 1939 totum
1438 1911 1632 1940 venationibus
1652 1921 1683 1940 ac
1704 1921 1769 1948 pra--

975 1959 1018 1986 vis
1029 1958 1137 1986 actibus
1150 1958 1243 1989 dabat,
1261 1965 1398 1992 omneque
1410 1958 1451 1984 eis
1461 1961 1570 1992 tempus
1580 1958 1766 1993 impendebat.

976 2004 1186 2032 Constantinum
1214 2004 1314 2031 Leonis
1330 2003 1416 2030 lilium
1438 2011 1500 2030 cum
1526 2004 1626 2038 smpius
1648 2009 1768 2031 castrare

977 2050 1129 2081 statuisset,
1154 2049 1228 2077 illius
1249 2048 1283 2076 ab
1309 2048 1349 2076 eis
1361 2049 1524 2084 dissipatum
1550 2049 1696 2077 consilium
1725 2054 1768 2077 cst

975 2103 1046 2131 quos
1061 2096 1112 2123 sibi
1128 2095 1184 2123 Leo
1201 2095 1345 2123 beneﬁciis
1363 2103 1395 2123 ac
1410 2095 1572 2123 muneribus
1594 2095 1766 2126 devinxerat.

976 2150 1039 2169 eutn
1056 2142 1137 2169 modo
1163 2142 1290 2169 tenellam
1305 2146 1425 2174 mtatem,
1447 2141 1528 2169 modo
1544 2149 1643 2177 :egram
1659 2142 1766 2170 valetu-

976 2188 1068 2215 dinem
1080 2187 1139 2223 cjus
1151 2192 1341 2215 causarentur.
1356 2187 1422 2222 Ejus
1437 2191 1560 2222 tempore
1577 2189 1705 2223 apparuit
1720 2197 1767 2216 co-

977 2238 1064 2261 metes
1074 2234 1108 2261 ab
1124 2233 1273 2261 Occidente
1291 2241 1339 2268 per
1353 2233 1412 2261 dies
1423 2233 1604 2269 quadraginta
1620 2243 1626 2261 :
1643 2234 1766 2270 xiphiam

977 2279 1069 2306 vocari
1088 2279 1218 2306 dicebant
1232 2279 1320 2314 (quasi
1336 2278 1371 2306 ab
1386 2280 1461 2306 ensis
1483 2286 1531 2307 seu
1552 2279 1634 2314 gladii
1656 2280 1765 2316 ﬁgura),

976 2333 1008 2353 ac
1021 2326 1141 2353 futuram
1153 2326 1181 2353 in
1195 2326 1263 2353 urbe
1281 2325 1449 2360 portendere
1468 2326 1581 2353 humani
1599 2327 1707 2354 cruoris
1722 2327 1765 2354 fu-

976 2372 1093 2399 sionem.
1109 2371 1160 2399 Ilic
1177 2371 1332 2399 Alexander
1347 2372 1544 2399 seductoribus
1561 2380 1593 2400 ac
1611 2373 1763 2408 praestigia-

975 2418 1083 2445 toribus
1098 2417 1178 2453 717
1204 2425 1263 2444 sese
1279 2417 1496 2445 dementandum
1512 2419 1650 2453 praebens.
1673 2419 1707 2446 ab
1724 2427 1765 2446 εις

976 2472 1124 2500 persuasus
1138 2464 1254 2491 salutem
1269 2471 1347 2491 suam
1365 2471 1397 2491 ac
1414 2464 1497 2491 vitam
1512 2464 1546 2491 ad
1566 2464 1632 2499 Apri
1647 2469 1765 2492 statuam

977 2510 1006 2537 in
1022 2509 1102 2537 Circo
1126 2510 1243 2545 positam
1256 2503 1365 2537 referri
1390 2510 1576 2541 existimavit,
1599 2519 1662 2538 cutn
1679 2511 1718 2538 illi
1733 2519 1766 2539 eo

977 2562 1134 2584 commento
1157 2557 1217 2592 ejus
1237 2556 1390 2592 porcariam
1410 2557 1494 2584 vitam
1510 2563 1592 2592 atque
1609 2557 1765 2585 dementem

979 2603 1162 2630 insinuarent.
1179 2602 1236 2630 Illis
1248 2607 1279 2630 ut
1292 2610 1396 2630 morem
1409 2607 1529 2639 gereret,
1554 2603 1674 2631 verenda
1697 2603 1766 2630 den—

980 2653 1076 2683 tesque
1092 2656 1176 2683 porco
1191 2648 1327 2683 apposuit,
1344 2649 1446 2683 quibus
1460 2650 1564 2678 scilicet
1575 2650 1621 2677 ille
1635 2649 1767 2677 deﬁcere-

980 2698 1035 2720 tur.
1062 2693 1157 2728 qune
1179 2693 1288 2721 tandem
1311 2694 1487 2722 seductorum
1501 2693 1765 2729 provexiteonsilio,

131 2743 163 2765 ut
176 2740 265 2767 sacris
281 2741 406 2769 vestibus
423 2747 505 2777 atque
518 2741 613 2769 aulaeis
635 2740 782 2769 Circences
798 2739 958 2768 honestaret
977 2745 1129 2774 cereosque
1151 2747 1282 2767 accensos
1315 2744 1411 2767 statuae
1440 2740 1596 2768 adhiberet.
1634 2739 1709 2767 Unde
1737 2743 1768 2765 et

130 2785 239 2815 Sublata
265 2788 299 2815 ab
325 2796 359 2816 eo
376 2788 478 2817 Christi
505 2797 612 2821 manus,
632 2790 707 2817 velut
722 2791 768 2824 qui
785 2790 919 2817 honorem
945 2789 1001 2816 Deo
1022 2787 1146 2815 debitum
1160 2788 1240 2815 idolis
1253 2788 1436 2816 adhibuisset.

167 2833 201 2868 β’.
223 2834 278 2861 Τοῦ
305 2834 396 2869 μέντοι
419 2835 536 2871 ’ῐμερίου
560 2837 591 2861 ἐκ
613 2836 662 2870 τῆς
689 2836 743 2862 τὼν
764 2835 924 2870 ’Δγαρηνῶν

1014 2834 1043 2862 ἓ.
1070 2834 1224 2862 Himerium
1247 2839 1359 2870 accepta
1380 2834 1413 2861 ab
1430 2834 1562 2869 Agarenis
1579 2833 1655 2862 clade
1670 2841 1766 2862 rever-

785 2891 799 2917 \
809 2892 900 2920 ARle
920 2890 1122 2921 LECTIONES.

180 2926 204 2943 ”
223 2926 271 2952 1t?

299 2973 433 3003 ΡΛηοι..
450 2971 508 3002 Gn.
529 2971 604 3003 CIX.

1551 2973 1588 3002 25
