1999 3165
136 223 189 255 ’181

525 220 710 250 ANNALES.
729 230 763 236 -·
783 217 1077 249 CONS’I‘ANTINUS
1095 216 1389 248 PORPHYROGEN.

1708 215 1763 247 ’ῖεέ

136 282 187 316 τὴν
198 278 245 305 τοῦ
259 277 427 313 ἱπποδρόμου
443 276 530 312 πύλην
545 277 757 311 καταλαδόντες,
780 277 925 304 Κωνσταν-

979 276 1025 304 sed
1050 275 1141 303 adhuc
1156 275 1277 302 tenebrat
1300 278 1404 305 essent.
1425 273 1607 300 cuml‘acibus
1624 274 1765 309 multoque

135 327 208 352 τῖνον
235 324 377 358 εὐφήμουν
395 322 506 358 βασιλέα
522 324 551 349 ἐν
565 322 604 357 τῷ
619 322 734 354 ἱππικῷ.
764 321 848 348 Ἐνϐα
863 321 894 356 δὴ
909 322 923 347 ό

137 371 233 398 τούτου
246 369 398 404 ἱπποκόμος
413 368 569 404 λογχευθεὶς
595 368 670 403 παρά
684 367 739 394 τῶν
753 366 854 393 ἔσωθεν
869 367 923 392 τῶν

135 417 185 444 τοῦ
215 415 384 450 ἱπποδρόμου
416 414 508 441 πυλῶν
526 414 659 450 ἀνῃρέθη.
680 414 726 449 Μὴ
750 413 855 449 δεχθεὶς
878 411 924 439 οὖν

137 464 227 490 ἐκεῖσε
241 463 254 488 ὀ
268 463 482 493 Κωνσταντῖνος,
498 461 555 487 ἀλλ’
570 460 761 495 ἀποσοῦηθεὶς,
773 460 866 494 ὥσπερ
879 460 925 486 ὲκ-

137 509 301 545 σακχευθεὶς
328 507 381 535 ὑπό
409 515 482 539 τινος
496 507 622 542 δαίμονος
641 508 688 533 καὶ
705 507 741 542 μὴ
756 505 925 540 ἐφεστηκότα

137 555 208 590 ἔχων
231 555 277 582 τὸν
292 554 422 590 λογισμὸν
447 553 486 589 τῷ
502 554 552 587 τῆς
572 553 712 588 βασιλείας
728 552 820 588 ἔρωτι,
840 553 869 578 ὲν
887 551 925 586 τῷ

137 602 299 637 ἱπποδρόμῳ
313 600 472 636 ἀνεχώρησε
489 599 602 634 στυγνός
613 608 643 625 τε
658 599 705 626 καὶ
726 598 861 633 κατηφὴ;,
875 606 926 624 κα-

137 649 187 676 κὸν
214 648 308 674 οέωνδν
334 647 384 681 τὴν
414 646 461 673 τοῦ
499 645 653 681 ἱπποκόμου
683 645 779 680 κρίνας
807 644 924 679 σφαγήν.

142 693 265 720 Ἐκεῖθεν
280 690 332 728 ἧκε
349 693 429 727 μέχρι
455 691 566 726 Χαλκῆς
579 699 587 707 ο
617 692 663 718 καὶ
678 691 721 717 διὰ
747 691 796 725 τῆς
809 689 926 724 Σιδηρᾶς

136 739 240 774 πόρτης
252 738 303 773 τῆς
318 737 427 773 Χαλκῆς
443 736 622 772 εἰσεληλυθώς
638 736 718 772 μέχρι
743 736 795 762 τῶν
811 744 925 763 σκοπα-

137 787 205 822 ρξων
219 786 243 802 ’⁵
258 785 437 820 παρεγένετο.
457 784 486 810 ’0
510 783 557 812 οὖν
583 785 733 819 μάγιστρος
767 783 893 817 Ἰωάννης
913 783 926 808 ὁ

143 832 256 863 Ἕλαδᾶς
273 831 388 866 ἐκλογὴν
406 831 460 857 τῶν
473 830 523 862 τῆς
531 830 669 865 ἑταιρείας
679 830 725 857 καὶ
736 829 789 855 τῶν
804 829 891 856 ἄλλων
903 828 926 845 ³³

137 878 311 912 ποιούμενος,
347 876 405 912 μεθ’
423 876 514 904 ὅπλων
530 875 642 907 τούτους
671 874 831 902 ἀπέστειλεν
858 874 928 901 κατά

136 924 185 951 τοῦ
202 923 313 954 Δουκός.
330 923 478 949 Ἐλθόντων
492 921 538 951 οὖν
555 921 636 958 μέχρι
658 922 708 956 τῆς
718 921 841 955 Χαλκῆς,
862 921 927 947 πολ-

136 972 179 998 λοὶ
198 971 229 1003 ἐξ
241 953 405 1005 ἀμεέοτέρων
422 968 477 994 τῶν
502 953 727 1003 μερων-’ἓπεσοκῃ
742 968 790 993 καὶ
801 953 924 993 τοσοῦτοι
940 953 963 984 Β

136 1017 175 1049 ὡς
191 1017 237 1043 τὸν
251 1016 334 1043 τόπον
363 1014 576 1050 ἑνλιμνασθῆναι
594 1013 634 1048 τῷ
657 1013 763 1047 αἵματι.
791 1011 923 1049 ’Δνῃρὲθη

136 1060 167 1087 δὲ
194 1059 242 1086 καὶ
272 1058 417 1096 Γρηγορᾶς
441 1057 455 1083 ὁ
479 1056 536 1088 υῑος
554 1055 601 1082 τοῦ
628 1055 729 1086 Δουκὸς
755 1055 802 1081 καὶ
818 1054 926 1090 Μιχαὴλ

137 1105 284 1139 δξάδελφος
301 1104 383 1131 αὑτοῦ
399 1103 446 1130 καὶ¹
460 1102 616 1138 Κουρτικης
634 1102 737 1133 ικείνος
749 1103 763 1128 ό
775 1100 804 1133 ἐξ
828 1102 926 1136 Ἀρμα-

136 1153 214 1180 νῐων.
234 1151 327 1179 Ταῦτα
341 1152 355 1177 ὁ
369 1150 438 1183 Δοὺε
461 1150 666 1180 Κωνσταντῖνος
687 1148 792 1184 μαθὼν,
804 1148 928 1183 ταραχῆς

135 1197 177 1224 δτι
191 1196 234 1233 [Ρ.
250 1195 315 1232 474]
331 1196 462 1230 πλείστης
477 1194 639 1230 γενομένης,
658 1193 702 1220 τὸν
718 1194 799 1220 ἵππον
814 1193 929 1228 ἐξήλαυ-

136 1251 200 1271 νεν·
233 1243 248 1269 ὁ
262 1242 290 1269 δὶ
314 1242 374 1272 ταῖς
390 1242 480 1268 ὲκεὶσε
504 1240 731 1276 ὑπεστρωμέναις
750 1239 927 1274 ὲνολισθήσας

137 1288 235 1321 πλαξὶν
250 1288 291 1319 εις
304 1287 357 1323 γῆν
377 1287 423 1313 τὴν
442 1286 574 1322 ὲπιόάτην
591 1285 751 1319 κατέϐαλεν,
765 1286 811 1312 καί
822 1295 864 1317 τις
876 1285 926 1312 αὺ-

135 1334 185 1361 τοῦ
202 1333 273 1368 ξίφει
287 1333 336 1369 τὴν
355 1333 478 1368 κεφαλὴν
501 1332 639 1368 ἀπέτεμεν
651 1340 658 1348 ν
682 1333 744 1369 ἥτις
768 1333 805 1367 τῷ
820 1333 927 1369 βασιλεῖ

138 1378 341 1414 προσενήνεκτο
363 1377 522 1412 καταφανὴς
550 1376 652 1405 ἅπασιν
674 1377 725 1412 τῆς
750 1377 858 1412 ἀπάτης
887 1378 927 1409 εἰς

135 1423 308 1459 ἀποτροπήν.

975 321 1105 349 satellitio
1122 329 1154 348 ac
1176 320 1263 347 armis
1278 320 1312 346 ad
1325 318 1399 346 Circi
1412 323 1520 353 portam
1534 319 1676 347 venientes
1692 318 1766 348 Con-

975 369 1126 396 stantinum
1149 368 1345 402 imperatorem
1367 365 1466 392 faustis
1484 365 1602 392 vocibus
1629 366 1764 393 acclama-

975 414 1060 446 bant;
1073 413 1121 440 ubi
1136 420 1201 440 sane
1212 412 1272 447 ejus
1288 411 1385 446 equiso
1401 411 1495 438 lancea
1508 411 1643 444 conﬁxus,
1659 411 1694 438 ab
1710 411 1766 439 illis

974 459 1099 486 sublatus
1116 462 1159 486 est
1177 458 1224 493 qui
1236 457 1319 486 -Circi
1337 462 1431 492 portas
1453 457 1600 485 interiores
1621 458 1764 485 tenebam.

975 504 1053 532 llaud
1065 505 1158 539 itaque
1175 503 1232 531 illic
1250 509 1378 538 receptus
1389 502 1598 535 Constantinus,
1611 503 1659 530 sed
1671 505 1766 539 repul~

975 558 1022 578 sus
1035 555 1117 585 alque
1136 550 1290 581 submotus,
1306 549 1382 576 velut
1398 549 1478 576 l'uriis
1492 549 1613 584 agitante
1631 549 1766 582 daemone.

975 604 1026 624 nec
1037 597 1104 624 satis
1116 596 1215 623 mentis
1228 602 1356 630 compos,
1371 595 1547 630 imperitandi
1565 602 1636 623 cuca
1651 596 1768 623 libidine

976 651 1004 671 se
1018 651 1032 670 a
1054 643 1134 670 Circo
1155 643 1242 670 tristis
1259 647 1429 677 incestusque
1444 642 1584 674 subduxit,
1597 642 1698 669 malum
1713 641 1767 669 sibi

976 697 1056 717 omen
1080 689 1241 724 equisonem
1268 695 1335 716 nece
1362 689 1499 716 sublatum
1518 688 1633 716 ducens.
1657 687 1768 716 Indead

975 735 1103 763 Chalcem
1125 735 1162 771 (id
1182 740 1225 762 est
1246 734 1369 769 Eream)
1396 736 1491 767 venit;
1521 743 1625 771 perque
1640 735 1768 765 Ferream

976 781 1097 817 ejusdem
1110 780 1224 809 Chalces
1248 781 1308 816 (seu
1329 781 1430 816 mrem)
1456 782 1596 816 ingressus
1613 780 1646 809 ad
1670 781 1768 809 Scuta-

977 827 1081 854 riorum
1096 834 1181 862 usque
1199 826 1402 860 (excubitorum
1418 826 1535 862 scilicet)
1556 825 1659 855 atrium
1681 834 1769 861 pene~

979 874 1069 902 travit.
1088 873 1128 902 Ex
1145 873 1261 900 adverso
1274 878 1365 900 autem
1383 873 1513 908 magister
1529 873 1650 900 Joannes
1672 872 1767 900 Hella-

979 921 1048 953 das,
1078 920 1274 948 foederatorum
1309 919 1483 954 aliorumque
1509 919 1640 946 ordinum
1660 919 1768 946 delecto

978 967 1098 1002 agmine,
1125 965 1209 993 armis
1233 965 1382 992 instructos
1402 965 1548 992 adversum
1568 964 1665 992 ducem
1681 965 1768 993 misit.

979 1011 1104 1046 Cumque
1115 1011 1256 1038 venissent
1264 1011 1297 1038 ad
1306 1011 1661 1046 Chalcem,congressisque
1677 1011 1768 1039 utrin—

980 1064 1035 1092 que
1052 1056 1186 1091 partibus,
1204 1064 1238 1084 ex
1260 1056 1301 1084 eis
1327 1057 1406 1083 multi
1431 1057 1612 1090 ceciderunt;
1637 1062 1767 1092 tantaque

980 1109 1114 1130 caesorum
1132 1102 1280 1130 multitudo
1291 1101 1344 1129 fuit
1360 1107 1391 1130 ut
1405 1103 1482 1130 locus
1499 1104 1646 1131 cruoribus
1659 1108 1768 1138 stagna—

982 1153 1034 1176 ret.
1048 1148 1183 1176 Sublatus
1192 1156 1259 1175 vero
1270 1149 1353 1176 etiam
1370 1150 1451 1184 720
1459 1149 1595 1185 Gregoras
1606 1150 1685 1178 ducis
1697 1151 1770 1177 tilius

980 1199 1008 1222 et
1031 1194 1146 1222 Michael
1169 1195 1228 1230 ejus
1246 1195 1440 1228 consobrinus,
1454 1196 1698 1224 necnonCurtices
1723 1197 1769 1225 illc

979 1240 1173 1268 Armeniorum
1195 1249 1297 1276 genere
1313 1245 1400 1270 ortus.
1415 1241 1478 1269 Haec
1495 1242 1541 1269 ubi
1555 1243 1683 1277 cognovit
1697 1242 1770 1270 Con-

980 1287 1128 1318 stantinus,
1149 1294 1232 1321 quam
1253 1287 1372 1315 maximo
1397 1287 1515 1315 excitato
1533 1288 1652 1315 tumultu
1667 1296 1770 1322 equum

980 1331 1008 1359 in
1036 1332 1144 1360 turbam
1171 1332 1293 1361 calcibus
1317 1333 1436 1368 impulit.
1457 1333 1482 1360 ls
1496 1333 1648 1360 verostrati
1662 1334 1712 1361 soli
1726 1334 1770 1362 tu-

981 1378 1057 1407 brico
1070 1380 1164 1414 lapsus
1179 1384 1314 1406 sessorem
1328 1379 1354 1406 in
1371 1384 1472 1406 terram
1486 1379 1605 1415 dejecit;
1624 1387 1705 1414 quem
1720 1379 1770 1407 ubi

981 1425 1043 1459 quis
1066 1426 1124 1453 solo
1141 1426 1281 1461 dejectum
1305 1426 1421 1453 offendit
1447 1426 1557 1461 (reliqui
1579 1426 1653 1453 enim
1675 1433 1771 1453 omnes

137 1471 265 1506 dissipati
293 1471 393 1506 erant),
419 1470 479 1506 ejus
500 1474 584 1505 caput
607 1469 697 1505 gladio
711 1469 835 1504 abstulit,
865 1471 1044 1506 ablatumque
1069 1473 1097 1500 in
1127 1474 1250 1501 omnium
1279 1475 1378 1506 oculis,
1421 1474 1586 1510 dispellcndi
1614 1482 1698 1502 causa
1727 1481 1773 1503 er-

137 1519 211 1549 roris
224 1519 396 1554 sedandique
413 1518 547 1545 tumultus
559 1525 591 1545 ac
607 1518 746 1551 coitionis,
761 1517 924 1554 imperatori
943 1519 1056 1549 detulit.
1410 1518 1419 1527 ⁴

172 1566 207 1601 Υ.
228 1566 264 1594 Ti:
279 1566 308 1592 δὲ
330 1565 450 1592 τοιοῦτον
473 1565 556 1592 αὐτοῦ
584 1565 739 1601 ἐγχείρημα
765 1567 836 1593 κατὰ
863 1575 926 1594 τινα

135 1614 184 1642 καὶ
214 1613 294 1640 ἄλλον
317 1612 418 1647 τρόπον
443 1611 601 1646 ἐδεδήλωτο.
622 1611 758 1644 Νικόλαος
771 1612 826 1648 γάρ
837 1621 878 1643 τις
894 1613 928 1639 τὰ

1015 1569 1042 1596 5.
1061 1569 1219 1598 Istiusmodi
1246 1570 1419 1599 Constantini
1445 1571 1585 1606 aggressio
1612 1578 1662 1606 per
1687 1570 1772 1597 alium

980 1623 1089 1652 quoque
1113 1617 1224 1645 modum
1244 1609 1374 1645 innotui't.
1400 1618 1530 1646 Nicolaus
1548 1618 1621 1646 enim
1648 1617 1771 1653 quidam.

136 1660 167 1685 ἐν
182 1658 287 1693 Χαλδιᾳ
315 1657 370 1684 τῶν
397 1657 537 1691 δημοσίων
551 1656 723 1692 εὶσπράξεων
738 1658 926 1692 πεπιστευμέ-

979 1663 1154 1697 publicorum
1171 1664 1345 1700 vectigalium
1359 1665 1386 1692 in
1400 1665 1514 1692 Clialdia
1530 1665 1698 1700 redemptor.
1713 1665 1774 1700 eju-

137 1714 183 1737 νος
212 1706 252 1736 εἱς
276 1703 376 1738 Συρίαν
401 1703 526 1738 ἀφίκετο,
553 1703 603 1737 τῆς
616 1703 678 1729 καθ’
697 1703 771 1738 ἡμᾶς
785 1703 926 1735 εὐσεϐείας

135 1750 251 1785 ἔξαρνος
274 1748 403 1784 γεγονὼς,
430 1749 478 1776 καὶ
505 1748 716 1784 ἀστρολογίαςῆ
744 1749 928 1785 ἀστρονομίας

135 1798 211 1828 τινος
233 1796 333 1832 μᾶλλον
347 1795 560 1831 μεταπεποὶητο.
580 1792 664 1829 Οὗτος
678 1796 707 1822 ἐν
723 1796 929 1831 μελανεμσαφεῖ

136 1843 248 1878 γράψας
270 1843 410 1877 ὑφάσματι
442 1841 611 1868 ἀπεστάλκει
636 1841 716 1868 τοῦτο
740 1842 809 1877 πρὸς
823 1842 868 1868 τὸν
884 1842 928 1869 λο-

137 1889 256 1924 γοθέτην
282 1888 401 1923 Θωμᾶν·
426 1884 461 1914 οὗ
480 1887 513 1921 δὴ
544 1886 685 1924 ῥιφθέντος
705 1888 781 1924 παρά
799 1888 928 1924 Μανουὴλ

135 1934 188 1961 τοῦ
201 1935 257 1961 τῶν
273 1933 431 1970 Ἀγαρηνῶν
463 1933 606 1968 ἑρμηνέως
622 1933 651 1960 ὲν
669 1932 745 1960 ὕδατι
762 1934 796 1960 τὰ
811 1935 839 1960 ὲν
854 1933 929 1969 αὐτῷ

137 1981 333 2015 πεφανέρωται
363 1980 527 2015 γράμματα,
557 1978 628 2005 οὕτω
657 1979 859 2014 διαγορεύοντα·
879 1980 927 2015 Μὴ

136 2027 286 2063 φοϐήθητι
306 2026 366 2054 ἀπὸ
380 2026 434 2054 τοῦ
448 2025 564 2060 ειυρῤοὗ
581 2025 720 2053 πετεινοῦ
735 2027 788 2053 τοῦ
805 2027 926 2060 Δουκός·

137 2073 409 2108 νεοπσρισθήσεται
431 2073 486 2107 γὰρ
511 2072 660 2107 ἀφρόνως,
685 2072 736 2100 καὶ
756 2072 848 2106 εὐθὺς
862 2073 929 2100 ὀλο-

137 2120 347 2155 θρευθήσεται.
426 2150 435 2156 ς

176 2165 208 2192 δ’.
224 2166 334 2193 Τούτων
360 2167 432 2194 οὕτω
452 2168 646 2202 τελεσθέντων,
666 2169 811 2204 Γρηγορᾶς
832 2169 927 2195 τούτου

138 2211 273 2247 πενθερὸς
290 2212 359 2247 μετὰ
369 2213 493 2245 Λέοντος,
508 2213 538 2240 ὃν
552 2214 763 2249 Χοιροσφάκτην
775 2213 928 2248 ὠνόμαζον,

138 2259 176 2293 τῇ
207 2258 287 2294 Ἀγῑᾳ
309 2257 356 2285 τοῦ
380 2259 448 2286 Θεοῦ
477 2261 563 2296 Σοφία
588 2260 723 2298 ἐκκλησίᾳ
744 2261 927 2296 προσέφυγον,

138 2303 189 2335 οὓς
204 2305 252 2331 καὶ
283 2305 330 2340 βίᾳ.
359 2305 464 2332 ἐκεῖθεν
486 2306 693 2338 ἀποσπάσαντες
719 2307 872 2343 ἀπέκειραν
899 2308 929 2334 ἐν

979 1716 1038 1738 rata
1056 1710 1211 1739 Christiana
1229 1713 1332 1747 pietate
1349 1721 1381 1740 ac
1396 1712 1449 1740 [ide
1466 1721 1529 1740 cum
1543 1712 1579 1746 xin
1595 1712 1700 1749 Syriam
1714 1719 1774 1740 sese

978 1757 1137 1791 recepisset,
1154 1759 1318 1794 astrologim,
1343 1758 1391 1786 sed
1414 1759 1500 1794 magis
1524 1759 1698 1786 astronomia:
1716 1757 1775 1785 cui-

978 1802 1041 1830 dam
1053 1811 1164 1840 operam
1181 1804 1368 1839 impendebat.
1382 1805 1431 1832 llic
1444 1805 1536 1839 itaque
1550 1805 1576 1832 in
1588 1805 1658 1840 nigri
1674 1805 1775 1832 coloris

978 1849 1064 1876 linteo
1092 1849 1217 1878 scribens
1231 1850 1265 1877 ad
1280 1850 1413 1878 Thomam
1428 1851 1596 1886 logothetam
1615 1851 1699 1877 misit.
1714 1850 1774 1883 Quo

979 1897 1063 1925 misso
1079 1898 1107 1925 in
1122 1906 1220 1933 aquam
1237 1906 1252 1925 a
1267 1898 1392 1926 Mauuele
1406 1898 1594 1933 Agarenorum
1608 1898 1772 1932 interprete,

979 1943 1090 1978 scripta:
1106 1943 1134 1971 in
1157 1951 1190 1971 eo
1213 1944 1312 1971 litterae
1337 1948 1540 1979 apparuerunt.
1563 1943 1591 1971 in
1615 1944 1673 1971 hate
1690 1943 1774 1972 verba

979 1995 1111 2026 concepta
1144 1990 1301 2018 sententia:
1317 1990 1355 2017 Ne
1373 1990 1491 2017 timueris
1516 1999 1532 2016 ο
1548 1990 1619 2016 Duce
1644 1989 1705 2025 rufa
1726 1997 1774 2016 vo-

980 2037 1071 2064 lucre:
1095 2036 1174 2064 stulte
1209 2038 1278 2064 enim
1298 2037 1374 2064 rebus
1395 2037 1467 2063 novis
1479 2036 1601 2069 studebit,
1624 2046 1655 2064 ac
1681 2037 1773 2066 statim

981 2083 1084 2118 peribit.

1015 2174 1041 2201 ι.
1060 2174 1108 2201 llis
1120 2173 1157 2201 ita
1170 2174 1264 2210 gestis,
1281 2174 1417 2209 Gregoras
1430 2174 1604 2202 Constantini
1619 2182 1696 2202 socer
1710 2183 1771 2202 cum

980 2219 1071 2248 Leone
1082 2220 1296 2255 Chcerosphacte
1310 2221 1342 2248 ad
1360 2221 1466 2248 Sancta:
1480 2220 1526 2248 Dei
1545 2221 1691 2257 Sapientia:
1706 2229 1772 2251 con-

980 2267 1126 2302 fugerunt;
1154 2274 1224 2301 quos
1254 2267 1316 2294 inde
1349 2276 1401 2295 non
1428 2268 1488 2295 sine
1516 2268 1542 2295 vi
1573 2273 1711 2297 extractos
1745 2269 1773 2296 in

981 2312 1069 2340 Studii
1088 2313 1255 2340 monasterio
1272 2313 1469 2341 monachorum
1490 2314 1543 2341 ritu
1570 2314 1772 2347 detonderunt;

139 2352 175 2386 τῇ
192 2351 246 2378 τῶν
273 2351 408 2380 Στουδίου.
422 2352 637 2392 ηΚω-ισταντίνον
654 2353 683 2380 δὲ
711 2353 755 2380 τὸν
773 2354 927 2382 Ἑλλαδικὸν

982 2360 1192 2388 Constantinum
1209 2368 1275 2388 vero
1289 2361 1459 2389 Helladicum
1477 2362 1568 2390 nervis
1590 2363 1701 2390 bubulis
1723 2371 1775 2391 cac-

141 2397 299 2434 βουνεύροις
326 2397 463 2432 τύψαντες
493 2399 562 2434 μετά
575 2400 659 2436 ράσου
676 2401 723 2428 καὶ
738 2401 799 2428 ὄνου
812 2402 927 2438 ἐθριάμσ

139 2444 243 2470 σευσαν
262 2445 308 2470 καὶ
324 2445 353 2471 ὲν
363 2446 396 2479 τῇ
407 2445 461 2471 τῶν
484 2445 634 2480 Δαλματῶν
662 2447 794 2483 καταδίκῃ
822 2447 927 2482 ἐγκλει-

141 2498 206 2517 στον
230 2490 408 2525 πεποιήκασι.
448 2491 503 2517 Καὶ
532 2491 630 2523 ἄλλους
659 2492 708 2527 μὲν
738 2493 929 2527 τυφλώσαντες

140 2536 287 2571 ἐξώρισαν,
319 2537 365 2563 καὶ
391 2538 499 2572 ἑτέρους
514 2538 721 2573 ἀπεκεφάλισεν)
734 2547 740 2554 ·
756 2541 819 2572 τοὺς
834 2540 863 2567 δὲ
880 2542 927 2568 τοῦ

141 2583 290 2617 φοσσάτου,
308 2582 447 2618 ἀνδρείους
466 2584 513 2610 καὶ
531 2584 630 2616 καλοὺς
643 2584 722 2616 ὄντας
736 2586 784 2613 καὶ
802 2587 927 2621 πολλοὺς,

141 2628 198 2655 ἀπὸ
222 2628 269 2655 τοῦ
294 2629 431 2663 Δαμαλίου
458 2630 539 2665 μέχρι
565 2630 612 2657 τοῦ
644 2631 795 2659 Λευκατίου
823 2634 928 2666 πάντας

141 2673 370 2701 ἀνεσκολόπισαν.
397 2675 515 2708 Πολλοὺς
530 2676 558 2703 δὲ
572 2677 619 2704 καὶ
646 2677 741 2710 ἄλλους
753 2681 775 2705 oi
787 2680 928 2714 λεγόμενοι

141 2719 289 2756 ἐπίτροποι
317 2720 461 2748 ἀπώλεσαν
486 2722 529 2755 ἂν,
545 2723 569 2749 ει
585 2724 622 2758 μή
639 2732 711 2755 τινες
726 2725 779 2751 τῶν
795 2725 929 2753 δικαστῶν

979 2414 1040 2434 sum
1057 2413 1177 2441 rasoque'
1197 2405 1325 2433 indutum
1348 2411 1430 2442 atque
1449 2407 1526 2436 asino
1548 2408 1708 2443 impositum
1725 2416 1775 2442 per

978 2452 1098 2480 mediam
1122 2452 1219 2479 urbem
1246 2451 1404 2487 ignominia:
1426 2461 1508 2480 causa
1534 2453 1718 2487 traducentes.
1747 2455 1775 2481 in

979 2499 1107 2526 Dalmatm
1117 2498 1196 2533 721
1206 2505 1318 2526 carcere
1329 2499 1427 2526 inclusi
1439 2499 1584 2535 disciplina
1595 2500 1774 2530 damnarunt.

979 2544 1068 2579 Atque
1080 2543 1149 2570 alios
1157 2543 1268 2578 quilem
1278 2544 1366 2571 oculis
1374 2544 1486 2571 orbatos
1497 2546 1595 2573 exsilio
1604 2547 1774 2582 relegarunt.

979 2590 1048 2617 alios
1069 2589 1280 2617 obtruncarunt.
1298 2590 1430 2618 Militares
1455 2599 1522 2619 vero
1542 2593 1618 2621 viros
1643 2592 1728 2621 fortes
1743 2602 1776 2622 ac

980 2635 1082 2670 probos
1094 2655 1101 2667 ,
1117 2635 1277 2671 ingentique
1296 2636 1366 2664 adeo
1384 2645 1500 2665 numero
1526 2646 1541 2666 a
1560 2639 1664 2667 Damali
1681 2639 1720 2674 (id
1732 2645 1774 2667 est

981 2681 1077 2714 vitula)
1095 2681 1128 2708 ad
1143 2681 1293 2709 Leucatum
1309 2691 1407 2719 usque,
1419 2691 1516 2713 omnes
1531 2686 1601 2721 palis
1618 2685 1771 2713 ὤχει-ωη-

981 2727 1112 2762 Aliosque
1136 2728 1270 2762 plurimos
1296 2729 1336 2757 sic
1359 2732 1510 2767 nuncupati
1533 2736 1728 2767 procuratores
1743 2739 1776 2759 ac

141 2768 257 2800 τούτους
266 2769 317 2804 τῆς
332 2768 425 2795 ἀδίκου
439 2768 526 2803 ὁρμῆς
544 2769 730 2804 ἀνεχαίτισαν,
742 2770 874 2803 εἰπόντες,
888 2771 927 2798 ὅτι

983 2778 1090 2800 tutores
1115 2773 1250 2808 perdituri
1273 2779 1362 2808 erant,
1380 2776 1434 2803 nisi
1456 2776 1581 2811 judicum
1601 2777 1713 2812 quidam
1739 2778 1775 2805 ab

142 2813 257 2847 Παιδὸς
269 2813 355 2846 ὄντος
370 2814 424 2841 τοῦ
434 2814 587 2847 ,βασιλέως
601 2814 664 2848 πῶς
678 2814 752 2842 ἄνευ
768 2816 823 2850 τῆς
837 2817 927 2845 αὑτοῦ

985 2818 1080 2854 iniquo
1101 2826 1149 2846 eos
1164 2819 1270 2855 impetu
1284 2821 1443 2850 istiusmodi
1461 2823 1555 2851 verbis
1579 2824 1776 2856 retardassem,

145 2859 316 2892 μλσύσεως
337 2859 465 2895 τολμᾶτε
479 2861 599 2888 τοιαῦτα
619 2861 847 2895 διαπράττεσθαι
854 2864 927 2898 ;Τὴ·.

985 2864 1052 2892 Cum
1063 2865 1207 2900 imperator
1226 2874 1291 2901 puer
1306 2868 1351 2898 sit,
1364 2868 1491 2903 quomoda
1507 2869 1578 2896 illius
1591 2870 1692 2904 injussu
1705 2870 1777 2905 cjus-
1796 2859 1801 2862 ’

784 2909 900 2938 VARI/li
923 2911 1127 2942 LECTIONES.

189 2953 212 2969 "
227 2952 360 2987 Georgius
376 2952 547 2985 ὲξκουϐετων.
587 2956 608 2971 ⁹³
623 2954 756 2990 Georgius
772 2956 885 2985 ὲλατὼν.
