1999 3165
119 221 175 254 793

440 253 446 262 .
492 221 690 251 «ANNALES.
704 234 739 239 -
758 221 1048 254 CONSTANTINUS
1068 225 1368 258 PORPHYROGEN.

1689 229 1743 261 ’ἵΩᾶ

120 278 232 314 τριιίου
258 278 306 305 καὶ
336 278 454 313 κόμητος
481 277 527 304 τοῦ
553 277 670 305 στάὁλου
694 279 735 310 εἱς
760 279 870 314 ἄριστον
893 279 907 305 6

972 282 1029 309 oris
1046 283 1194 319 padagogo
1211 285 1325 320 ejusque
1348 284 1433 312 fratre
1461 284 1595 320 Symeone
1619 293 1634 311 a
1657 286 1745 314 Theo-

122 325 300 358 παιδαγωγδς
314 324 521 351 Κωνσταντὶνου
543 323 677 359 βασιλέως
698 324 835 360 Θεόδωρος
862 325 909 351 καὶ

123 370 237 405 Συμεὼν
265 370 278 396 6
305 369 386 396 αὐτοῦ
413 370 541 404 ἀδελφὸς,
571 371 618 397 καὶ
647 371 790 397 ἐσθιόντων
820 371 910 398 αὐτῶν

123 415 249 450 εἰσῆλθεν
275 415 400 450 Ἰωάννης
418 416 597 451 ὄρουγγάριος
614 417 663 450 τῆς
678 416 772 451 βίγλας
789 417 803 443 ὸ
820 418 910 452 Κουρ-

123 462 208 493 κούας
232 461 300 497 μετὰ
321 462 445 488 πλείστου
472 462 547 495 λαοῦ,
565 462 612 488 καὶ
626 461 735 493 τούτους
750 463 911 497 ἀναρπάσας

123 506 164 537 ὡς
179 506 250 532 κατὰ
270 505 409 541 Ῥωμανοῦ
439 506 611 541 μελετῶντας
645 506 685 537 εἰς
713 505 834 542 Ὀψίκιον
867 506 912 538 ἐξ-

124 552 236 588 ώρισεν.

164 598 206 630 ιζ’.
222 598 261 633 Τῇ
276 597 314 624 κδ’
333 597 378 624 τοῦ
401 597 588 632 Σεπτεμὸρῑου
607 597 691 632 μηνὸς
708 598 822 632 τιμᾶται
842 597 911 624 Ῥω-

125 645 210 678 μανδς
224 645 257 679 τῇ
275 643 320 670 τοῦ
349 643 488 679 Καίσαρος
515 644 588 679 ἀξίᾳ,
618 644 665 670 καὶ
692 645 726 680 τῇ
758 642 790 676 ιζ’
803 643 851 670 τοῦ
865 645 912 670 Δε-

123 690 258 725 κεμϐρίου
272 689 314 725 [Ρ.
328 689 391 726 481]
415 691 498 725 μηνὸς
520 690 647 725 στέφεται
672 691 747 725 παρὰ
769 691 909 716 Κωνσταν-

124 737 198 765 τινου
215 736 348 772 βασιλέως
373 737 420 764 καὶ
444 737 579 764 Νικολάου
606 737 777 772 πατριάρχου
799 738 827 763 ὲν
857 736 911 764 ἔτει

124 782 164 818 τῷ
180 785 279 818 ,ςυνη’,
297 783 462 815 ἱνδικτιῶνος
488 786 525 818 η’·
556 783 605 810 καὶ
629 783 684 810 τῶν
706 783 791 818 ἁγίων
807 783 913 816 Θεοφα-

125 829 190 855 νειιῑν
206 829 332 862 στέφεται
349 828 474 863 Θεοδώρα
496 830 513 864 ἡ
530 829 599 864 γυνὴ
613 829 705 857 αὑτοῦ.
723 830 777 856 Καὶ
792 831 825 864 τῇ
842 829 911 865 αὐτῇ

123 874 217 909 ἡμέρᾳ.
231 874 278 900 τοῦ
292 874 373 900 αὑτοῦ
390 874 472 910 μηνὺς
488 874 538 910 τῆς
548 874 568 901 ε’
583 875 593 891 ⁸
607 875 785 908 ἰνδικτιῶνος,
798 876 912 911 Χριστο-

124 919 207 954 φόρος
240 919 254 945 6
280 918 337 951 υἱὸς
365 918 509 954 Ῥωμανοῦ
546 919 734 955 διαγορεύεται
768 919 911 955 βασιλεὺς·

124 966 253 999 στέφεται
279 965 308 992 δὲ
335 966 368 1001 τῇ
402 966 576 1001 Πεντηκοστῇ
609 966 685 1001 παρὰ
709 964 756 992 τοῦ
781 965 912 1000 βασιλέως
929 958 949 985 Β

124 1009 343 1043 Κωνσταντίνου,
367 1010 412 1037 καὶ
429 1011 609 1047 προέρχονται
631 1008 704 1038 οὗτοι
732 1011 757 1041 οἱ
776 1011 823 1038 δύο
838 1011 912 1046 μόνοι

123 1055 155 1081 ὲν
171 1055 204 1090 τῇ
223 1054 391 1099 προελεύσει.

163 1145 209 1177 ιη’.
220 1142 266 1177 Τῷ
280 1142 308 1169 δὲ
338 1143 440 1178 Ἰουλίῳ
469 1143 534 1178 μηνὶ
560 1143 610 1177 τῆς
641 1143 727 1178 αὐτῆς
750 1143 913 1176 ινδικτιῶνος

125 1188 233 1224 γίνεται
249 1189 346 1220 ἐνωσις
360 1189 414 1216 τῶν
434 1189 618 1224 ἀποσχιστῶν.
845 1184 855 1193 ’

165 1235 207 1261 ιϐ’.
226 1234 271 1270 Τῷ
287 1234 315 1261 δὲ
332 1234 488 1270 Ὀκτωϐρίῳ
504 1235 570 1270 μηνὶ
596 1235 646 1271 τῆς
674 1235 695 1262 θ’
725 1237 914 1271 ὲπινεμήσεως

127 1278 310 1310 ὑποπτευθεὶς
324 1278 459 1312 Στέφανος
472 1280 485 1305 6
503 1280 652 1314 μάγιστρος
664 1280 700 1311 ὡς
716 1280 765 1314 τῆς
776 1280 914 1315 βασιλείας

126 1325 271 1359 ἐφιέμενος
287 1324 466 1359 ἀποκείρεται
494 1326 522 1351 ὲν
538 1327 571 1360 τῇ
599 1325 645 1351 τοῦ
673 1326 824 1360 ’Δντιγόνου
841 1327 914 1362 νήσῳ

126 1371 186 1405 ἃμα
206 1370 336 1404 Θεοφάνει
358 1370 496 1407 Τειχεώτῃ
511 1371 556 1397 καὶ
578 1371 676 1406 Παύλῳ
706 1372 915 1410 ὐρφοινοτρόφῳ

125 1418 184 1448 τοϊς
210 1416 364 1451 ἀνθρώποις
388 1417 481 1443 αὑτοῦ.
511 1417 595 1444 Πάλιν
629 1418 761 1453 μηνύεται
786 1419 915 1455 ἐπιϐουλὴ

129 1462 293 1498 μελετᾶσθαι
314 1462 385 1497 παρὰ
409 1463 547 1498 Ἀρσενίου
563 1464 609 1491 καὶ
635 1463 740 1490 Παύλου
764 1465 818 1491 τῶν
845 1473 915 1501 μαγ-

128 1510 267 1542 γλαόιτῶν
284 1517 290 1524 ·
317 1510 341 1536 οἳ
361 1510 407 1536 καὶ
430 1510 576 1545 τυφθέντες
599 1512 646 1541 καὶ
667 1511 848 1547 δημευθέντες
873 1513 916 1545 ἐξ·

127 1556 296 1591 ωρῐσθησαν.

166 1606 200 1630 χ’.
226 1603 372 1638 Ῥεντάκης
383 1604 397 1629 ὁ
415 1603 570 1634 Ἐλλάδικὺς
583 1603 745 1639 πατρολοῖας
759 1605 914 1639 γενόμενος,

127 1650 191 1676 ἐπεὶ
212 1649 301 1676 πάντα.
328 1650 364 1676 τὰ
387 1649 434 1676 τοῦ
453 1649 555 1684 πατρὸς
579 1650 704 1685 ἐληῗσατο
729 1649 777 1677 καὶ
793 1653 825 1686 τῇ
841 1651 917 1678 πόλει

128 1697 313 1732 προσέφυγεν,
343 1696 448 1722 ἐκεῖθεν
479 1695 586 1730 ψευδεῖς
610 1696 720 1731 γραφὰς
746 1697 917 1728 συσκευάσας

129 1742 200 1776 πρὸς
231 1741 400 1777 Βηυλγαρίαν
428 1743 580 1778 ἀποφυγεῖν
610 1742 732 1777 ἔμελλεν.
764 1742 917 1778 Κρατηϐεὶς

128 1783 176 1812 οὖν
189 1786 250 1816 τοὺς
265 1785 420 1820 ὀφθαλμοὺς
434 1785 619 1821 ἑξορύσσεται.

167 1834 220 1857 κε’.
240 1831 295 1857 Καὶ
317 1831 397 1858 πάλιν
422 1831 446 1857 οἱ
470 1831 619 1866 Βούλγαροι
638 1832 717 1867 μέχρι
733 1832 918 1868 Κατασυρτῶν

127 1876 302 1909 ἐξελαύνουσι
325 1876 393 1911 μετὰ
413 1876 461 1912 τὴν
485 1876 532 1902 τοῦ
555 1877 655 1908 Δουκδς
674 1877 850 1912 Ἀδραλὲστου
876 1886 919 1904 τε·

127 1923 239 1957 λευτὴν.
260 1922 443 1958 Προσοὶλλεται
469 1922 552 1954 Πόθος
571 1922 731 1957 δομέστικος
745 1923 798 1949 τῶν
817 1923 918 1958 σχολῶν

128 1971 144 1996 6
160 1968 207 1995 τοῦ
222 1968 365 2004 Ἀργυροῦ,
384 1969 431 1995 καὶ
453 1968 534 2004 μέχρι
555 1969 750 2004 Θερμοπόλεως
773 1970 842 2004 μετὰ
865 1971 919 1997 τῶν

128 2015 281 2050 ταγμάτων
308 2014 392 2041 ἐλθὼν
417 2014 561 2041 ἀπέστειλε
587 2015 696 2050 Μιχαὴλ
724 2016 770 2042 τὸν
788 2015 835 2042 τοῦ
855 2017 919 2043 Mm.

131 2062 194 2098 ρσλὲ
223 2063 232 2078 ⁷
259 2062 315 2089 υἱὺν
339 2063 401 2094 τοὺς
427 2062 596 2096 Βουλγάρους
613 2063 864 2098 κατασκοπὴσοντα.
890 2064 919 2090 '0

130 2109 162 2135 δὲ
184 2108 346 2143 ἀπροόπτως
366 2108 404 2143 τῷ
432 2108 504 2143 λόχῳ
529 2107 621 2135 αὐτῶν
646 2108 775 2144 ἐμπεσὼν
805 2110 921 2142 πολλοὺς

132 2154 184 2189 μὲν
200 2154 253 2180 τῶν
267 2153 427 2190 Βουλγάρων
449 2154 564 2186 ἀνεῖλεν,
588 2154 636 2182 καὶ
658 2155 738 2187 αὐτὸς
758 2155 786 2182 δὲ
803 2155 918 2190 πληγεὶς

131 2202 162 2228 ὲν
176 2202 209 2236 τῇ
228 2201 303 2227 πόλει
321 2200 449 2226 εἰσελθὼν
461 2200 644 2235 ἐτελεύτησεν.

170 2246 223 2280 κβ¹.
241 2245 324 2272 Πάλιν
340 2245 367 2272 δὲ
385 2239 517 2280 μηνύεται
538 2245 668 2280 ὲπιΰουλὴ
684 2246 753 2273 κατὰ
779 2247 919 2282 Ῥωμανοῦ

962 329 1089 364 pbylacto
1103 323 1218 364 patricio
1234 338 1267 358 ac
1275 331 1374 358 stabuli
1392 330 1503 363 comite,
1521 330 1628 365 illisque
1653 339 1744 359 come-

961 376 1102 408 dentibus,
1118 376 1256 411 ingressus
1280 377 1401 404 Joannes
1425 376 1548 403 Curcuas
1565 377 1745 404 excubiarum

961 422 1126 457 drungarius
1137 430 1199 450 eum
1216 423 1402 457 apparitorum
1416 422 1526 457 copiosa
1551 430 1633 449 manu
1652 430 1746 450 corre-

960 472 1023 503 ptos
1034 468 1107 500 illos,
1123 469 1199 502 quasi
1216 469 1261 502 qui
1275 469 1408 496 adversus
1423 468 1578 496 Romanum
1609 469 1748 496 machina-

962 521 1067 548 mntur,
1084 515 1119 543 ad
1133 515 1273 550 Opsicium
1288 516 1429 551 relegavit.

999 608 1044 635 17.
1059 607 1160 635 Mensis
1173 605 1345 641 Septembris
1360 605 1405 633 die
1418 609 1518 640 quarto
1540 612 1624 639 supra
1646 603 1746 639 vigesi-

963 662 1037 681 mum
1053 654 1193 681 Romanus
1202 652 1318 679 Caesaris
1334 650 1466 685 dignitate
1477 654 1610 680 ornatur;
1633 648 1748 676 mensis-

962 708 1016 734 que
1041 698 1200 726 Decembris
1227 698 1272 725 die
1299 697 1407 724 decimo
1443 695 1571 730 septimo,
1596 693 1747 721 indictione

963 749 1069 775 octava.
1081 751 1154 771 anno
1165 743 1245 773 6458.
1256 750 1271 770 a
1291 741 1472 770 Constantino
1484 744 1512 768 et
1529 739 1642 767 Nicolao
1663 737 1749 772 patri-

963 791 1045 818 archa
1064 788 1198 824 augustali
1225 796 1327 815 corona
1350 787 1487 819 donatur;
1513 792 1654 813 sacrorum
1683 783 1748 810 item

963 835 1205 870 Tireophauiorum
1224 833 1278 865 die,
1296 833 1440 860 Tlreodora
1456 832 1516 867 ejus
1540 838 1610 858 uxor
1626 829 1748 864 Augusta

964 887 1122 911 coronatur.
1135 880 1294 914 Eodemque
1314 879 1359 906 die
1384 877 1508 913 ejusdem
1538 875 1651 907 mensis,
1678 874 1749 902 indi-

964 929 1055 956 ctione
1072 933 1179 956 octava,
1196 925 1412 959 Christopborus
1434 922 1550 950 Romani
1576 920 1751 956 imperatoris

966 975 1038 1002 illius
1050 975 1201 1008 imperator
1216 972 1382 1003 declaratus,
1401 970 1459 1004 ipse
1472 967 1640 1003 quoque-die
1655 970 1751 993 sancto

966 1021 1143 1049 Pentecostes
1162 1018 1196 1045 ab
1219 1017 1386 1051 imperatore
1411 1014 1592 1043 Constantino
1612 1012 1751 1046 Augustus

967 1066 1119 1101 appellatur
1130 1073 1139 1097 -,
1150 1064 1286 1098 ambroque
1300 1062 1416 1090 solemni
1427 1069 1476 1096 per
1485 1060 1581 1088 urbem
1593 1066 1691 1094 pompa
1700 1058 1751 1086 soli

966 1115 1170 1148 processerunt.

1002 1159 1046 1185 l8.
1058 1158 1150 1185 Mense
1163 1157 1236 1185 Julio
1249 1155 1372 1191 ejusdem
1395 1153 1555 1181 indictionis
1567 1158 1662 1179 eorum
1675 1157 1751 1177 conp

967 1203 1049 1231 missa
1062 1203 1150 1231 unitio
1164 1207 1206 1230 est
1219 1202 1265 1237 qui
1281 1201 1357 1228 scissi
1375 1199 1501 1235 partibus
1513 1202 1603 1225 erant.

1004 1250 1046 1277 l9.
1063 1249 1154 1276 Mense
1170 1248 1293 1280 Octobri,
1314 1246 1465 1274 indictione
1479 1252 1560 1277 nona,
1578 1243 1605 1270 in
1619 1242 1754 1277 suspicio-

967 1305 1030 1324 nem
1047 1300 1160 1323 vocatus
1179 1295 1334 1329 Stephanus
1349 1292 1480 1328 magister
1505 1290 1584 1326 quasi
1604 1288 1753 1324 imperium

967 1344 1094 1374 ambiret,
1111 1343 1138 1369 in
1154 1341 1283 1376 Antigoni
1313 1339 1414 1371 insula,
1433 1345 1487 1364 una
1511 1344 1574 1364 cum
1595 1335 1676 1370 732
1695 1333 1754 1361 suis

968 1389 1127 1418 hominibus
1139 1387 1306 1422 Theophane
1319 1385 1444 1412 Tichiote
1461 1388 1489 1411 et
1504 1383 1588 1411 Paulo
1609 1381 1753 1416 Orphano-

969 1435 1078 1470 tropho,
1104 1433 1301 1461 monachorum
1331 1431 1385 1458 ritu
1413 1429 1519 1464 capillis
1544 1428 1676 1455 multatus
1700 1428 1753 1453 est.

968 1479 1131 1507 Denuntiata
1150 1485 1245 1504 rursus
1260 1475 1414 1511 conjuratio
1426 1473 1587 1501 auctoribus
1598 1470 1712 1499 Arsenio
1726 1472 1755 1496 et

969 1526 1054 1554 Paulo
1073 1523 1266 1560 manglabitis;
1282 1523 1330 1558 qui
1344 1525 1373 1549 et
1382 1520 1545 1549 verberibus
1556 1518 1647 1545 affecti
1659 1516 1755 1544 bonis»

970 1580 1022 1607 que
1037 1571 1184 1606 publicatis
1198 1569 1225 1596 in
1239 1569 1367 1596 exsilium
1379 1567 1454 1594 missi
1466 1569 1541 1593 sunt.

1003 1618 1048 1645 20.
1067 1618 1203 1644 Rerutaces
1218 1614 1374 1642 Helladicus
1389 1611 1527 1648 parricida
1545 1609 1670 1641 eifectus,
1681 1606 1755 1642 quod

968 1664 1054 1699 patris
1069 1663 1141 1690 bona
1157 1661 1249 1688 omnia
1264 1660 1429 1694 diripuerat,
1447 1658 1474 1684 in
1488 1657 1585 1684 urbem
1608 1654 1754 1690 profugus.

968 1710 1043 1738 falsis
1059 1709 1097 1736 ibi
1113 1708 1274 1742 compositis
1290 1705 1402 1737 tabulis,
1431 1704 1458 1731 in
1484 1702 1639 1738 Bulgariam
1665 1701 1756 1735 fugam

968 1756 1092 1792 parabat.
1109 1755 1213 1789 Captus
1231 1753 1324 1787 itaque
1336 1751 1425 1779 oculis
1437 1750 1552 1777 orbatus
1563 1752 1615 1775 est.

1003 1843 1047 1871 2|.
1062 1843 1167 1869 Rursus
1181 1848 1248 1868 vero
1278 1838 1404 1873 Bulgaris
1432 1836 1465 1864 ad
1494 1835 1649 1869 Catasyrtas
1670 1837 1757 1865 usque

968 1889 1190 1919 excurrentibus,
1205 1886 1278 1921 quod
1295 1885 1454 1912 Adrelastes
1468 1881 1523 1908 dux
1540 1879 1609 1906 vivis
1630 1884 1755 1905 excesse-

969 1939 1023 1965 rat.
1051 1934 1157 1961 Pollius
1183 1931 1279 1966 Argyri
1305 1929 1377 1956 illius
1403 1927 1559 1954 scholarum
1588 1921 1756 1950 domesticus

968 1979 1133 2016 prrelicitur;
1149 1977 1286 2010 ductoque
1299 1975 1332 2002 ad
1347 1971 1553 2006 Thermopolim
1576 1976 1663 2003 usque
1677 1974 1756 1995 exer-

970 2014 1038 2055 citu,
1052 2021 1167 2049 Michael
1192 2019 1303 2046 Marciis
1318 2018 1392 2045 ﬁlius
1406 2016 1438 2042 ad
1456 2015 1637 2049 Bulgarorum
1667 2014 1757 2038 castra

970 2067 1138 2105 exploranda
1152 2066 1264 2096 missus,
1280 2072 1314 2091 ex
1331 2061 1483 2097 improviso
1495 2060 1523 2087 in
1535 2059 1645 2086 illorum
1662 2057 1756 2091 lapsus

971 2122 1101 2146 cuneum,
1115 2113 1210 2141 multis
1222 2118 1318 2139 eorum
1329 2110 1417 2140 caesis,
1433 2106 1595 2134 vulneratus
1610 2103 1669 2138 ipse
1682 2105 1711 2129 et
1726 2101 1755 2126 iu

971 2162 1068 2190 urbem
1082 2161 1190 2188 delatus
1205 2158 1270 2186 fatis
1283 2155 1430 2184 concessit.

1006 2249 1050 2278 22.
1070 2249 1177 2275 Rursus
1204 2243 1406 2281 conjurationis
1437 2243 1464 2269 in
1492 2241 1647 2269 Romanum
1675 2234 1758 2264 delati

133 2292 187 2318 ὑπο
206 2291 383 2318 Ἆναστασιου
401 2291 572 2326 γενησομένη
589 2291 765 2327 σακελλαρίου
782 2293 829 2320 καὶ
855 2293 916 2320 Θεο-

972 2295 1132 2324 Anastasius
1142 2292 1302 2321 sacellarius
1309 2296 1337 2318 et
1354 2289 1546 2317 Theodoretus
1560 2283 1758 2314 cubicularius,

131 2338 257 2372 δωρήτου
271 2338 428 2364 κοιτωνίτου
454 2337 501 2364 καὶ
528 2338 684 2373 Δημητρίου
703 2341 919 2375 πρωτονοταρίου

132 2384 181 2411 τοῦ
195 2383 297 2410 εἰδικοῦ
317 2384 365 2410 καὶ
384 2383 471 2410 ἄλλων
491 2384 583 2416 τινῶν,
609 2384 646 2415 ὡς
662 2384 742 2419 δῆθεν
758 2386 828 2421 ὑπὲρ
843 2387 919 2412 Κων-

134 2431 275 2457 αταντὶνου
288 2429 419 2464 βασιλέως
433 2429 639 2465 ἀγωνιζόμενοι.
655 2431 843 2465 Ἐλεγχθέντες
857 2432 920 2459 kd-

133 2476 254 2512 φθησαν,
270 2476 316 2502 καὶ
327 2476 377 2511 τὴν
391 2475 476 2511 μέσην
491 2475 639 2507 διελθόντες
654 2475 850 2513 ὲξωρὶσθησσον.

171 2570 223 2600 κγ’.
238 2567 294 2601 Τῆς
310 2566 438 2601 τοιαύτης
458 2566 486 2592 δὲ
507 2566 670 2602 προφάσεως
684 2566 833 2602 λαϐόμενος
854 2567 922 2594 Ῥω-

135 2613 221 2646 pavo;
236 2612 282 2639 τὸν
315 2612 428 2648 βασιλέα
453 2613 656 2639 Κωνσταντίνον
687 2613 845 2645 ὐποὸιὸάζει
874 2615 922 2641 καὶ

134 2657 263 2691 δεύτερον
276 2656 374 2683 ἑαυτοῦ
387 2657 541 2692 καθίστησι.
556 2657 641 2684 Πάλιν
652 2656 698 2684 οὖν
711 2659 922 2694 ὲκστρατεύουσι

135 2703 288 2738 Βούλγαροι
316 2699 397 2739 μέχρι
418 2703 472 2729 τῶν
494 2703 658 2737 Μαγγλαὸά.
687 2704 775 2739 Ὅπερ
799 2705 892 2740 μαθὼν
909 2706 923 2732 6

136 2748 268 2782 βασιλεὺς
299 2748 438 2784 Ῥωμανδς
456 2749 583 2783 Ἰωάννην
610 2749 741 2784 ῥαικτορα
765 2741 923 2777 ἀποστέλλει

135 2793 198 2828 ἃμα
210 2794 303 2820 Λέοντι
324 2794 370 2820 καὶ
393 2794 470 2829 Πόθῳ
485 2795 540 2826 τοῖς
553 2795 705 2829 ’Λργυροῑς,
725 2794 834 2829 ἔχοντας
862 2797 921 2831 μεθ’

133 2839 244 2877 ἑαυτῶν
266 2838 366 2874 πλῆθος
393 2839 482 2865 ἱκανὸν
509 2839 540 2866 ἐκ
568 2849 596 2865 τε
622 2841 676 2867 τῶν
702 2841 849 2876 ταγμάτων
873 2842 920 2870 καὶ

973 2348 1081 2368 necnon
1090 2338 1244 2366 Demetrius
1255 2335 1346 2364 aerarii
1357 2334 1454 2370 privati
1471 2330 1685 2367 protonotarius,
1697 2327 1760 2355 alii-

974 2395 1028 2422 que
1051 2385 1187 2415 nonnulli,
1213 2383 1289 2409 Velut
1315 2381 1362 2416 qui
1391 2378 1571 2407 Constantino
1601 2372 1760 2410 imperatori

974 2417 1116 2468 suppetias
1126 2431 1200 2457 irent
1208 2430 1323 2464 ejusque
1336 2433 1418 2453 causa
1435 2425 1618 2451 decertarent.
1631 2417 1759 2448 Convicti

974 2463 1050 2509 vero,
1071 2475 1229 2503 verberibus
1251 2472 1341 2500 affecti
1361 2471 1485 2504 urbeque
1513 2467 1602 2495 media
1629 2463 1759 2495 traducti,

974 2523 1072 2551 exsilio
1090 2520 1203 2556 relegati
1220 2522 1295 2547 sunt.

1009 2568 1054 2595 9.5.
1067 2567 1123 2594 Hac
1145 2554 1284 2593 llomanus
1296 2567 1404 2596 arrepta
1428 2557 1584 2588 occasione,
1599 2563 1631 2583 ac
1647 2554 1761 2590 pericu-

975 2615 1031 2641 lum
1052 2616 1215 2647 praetexens,
1233 2607 1445 2636 Constantinum
1469 2604 1661 2638 imperatorem
1684 2599 1760 2634 deje-

975 2646 1187 2687 ctuurseeuudo
1203 2656 1282 2691 733
1297 2663 1312 2682 a
1324 2662 1353 2681 se
1367 2654 1428 2680 loco
1443 2651 1518 2678 facit.
1534 2650 1641 2692 ﬁursus
1667 2646 1759 2680 itaque

976 2707 1154 2741 Bulgarorum
1167 2703 1201 2731 ad
1224 2700 1364 2737 blanglaba
1382 2706 1467 2734 usque
1493 2694 1632 2741 excursio,
1658 2693 1760 2719 Roma-

975 2761 1029 2780 nus
1044 2760 1073 2779 rc
1087 2754 1226 2785 comperta
1239 2749 1371 2777 Joannem
1390 2749 1525 2773 rectorem
1547 2749 1609 2769 cum
1625 2739 1716 2766 Leone
1732 2741 1761 2763 et

976 2798 1063 2826 l’otho
1078 2797 1201 2832 Ar’gyris.
1215 2794 1296 2829 iustis
1311 2792 1398 2828 copiis
1413 2791 1562 2818 instructos
1583 2793 1616 2813 cx
1642 2782 1759 2819 agmini-

974 2844 1026 2871 bus
1040 2848 1068 2870 ct
1082 2830 1231 2874 fied-eratis,
1251 2842 1382 2875 impetum
1412 2839 1574 2870 excepturos
1595 2830 1689 2859 mill7t.
1704 2830 1762 2858 Una

791 2900 906 2930 VARL'I'I
920 2901 1121 2930 LECTiOles.

171 2936 180 2951 '
199 2938 222 2969 η’
241 2942 333 2970 margo
350 2933 377 2961 l‘.
417 2933 426 2947 ⁷
442 2933 650 2969 Μωρολέοντοςῖ
