1999 3165
100 186 147 218 801

309 185 493 217 ANNALES.
507 198 541 202 -
562 185 768 215 CONSTANT.
790 184 976 215 PORPHYR.
996 185 1043 215 ET
1063 184 1247 223 ROMANUS
1266 183 1496 214 LACAPENUS.

1675 185 1731 218 $02

100 241 254 276 διαπτῆναι,
278 241 362 268 Τοῦτο
381 240 504 276 ἀκριϐῶς
521 242 544 267 ot
570 241 604 267 τὰ
620 240 734 266 τοιαῦτα
752 240 886 267 σκοποῦν-

955 241 1150 281 l_angorcmque
1179 239 1293 268 edentes
1321 239 1454 269 coivisse.
1489 246 1521 266 ac
1557 239 1638 275 739
1669 248 1732 267 mox
1761 251 1780 278 -ε

101 295 143 318 τες
155 287 185 312 οὐ
213 286 294 312 καλὸν
321 286 430 321 ἔκριναν
447 285 554 312 οἰωνόν·
571 285 747 320 ἀσυμϐάτως
769 285 823 320 γὰρ
837 285 884 311 ἐπὶ

101 332 131 366 τῇ
147 331 242 366 είρήνῃ
261 331 431 365 ἀμφοτέρους
452 330 665 365 διαλυθήσεςθαι
692 330 809 365 ἕιρησαν.
830 331 882 356 Συ-

103 375 172 411 μεὼν
190 377 218 403 δὲ
233 377 263 403 τὸ
274 377 356 403 αὑτοῦ
374 376 555 412 στρατόπεδον
572 375 733 403 καταλαϐὼν
749 373 804 407 τοῖς
819 377 885 403 ἑαυ-

102 422 146 449 τοῦ
157 424 302 458 μεγιστᾶσι
319 424 369 458 τὴν
384 423 431 450 τοῦ
448 423 580 459 βασιλέως
602 423 753 458 ἀπήγγειλε
778 421 887 449 σύνεσιν

103 470 148 495 καὶ
161 469 335 501 ταπείνωσιν,
349 467 486 502 ἑξεθείαζέ
500 478 529 496 τε
552 468 635 495 αὐτοῦ
652 469 682 495 τό
700 477 730 495 τε
749 466 817 500 εἶδος
841 469 889 495 καὶ

101 516 149 549 τὴν
166 514 261 550 ῥώμην
272 517 319 541 -καὶ
334 515 363 541 τὸ
374 515 585 550 ἀκατάπληκτον
597 514 645 542 τοῦ
664 515 850 549 φρονήματος.

103 562 274 596 imperatoris
303 562 466 596 sapientiam
502 567 531 589 et
558 562 721 589 modestiam
753 562 780 588 in
812 569 958 595 procerum
994 570 1109 590 suorum
1149 563 1269 590 concilio
1296 570 1424 590 sermone
1459 566 1640 598 prosecutus,

939 286 1016 313 facto,
1041 286 1162 312 divortio
1192 285 1308 312 alteram
1341 284 1454 319 quidem
1481 283 1578 311 urbem
1605 285 1733 318 petiisse,

938 333 1051 359 alteram
1069 332 1097 359 in
1113 332 1262 359 Thraciam
1282 339 1436 366 pennarum
1459 331 1574 366 remigio
1593 338 1653 358 sese
1675 331 1736 358 sub-

939 378 1061 406 duxissc.
1089 379 1145 406 Nec
1169 379 1226 406 hmc
1247 378 1330 405 fausti
1354 377 1457 405 ominis
1479 378 1601 413 judicata
1628 377 1663 404 iis
1676 377 1736 412 qui-

940 424 993 452 bus
1015 425 1171 452 istiusmodi
1188 425 1326 452 curiosius
1348 424 1481 451 rimandis
1502 423 1610 451 addieta
1635 431 1735 458 opera;

941 477 1040 504 nempe
1065 469 1208 498 discordes
1232 470 1290 498 fore
1315 469 1473 505 infectaque
1495 477 1653 496 recessuros
1669 476 1738 503 pace

941 515 1083 550 principes
1103 515 1274 543 divinavere.
1303 514 1423 551 Symeon
1446 515 1472 542 in
1495 519 1584 542 castra
1608 521 1740 542 reversus

1680 561 1739 589 for-

103 616 226 643 mamque
244 613 269 636 et
286 609 371 636 robur
389 612 417 636 et
435 608 628 644 imperculsum
645 608 766 635 animum
785 607 939 636 liberaliter
953 609 1086 637 laudavit.

94 663 101 683 ι
136 655 186 684 λα’.
202 656 274 691 Μηνὶ
293 656 452 691 Δεκεμὸρίῳ
474 658 512 682 κε’
528 655 641 690 ἔστεψεν
665 655 806 690 Ῥωμανὸς
828 656 893 686 τοὺς

104 705 175 736 υἱοὺς
197 703 280 730 αὑτοῦ
294 705 323 730 ὲν
337 705 370 739 τῇ
395 704 509 740 Μεγάλῃ
526 704 670 739 ἐκκλησίᾳ,
691 704 827 738 Στέφανον
846 703 894 730 καὶ

104 751 315 777 Κωνσταντϊνον.
333 750 385 776 Τὸν
403 750 430 776 δὲ
444 750 638 785 Θεοφύλακτον
656 750 702 776 τὸν
721 750 779 776 υἱον
798 749 891 782 αὑτοῦ,

105 796 229 832 εὐνοῦχον
243 796 318 828 ὄντα,
345 796 472 831 ἐποίησεν
494 796 625 832 κληρικον
648 796 662 822 6
686 795 821 827 Νικόλαος
844 796 892 822 καὶ

106 843 250 877 σῦγκελλον
271 842 526 878 προχειρισάμενος,
558 842 709 877 χειροτονεῖ
730 841 758 868 δὲ
775 841 890 869 ὑποδια-

106 897 182 916 κονον
185 907 193 915 ο

139 977 188 1014 λβ’.
198 979 238 1014 Τῇ
247 977 274 1005 δὲ
285 977 313 1004 ιε’
321 974 368 1004 τοῦ
378 977 466 1004 Μαΐου
479 977 574 1013 μηνὺς,
594 976 759 1009 ίνδικτιῶνος
767 976 791 1012 γ’
803 977 835 1010 ιι,
848 986 895 1004 τε-

107 1024 210 1060 λευτᾷὸ
224 1023 396 1059 πατριάρχης
405 1023 547 1056 Νικόλαος,
556 1024 695 1059 κρατήσας
704 1024 732 1050 ὲν
741 1025 773 1059 τῇ
783 1023 897 1059 δευτέρᾳ

106 1069 186 1097 αὑτοῦ
194 1068 326 1097 ἀναϐάσει
335 1068 382 1094 τοῦ
392 1068 587 1104 πατριαρχείου
596 1069 617 1085 ¹¹
627 1068 674 1104 ἐτη
684 1067 728 1103 ιγ’,
738 1069 785 1096 καὶ
796 1069 897 1107 θάπτε-

105 1123 150 1142 ται
162 1116 191 1142 ἐν
202 1116 235 1150 τῇ
249 1113 292 1150 [Ρ.
302 1113 366 1150 4861
379 1115 446 1149 μονῇ
457 1114 540 1141 αὐτοῦ
552 1114 605 1141 τῶν
614 1114 807 1150 Γαλακρηνῶν.
818 1114 862 1148 Τῷ
868 1115 897 1141 δὲ

105 1160 252 1196 Αὐγούστῳ
270 1161 334 1196 μηνὶ
350 1160 485 1195 Στέφανος
502 1161 516 1187 ὁ
538 1161 688 1196 Ἀμασείας
715 1161 844 1196 εὐνοῦχος
859 1161 897 1188 ὣν

107 1207 209 1242 γίνεται
237 1207 421 1243 πατριάρχης.
451 1206 578 1242 Ἰωάννης
604 1207 633 1233 δὲ
658 1207 671 1233 6
695 1206 826 1242 μυστικὸς
849 1207 897 1234 καὶ

107 1251 363 1287 παραδυναστεύων,
380 1252 441 1278 ἐπεὶ
461 1252 532 1278 κατὰ
554 1251 601 1278 τοῦ
630 1251 760 1287 βασιλέως
787 1253 897 1287 φρονεῖν

106 1298 236 1333 ἠλέγχθη,
250 1299 323 1333 φυγῇ
333 1298 506 1334 χρησάμενος
524 1299 553 1324 ὲν
566 1300 598 1333 τῇ
616 1299 665 1333 τῆς
680 1298 896 1325 Μονακαστάνου

106 1342 283 1378 ἀποκείρεται
308 1345 386 1380 μονῇ.
407 1344 614 1374 Κωνσταντῖνος
629 1343 658 1370 δὲ
675 1343 689 1369 6
707 1342 754 1370 τοῦ
769 1343 849 1370 Βοῖλα
867 1344 896 1370 ὲν

106 1387 146 1422 τῷ
168 1387 298 1424 Ὀλύμπῳ
321 1389 511 1425 ἀποκείρεται.
534 1388 720 1424 Προῦάλλεται
745 1389 774 1415 δὲ
791 1390 805 1415 6
821 1389 897 1424 βασι-

107 1434 169 1467 λεὺς
189 1434 328 1470 Ῥωμανὸς
345 1435 486 1471 Θεοφάνην
507 1435 756 1471 πρωτοὸεστιάριον
777 1435 898 1470 παραδυ-

108 1480 285 1508 ναστεύοντα.
302 1481 409 1508 Γίνεται
427 1481 456 1508 δὲ
475 1482 535 1508 τότε
554 1481 665 1516 σεισμὸς
688 1480 803 1517 φοϐερὸς
815 1482 845 1508 ὲν
858 1481 897 1516 τῷ

106 1525 161 1552 τῶν
172 1525 335 1562 Θρᾳκησίων
347 1527 457 1562 θέματι,
469 1528 516 1554 καὶ
526 1527 620 1563 χάσμα
636 1527 688 1562 γῆς
705 1527 777 1563 μέγα
787 1527 836 1554 καὶ
846 1535 897 1554 κα-

106 1572 303 1607 ταπληκτικὸν,
318 1573 357 1604 ὡς
370 1573 455 1600 πολλὰ
470 1573 558 1610 χωρία
572 1574 619 1600 καὶ
629 1573 778 1608 ἐκκλησίας
794 1573 896 1605 αὐτάν-

107 1618 186 1652 δρους
199 1619 413 1654 καταπτωθῆναι
433 1619 465 1646 ’³.
637 1612 639 1618 Ι

979 657 1024 684 51.
1050 657 1151 684 Mensis
1174 657 1334 684 Decembris
1356 657 1454 692 quinto
1478 665 1561 692 supra
1577 658 1740 693 vigesimum

944 701 1086 730 Romanus
1102 703 1254 737 imperator
1271 703 1342 730 ﬁlios
1358 710 1424 730 suos
1438 703 1605 738 Stephanum
1625 707 1653 730 et
1667 703 1740 731 Con—

944 747 1095 775 stantinum
1137 748 1165 774 in
1199 748 1294 782 Magna
1326 748 1443 775 ecclesia
1474 748 1610 784 augustali
1640 755 1742 776 corona

944 793 1081 826 donavit;
1119 793 1357 828 Theophylactum
1388 798 1480 821 autem
1513 795 1574 828 ejus
1611 794 1677 821 item
1710 795 1742 820 li-

945 839 1030 871 lium,
1058 839 1104 874 qui
1126 839 1211 874 spado
1231 843 1324 872 esset,
1352 839 1482 867 Nicolaus
1509 840 1574 867 fecit
1597 840 1741 873 clericum,

947 886 1155 921 syncellumque
1195 885 1349 921 praaﬁciens
1395 886 1619 922 hypodiaconum
1664 887 1742 915 ordi-

912 944 933 972 Β
947 932 1035 960 navit.

982 979 1026 1006 52.
1047 979 1147 1006 Mensis
1172 979 1235 1006 Maii
1262 979 1307 1006 die
1331 979 1429 1014 quinto
1454 978 1570 1011 decimo,
1592 978 1744 1007 indictione

946 1025 1037 1057 tertia,
1067 1025 1186 1052 moritur
1209 1025 1338 1052 Nicotaus
1364 1024 1536 1060 patriarcha,
1555 1025 1743 1060 patriarchatu

945 1068 1050 1103 potitus
1086 1076 1173 1096 annos
1205 1069 1438 1104 quatuordecim,
1470 1077 1504 1096 ex
1533 1077 1588 1104 quo
1621 1070 1745 1097 secundo

946 1114 1040 1141 sedem
1070 1114 1255 1146 conscendit;
1291 1115 1481 1150 sepeliturque
1517 1114 1546 1142 in
1574 1116 1744 1143 monasterio

947 1167 997 1187 suo
1027 1159 1256 1188 Galacrenorum.
1283 1161 1376 1189 Mense
1410 1166 1503 1189 autem
1530 1162 1655 1197 Augusto
1682 1161 1743 1189 Ste-

946 1207 1054 1242 phanus
1077 1207 1201 1234 Amaseaa
1224 1208 1410 1243 metropolita,
1439 1208 1498 1243 ipse
1516 1208 1674 1241 eunuchus,
1698 1216 1746 1244 pa-

948 1252 1068 1280 triarcha
1088 1258 1209 1280 creatur.
1228 1254 1312 1281 Porro
1324 1254 1444 1281 Joannes
1457 1254 1591 1290 mysticus
1603 1259 1630 1282 et
1643 1255 1746 1282 subad-

943 1299 1020 1334 juva,
1050 1299 1124 1334 quod
1152 1307 1197 1326 res
1227 1307 1314 1328 novas
1343 1300 1434 1327 moliri
1461 1307 1493 1327 ac
1515 1300 1673 1336 imperatori
1700 1301 1744 1328 in-

946 1343 1042 1371 sidiari
1065 1344 1210 1372 convictus
1236 1345 1328 1380 fugam
1357 1345 1475 1379 inierat,
1505 1347 1532 1373 in
1557 1346 1744 1374 Monocastani

947 1390 1115 1418 monasterio
1141 1391 1270 1418 monachi
1298 1391 1354 1419 ritu
1380 1392 1522 1419 tondetur.
1546 1391 1747 1420 Constantinus

948 1434 1014 1463 item
1043 1436 1142 1464 Boelas
1163 1437 1192 1464 in
1215 1436 1332 1473 Olympo
1354 1438 1517 1473 capillorum
1546 1438 1622 1466 cultu
1649 1437 1747 1464 multa-

947 1484 1004 1508 tur.
1028 1482 1146 1510 Praeticit
1172 1491 1239 1511 vero
1270 1484 1414 1512 Romanus
1442 1485 1594 1519 imperator
1615 1483 1748 1519 subadju-

947 1535 1008 1554 vam
1039 1527 1237 1564 Theophanem
1263 1530 1517 1565 protovestiarium,
1540 1538 1595 1565 quo
1623 1534 1747 1565 tempore

947 1573 1130 1602 formidabilis
1158 1579 1237 1604 terrae
1260 1576 1341 1612 740
1364 1581 1456 1604 motus
1481 1576 1509 1603 in
1533 1575 1747 1603 Thracesiorum

913 1616 936 1646 C
953 1619 1073 1648 themate
1098 1621 1216 1654 accidit,
1244 1621 1395 1657 ingensque
1416 1626 1496 1650 terra:
1522 1622 1615 1650 hiatus
1639 1630 1671 1650 ac
1691 1626 1748 1650 ter-

107 1663 214 1696 riﬁcas,
233 1670 265 1692 ut
288 1665 373 1693 multa
397 1665 498 1701 praedia
519 1669 548 1693 et
569 1665 628 1694 loca
655 1673 688 1694 ac
713 1665 838 1694 ecclesiae
858 1665 969 1701 virique
991 1667 1020 1694 in
1038 1667 1080 1694 eis
1098 1668 1266 1696 absorbente
1292 1673 1368 1696 vasta
1397 1669 1527 1704 voragine
1554 1670 1659 1705 pariter
1681 1677 1746 1704 per-

108 1710 206 1738 ierint.

143 1755 194 1791 λγ’.
209 1757 284 1792 Μηνὶ
309 1757 390 1792 Μαΐῳ
422 1757 474 1789 κζ’,
489 1757 654 1790 ἰνδικτιῶνος
671 1758 706 1790 tt,
738 1758 865 1793 Ἰωάννης
884 1758 899 1785 6

107 1801 276 1837 ἀστρονόμος
291 1801 368 1830 εἶπεν
388 1803 523 1839 Ῥωμανῷ
539 1803 578 1839 τῷ
593 1804 697 1839 βασιλεῖ
709 1805 751 1832 ὅτι
768 1804 804 1832 Ἡ
816 1806 900 1831 ιστα-

104 1847 184 1882 μένη
199 1846 298 1881 στήλη
311 1846 409 1874 ἐπάνω
423 1847 477 1882 τῆς
494 1847 630 1882 καμάρας
651 1848 705 1875 τοῦ
719 1848 899 1882 Ξηρολόφου

107 1890 159 1918 καὶ
172 1890 221 1918 ἐπὶ
238 1889 357 1925 δυσμὰς
366 1891 530 1923 βλέπουσα
545 1891 598 1918 τοῦ
614 1891 736 1926 Συμεών
753 1892 830 1919 ἐστι’
849 1891 899 1918 καὶ

106 1937 135 1964 ει
157 1936 266 1972 ταύτης
283 1937 340 1971 τὴν
350 1937 649 1972 κεφαλὴνέκκόψεις,
667 1936 705 1972 τῇ
714 1937 792 1972 αὐτῇ
805 1937 866 1972 ὥρᾳ
883 1939 900 1964 ό

107 1982 235 2017 Συμεὼν
252 1982 388 2016 τελευτᾷ.
410 1983 585 2015 Ἀποστείλας
604 1981 651 2010 οὖν
679 1984 693 2010 6
717 1983 843 2018 βασιλεὺς
866 1984 900 2019 τῇ

106 2029 189 2056 νυκτὶ
202 2029 252 2064 τὴν
267 2029 386 2065 κεφαλὴν
401 2031 451 2064 τῆς
479 2029 581 2064 στήλης
598 2029 711 2064 ἐξέκοψε
724 2038 731 2045 ·
745 2030 793 2056 καὶ
808 2031 842 2066 τῇ
854 2029 903 2056 αὑ-

106 2076 143 2111 τῇ
154 2074 217 2110 ὥρᾳ
226 2075 240 2100 6
251 2074 364 2109 Συμεὼν
373 2075 413 2106 εἰς
429 2075 599 2110 Βουλγαρίαν
610 2074 780 2109 ἐτελεύτησε,
799 2075 902 2110 Πέτρον

107 2121 155 2147 τὸν
167 2120 226 2146 υἱὸν
240 2119 323 2146 αὐτοῦ
338 2120 540 2155 προϐαλόμενος
554 2120 685 2157 ἄρχοντα,
695 2120 724 2147 6v
734 2121 767 2146 ὲκ
781 2119 830 2154 τῆς
837 2120 899 2147 δευ-

107 2167 194 2202 τέρας
210 2166 294 2193 αὐτοῦ
314 2167 444 2201 γυναικὸς
460 2164 548 2202 εἶχεν·
567 2166 679 2202 Μιχαὴλ
695 2167 724 2193 δὲ
738 2167 784 2193 τὸν
803 2167 835 2193 ὲκ
851 2168 900 2202 τῆς

109 2213 251 2250 προτέρας
268 2213 342 2248 αὐτῷ
361 2213 506 2248 γενόμενον
523 2213 653 2247 γυναικὸς
666 2213 797 2248 ἀπέκειρε
819 2221 902 2248 μονα-

985 1757 1029 1785 35.
1063 1757 1165 1787 Mensis
1188 1757 1252 1786 Maii
1274 1758 1320 1786 die
1337 1758 1456 1793 septimo
1473 1765 1558 1793 supra
1571 1759 1747 1794 vigesimum.

950 1805 1103 1833 indictione
1120 1805 1217 1840 quinta
1235 1805 1351 1838 decima,
1371 1806 1411 1833 ait
1429 1806 1550 1834 Joannes
1571 1810 1750 1833 astronomus

951 1851 1112 1886 imperatori
1129 1860 1136 1878 :
1162 1851 1227 1884 Quae
1249 1859 1330 1887 super
1347 1851 1489 1887 Xeroloplu‘
1507 1852 1634 1887 fornicem
1661 1857 1749 1879 erecta

951 1901 1040 1924 statua
1063 1900 1118 1929 est,
1145 1905 1222 1924 uersa
1248 1897 1315 1932 facie
1335 1897 1371 1924 ad
1403 1897 1580 1929 occidentem,
1610 1896 1748 1932 Symeom's

953 1942 1042 1979 ﬁgura
1061 1947 1110 1970 est.
1134 1943 1199 1978 Ejus
1220 1948 1299 1979 caput
1324 1944 1348 1971 si
1370 1944 1506 1976 excideris,
1531 1945 1590 1979 ipsa
1612 1944 1677 1970 hora
1700 1943 1750 1979 Sy-

957 1997 1034 2016 meon
1053 1989 1122 2016 diem
1147 1990 1237 2017 obibit.
1261 1989 1344 2019 Misso
1369 1989 1462 2024 itaque
1491 1994 1575 2017 noctu
1599 1989 1750 2025 imperator

954 2034 1083 2062 ministro
1107 2039 1204 2063 statua:
1227 2039 1310 2070 caput
1334 2035 1470 2067 abstulit,
1500 2035 1654 2070 eademque
1681 2035 1749 2063 hora

956 2078 1075 2118 Symeon
1090 2081 1119 2109 in
1138 2081 1267 2117 Bulgaria
1286 2081 1399 2114 occidit,
1421 2081 1504 2109 Petro
1529 2081 1596 2115 filio,
1618 2089 1700 2117 quem
1715 2089 1750 2109 ex

953 2127 1076 2155 secundo
1101 2132 1163 2155 toro
1187 2131 1363 2162 susceperat,
1393 2127 1520 2162 principe
1550 2127 1694 2162 designato
1719 2135 1750 2155 ac

954 2179 1127 2206 successore,
1153 2173 1286 2201 Michaele
1310 2181 1376 2200 vero
1401 2181 1436 2200 ex
1457 2174 1550 2208 priore
1575 2181 1661 2201 uxore
1685 2179 1751 2200 nato

955 2219 984 2246 in
1012 2219 1177 2246 monachum
1201 2223 1320 2246 attonso.
1347 2219 1468 2247 Joannes
1496 2227 1580 2254 porro
1604 2223 1631 2246 et
1654 2219 1752 2255 Benja-

107 2261 170 2296 χον.
192 2260 318 2295 Ἰωάννης
331 2260 360 2286 δὲ
372 2260 420 2287 καὶ
446 2259 574 2294 Βενιαμὶν
589 2261 613 2286 οἱ
632 2259 679 2286 τοῦ
705 2259 808 2295 Πέτρου
823 2258 898 2286 ἁδελ-

956 2265 1014 2292 min
1028 2265 1173 2300 epistolam
1185 2265 1328 2301 Bulgarice
1343 2265 1474 2301 scriptam
1491 2266 1655 2293 attulerunt.

108 2308 158 2342 φοι
175 2307 319 2343 ἐπιστολὴν
334 2307 497 2343 ἐκομίσαντο
517 2307 718 2343 Βουλγαρικήν.

145 2353 195 2382 λδ’.
213 2354 254 2380 Τὰ
272 2353 363 2390 κύκλῳ
375 2351 421 2381 οὖν
434 2353 498 2388 ἔθνη
511 2353 562 2390 τὴν
577 2353 624 2380 τοῦ
642 2353 756 2388 Συμεὼν
773 2353 905 2389 μαθόντες

107 2400 254 2436 τελευτὴν,
272 2400 299 2427 οῖ
310 2409 338 2427 τε
353 2400 489 2435 Χροϐἀτοι
503 2400 551 2427 καὶ
571 2401 595 2426 oi
611 2400 712 2434 λοιποὶ,
731 2400 801 2426 κατὰ
816 2400 902 2426 Βούλι-

108 2448 207 2484 γᾶρων
224 2449 310 2475 κινεῖν
327 2447 469 2474 ἐϐούλοντο
483 2456 489 2464 ’
513 2446 594 2482 λιμοῦ
624 2447 654 2474 δὲ
681 2447 810 2482 μεγίστου
835 2447 906 2482 μετὰ

108 2495 159 2521 καὶ
172 2493 292 2529 ἀκρίδων
307 2493 357 2530 τὴν
373 2494 544 2530 Βουλγαρίαν
559 2493 737 2526 ἑκπιέζοντος
747 2514 755 2526 ,
769 2493 905 2520 ἐδεδίεσαν

108 2539 162 2566 καὶ
179 2539 280 2575 μᾶλλον
295 2539 343 2575 τὴν
352 2540 406 2567 τῶν
425 2540 570 2575 Ῥωμαίων
585 2539 739 2567 ὲπέλευσιν.
760 2538 842 2566 Ὅθεν
858 2539 906 2566 καὶ

109 2585 186 2613 κατὰ
219 2585 376 2622 Ῥωμανίαν
391 2586 607 2622 ὲκστρατεύουσι
621 2587 669 2614 καὶ
694 2588 728 2622 τῇ
750 2586 906 2622 Μακεδονίᾳ

111 2633 376 2668 καταλυμαίνονται.
397 2634 429 2660 Οἱ
445 2633 474 2660 δὲ
487 2633 639 2669 Βούλγαροι
659 2633 710 2670 τὴν
728 2633 796 2669 πρὸς
808 2633 907 2665 αὐτοὺς

109 2678 255 2712 ἑξέλευσιν
277 2679 325 2706 τοῦ
357 2679 488 2714 βασιλέως
514 2680 680 2712 ἀκούσαντες
705 2680 769 2714 περὶ
796 2680 907 2715 εἰρήνης

110 2726 302 2760 φροντίζουσι,
315 2727 364 2753 xui.
385 2727 721 2763 ἀποστέλλουσιμοναχόν
736 2736 797 2754 τινα
818 2726 906 2754 Kale—

111 2770 197 2807 κῦριν
240 2772 453 2808 ὀνομαζόμενον,
498 2773 680 2809 ’Λρμενιακὸν
692 2773 731 2809 τῷ
759 2774 850 2808 γένει’
878 2772 908 2804 ὃς

112 2818 193 2853 παρὰ
208 2818 257 2845 τοῦ
274 2818 407 2854 βασιλέως
430 2819 620 2855 ἀσμενέστατα
635 2820 742 2856 δεχθεὶς
766 2819 815 2856 τὴν
831 2819 907 2854 εἰρή-

992 2356 1037 2383 54.
1064 2356 1165 2384 Audita
1194 2355 1288 2391 itaque
1317 2355 1462 2392 Symeonis
1488 2361 1577 2384 morte
1603 2357 1752 2384 circumvi-

957 2402 1027 2430 cina:
1049 2402 1188 2434 nationes,
1213 2401 1346 2430 Chrobati
1371 2403 1476 2437 pariter
1499 2410 1531 2429 ac
1560 2402 1676 2437 reliqui,
1701 2402 1751 2428 ad-

957 2454 1068 2475 versum
1087 2447 1220 2482 Bulgaros
1236 2447 1340 2475 bellum
1358 2455 1471 2475 movere
1482 2447 1650 2482 cogitabant.
1667 2447 1752 2474 Cum-

958 2501 1012 2529 que
1034 2493 1121 2521 fames
1143 2493 1260 2520 maxima
1281 2500 1314 2520 ac
1334 2493 1503 2521 locustarum
1533 2492 1577 2520 vis
1595 2492 1752 2528 Bulgariam

959 2540 1020 2569 dire
1046 2544 1186 2575 premeret
1211 2544 1240 2567 et
1263 2539 1413 2575 afﬂigeret,
1443 2541 1632 2567 Romanorum
1663 2540 1691 2567 in
1723 2547 1753 2567 se

961 2586 1096 2621 impetum
1131 2593 1164 2613 ac
1195 2585 1394 2621 grassationem
1434 2586 1520 2621 magis
1555 2585 1752 2613 formidabant.

960 2633 1067 2660 Idcirco
1092 2632 1131 2659 illi
1158 2640 1269 2667 quoque
1289 2632 1477 2660 Macedoniam
1496 2632 1633 2667 populari.
1652 2632 1753 2660 Audita

961 2685 1052 2708 autem
1086 2679 1260 2714 imperatoris
1286 2679 1314 2706 in
1342 2686 1391 2706 eos
1417 2678 1593 2714 expeditione
1623 2678 1658 2706 de
1686 2685 1753 2713 pace

958 2726 1081 2758 solliciti,
1097 2726 1264 2753 monachum
1289 2725 1437 2760 quemdam
1459 2725 1550 2760 patria
1577 2724 1752 2756 Armenium.

957 2770 1109 2807 Calosyrim
1134 2771 1257 2803 nomine,
1281 2771 1406 2799 mittunt.
1433 2770 1584 2805 Susceptus
1605 2770 1638 2796 ab
1663 2769 1754 2804 impe-

958 2823 1053 2846 ratore
1085 2818 1274 2853 placidissime
1309 2818 1434 2854 legatus,
1473 2825 1539 2853 pace
1573 2816 1753 2849 conﬁrmata,

772 2867 887 2899 VARUE
908 2867 1103 2895 LECTIONES

151 2914 175 2931 ἰ
192 2913 230 2952 γ’]
260 2913 294 2949 ιγ’
309 2922 404 2952 margo
420 2915 451 2944 P.
490 2917 511 2934 η
525 2915 697 2953 πατριάρχου
712 2915 741 2944 P.
784 2915 804 2932 "
820 2914 1007 2960 καταποθῆναι
1029 2922 1055 2950 p.
1073 2913 1125 2942 58?.
1137 2921 1164 2943 ε.
