  <div class='ocr_page' id='page_1' title='image "/cluster/home/n/w/nwhite01/storage/ocr_20150623/109/njp.32101077772927/424.png"; bbox 0 0 2009 3164; ppageno 0'>
   <div class='ocr_carea' id='block_1_1' title="bbox 136 189 189 220">
    <p class='ocr_par' dir='ltr' id='par_1_1' title="bbox 136 189 189 220">
     <span class='ocr_line' id='line_1_1' title="bbox 136 189 189 220; baseline 0.038 -2"><span class='ocrx_word' id='word_1_1' title='bbox 136 189 189 220; x_wconf 79' lang='grc' dir='ltr'><strong>8ὓ9</strong></span> 
     </span>
    </p>
   </div>
   <div class='ocr_carea' id='block_1_2' title="bbox 347 188 1540 223">
    <p class='ocr_par' dir='ltr' id='par_1_2' title="bbox 347 188 1540 223">
     <span class='ocr_line' id='line_1_2' title="bbox 347 188 1540 223; baseline 0.005 -6"><span class='ocrx_word' id='word_1_2' title='bbox 347 189 530 219; x_wconf 69' lang='lat' dir='ltr'><strong>ANNALES.</strong></span> <span class='ocrx_word' id='word_1_3' title='bbox 558 201 591 204; x_wconf 74' lang='lat'><strong>—</strong></span> <span class='ocrx_word' id='word_1_4' title='bbox 611 188 818 220; x_wconf 67' lang='lat' dir='ltr'><strong>CONSTANT.</strong></span> <span class='ocrx_word' id='word_1_5' title='bbox 838 189 1029 221; x_wconf 79' lang='lat' dir='ltr'><strong>PORPHYR.</strong></span> <span class='ocrx_word' id='word_1_6' title='bbox 1049 192 1096 221; x_wconf 85' lang='lat' dir='ltr'><strong>ET</strong></span> <span class='ocrx_word' id='word_1_7' title='bbox 1117 192 1302 223; x_wconf 80' lang='lat' dir='ltr'><strong>ROMANUS</strong></span> <span class='ocrx_word' id='word_1_8' title='bbox 1320 193 1540 223; x_wconf 74' lang='lat' dir='ltr'><strong>LACAPENUS</strong></span> 
     </span>
    </p>
   </div>
   <div class='ocr_carea' id='block_1_3' title="bbox 1710 194 1766 230">
    <p class='ocr_par' dir='ltr' id='par_1_3' title="bbox 1710 194 1766 230">
     <span class='ocr_line' id='line_1_3' title="bbox 1710 194 1766 230; baseline 0 0"><span class='ocrx_word' id='word_1_9' title='bbox 1710 194 1766 230; x_wconf 73' lang='grc' dir='ltr'>δισ</span> 
     </span>
    </p>
   </div>
   <div class='ocr_carea' id='block_1_4' title="bbox 133 243 920 288">
    <p class='ocr_par' dir='ltr' id='par_1_4' title="bbox 133 243 917 278">
     <span class='ocr_line' id='line_1_4' title="bbox 133 243 917 278; baseline 0 -7"><span class='ocrx_word' id='word_1_10' title='bbox 133 244 237 274; x_wconf 74' lang='grc' dir='ltr'>τούτοις</span> <span class='ocrx_word' id='word_1_11' title='bbox 250 243 371 275; x_wconf 76' lang='grc' dir='ltr'>ἐπέθετο,</span> <span class='ocrx_word' id='word_1_12' title='bbox 390 244 435 269; x_wconf 70' lang='grc' dir='ltr'><strong>καὶ</strong></span> <span class='ocrx_word' id='word_1_13' title='bbox 449 244 481 270; x_wconf 70' lang='grc' dir='ltr'>τὰ</span> <span class='ocrx_word' id='word_1_14' title='bbox 497 243 546 278; x_wconf 78' lang='grc' dir='ltr'><strong>μὲν</strong></span> <span class='ocrx_word' id='word_1_15' title='bbox 561 244 674 270; x_wconf 80' lang='grc' dir='ltr'>πλεῖστα</span> <span class='ocrx_word' id='word_1_16' title='bbox 691 244 770 270; x_wconf 79' lang='grc' dir='ltr'>πλοῖα</span> <span class='ocrx_word' id='word_1_17' title='bbox 786 244 917 278; x_wconf 83' lang='grc' dir='ltr'>κατέφλε-</span> 
     </span>
    </p>
   </div>
   <div class='ocr_carea' id='block_1_5' title="bbox 974 243 1761 288">
    <p class='ocr_par' dir='ltr' id='par_1_5' title="bbox 974 245 1761 288">
     <span class='ocr_line' id='line_1_5' title="bbox 974 245 1761 288; baseline 0.011 -16"><span class='ocrx_word' id='word_1_18' title='bbox 974 245 1044 278; x_wconf 84' lang='lat' dir='ltr'><strong>quod</strong></span> <span class='ocrx_word' id='word_1_19' title='bbox 1063 246 1229 281; x_wconf 63' lang='lat' dir='ltr'><strong>Argonautae</strong></span> <span class='ocrx_word' id='word_1_20' title='bbox 1243 248 1306 276; x_wconf 87' lang='lat' dir='ltr'><strong>illac</strong></span> <span class='ocrx_word' id='word_1_21' title='bbox 1325 254 1499 277; x_wconf 70' lang='lat' dir='ltr'><strong>transeuntes</strong></span> <span class='ocrx_word' id='word_1_22' title='bbox 1509 257 1542 277; x_wconf 91' lang='lat' dir='ltr'><strong>eo</strong></span> <span class='ocrx_word' id='word_1_23' title='bbox 1553 254 1614 279; x_wconf 87' lang='lat' dir='ltr'><strong>loco</strong></span> <span class='ocrx_word' id='word_1_24' title='bbox 1630 254 1761 288; x_wconf 75' lang='lat' dir='ltr'><strong>templum</strong></span> 
     </span>
    </p>
   </div>
   <div class='ocr_carea' id='block_1_6' title="bbox 133 288 920 324">
    <p class='ocr_par' dir='ltr' id='par_1_6' title="bbox 133 288 920 324">
     <span class='ocr_line' id='line_1_6' title="bbox 133 288 920 324; baseline -0.001 -8"><span class='ocrx_word' id='word_1_25' title='bbox 133 291 188 322; x_wconf 79' lang='grc' dir='ltr'>ξεν,</span> <span class='ocrx_word' id='word_1_26' title='bbox 203 289 238 315; x_wconf 78' lang='grc' dir='ltr'>τὰ</span> <span class='ocrx_word' id='word_1_27' title='bbox 261 289 289 316; x_wconf 83' lang='grc' dir='ltr'><strong>δὲ</strong></span> <span class='ocrx_word' id='word_1_28' title='bbox 306 289 387 316; x_wconf 83' lang='grc' dir='ltr'>λοιπὰ</span> <span class='ocrx_word' id='word_1_29' title='bbox 409 289 450 320; x_wconf 79' lang='grc' dir='ltr'><strong>είς</strong></span> <span class='ocrx_word' id='word_1_30' title='bbox 478 288 567 324; x_wconf 82' lang='grc' dir='ltr'>φυγὴν</span> <span class='ocrx_word' id='word_1_31' title='bbox 585 289 755 324; x_wconf 74' lang='grc' dir='ltr'>ἐτράπησαν.</span> <span class='ocrx_word' id='word_1_32' title='bbox 778 289 858 316; x_wconf 80' lang='grc' dir='ltr'>Ὀθεν</span> <span class='ocrx_word' id='word_1_33' title='bbox 874 289 920 316; x_wconf 79' lang='grc' dir='ltr'><strong>καὶ</strong></span> 
     </span>
    </p>
   </div>
   <div class='ocr_carea' id='block_1_7' title="bbox 131 335 921 371">
    <p class='ocr_par' dir='ltr' id='par_1_7' title="bbox 131 335 921 371">
     <span class='ocr_line' id='line_1_7' title="bbox 131 335 921 371; baseline 0 -9"><span class='ocrx_word' id='word_1_34' title='bbox 131 335 236 368; x_wconf 78' lang='grc' dir='ltr'><strong>τελείας</strong></span> <span class='ocrx_word' id='word_1_35' title='bbox 250 335 354 371; x_wconf 79' lang='grc' dir='ltr'>τροπῆς</span> <span class='ocrx_word' id='word_1_36' title='bbox 368 336 517 370; x_wconf 79' lang='grc' dir='ltr'><strong>γενομένης</strong></span> <span class='ocrx_word' id='word_1_37' title='bbox 533 336 567 362; x_wconf 74' lang='grc' dir='ltr'>τὰ</span> <span class='ocrx_word' id='word_1_38' title='bbox 581 336 629 371; x_wconf 79' lang='grc' dir='ltr'>μὲν</span> <span class='ocrx_word' id='word_1_39' title='bbox 643 336 697 362; x_wconf 70' lang='grc' dir='ltr'>τῶν</span> <span class='ocrx_word' id='word_1_40' title='bbox 713 336 813 362; x_wconf 80' lang='grc' dir='ltr'><strong>πλοίων</strong></span> <span class='ocrx_word' id='word_1_41' title='bbox 830 336 921 363; x_wconf 85' lang='grc' dir='ltr'>αὑτῶν</span> 
     </span>
    </p>
   </div>
   <div class='ocr_carea' id='block_1_8' title="bbox 131 382 920 418">
    <p class='ocr_par' dir='ltr' id='par_1_8' title="bbox 131 382 920 418">
     <span class='ocr_line' id='line_1_8' title="bbox 131 382 920 418; baseline 0 -9"><span class='ocrx_word' id='word_1_42' title='bbox 131 382 270 418; x_wconf 77' lang='grc' dir='ltr'>αὗτανδρα</span> <span class='ocrx_word' id='word_1_43' title='bbox 300 384 460 415; x_wconf 77' lang='grc' dir='ltr'><strong>κατέδυσαν,</strong></span> <span class='ocrx_word' id='word_1_44' title='bbox 479 384 623 415; x_wconf 75' lang='grc' dir='ltr'><strong>πλείστους</strong></span> <span class='ocrx_word' id='word_1_45' title='bbox 642 384 670 411; x_wconf 84' lang='grc' dir='ltr'><strong>δὲ</strong></span> <span class='ocrx_word' id='word_1_46' title='bbox 686 383 790 415; x_wconf 76' lang='grc' dir='ltr'>ζῶντας</span> <span class='ocrx_word' id='word_1_47' title='bbox 810 383 920 410; x_wconf 85' lang='grc' dir='ltr'>συνέλα-</span> 
     </span>
    </p>
   </div>
   <div class='ocr_carea' id='block_1_9' title="bbox 131 429 920 464">
    <p class='ocr_par' dir='ltr' id='par_1_9' title="bbox 131 429 920 464">
     <span class='ocr_line' id='line_1_9' title="bbox 131 429 920 464; baseline 0 -9"><span class='ocrx_word' id='word_1_48' title='bbox 131 429 188 455; x_wconf 71' lang='grc' dir='ltr'>ϐον.</span> <span class='ocrx_word' id='word_1_49' title='bbox 209 429 241 456; x_wconf 79' lang='grc' dir='ltr'><strong>Οἱ</strong></span> <span class='ocrx_word' id='word_1_50' title='bbox 257 429 286 456; x_wconf 67' lang='grc' dir='ltr'><strong>δὲ</strong></span> <span class='ocrx_word' id='word_1_51' title='bbox 297 430 518 464; x_wconf 77' lang='grc' dir='ltr'><strong>περιλειφθέντες</strong></span> <span class='ocrx_word' id='word_1_52' title='bbox 535 430 576 461; x_wconf 85' lang='grc' dir='ltr'><strong>είς</strong></span> <span class='ocrx_word' id='word_1_53' title='bbox 591 430 622 456; x_wconf 81' lang='grc' dir='ltr'><strong>τὸ</strong></span> <span class='ocrx_word' id='word_1_54' title='bbox 641 429 692 464; x_wconf 84' lang='grc' dir='ltr'>τῆς</span> <span class='ocrx_word' id='word_1_55' title='bbox 710 429 853 464; x_wconf 81' lang='grc' dir='ltr'>Ἀνατολῆς</span> <span class='ocrx_word' id='word_1_56' title='bbox 871 429 920 463; x_wconf 78' lang='grc' dir='ltr'>μέ-</span> 
     </span>
    </p>
   </div>
   <div class='ocr_carea' id='block_1_10' title="bbox 131 475 920 510">
    <p class='ocr_par' dir='ltr' id='par_1_10' title="bbox 131 475 920 510">
     <span class='ocr_line' id='line_1_10' title="bbox 131 475 920 510; baseline 0 -10"><span class='ocrx_word' id='word_1_57' title='bbox 131 483 188 510; x_wconf 80' lang='grc' dir='ltr'>ρος,</span> <span class='ocrx_word' id='word_1_58' title='bbox 208 476 248 506; x_wconf 80' lang='grc' dir='ltr'><strong>είς</strong></span> <span class='ocrx_word' id='word_1_59' title='bbox 265 475 314 506; x_wconf 74' lang='grc' dir='ltr'>τὰς</span> <span class='ocrx_word' id='word_1_60' title='bbox 343 475 440 508; x_wconf 80' lang='grc' dir='ltr'>Ῥογὰς</span> <span class='ocrx_word' id='word_1_61' title='bbox 462 475 623 509; x_wconf 80' lang='grc' dir='ltr'><strong>λεγομένας,</strong></span> <span class='ocrx_word' id='word_1_62' title='bbox 651 475 848 502; x_wconf 84' lang='grc' dir='ltr'>κατέπλευσαν.</span> <span class='ocrx_word' id='word_1_63' title='bbox 866 475 920 500; x_wconf 71' lang='grc' dir='ltr'>Καὶ</span> 
     </span>
    </p>
   </div>
   <div class='ocr_carea' id='block_1_11' title="bbox 130 520 920 556">
    <p class='ocr_par' dir='ltr' id='par_1_11' title="bbox 130 520 920 556">
     <span class='ocr_line' id='line_1_11' title="bbox 130 520 920 556; baseline -0.001 -9"><span class='ocrx_word' id='word_1_64' title='bbox 130 521 192 547; x_wconf 68' lang='grc' dir='ltr'>ἐπεὶ</span> <span class='ocrx_word' id='word_1_65' title='bbox 205 520 348 555; x_wconf 86' lang='grc' dir='ltr'>σύνταγμα</span> <span class='ocrx_word' id='word_1_66' title='bbox 365 521 432 556; x_wconf 71' lang='grc' dir='ltr'>πρὸς</span> <span class='ocrx_word' id='word_1_67' title='bbox 447 521 480 549; x_wconf 73' lang='grc' dir='ltr'>τὰ</span> <span class='ocrx_word' id='word_1_68' title='bbox 493 521 541 555; x_wconf 86' lang='grc' dir='ltr'><strong>τῆς</strong></span> <span class='ocrx_word' id='word_1_69' title='bbox 559 520 686 552; x_wconf 82' lang='grc' dir='ltr'><strong>Βιθυνίας</strong></span> <span class='ocrx_word' id='word_1_70' title='bbox 705 521 774 556; x_wconf 77' lang='grc' dir='ltr'>μέρη</span> <span class='ocrx_word' id='word_1_71' title='bbox 792 521 920 547; x_wconf 84' lang='grc' dir='ltr'>ἀπέστει-</span> 
     </span>
    </p>
   </div>
   <div class='ocr_carea' id='block_1_12' title="bbox 129 567 919 603">
    <p class='ocr_par' dir='ltr' id='par_1_12' title="bbox 129 567 919 603">
     <span class='ocr_line' id='line_1_12' title="bbox 129 567 919 603; baseline 0 -9"><span class='ocrx_word' id='word_1_72' title='bbox 129 568 178 594; x_wconf 88' lang='grc' dir='ltr'><strong>λαν</strong></span> <span class='ocrx_word' id='word_1_73' title='bbox 195 568 295 603; x_wconf 80' lang='grc' dir='ltr'>χρειῶν</span> <span class='ocrx_word' id='word_1_74' title='bbox 310 567 401 600; x_wconf 79' lang='grc' dir='ltr'>ἓνεκα,</span> <span class='ocrx_word' id='word_1_75' title='bbox 418 568 577 602; x_wconf 71' lang='grc' dir='ltr'><strong>ἐντυγχάνει</strong></span> <span class='ocrx_word' id='word_1_76' title='bbox 589 568 693 599; x_wconf 80' lang='grc' dir='ltr'><strong>τούτοις</strong></span> <span class='ocrx_word' id='word_1_77' title='bbox 711 568 815 602; x_wconf 77' lang='grc' dir='ltr'>Βάρδας</span> <span class='ocrx_word' id='word_1_78' title='bbox 832 568 845 594; x_wconf 85' lang='grc' dir='ltr'>ὁ</span> <span class='ocrx_word' id='word_1_79' title='bbox 861 568 919 593; x_wconf 79' lang='grc' dir='ltr'><strong>Φω-</strong></span> 
     </span>
    </p>
   </div>
   <div class='ocr_carea' id='block_1_13' title="bbox 128 611 919 649">
    <p class='ocr_par' dir='ltr' id='par_1_13' title="bbox 128 611 919 649">
     <span class='ocr_line' id='line_1_13' title="bbox 128 611 919 649; baseline -0.003 -8"><span class='ocrx_word' id='word_1_80' title='bbox 128 615 181 646; x_wconf 82' lang='grc' dir='ltr'>κᾶς</span> <span class='ocrx_word' id='word_1_81' title='bbox 193 622 200 629; x_wconf 93' lang='grc'><strong>·</strong></span> <span class='ocrx_word' id='word_1_82' title='bbox 218 614 331 649; x_wconf 72' lang='grc' dir='ltr'>καὶγὰρ</span> <span class='ocrx_word' id='word_1_83' title='bbox 347 613 512 645; x_wconf 75' lang='grc' dir='ltr'>ἀποσταλεὶς</span> <span class='ocrx_word' id='word_1_84' title='bbox 520 611 552 648; x_wconf 77' lang='grc' dir='ltr'><strong>ἦν</strong></span> <span class='ocrx_word' id='word_1_85' title='bbox 567 614 614 640; x_wconf 77' lang='grc' dir='ltr'>ἐπὶ</span> <span class='ocrx_word' id='word_1_86' title='bbox 625 613 712 648; x_wconf 86' lang='grc' dir='ltr'>τούτῳ</span> <span class='ocrx_word' id='word_1_87' title='bbox 727 613 795 648; x_wconf 73' lang='grc' dir='ltr'>μετὰ</span> <span class='ocrx_word' id='word_1_88' title='bbox 812 613 919 639; x_wconf 79' lang='grc' dir='ltr'>ἱππέων</span> 
     </span>
    </p>
   </div>
   <div class='ocr_carea' id='block_1_14' title="bbox 128 659 919 698">
    <p class='ocr_par' dir='ltr' id='par_1_14' title="bbox 128 659 919 698">
     <span class='ocr_line' id='line_1_14' title="bbox 128 659 919 698; baseline -0.004 -10"><span class='ocrx_word' id='word_1_89' title='bbox 128 661 275 698; x_wconf 77' lang='grc' dir='ltr'>ἐκκρίτων,</span> <span class='ocrx_word' id='word_1_90' title='bbox 304 661 485 696; x_wconf 73' lang='grc' dir='ltr'>παρατρέχων</span> <span class='ocrx_word' id='word_1_91' title='bbox 516 661 633 692; x_wconf 73' lang='grc' dir='ltr'>αὐτοὺς,</span> <span class='ocrx_word' id='word_1_92' title='bbox 664 661 711 687; x_wconf 84' lang='grc' dir='ltr'><strong>καὶ</strong></span> <span class='ocrx_word' id='word_1_93' title='bbox 749 659 919 693; x_wconf 68' lang='grc' dir='ltr'>κατέσφαξεν</span> 
     </span>
    </p>
   </div>
   <div class='ocr_carea' id='block_1_15' title="bbox 127 704 918 741">
    <p class='ocr_par' dir='ltr' id='par_1_15' title="bbox 127 704 918 741">
     <span class='ocr_line' id='line_1_15' title="bbox 127 704 918 741; baseline -0.005 -7"><span class='ocrx_word' id='word_1_94' title='bbox 127 707 262 738; x_wconf 73' lang='grc' dir='ltr'>ἅπαντας.</span> <span class='ocrx_word' id='word_1_95' title='bbox 287 707 366 733; x_wconf 74' lang='grc' dir='ltr'>Ἀλλὰ</span> <span class='ocrx_word' id='word_1_96' title='bbox 384 708 430 733; x_wconf 66' lang='grc' dir='ltr'>καὶ</span> <span class='ocrx_word' id='word_1_97' title='bbox 457 707 471 732; x_wconf 77' lang='grc' dir='ltr'><strong>ὁ</strong></span> <span class='ocrx_word' id='word_1_98' title='bbox 490 706 647 741; x_wconf 73' lang='grc' dir='ltr'>Κουρκούας</span> <span class='ocrx_word' id='word_1_99' title='bbox 668 705 737 740; x_wconf 77' lang='grc' dir='ltr'>μετὰ</span> <span class='ocrx_word' id='word_1_100' title='bbox 757 705 856 736; x_wconf 74' lang='grc' dir='ltr'>παντὸς</span> <span class='ocrx_word' id='word_1_101' title='bbox 872 704 918 730; x_wconf 83' lang='grc' dir='ltr'>τοῦ</span> 
     </span>
    </p>
   </div>
   <div class='ocr_carea' id='block_1_16' title="bbox 127 751 919 789">
    <p class='ocr_par' dir='ltr' id='par_1_16' title="bbox 127 751 919 789">
     <span class='ocr_line' id='line_1_16' title="bbox 127 751 919 789; baseline -0.005 -9"><span class='ocrx_word' id='word_1_102' title='bbox 127 753 179 789; x_wconf 81' lang='grc' dir='ltr'>τῆς</span> <span class='ocrx_word' id='word_1_103' title='bbox 200 753 345 788; x_wconf 73' lang='grc' dir='ltr'>Ἀνατολῆς</span> <span class='ocrx_word' id='word_1_104' title='bbox 363 753 568 787; x_wconf 73' lang='grc' dir='ltr'><strong>στρατεύματος</strong></span> <span class='ocrx_word' id='word_1_105' title='bbox 583 752 722 778; x_wconf 80' lang='grc' dir='ltr'>κατελθὼν</span> <span class='ocrx_word' id='word_1_106' title='bbox 736 752 799 783; x_wconf 74' lang='grc' dir='ltr'>τοὺς</span> <span class='ocrx_word' id='word_1_107' title='bbox 811 751 919 777; x_wconf 78' lang='grc' dir='ltr'>ὑπολει-</span> 
     </span>
    </p>
   </div>
   <div class='ocr_carea' id='block_1_17' title="bbox 127 797 918 834">
    <p class='ocr_par' dir='ltr' id='par_1_17' title="bbox 127 797 918 834">
     <span class='ocr_line' id='line_1_17' title="bbox 127 797 918 834; baseline -0.004 -9"><span class='ocrx_word' id='word_1_108' title='bbox 127 799 246 834; x_wconf 78' lang='grc' dir='ltr'>φθέντας</span> <span class='ocrx_word' id='word_1_109' title='bbox 259 798 395 833; x_wconf 78' lang='grc' dir='ltr'>εὑρίσκων</span> <span class='ocrx_word' id='word_1_110' title='bbox 409 799 579 825; x_wconf 80' lang='grc' dir='ltr'>ἀπέκτεινεν.</span> <span class='ocrx_word' id='word_1_111' title='bbox 593 798 708 829; x_wconf 71' lang='grc' dir='ltr'>Πολλοὺς</span> <span class='ocrx_word' id='word_1_112' title='bbox 719 798 746 824; x_wconf 87' lang='grc' dir='ltr'><strong>δὲ</strong></span> <span class='ocrx_word' id='word_1_113' title='bbox 759 798 858 828; x_wconf 77' lang='grc' dir='ltr'>τόπους</span> <span class='ocrx_word' id='word_1_114' title='bbox 873 797 918 823; x_wconf 79' lang='grc' dir='ltr'><strong>καὶ</strong></span> 
     </span>
    </p>
   </div>
   <div class='ocr_carea' id='block_1_18' title="bbox 127 842 918 879">
    <p class='ocr_par' dir='ltr' id='par_1_18' title="bbox 127 842 918 879">
     <span class='ocr_line' id='line_1_18' title="bbox 127 842 918 879; baseline -0.004 -8"><span class='ocrx_word' id='word_1_115' title='bbox 127 845 209 876; x_wconf 76' lang='grc' dir='ltr'>ναοὺς</span> <span class='ocrx_word' id='word_1_116' title='bbox 224 842 391 879; x_wconf 51' lang='grc' dir='ltr'>ἐνέπρησαν,</span> <span class='ocrx_word' id='word_1_117' title='bbox 415 844 538 875; x_wconf 73' lang='grc' dir='ltr'>καὶτοὺς</span> <span class='ocrx_word' id='word_1_118' title='bbox 558 844 830 878; x_wconf 83' lang='grc' dir='ltr'>συλλαμϐανομένους</span> <span class='ocrx_word' id='word_1_119' title='bbox 850 843 918 869; x_wconf 83' lang='grc' dir='ltr'><strong>Ῥω-</strong></span> 
     </span>
    </p>
   </div>
   <div class='ocr_carea' id='block_1_19' title="bbox 129 890 918 926">
    <p class='ocr_par' dir='ltr' id='par_1_19' title="bbox 129 890 918 926">
     <span class='ocr_line' id='line_1_19' title="bbox 129 890 918 926; baseline -0.003 -9"><span class='ocrx_word' id='word_1_120' title='bbox 129 890 226 925; x_wconf 80' lang='grc' dir='ltr'>μαίους</span> <span class='ocrx_word' id='word_1_121' title='bbox 244 892 307 922; x_wconf 77' lang='grc' dir='ltr'>τοὺς</span> <span class='ocrx_word' id='word_1_122' title='bbox 329 891 379 925; x_wconf 80' lang='grc' dir='ltr'>μὲν</span> <span class='ocrx_word' id='word_1_123' title='bbox 392 890 589 926; x_wconf 82' lang='grc' dir='ltr'>ἁνεσταύρουν,</span> <span class='ocrx_word' id='word_1_124' title='bbox 603 890 666 921; x_wconf 76' lang='grc' dir='ltr'>τοὺς</span> <span class='ocrx_word' id='word_1_125' title='bbox 683 890 712 916; x_wconf 79' lang='grc' dir='ltr'>δὲ</span> <span class='ocrx_word' id='word_1_126' title='bbox 728 891 760 924; x_wconf 70' lang='grc' dir='ltr'>τῇ</span> <span class='ocrx_word' id='word_1_127' title='bbox 776 891 810 925; x_wconf 80' lang='grc' dir='ltr'>γῇ</span> <span class='ocrx_word' id='word_1_128' title='bbox 831 898 918 924; x_wconf 79' lang='grc' dir='ltr'>προσ-</span> 
     </span>
    </p>
   </div>
   <div class='ocr_carea' id='block_1_20' title="bbox 127 924 957 971">
    <p class='ocr_par' dir='ltr' id='par_1_20' title="bbox 127 924 957 971">
     <span class='ocr_line' id='line_1_20' title="bbox 127 924 957 971; baseline -0.001 -9"><span class='ocrx_word' id='word_1_129' title='bbox 127 924 275 971; x_wconf 68' lang='grc' dir='ltr'>επήγνυον,</span> <span class='ocrx_word' id='word_1_130' title='bbox 301 937 363 967; x_wconf 69' lang='grc' dir='ltr'>τοὺς</span> <span class='ocrx_word' id='word_1_131' title='bbox 380 936 408 962; x_wconf 83' lang='grc' dir='ltr'><strong>δὲ</strong></span> <span class='ocrx_word' id='word_1_132' title='bbox 431 936 478 962; x_wconf 73' lang='grc' dir='ltr'>τοῦ</span> <span class='ocrx_word' id='word_1_133' title='bbox 507 924 621 970; x_wconf 78' lang='grc' dir='ltr'>κλήρου,</span> <span class='ocrx_word' id='word_1_134' title='bbox 638 936 750 962; x_wconf 77' lang='grc' dir='ltr'>ὄπισθεν</span> <span class='ocrx_word' id='word_1_135' title='bbox 765 936 813 967; x_wconf 73' lang='grc' dir='ltr'><strong>τὰς</strong></span> <span class='ocrx_word' id='word_1_136' title='bbox 826 937 919 971; x_wconf 76' lang='grc' dir='ltr'>χεῖρας</span> <span class='ocrx_word' id='word_1_137' title='bbox 934 924 957 953; x_wconf 74' lang='grc' dir='ltr'>Β</span> 
     </span>
    </p>
   </div>
   <div class='ocr_carea' id='block_1_21' title="bbox 126 982 918 1018">
    <p class='ocr_par' dir='ltr' id='par_1_21' title="bbox 126 982 918 1018">
     <span class='ocr_line' id='line_1_21' title="bbox 126 982 918 1018; baseline -0.003 -9"><span class='ocrx_word' id='word_1_138' title='bbox 126 983 301 1018; x_wconf 75' lang='grc' dir='ltr'>δεσμοῦντες,</span> <span class='ocrx_word' id='word_1_139' title='bbox 313 982 394 1018; x_wconf 72' lang='grc' dir='ltr'>ἥλους</span> <span class='ocrx_word' id='word_1_140' title='bbox 408 982 534 1017; x_wconf 77' lang='grc' dir='ltr'>σιδηροῦς</span> <span class='ocrx_word' id='word_1_141' title='bbox 548 983 618 1008; x_wconf 77' lang='grc' dir='ltr'>κατὰ</span> <span class='ocrx_word' id='word_1_142' title='bbox 633 982 719 1017; x_wconf 81' lang='grc' dir='ltr'>μέσης</span> <span class='ocrx_word' id='word_1_143' title='bbox 733 982 782 1016; x_wconf 80' lang='grc' dir='ltr'>τῆς</span> <span class='ocrx_word' id='word_1_144' title='bbox 797 982 918 1016; x_wconf 69' lang='grc' dir='ltr'>κεφαλῆς</span> 
     </span>
    </p>
   </div>
   <div class='ocr_carea' id='block_1_22' title="bbox 126 1028 917 1064">
    <p class='ocr_par' dir='ltr' id='par_1_22' title="bbox 126 1028 917 1064">
     <span class='ocr_line' id='line_1_22' title="bbox 126 1028 917 1064; baseline -0.004 -8"><span class='ocrx_word' id='word_1_145' title='bbox 126 1028 219 1056; x_wconf 79' lang='grc' dir='ltr'>αὐτῶν</span> <span class='ocrx_word' id='word_1_146' title='bbox 234 1030 400 1064; x_wconf 81' lang='grc' dir='ltr'>ἐπήγνυσαν.</span> <span class='ocrx_word' id='word_1_147' title='bbox 414 1028 556 1063; x_wconf 81' lang='grc' dir='ltr'>Χειμῶνος</span> <span class='ocrx_word' id='word_1_148' title='bbox 574 1029 602 1055; x_wconf 84' lang='grc' dir='ltr'>δὲ</span> <span class='ocrx_word' id='word_1_149' title='bbox 623 1029 673 1063; x_wconf 73' lang='grc' dir='ltr'><strong>ἤδη</strong></span> <span class='ocrx_word' id='word_1_150' title='bbox 692 1028 917 1063; x_wconf 56' lang='grc' dir='ltr'>καταλαμϐανονν</span> 
     </span>
    </p>
   </div>
   <div class='ocr_carea' id='block_1_23' title="bbox 127 1071 918 1107">
    <p class='ocr_par' dir='ltr' id='par_1_23' title="bbox 127 1071 918 1107">
     <span class='ocr_line' id='line_1_23' title="bbox 127 1071 918 1107; baseline -0.006 -6"><span class='ocrx_word' id='word_1_151' title='bbox 127 1083 182 1106; x_wconf 84' lang='grc' dir='ltr'>τος,</span> <span class='ocrx_word' id='word_1_152' title='bbox 194 1074 243 1101; x_wconf 72' lang='grc' dir='ltr'>καὶ</span> <span class='ocrx_word' id='word_1_153' title='bbox 256 1075 295 1105; x_wconf 76' lang='grc' dir='ltr'><strong>είς</strong></span> <span class='ocrx_word' id='word_1_154' title='bbox 308 1074 342 1100; x_wconf 63' lang='grc' dir='ltr'>τὰ</span> <span class='ocrx_word' id='word_1_155' title='bbox 352 1075 439 1100; x_wconf 84' lang='grc' dir='ltr'>οἰκεῖα</span> <span class='ocrx_word' id='word_1_156' title='bbox 450 1073 605 1107; x_wconf 74' lang='grc' dir='ltr'>βουλόμενοι</span> <span class='ocrx_word' id='word_1_157' title='bbox 619 1071 757 1103; x_wconf 64' lang='grc' dir='ltr'>ἀπελθεῖν,</span> <span class='ocrx_word' id='word_1_158' title='bbox 771 1072 818 1098; x_wconf 74' lang='grc' dir='ltr'><strong>τὸν</strong></span> <span class='ocrx_word' id='word_1_159' title='bbox 827 1071 918 1098; x_wconf 74' lang='grc' dir='ltr'>στόλον</span> 
     </span>
    </p>
   </div>
   <div class='ocr_carea' id='block_1_24' title="bbox 127 1116 919 1150">
    <p class='ocr_par' dir='ltr' id='par_1_24' title="bbox 127 1116 919 1150">
     <span class='ocr_line' id='line_1_24' title="bbox 127 1116 919 1150; baseline -0.004 -4"><span class='ocrx_word' id='word_1_160' title='bbox 127 1118 218 1146; x_wconf 80' lang='grc' dir='ltr'>λαθεῖν</span> <span class='ocrx_word' id='word_1_161' title='bbox 234 1118 411 1150; x_wconf 74' lang='grc' dir='ltr'>ἐσπούδαζον,</span> <span class='ocrx_word' id='word_1_162' title='bbox 437 1118 544 1149; x_wconf 66' lang='grc' dir='ltr'>Νυκτὸς</span> <span class='ocrx_word' id='word_1_163' title='bbox 560 1116 607 1143; x_wconf 71' lang='grc' dir='ltr'>οὖν</span> <span class='ocrx_word' id='word_1_164' title='bbox 621 1117 827 1148; x_wconf 69' lang='grc' dir='ltr'>ἐκπλεύσαντας</span> <span class='ocrx_word' id='word_1_165' title='bbox 841 1117 855 1143; x_wconf 78' lang='grc' dir='ltr'><strong><em>ὁ</em></strong></span> <span class='ocrx_word' id='word_1_166' title='bbox 866 1125 919 1143; x_wconf 81' lang='grc' dir='ltr'>πα-</span> 
     </span>
    </p>
   </div>
   <div class='ocr_carea' id='block_1_25' title="bbox 127 1160 919 1199">
    <p class='ocr_par' dir='ltr' id='par_1_25' title="bbox 127 1160 919 1199">
     <span class='ocr_line' id='line_1_25' title="bbox 127 1160 919 1199; baseline -0.003 -9"><span class='ocrx_word' id='word_1_167' title='bbox 127 1163 232 1199; x_wconf 83' lang='grc' dir='ltr'>τρίκιος</span> <span class='ocrx_word' id='word_1_168' title='bbox 253 1163 394 1198; x_wconf 75' lang='grc' dir='ltr'><strong>Θεοφάνης</strong></span> <span class='ocrx_word' id='word_1_169' title='bbox 418 1162 529 1193; x_wconf 77' lang='grc' dir='ltr'><strong>τούτους</strong></span> <span class='ocrx_word' id='word_1_170' title='bbox 548 1162 697 1197; x_wconf 73' lang='grc' dir='ltr'>ὑπήντησε.</span> <span class='ocrx_word' id='word_1_171' title='bbox 725 1160 766 1197; x_wconf 80' lang='grc' dir='ltr'><strong>[Ρ.</strong></span> <span class='ocrx_word' id='word_1_172' title='bbox 782 1160 846 1198; x_wconf 69' lang='grc'><strong>491]</strong></span> <span class='ocrx_word' id='word_1_173' title='bbox 866 1162 919 1188; x_wconf 77' lang='grc' dir='ltr'>Καὶ</span> 
     </span>
    </p>
   </div>
   <div class='ocr_carea' id='block_1_26' title="bbox 128 1208 918 1244">
    <p class='ocr_par' dir='ltr' id='par_1_26' title="bbox 128 1208 918 1244">
     <span class='ocr_line' id='line_1_26' title="bbox 128 1208 918 1244; baseline -0.003 -8"><span class='ocrx_word' id='word_1_174' title='bbox 128 1209 209 1241; x_wconf 69' lang='grc' dir='ltr'>εὐθὺς</span> <span class='ocrx_word' id='word_1_175' title='bbox 242 1209 356 1244; x_wconf 81' lang='grc' dir='ltr'>δευτέρα</span> <span class='ocrx_word' id='word_1_176' title='bbox 382 1208 520 1243; x_wconf 76' lang='grc' dir='ltr'>ναυμαχία</span> <span class='ocrx_word' id='word_1_177' title='bbox 549 1208 714 1234; x_wconf 71' lang='grc' dir='ltr'><strong>συνάπτεται</strong></span> <span class='ocrx_word' id='word_1_178' title='bbox 742 1208 787 1234; x_wconf 77' lang='grc' dir='ltr'><strong>καὶ</strong></span> <span class='ocrx_word' id='word_1_179' title='bbox 805 1209 918 1234; x_wconf 78' lang='grc' dir='ltr'>πλεῖστα</span> 
     </span>
    </p>
   </div>
   <div class='ocr_carea' id='block_1_27' title="bbox 128 1253 919 1291">
    <p class='ocr_par' dir='ltr' id='par_1_27' title="bbox 128 1253 919 1291">
     <span class='ocr_line' id='line_1_27' title="bbox 128 1253 919 1291; baseline -0.005 -7"><span class='ocrx_word' id='word_1_180' title='bbox 128 1257 207 1284; x_wconf 70' lang='grc' dir='ltr'>πλοῖα</span> <span class='ocrx_word' id='word_1_181' title='bbox 219 1255 385 1291; x_wconf 78' lang='grc' dir='ltr'>βυθίζονται.</span> <span class='ocrx_word' id='word_1_182' title='bbox 410 1255 522 1289; x_wconf 78' lang='grc' dir='ltr'>Ὀλίγων</span> <span class='ocrx_word' id='word_1_183' title='bbox 535 1255 562 1282; x_wconf 75' lang='grc' dir='ltr'><strong>δὲ</strong></span> <span class='ocrx_word' id='word_1_184' title='bbox 579 1256 648 1290; x_wconf 76' lang='grc' dir='ltr'>μετὰ</span> <span class='ocrx_word' id='word_1_185' title='bbox 674 1253 773 1281; x_wconf 80' lang='grc' dir='ltr'>πλοίων</span> <span class='ocrx_word' id='word_1_186' title='bbox 802 1263 919 1288; x_wconf 70' lang='grc' dir='ltr'>περισω-</span> 
     </span>
    </p>
   </div>
   <div class='ocr_carea' id='block_1_28' title="bbox 128 1300 917 1337">
    <p class='ocr_par' dir='ltr' id='par_1_28' title="bbox 128 1300 917 1337">
     <span class='ocr_line' id='line_1_28' title="bbox 128 1300 917 1337; baseline -0.006 -7"><span class='ocrx_word' id='word_1_187' title='bbox 128 1303 230 1331; x_wconf 75' lang='grc' dir='ltr'>θέντων</span> <span class='ocrx_word' id='word_1_188' title='bbox 249 1302 297 1329; x_wconf 72' lang='grc' dir='ltr'><strong>καὶ</strong></span> <span class='ocrx_word' id='word_1_189' title='bbox 319 1303 347 1328; x_wconf 82' lang='grc' dir='ltr'><strong>ὲν</strong></span> <span class='ocrx_word' id='word_1_190' title='bbox 373 1303 407 1337; x_wconf 81' lang='grc' dir='ltr'>τῇ</span> <span class='ocrx_word' id='word_1_191' title='bbox 422 1302 472 1336; x_wconf 84' lang='grc' dir='ltr'>τῆς</span> <span class='ocrx_word' id='word_1_192' title='bbox 499 1301 600 1335; x_wconf 77' lang='grc' dir='ltr'>Κοίλης</span> <span class='ocrx_word' id='word_1_193' title='bbox 616 1300 821 1335; x_wconf 69' lang='grc' dir='ltr'>περιπεσόντων</span> <span class='ocrx_word' id='word_1_194' title='bbox 837 1301 917 1334; x_wconf 77' lang='grc' dir='ltr'>ἀκτῇ,</span> 
     </span>
    </p>
   </div>
   <div class='ocr_carea' id='block_1_29' title="bbox 128 1345 919 1383">
    <p class='ocr_par' dir='ltr' id='par_1_29' title="bbox 128 1345 919 1383">
     <span class='ocr_line' id='line_1_29' title="bbox 128 1345 919 1383; baseline -0.006 -7"><span class='ocrx_word' id='word_1_195' title='bbox 128 1348 226 1380; x_wconf 86' lang='grc' dir='ltr'>νυκτὸς</span> <span class='ocrx_word' id='word_1_196' title='bbox 257 1348 424 1383; x_wconf 70' lang='grc' dir='ltr'><strong>ἐπελθούσης</strong></span> <span class='ocrx_word' id='word_1_197' title='bbox 454 1348 590 1381; x_wconf 82' lang='grc' dir='ltr'>διέφυγον.</span> <span class='ocrx_word' id='word_1_198' title='bbox 621 1346 762 1380; x_wconf 60' lang='grc' dir='ltr'>Θεοφάνης</span> <span class='ocrx_word' id='word_1_199' title='bbox 790 1345 818 1372; x_wconf 76' lang='grc' dir='ltr'><strong>δὲ</strong></span> <span class='ocrx_word' id='word_1_200' title='bbox 850 1347 919 1380; x_wconf 62' lang='grc' dir='ltr'>μετὰ</span> 
     </span>
    </p>
   </div>
   <div class='ocr_carea' id='block_1_30' title="bbox 129 1392 920 1431">
    <p class='ocr_par' dir='ltr' id='par_1_30' title="bbox 129 1392 920 1431">
     <span class='ocr_line' id='line_1_30' title="bbox 129 1392 920 1431; baseline -0.006 -8"><span class='ocrx_word' id='word_1_201' title='bbox 129 1396 206 1431; x_wconf 77' lang='grc' dir='ltr'>νίκης</span> <span class='ocrx_word' id='word_1_202' title='bbox 225 1395 346 1431; x_wconf 76' lang='grc' dir='ltr'>μεγάλης</span> <span class='ocrx_word' id='word_1_203' title='bbox 358 1394 533 1429; x_wconf 74' lang='grc' dir='ltr'><strong>ὑποστρέψας</strong></span> <span class='ocrx_word' id='word_1_204' title='bbox 550 1393 667 1428; x_wconf 71' lang='grc' dir='ltr'>ἐντίμως</span> <span class='ocrx_word' id='word_1_205' title='bbox 685 1393 730 1419; x_wconf 78' lang='grc' dir='ltr'><strong>καί</strong></span> <span class='ocrx_word' id='word_1_206' title='bbox 749 1392 920 1427; x_wconf 70' lang='grc' dir='ltr'>μεγαλοπρε-</span> 
     </span>
    </p>
   </div>
   <div class='ocr_carea' id='block_1_31' title="bbox 128 1436 918 1474">
    <p class='ocr_par' dir='ltr' id='par_1_31' title="bbox 128 1436 918 1474">
     <span class='ocr_line' id='line_1_31' title="bbox 128 1436 918 1474; baseline -0.005 -8"><span class='ocrx_word' id='word_1_207' title='bbox 128 1439 187 1471; x_wconf 83' lang='grc' dir='ltr'><strong>πῶς</strong></span> <span class='ocrx_word' id='word_1_208' title='bbox 200 1439 276 1474; x_wconf 87' lang='grc' dir='ltr'>παρὰ</span> <span class='ocrx_word' id='word_1_209' title='bbox 291 1438 337 1466; x_wconf 86' lang='grc' dir='ltr'>τοῦ</span> <span class='ocrx_word' id='word_1_210' title='bbox 352 1438 483 1473; x_wconf 80' lang='grc' dir='ltr'>βασιλέως</span> <span class='ocrx_word' id='word_1_211' title='bbox 495 1436 629 1472; x_wconf 82' lang='grc' dir='ltr'>ὑπεδέχθη</span> <span class='ocrx_word' id='word_1_212' title='bbox 641 1438 688 1464; x_wconf 76' lang='grc' dir='ltr'><strong>καὶ</strong></span> <span class='ocrx_word' id='word_1_213' title='bbox 701 1436 918 1472; x_wconf 81' lang='grc' dir='ltr'>παρακοιμώμε-</span> 
     </span>
    </p>
   </div>
   <div class='ocr_carea' id='block_1_32' title="bbox 128 1485 312 1521">
    <p class='ocr_par' dir='ltr' id='par_1_32' title="bbox 128 1485 312 1521">
     <span class='ocr_line' id='line_1_32' title="bbox 128 1485 312 1521; baseline 0 -9"><span class='ocrx_word' id='word_1_214' title='bbox 128 1493 173 1519; x_wconf 82' lang='grc' dir='ltr'><strong>νος</strong></span> <span class='ocrx_word' id='word_1_215' title='bbox 186 1485 312 1521; x_wconf 70' lang='grc' dir='ltr'>ἐτιμήθη.</span> 
     </span>
    </p>
   </div>
   <div class='ocr_carea' id='block_1_33' title="bbox 166 1599 953 1660">
    <p class='ocr_par' dir='ltr' id='par_1_33' title="bbox 166 1599 953 1660">
     <span class='ocr_line' id='line_1_33' title="bbox 166 1599 953 1660; baseline -0.004 -9"><span class='ocrx_word' id='word_1_216' title='bbox 166 1623 220 1660; x_wconf 62' lang='grc' dir='ltr'><strong>μζ.</strong></span> <span class='ocrx_word' id='word_1_217' title='bbox 239 1624 283 1659; x_wconf 80' lang='grc' dir='ltr'><strong>Τῷ</strong></span> <span class='ocrx_word' id='word_1_218' title='bbox 297 1624 327 1651; x_wconf 77' lang='grc' dir='ltr'><strong>δὲ</strong></span> <span class='ocrx_word' id='word_1_219' title='bbox 359 1624 506 1659; x_wconf 80' lang='grc' dir='ltr'><strong>Ἀπριλλίῳ</strong></span> <span class='ocrx_word' id='word_1_220' title='bbox 532 1624 606 1660; x_wconf 68' lang='grc' dir='ltr'>μηνὶ,</span> <span class='ocrx_word' id='word_1_221' title='bbox 628 1624 677 1659; x_wconf 84' lang='grc' dir='ltr'>τῆς</span> <span class='ocrx_word' id='word_1_222' title='bbox 703 1623 726 1650; x_wconf 87' lang='grc' dir='ltr'>α’</span> <span class='ocrx_word' id='word_1_223' title='bbox 742 1622 916 1655; x_wconf 81' lang='grc' dir='ltr'>ίνδικτιῶνος,</span> <span class='ocrx_word' id='word_1_224' title='bbox 931 1599 953 1629; x_wconf 78' lang='lat' dir='ltr'><strong>c</strong></span> 
     </span>
    </p>
   </div>
   <div class='ocr_carea' id='block_1_34' title="bbox 128 1669 919 1707">
    <p class='ocr_par' dir='ltr' id='par_1_34' title="bbox 128 1669 919 1707">
     <span class='ocr_line' id='line_1_34' title="bbox 128 1669 919 1707; baseline -0.003 -9"><span class='ocrx_word' id='word_1_225' title='bbox 128 1672 211 1699; x_wconf 73' lang='grc' dir='ltr'>πάλιν</span> <span class='ocrx_word' id='word_1_226' title='bbox 224 1669 305 1707; x_wconf 82' lang='grc' dir='ltr'>ἦλθον</span> <span class='ocrx_word' id='word_1_227' title='bbox 321 1672 345 1698; x_wconf 79' lang='grc' dir='ltr'><strong>οἱ</strong></span> <span class='ocrx_word' id='word_1_228' title='bbox 362 1672 478 1706; x_wconf 84' lang='grc' dir='ltr'>Τοῦρκοι</span> <span class='ocrx_word' id='word_1_229' title='bbox 498 1671 566 1706; x_wconf 78' lang='grc' dir='ltr'>μετὰ</span> <span class='ocrx_word' id='word_1_230' title='bbox 583 1671 712 1705; x_wconf 79' lang='grc' dir='ltr'>πλείστης</span> <span class='ocrx_word' id='word_1_231' title='bbox 729 1670 871 1704; x_wconf 82' lang='grc' dir='ltr'>δυνάμεως</span> <span class='ocrx_word' id='word_1_232' title='bbox 882 1677 889 1684; x_wconf 92' lang='grc'><strong>·</strong></span> <span class='ocrx_word' id='word_1_233' title='bbox 905 1670 919 1696; x_wconf 77' lang='grc' dir='ltr'>ὁ</span> 
     </span>
    </p>
   </div>
   <div class='ocr_carea' id='block_1_35' title="bbox 126 1715 918 1754">
    <p class='ocr_par' dir='ltr' id='par_1_35' title="bbox 126 1715 918 1754">
     <span class='ocr_line' id='line_1_35' title="bbox 126 1715 918 1754; baseline -0.004 -9"><span class='ocrx_word' id='word_1_234' title='bbox 126 1718 157 1745; x_wconf 72' lang='grc' dir='ltr'><strong>δὲ</strong></span> <span class='ocrx_word' id='word_1_235' title='bbox 174 1717 423 1754; x_wconf 80' lang='grc' dir='ltr'>παρακοιμώμενος</span> <span class='ocrx_word' id='word_1_236' title='bbox 437 1716 554 1751; x_wconf 74' lang='grc' dir='ltr'>ἐξελθὼν</span> <span class='ocrx_word' id='word_1_237' title='bbox 568 1716 684 1748; x_wconf 79' lang='grc' dir='ltr'>σπονδὰς</span> <span class='ocrx_word' id='word_1_238' title='bbox 699 1716 842 1752; x_wconf 77' lang='grc' dir='ltr'>είρηνικὰς</span> <span class='ocrx_word' id='word_1_239' title='bbox 860 1715 918 1751; x_wconf 73' lang='grc' dir='ltr'>μετ’</span> 
     </span>
    </p>
   </div>
   <div class='ocr_carea' id='block_1_36' title="bbox 127 1761 917 1798">
    <p class='ocr_par' dir='ltr' id='par_1_36' title="bbox 127 1761 917 1798">
     <span class='ocr_line' id='line_1_36' title="bbox 127 1761 917 1798; baseline -0.004 -8"><span class='ocrx_word' id='word_1_240' title='bbox 127 1764 219 1791; x_wconf 78' lang='grc' dir='ltr'>αὐτῶν</span> <span class='ocrx_word' id='word_1_241' title='bbox 233 1764 391 1798; x_wconf 79' lang='grc' dir='ltr'>ἐποιήσατο,</span> <span class='ocrx_word' id='word_1_242' title='bbox 416 1763 476 1790; x_wconf 82' lang='grc' dir='ltr'>ὅθεν</span> <span class='ocrx_word' id='word_1_243' title='bbox 496 1763 542 1790; x_wconf 75' lang='grc' dir='ltr'><strong>καὶ</strong></span> <span class='ocrx_word' id='word_1_244' title='bbox 554 1763 604 1790; x_wconf 78' lang='grc' dir='ltr'><strong>ἐπὶ</strong></span> <span class='ocrx_word' id='word_1_245' title='bbox 623 1761 735 1798; x_wconf 85' lang='grc' dir='ltr'>χρόνους</span> <span class='ocrx_word' id='word_1_246' title='bbox 753 1765 772 1788; x_wconf 79' lang='lat' dir='ltr'><strong>e&#39;</strong></span> <span class='ocrx_word' id='word_1_247' title='bbox 788 1762 805 1797; x_wconf 88' lang='grc' dir='ltr'><strong>ή</strong></span> <span class='ocrx_word' id='word_1_248' title='bbox 822 1761 917 1797; x_wconf 79' lang='grc' dir='ltr'><strong>εἰρήνη</strong></span> 
     </span>
    </p>
   </div>
   <div class='ocr_carea' id='block_1_37' title="bbox 127 1810 737 1846">
    <p class='ocr_par' dir='ltr' id='par_1_37' title="bbox 127 1810 737 1846">
     <span class='ocr_line' id='line_1_37' title="bbox 127 1810 737 1846; baseline -0.003 -9"><span class='ocrx_word' id='word_1_249' title='bbox 127 1810 308 1846; x_wconf 78' lang='grc' dir='ltr'><strong>διιφυλάχθη.</strong></span> <span class='ocrx_word' id='word_1_250' title='bbox 732 1831 737 1835; x_wconf 90' lang='grc'>.</span> 
     </span>
    </p>
   </div>
   <div class='ocr_carea' id='block_1_38' title="bbox 165 1852 919 1892">
    <p class='ocr_par' dir='ltr' id='par_1_38' title="bbox 165 1852 919 1892">
     <span class='ocr_line' id='line_1_38' title="bbox 165 1852 919 1892; baseline -0.005 -9"><span class='ocrx_word' id='word_1_251' title='bbox 165 1855 223 1892; x_wconf 80' lang='grc' dir='ltr'>μη’.</span> <span class='ocrx_word' id='word_1_252' title='bbox 241 1856 281 1891; x_wconf 82' lang='grc' dir='ltr'><strong>Τῇ</strong></span> <span class='ocrx_word' id='word_1_253' title='bbox 300 1856 329 1882; x_wconf 80' lang='grc' dir='ltr'><strong>δὲ</strong></span> <span class='ocrx_word' id='word_1_254' title='bbox 343 1855 365 1890; x_wconf 85' lang='grc' dir='ltr'><strong>β’</strong></span> <span class='ocrx_word' id='word_1_255' title='bbox 380 1855 536 1887; x_wconf 79' lang='grc' dir='ltr'>ίνδικτιῶνι,</span> <span class='ocrx_word' id='word_1_256' title='bbox 551 1854 705 1889; x_wconf 82' lang='grc' dir='ltr'>Πασχάλιος</span> <span class='ocrx_word' id='word_1_257' title='bbox 719 1852 919 1890; x_wconf 83' lang='grc' dir='ltr'>πρωτοσπαθά-</span> 
     </span>
    </p>
   </div>
   <div class='ocr_carea' id='block_1_39' title="bbox 130 1898 919 1938">
    <p class='ocr_par' dir='ltr' id='par_1_39' title="bbox 130 1898 919 1938">
     <span class='ocr_line' id='line_1_39' title="bbox 130 1898 919 1938; baseline -0.005 -9"><span class='ocrx_word' id='word_1_258' title='bbox 130 1910 188 1938; x_wconf 75' lang='lat' dir='ltr'><strong>pta;</strong></span> <span class='ocrx_word' id='word_1_259' title='bbox 198 1902 247 1929; x_wconf 79' lang='grc' dir='ltr'><strong>καὶ</strong></span> <span class='ocrx_word' id='word_1_260' title='bbox 257 1902 409 1938; x_wconf 81' lang='grc' dir='ltr'>στρατηγὸς</span> <span class='ocrx_word' id='word_1_261' title='bbox 423 1900 630 1936; x_wconf 80' lang='grc' dir='ltr'>Δαγουϐαρδίας</span> <span class='ocrx_word' id='word_1_262' title='bbox 642 1899 839 1927; x_wconf 77' lang='grc' dir='ltr'>ἀποστέλλεται</span> <span class='ocrx_word' id='word_1_263' title='bbox 850 1898 919 1933; x_wconf 80' lang='grc' dir='ltr'>πρὸς</span> 
     </span>
    </p>
   </div>
   <div class='ocr_carea' id='block_1_40' title="bbox 130 1944 919 1985">
    <p class='ocr_par' dir='ltr' id='par_1_40' title="bbox 130 1944 919 1985">
     <span class='ocr_line' id='line_1_40' title="bbox 130 1944 919 1985; baseline -0.008 -9"><span class='ocrx_word' id='word_1_264' title='bbox 130 1950 205 1985; x_wconf 78' lang='grc' dir='ltr'><strong>ρἧα</strong></span> <span class='ocrx_word' id='word_1_265' title='bbox 222 1948 278 1975; x_wconf 84' lang='grc' dir='ltr'><strong>τῶν</strong></span> <span class='ocrx_word' id='word_1_266' title='bbox 294 1948 437 1984; x_wconf 74' lang='grc' dir='ltr'><strong>Φράγγων.</strong></span> <span class='ocrx_word' id='word_1_267' title='bbox 470 1947 583 1982; x_wconf 77' lang='grc' dir='ltr'><strong>ἀγαγεῖν</strong></span> <span class='ocrx_word' id='word_1_268' title='bbox 601 1946 652 1982; x_wconf 86' lang='grc' dir='ltr'>τὴν</span> <span class='ocrx_word' id='word_1_269' title='bbox 677 1945 761 1972; x_wconf 76' lang='grc' dir='ltr'>αὑτοῦ</span> <span class='ocrx_word' id='word_1_270' title='bbox 782 1944 919 1979; x_wconf 80' lang='grc' dir='ltr'><strong>θυγατέρα</strong></span> 
     </span>
    </p>
   </div>
   <div class='ocr_carea' id='block_1_41' title="bbox 136 1989 919 2030">
    <p class='ocr_par' dir='ltr' id='par_1_41' title="bbox 136 1989 919 2030">
     <span class='ocr_line' id='line_1_41' title="bbox 136 1989 919 2030; baseline -0.008 -8"><span class='ocrx_word' id='word_1_271' title='bbox 136 1994 270 2030; x_wconf 83' lang='grc' dir='ltr'>Ῥωμανῷ</span> <span class='ocrx_word' id='word_1_272' title='bbox 283 1993 321 2029; x_wconf 81' lang='grc' dir='ltr'>τῷ</span> <span class='ocrx_word' id='word_1_273' title='bbox 331 1992 538 2021; x_wconf 77' lang='grc' dir='ltr'>Κωνσταντίνου</span> <span class='ocrx_word' id='word_1_274' title='bbox 554 1991 601 2019; x_wconf 85' lang='grc' dir='ltr'><strong>τοῦ</strong></span> <span class='ocrx_word' id='word_1_275' title='bbox 625 1990 752 2027; x_wconf 81' lang='grc' dir='ltr'>γαμϐροῦ</span> <span class='ocrx_word' id='word_1_276' title='bbox 767 1990 850 2018; x_wconf 83' lang='grc' dir='ltr'>αὑτοῦ</span> <span class='ocrx_word' id='word_1_277' title='bbox 868 1989 919 2025; x_wconf 84' lang='grc' dir='ltr'><strong>υίῷ</strong></span> 
     </span>
    </p>
   </div>
   <div class='ocr_carea' id='block_1_42' title="bbox 128 2036 918 2076">
    <p class='ocr_par' dir='ltr' id='par_1_42' title="bbox 128 2036 918 2076">
     <span class='ocr_line' id='line_1_42' title="bbox 128 2036 918 2076; baseline -0.008 -8"><span class='ocrx_word' id='word_1_278' title='bbox 128 2041 170 2072; x_wconf 81' lang='grc' dir='ltr'><strong>είς</strong></span> <span class='ocrx_word' id='word_1_279' title='bbox 189 2039 310 2076; x_wconf 81' lang='grc' dir='ltr'>νύμφην.</span> <span class='ocrx_word' id='word_1_280' title='bbox 327 2040 377 2066; x_wconf 86' lang='grc' dir='ltr'>Ἦν</span> <span class='ocrx_word' id='word_1_281' title='bbox 392 2040 439 2066; x_wconf 74' lang='grc' dir='ltr'>καὶ</span> <span class='ocrx_word' id='word_1_282' title='bbox 453 2037 523 2073; x_wconf 82' lang='grc' dir='ltr'>μετὰ</span> <span class='ocrx_word' id='word_1_283' title='bbox 535 2037 652 2065; x_wconf 83' lang='grc' dir='ltr'>πλούτου</span> <span class='ocrx_word' id='word_1_284' title='bbox 668 2036 766 2064; x_wconf 86' lang='grc' dir='ltr'>πολλοῦ</span> <span class='ocrx_word' id='word_1_285' title='bbox 776 2038 790 2064; x_wconf 86' lang='grc' dir='ltr'><strong>ό</strong></span> <span class='ocrx_word' id='word_1_286' title='bbox 808 2036 918 2071; x_wconf 81' lang='grc' dir='ltr'>Πασχᾱ-</span> 
     </span>
    </p>
   </div>
   <div class='ocr_carea' id='block_1_43' title="bbox 126 2082 919 2122">
    <p class='ocr_par' dir='ltr' id='par_1_43' title="bbox 126 2082 919 2122">
     <span class='ocr_line' id='line_1_43' title="bbox 126 2082 919 2122; baseline -0.005 -9"><span class='ocrx_word' id='word_1_287' title='bbox 126 2087 186 2118; x_wconf 74' lang='grc' dir='ltr'>λιος</span> <span class='ocrx_word' id='word_1_288' title='bbox 208 2086 363 2122; x_wconf 78' lang='grc' dir='ltr'>ἀνήγαγενι</span> <span class='ocrx_word' id='word_1_289' title='bbox 392 2084 439 2112; x_wconf 76' lang='grc' dir='ltr'>καὶ</span> <span class='ocrx_word' id='word_1_290' title='bbox 462 2085 573 2120; x_wconf 84' lang='grc' dir='ltr'>γέγονεν</span> <span class='ocrx_word' id='word_1_291' title='bbox 596 2085 611 2111; x_wconf 87' lang='grc' dir='ltr'><strong>ὀ</strong></span> <span class='ocrx_word' id='word_1_292' title='bbox 637 2085 725 2119; x_wconf 78' lang='grc' dir='ltr'>γάμος</span> <span class='ocrx_word' id='word_1_293' title='bbox 738 2082 919 2118; x_wconf 83' lang='grc' dir='ltr'>Σεπτεμϐρίῳ</span> 
     </span>
    </p>
   </div>
   <div class='ocr_carea' id='block_1_44' title="bbox 129 2129 918 2167">
    <p class='ocr_par' dir='ltr' id='par_1_44' title="bbox 129 2129 918 2167">
     <span class='ocr_line' id='line_1_44' title="bbox 129 2129 918 2167; baseline -0.005 -8"><span class='ocrx_word' id='word_1_294' title='bbox 129 2132 208 2167; x_wconf 77' lang='grc' dir='ltr'>μηνὶ,</span> <span class='ocrx_word' id='word_1_295' title='bbox 235 2131 399 2163; x_wconf 84' lang='grc' dir='ltr'>ίνδικτιῶνος</span> <span class='ocrx_word' id='word_1_296' title='bbox 423 2134 458 2165; x_wconf 91' lang='grc' dir='ltr'><strong>γ’.</strong></span> <span class='ocrx_word' id='word_1_297' title='bbox 475 2131 555 2163; x_wconf 86' lang='grc' dir='ltr'>Ἥτις</span> <span class='ocrx_word' id='word_1_298' title='bbox 571 2131 618 2157; x_wconf 77' lang='grc' dir='ltr'><strong>καὶ</strong></span> <span class='ocrx_word' id='word_1_299' title='bbox 630 2130 711 2165; x_wconf 70' lang='grc' dir='ltr'>ἔζησε</span> <span class='ocrx_word' id='word_1_300' title='bbox 723 2129 793 2166; x_wconf 83' lang='grc' dir='ltr'>μετὰ</span> <span class='ocrx_word' id='word_1_301' title='bbox 809 2129 856 2156; x_wconf 83' lang='grc' dir='ltr'>τοῦ</span> <span class='ocrx_word' id='word_1_302' title='bbox 872 2130 918 2156; x_wconf 82' lang='grc' dir='ltr'><strong>ἀν-</strong></span> 
     </span>
    </p>
   </div>
   <div class='ocr_carea' id='block_1_45' title="bbox 126 2174 919 2214">
    <p class='ocr_par' dir='ltr' id='par_1_45' title="bbox 126 2174 919 2214">
     <span class='ocr_line' id='line_1_45' title="bbox 126 2174 919 2214; baseline -0.005 -10"><span class='ocrx_word' id='word_1_303' title='bbox 126 2177 192 2214; x_wconf 71' lang='grc' dir='ltr'>δρὸς</span> <span class='ocrx_word' id='word_1_304' title='bbox 203 2176 288 2213; x_wconf 85' lang='grc' dir='ltr'>αὺτῆς</span> <span class='ocrx_word' id='word_1_305' title='bbox 302 2177 350 2212; x_wconf 79' lang='grc' dir='ltr'><strong>ἐτη</strong></span> <span class='ocrx_word' id='word_1_306' title='bbox 362 2176 393 2210; x_wconf 83' lang='grc' dir='ltr'>ε’,</span> <span class='ocrx_word' id='word_1_307' title='bbox 416 2176 464 2204; x_wconf 78' lang='grc' dir='ltr'>καὶ</span> <span class='ocrx_word' id='word_1_308' title='bbox 481 2176 658 2211; x_wconf 74' lang='grc' dir='ltr'>ἐτελεύτησεν</span> <span class='ocrx_word' id='word_1_309' title='bbox 672 2176 701 2202; x_wconf 73' lang='grc' dir='ltr'>ἐν</span> <span class='ocrx_word' id='word_1_310' title='bbox 720 2176 780 2207; x_wconf 84' lang='grc' dir='ltr'>ταῖς</span> <span class='ocrx_word' id='word_1_311' title='bbox 802 2174 919 2210; x_wconf 80' lang='grc' dir='ltr'>ἡμέραις</span> 
     </span>
    </p>
   </div>
   <div class='ocr_carea' id='block_1_46' title="bbox 127 2221 918 2259">
    <p class='ocr_par' dir='ltr' id='par_1_46' title="bbox 127 2221 918 2259">
     <span class='ocr_line' id='line_1_46' title="bbox 127 2221 918 2259; baseline -0.004 -9"><span class='ocrx_word' id='word_1_312' title='bbox 127 2225 179 2258; x_wconf 76' lang='grc' dir='ltr'>τῆς</span> <span class='ocrx_word' id='word_1_313' title='bbox 195 2222 408 2259; x_wconf 80' lang='grc' dir='ltr'>αὐτοκρατορίας</span> <span class='ocrx_word' id='word_1_314' title='bbox 425 2222 629 2249; x_wconf 85' lang='grc' dir='ltr'>Κωνσταντίνου</span> <span class='ocrx_word' id='word_1_315' title='bbox 655 2221 702 2248; x_wconf 82' lang='grc' dir='ltr'><strong>τοῦ</strong></span> <span class='ocrx_word' id='word_1_316' title='bbox 716 2221 799 2256; x_wconf 76' lang='grc' dir='ltr'>αὐτῆς</span> <span class='ocrx_word' id='word_1_317' title='bbox 821 2221 918 2248; x_wconf 81' lang='grc' dir='ltr'>πενθε-</span> 
     </span>
    </p>
   </div>
   <div class='ocr_carea' id='block_1_47' title="bbox 130 2278 189 2305">
    <p class='ocr_par' dir='ltr' id='par_1_47' title="bbox 130 2278 189 2305">
     <span class='ocr_line' id='line_1_47' title="bbox 130 2278 189 2305; baseline 0 -9"><span class='ocrx_word' id='word_1_318' title='bbox 130 2278 189 2305; x_wconf 77' lang='lat' dir='ltr'><strong>pou.</strong></span> 
     </span>
    </p>
   </div>
   <div class='ocr_carea' id='block_1_48' title="bbox 169 2313 919 2351">
    <p class='ocr_par' dir='ltr' id='par_1_48' title="bbox 169 2313 919 2351">
     <span class='ocr_line' id='line_1_48' title="bbox 169 2313 919 2351; baseline -0.003 -9"><span class='ocrx_word' id='word_1_319' title='bbox 169 2315 223 2351; x_wconf 84' lang='grc' dir='ltr'>μθ¹.</span> <span class='ocrx_word' id='word_1_320' title='bbox 242 2315 286 2351; x_wconf 87' lang='grc' dir='ltr'>Τῷ</span> <span class='ocrx_word' id='word_1_321' title='bbox 316 2314 475 2350; x_wconf 76' lang='grc' dir='ltr'>Δεκεμϐρίῳ</span> <span class='ocrx_word' id='word_1_322' title='bbox 499 2314 585 2349; x_wconf 79' lang='grc' dir='ltr'>μηνὶ,</span> <span class='ocrx_word' id='word_1_323' title='bbox 615 2314 663 2349; x_wconf 85' lang='grc' dir='ltr'>τῆς</span> <span class='ocrx_word' id='word_1_324' title='bbox 686 2313 707 2341; x_wconf 88' lang='grc' dir='ltr'><strong>δ’</strong></span> <span class='ocrx_word' id='word_1_325' title='bbox 742 2313 919 2346; x_wconf 81' lang='grc' dir='ltr'>ινδικτιῶνος,</span> 
     </span>
    </p>
   </div>
   <div class='ocr_carea' id='block_1_49' title="bbox 130 2361 919 2398">
    <p class='ocr_par' dir='ltr' id='par_1_49' title="bbox 130 2361 919 2398">
     <span class='ocr_line' id='line_1_49' title="bbox 130 2361 919 2398; baseline -0.005 -7"><span class='ocrx_word' id='word_1_326' title='bbox 130 2363 235 2398; x_wconf 77' lang='grc' dir='ltr'>ἀνέμου</span> <span class='ocrx_word' id='word_1_327' title='bbox 250 2362 337 2398; x_wconf 80' lang='grc' dir='ltr'>βιαίου</span> <span class='ocrx_word' id='word_1_328' title='bbox 352 2363 398 2388; x_wconf 76' lang='grc' dir='ltr'>καὶ</span> <span class='ocrx_word' id='word_1_329' title='bbox 410 2361 524 2397; x_wconf 85' lang='grc' dir='ltr'>σφοδροῦ</span> <span class='ocrx_word' id='word_1_330' title='bbox 548 2361 712 2393; x_wconf 83' lang='grc' dir='ltr'>πνεύσαντος</span> <span class='ocrx_word' id='word_1_331' title='bbox 736 2362 761 2387; x_wconf 78' lang='lat' dir='ltr'><strong>at</strong></span> <span class='ocrx_word' id='word_1_332' title='bbox 777 2361 919 2396; x_wconf 73' lang='grc' dir='ltr'>λεγόμενοι</span> 
     </span>
    </p>
   </div>
   <div class='ocr_carea' id='block_1_50' title="bbox 127 2405 920 2443">
    <p class='ocr_par' dir='ltr' id='par_1_50' title="bbox 127 2405 920 2443">
     <span class='ocr_line' id='line_1_50' title="bbox 127 2405 920 2443; baseline -0.005 -7"><span class='ocrx_word' id='word_1_333' title='bbox 127 2410 158 2436; x_wconf 76' lang='grc' dir='ltr'><strong>ὲν</strong></span> <span class='ocrx_word' id='word_1_334' title='bbox 169 2408 208 2443; x_wconf 84' lang='grc' dir='ltr'>τῷ</span> <span class='ocrx_word' id='word_1_335' title='bbox 226 2408 332 2443; x_wconf 79' lang='grc' dir='ltr'>ἱππικῷ</span> <span class='ocrx_word' id='word_1_336' title='bbox 347 2408 378 2440; x_wconf 77' lang='grc' dir='ltr'><strong>ἐξ</strong></span> <span class='ocrx_word' id='word_1_337' title='bbox 392 2407 518 2439; x_wconf 78' lang='grc' dir='ltr'>ἐναντίας</span> <span class='ocrx_word' id='word_1_338' title='bbox 532 2406 579 2433; x_wconf 76' lang='grc' dir='ltr'>τοῦ</span> <span class='ocrx_word' id='word_1_339' title='bbox 596 2405 737 2440; x_wconf 80' lang='grc' dir='ltr'>βασιλικοῦ</span> <span class='ocrx_word' id='word_1_340' title='bbox 760 2405 857 2441; x_wconf 83' lang='grc' dir='ltr'><strong>θρόνου</strong></span> <span class='ocrx_word' id='word_1_341' title='bbox 868 2406 920 2440; x_wconf 79' lang='grc' dir='ltr'><strong>Δῆ-</strong></span> 
     </span>
    </p>
   </div>
   <div class='ocr_carea' id='block_1_51' title="bbox 128 2451 919 2491">
    <p class='ocr_par' dir='ltr' id='par_1_51' title="bbox 128 2451 919 2491">
     <span class='ocr_line' id='line_1_51' title="bbox 128 2451 919 2491; baseline -0.006 -9"><span class='ocrx_word' id='word_1_342' title='bbox 128 2463 176 2491; x_wconf 82' lang='grc' dir='ltr'><strong>μοι</strong></span> <span class='ocrx_word' id='word_1_343' title='bbox 196 2455 357 2487; x_wconf 74' lang='grc' dir='ltr'>κατέπεσον,</span> <span class='ocrx_word' id='word_1_344' title='bbox 376 2454 423 2480; x_wconf 76' lang='grc' dir='ltr'>καὶ</span> <span class='ocrx_word' id='word_1_345' title='bbox 446 2452 609 2488; x_wconf 72' lang='grc' dir='ltr'>συνέτριψαν</span> <span class='ocrx_word' id='word_1_346' title='bbox 622 2451 656 2478; x_wconf 82' lang='grc' dir='ltr'><strong>τὰ</strong></span> <span class='ocrx_word' id='word_1_347' title='bbox 682 2452 812 2479; x_wconf 78' lang='grc' dir='ltr'>ὑποκάτω</span> <span class='ocrx_word' id='word_1_348' title='bbox 828 2451 919 2478; x_wconf 72' lang='grc' dir='ltr'>αὐτῶν</span> 
     </span>
    </p>
   </div>
   <div class='ocr_carea' id='block_1_52' title="bbox 127 2497 917 2537">
    <p class='ocr_par' dir='ltr' id='par_1_52' title="bbox 127 2497 917 2537">
     <span class='ocr_line' id='line_1_52' title="bbox 127 2497 917 2537; baseline -0.004 -10"><span class='ocrx_word' id='word_1_349' title='bbox 127 2500 219 2537; x_wconf 80' lang='grc' dir='ltr'>βάθρα</span> <span class='ocrx_word' id='word_1_350' title='bbox 240 2500 288 2527; x_wconf 81' lang='grc' dir='ltr'><strong>καὶ</strong></span> <span class='ocrx_word' id='word_1_351' title='bbox 318 2499 430 2535; x_wconf 82' lang='grc' dir='ltr'>στήθεα.</span> <span class='ocrx_word' id='word_1_352' title='bbox 461 2498 566 2533; x_wconf 83' lang='grc' dir='ltr'>Χρόνου</span> <span class='ocrx_word' id='word_1_353' title='bbox 582 2497 611 2524; x_wconf 73' lang='grc' dir='ltr'><strong>δὲ</strong></span> <span class='ocrx_word' id='word_1_354' title='bbox 627 2497 776 2530; x_wconf 80' lang='grc' dir='ltr'>διελθόντος</span> <span class='ocrx_word' id='word_1_355' title='bbox 788 2497 828 2533; x_wconf 87' lang='grc' dir='ltr'>τῷ</span> <span class='ocrx_word' id='word_1_356' title='bbox 843 2498 917 2532; x_wconf 85' lang='grc' dir='ltr'>αὑτῷ</span> 
     </span>
    </p>
   </div>
   <div class='ocr_carea' id='block_1_53' title="bbox 130 2544 917 2581">
    <p class='ocr_par' dir='ltr' id='par_1_53' title="bbox 130 2544 917 2581">
     <span class='ocr_line' id='line_1_53' title="bbox 130 2544 917 2581; baseline -0.001 -8"><span class='ocrx_word' id='word_1_357' title='bbox 130 2546 197 2581; x_wconf 74' lang='grc' dir='ltr'>μηνὶ</span> <span class='ocrx_word' id='word_1_358' title='bbox 211 2545 379 2580; x_wconf 77' lang='grc' dir='ltr'>τὸνβασιλέα</span> <span class='ocrx_word' id='word_1_359' title='bbox 400 2544 539 2580; x_wconf 81' lang='grc' dir='ltr'>Ῥωμανὺν</span> <span class='ocrx_word' id='word_1_360' title='bbox 554 2545 578 2571; x_wconf 93' lang='grc' dir='ltr'><strong>οί</strong></span> <span class='ocrx_word' id='word_1_361' title='bbox 596 2544 649 2570; x_wconf 76' lang='grc' dir='ltr'>υίοὶ</span> <span class='ocrx_word' id='word_1_362' title='bbox 663 2544 746 2571; x_wconf 74' lang='grc' dir='ltr'>αὐτοῦ</span> <span class='ocrx_word' id='word_1_363' title='bbox 763 2544 810 2571; x_wconf 81' lang='grc' dir='ltr'>τοῦ</span> <span class='ocrx_word' id='word_1_364' title='bbox 828 2545 848 2560; x_wconf 89' lang='lat'><strong>&quot;</strong></span> <span class='ocrx_word' id='word_1_365' title='bbox 865 2553 917 2572; x_wconf 89' lang='grc' dir='ltr'>πα-</span> 
     </span>
    </p>
   </div>
   <div class='ocr_carea' id='block_1_54' title="bbox 128 2591 409 2627">
    <p class='ocr_par' dir='ltr' id='par_1_54' title="bbox 128 2591 409 2627">
     <span class='ocr_line' id='line_1_54' title="bbox 128 2591 409 2627; baseline -0.007 -8"><span class='ocrx_word' id='word_1_366' title='bbox 128 2591 223 2619; x_wconf 80' lang='grc' dir='ltr'>λατίου</span> <span class='ocrx_word' id='word_1_367' title='bbox 240 2592 409 2627; x_wconf 81' lang='grc' dir='ltr'>κατήγαγον.</span> 
     </span>
    </p>
   </div>
   <div class='ocr_carea' id='block_1_55' title="bbox 164 2635 917 2675">
    <p class='ocr_par' dir='ltr' id='par_1_55' title="bbox 164 2635 917 2675">
     <span class='ocr_line' id='line_1_55' title="bbox 164 2635 917 2675; baseline 0 -10"><span class='ocrx_word' id='word_1_368' title='bbox 164 2641 198 2666; x_wconf 89' lang='grc' dir='ltr'><strong>ν’.</strong></span> <span class='ocrx_word' id='word_1_369' title='bbox 212 2639 269 2674; x_wconf 85' lang='grc' dir='ltr'><strong>Τῆς</strong></span> <span class='ocrx_word' id='word_1_370' title='bbox 292 2638 321 2665; x_wconf 82' lang='grc' dir='ltr'><strong>δὲ</strong></span> <span class='ocrx_word' id='word_1_371' title='bbox 345 2637 450 2670; x_wconf 79' lang='grc' dir='ltr'>πόλεως</span> <span class='ocrx_word' id='word_1_372' title='bbox 468 2637 590 2673; x_wconf 81' lang='grc' dir='ltr'>Ἐδέσης,</span> <span class='ocrx_word' id='word_1_373' title='bbox 606 2640 635 2664; x_wconf 82' lang='grc' dir='ltr'><strong>ὲν</strong></span> <span class='ocrx_word' id='word_1_374' title='bbox 659 2635 676 2675; x_wconf 75' lang='grc' dir='ltr'><strong>ᾖ</strong></span> <span class='ocrx_word' id='word_1_375' title='bbox 694 2637 724 2664; x_wconf 74' lang='grc' dir='ltr'>τὸ</span> <span class='ocrx_word' id='word_1_376' title='bbox 737 2637 785 2664; x_wconf 81' lang='grc' dir='ltr'>τοῦ</span> <span class='ocrx_word' id='word_1_377' title='bbox 799 2638 917 2673; x_wconf 81' lang='grc' dir='ltr'>Χριστοῦ</span> 
     </span>
    </p>
   </div>
   <div class='ocr_carea' id='block_1_56' title="bbox 126 2683 919 2719">
    <p class='ocr_par' dir='ltr' id='par_1_56' title="bbox 126 2683 919 2719">
     <span class='ocr_line' id='line_1_56' title="bbox 126 2683 919 2719; baseline 0 -8"><span class='ocrx_word' id='word_1_378' title='bbox 126 2684 207 2718; x_wconf 70' lang='grc' dir='ltr'>ιγιον</span> <span class='ocrx_word' id='word_1_379' title='bbox 221 2685 370 2719; x_wconf 66' lang='grc' dir='ltr'>ἐκμαγεῖον</span> <span class='ocrx_word' id='word_1_380' title='bbox 384 2684 526 2715; x_wconf 79' lang='grc' dir='ltr'>ἀπέκειτο,</span> <span class='ocrx_word' id='word_1_381' title='bbox 543 2684 619 2718; x_wconf 82' lang='grc' dir='ltr'>παρὰ</span> <span class='ocrx_word' id='word_1_382' title='bbox 633 2684 679 2710; x_wconf 80' lang='grc' dir='ltr'>τοῦ</span> <span class='ocrx_word' id='word_1_383' title='bbox 702 2683 859 2719; x_wconf 82' lang='grc' dir='ltr'>Ῥωμαϊκοῦ</span> <span class='ocrx_word' id='word_1_384' title='bbox 871 2692 919 2711; x_wconf 86' lang='grc' dir='ltr'>πο-</span> 
     </span>
    </p>
   </div>
   <div class='ocr_carea' id='block_1_57' title="bbox 125 2730 918 2767">
    <p class='ocr_par' dir='ltr' id='par_1_57' title="bbox 125 2730 918 2767">
     <span class='ocr_line' id='line_1_57' title="bbox 125 2730 918 2767; baseline 0 -10"><span class='ocrx_word' id='word_1_385' title='bbox 125 2731 328 2767; x_wconf 84' lang='grc' dir='ltr'>λιορκουμένης</span> <span class='ocrx_word' id='word_1_386' title='bbox 353 2730 568 2766; x_wconf 79' lang='grc' dir='ltr'>στρατεύματος,</span> <span class='ocrx_word' id='word_1_387' title='bbox 591 2731 617 2757; x_wconf 81' lang='grc' dir='ltr'>οἱ</span> <span class='ocrx_word' id='word_1_388' title='bbox 647 2731 789 2766; x_wconf 84' lang='grc' dir='ltr'>οἰκήτορες</span> <span class='ocrx_word' id='word_1_389' title='bbox 814 2730 918 2766; x_wconf 80' lang='grc' dir='ltr'>ταύτης</span> 
     </span>
    </p>
   </div>
   <div class='ocr_carea' id='block_1_58' title="bbox 127 2776 918 2814">
    <p class='ocr_par' dir='ltr' id='par_1_58' title="bbox 127 2776 918 2814">
     <span class='ocr_line' id='line_1_58' title="bbox 127 2776 918 2814; baseline -0.003 -9"><span class='ocrx_word' id='word_1_390' title='bbox 127 2778 199 2814; x_wconf 83' lang='grc' dir='ltr'>πρὸς</span> <span class='ocrx_word' id='word_1_391' title='bbox 212 2777 259 2804; x_wconf 74' lang='grc' dir='ltr'><strong>τὸν</strong></span> <span class='ocrx_word' id='word_1_392' title='bbox 283 2776 397 2812; x_wconf 86' lang='grc' dir='ltr'>βασιλέα</span> <span class='ocrx_word' id='word_1_393' title='bbox 422 2776 651 2812; x_wconf 76' lang='grc' dir='ltr'>διαπρεσϐεύουσι</span> <span class='ocrx_word' id='word_1_394' title='bbox 680 2777 821 2812; x_wconf 83' lang='grc' dir='ltr'>Ῥωμανδν</span> <span class='ocrx_word' id='word_1_395' title='bbox 838 2777 918 2804; x_wconf 84' lang='grc' dir='ltr'>τοῦτο</span> 
     </span>
    </p>
   </div>
   <div class='ocr_carea' id='block_1_59' title="bbox 124 2822 916 2861">
    <p class='ocr_par' dir='ltr' id='par_1_59' title="bbox 124 2822 916 2861">
     <span class='ocr_line' id='line_1_59' title="bbox 124 2822 916 2861; baseline -0.001 -10"><span class='ocrx_word' id='word_1_396' title='bbox 124 2823 271 2861; x_wconf 78' lang='grc' dir='ltr'>παρέχειν,</span> <span class='ocrx_word' id='word_1_397' title='bbox 290 2824 315 2850; x_wconf 76' lang='lat' dir='ltr'><strong>ei</strong></span> <span class='ocrx_word' id='word_1_398' title='bbox 330 2823 379 2859; x_wconf 83' lang='grc' dir='ltr'>τὴν</span> <span class='ocrx_word' id='word_1_399' title='bbox 396 2822 554 2859; x_wconf 83' lang='grc' dir='ltr'>πολιορκίαν</span> <span class='ocrx_word' id='word_1_400' title='bbox 569 2822 686 2850; x_wconf 83' lang='grc' dir='ltr'>λύσειεν.</span> <span class='ocrx_word' id='word_1_401' title='bbox 705 2823 794 2858; x_wconf 77' lang='grc' dir='ltr'>Ὅπερ</span> <span class='ocrx_word' id='word_1_402' title='bbox 807 2824 854 2851; x_wconf 78' lang='grc' dir='ltr'>καὶ</span> <span class='ocrx_word' id='word_1_403' title='bbox 869 2824 916 2858; x_wconf 84' lang='grc' dir='ltr'>γέ-</span> 
     </span>
    </p>
   </div>
   <div class='ocr_carea' id='block_1_60' title="bbox 975 290 1762 331">
    <p class='ocr_par' dir='ltr' id='par_1_60' title="bbox 975 290 1762 331">
     <span class='ocr_line' id='line_1_60' title="bbox 975 290 1762 331; baseline 0.013 -14"><span class='ocrx_word' id='word_1_404' title='bbox 975 290 1189 329; x_wconf 84' lang='lat' dir='ltr'><strong>condiderunt),</strong></span> <span class='ocrx_word' id='word_1_405' title='bbox 1209 294 1289 330; x_wconf 64' lang='grc'>747</span> <span class='ocrx_word' id='word_1_406' title='bbox 1309 295 1368 330; x_wconf 84' lang='lat' dir='ltr'><strong>ipse</strong></span> <span class='ocrx_word' id='word_1_407' title='bbox 1388 300 1502 331; x_wconf 87' lang='lat' dir='ltr'><strong>repente</strong></span> <span class='ocrx_word' id='word_1_408' title='bbox 1520 296 1547 324; x_wconf 87' lang='lat' dir='ltr'><strong>in</strong></span> <span class='ocrx_word' id='word_1_409' title='bbox 1564 298 1625 325; x_wconf 91' lang='lat' dir='ltr'><strong>illos</strong></span> <span class='ocrx_word' id='word_1_410' title='bbox 1651 307 1762 328; x_wconf 80' lang='lat' dir='ltr'><strong>irruens</strong></span> 
     </span>
    </p>
   </div>
   <div class='ocr_carea' id='block_1_61' title="bbox 975 337 1761 380">
    <p class='ocr_par' dir='ltr' id='par_1_61' title="bbox 975 337 1761 380">
     <span class='ocr_line' id='line_1_61' title="bbox 975 337 1761 380; baseline 0.014 -17"><span class='ocrx_word' id='word_1_411' title='bbox 975 337 1084 372; x_wconf 85' lang='lat' dir='ltr'><strong>navigia</strong></span> <span class='ocrx_word' id='word_1_412' title='bbox 1106 339 1160 366; x_wconf 89' lang='lat' dir='ltr'><strong>alia</strong></span> <span class='ocrx_word' id='word_1_413' title='bbox 1185 339 1246 375; x_wconf 89' lang='lat' dir='ltr'><strong>igne</strong></span> <span class='ocrx_word' id='word_1_414' title='bbox 1270 342 1432 376; x_wconf 74' lang='lat' dir='ltr'><strong>combussit,</strong></span> <span class='ocrx_word' id='word_1_415' title='bbox 1449 342 1503 370; x_wconf 85' lang='lat' dir='ltr'><strong>alia</strong></span> <span class='ocrx_word' id='word_1_416' title='bbox 1529 343 1557 371; x_wconf 86' lang='lat' dir='ltr'><strong>in</strong></span> <span class='ocrx_word' id='word_1_417' title='bbox 1581 344 1672 380; x_wconf 74' lang='lat' dir='ltr'><strong>fugam</strong></span> <span class='ocrx_word' id='word_1_418' title='bbox 1695 346 1761 380; x_wconf 83' lang='lat' dir='ltr'><strong>egit.</strong></span> 
     </span>
    </p>
   </div>
   <div class='ocr_carea' id='block_1_62' title="bbox 974 381 1763 426">
    <p class='ocr_par' dir='ltr' id='par_1_62' title="bbox 974 381 1763 426">
     <span class='ocr_line' id='line_1_62' title="bbox 974 381 1763 426; baseline 0.01 -16"><span class='ocrx_word' id='word_1_419' title='bbox 974 381 1119 417; x_wconf 87' lang='lat' dir='ltr'><strong>Quocirca,</strong></span> <span class='ocrx_word' id='word_1_420' title='bbox 1131 385 1200 413; x_wconf 84' lang='lat' dir='ltr'><strong>t‘usis</strong></span> <span class='ocrx_word' id='word_1_421' title='bbox 1217 387 1332 414; x_wconf 85' lang='lat' dir='ltr'><strong>omnino</strong></span> <span class='ocrx_word' id='word_1_422' title='bbox 1357 387 1511 423; x_wconf 69' lang='lat' dir='ltr'><strong>fugatisque</strong></span> <span class='ocrx_word' id='word_1_423' title='bbox 1536 389 1673 423; x_wconf 78' lang='lat' dir='ltr'><strong>hostibus,</strong></span> <span class='ocrx_word' id='word_1_424' title='bbox 1698 399 1763 426; x_wconf 86' lang='lat' dir='ltr'><strong>par-</strong></span> 
     </span>
    </p>
   </div>
   <div class='ocr_carea' id='block_1_63' title="bbox 975 429 1762 471">
    <p class='ocr_par' dir='ltr' id='par_1_63' title="bbox 975 429 1762 471">
     <span class='ocr_line' id='line_1_63' title="bbox 975 429 1762 471; baseline 0.011 -16"><span class='ocrx_word' id='word_1_425' title='bbox 975 429 1023 456; x_wconf 89' lang='lat' dir='ltr'><strong>tim</strong></span> <span class='ocrx_word' id='word_1_426' title='bbox 1045 437 1141 458; x_wconf 89' lang='lat' dir='ltr'><strong>eorum</strong></span> <span class='ocrx_word' id='word_1_427' title='bbox 1164 440 1248 460; x_wconf 81' lang='lat' dir='ltr'><strong>naves</strong></span> <span class='ocrx_word' id='word_1_428' title='bbox 1269 441 1332 460; x_wconf 91' lang='lat' dir='ltr'><strong>cum</strong></span> <span class='ocrx_word' id='word_1_429' title='bbox 1360 433 1520 462; x_wconf 75' lang='lat' dir='ltr'><strong>vectoribus</strong></span> <span class='ocrx_word' id='word_1_430' title='bbox 1538 436 1634 471; x_wconf 81' lang='lat' dir='ltr'><strong>pelago</strong></span> <span class='ocrx_word' id='word_1_431' title='bbox 1658 443 1762 464; x_wconf 76' lang='lat' dir='ltr'><strong>merse-</strong></span> 
     </span>
    </p>
   </div>
   <div class='ocr_carea' id='block_1_64' title="bbox 975 478 1762 516">
    <p class='ocr_par' dir='ltr' id='par_1_64' title="bbox 975 478 1762 516">
     <span class='ocr_line' id='line_1_64' title="bbox 975 478 1762 516; baseline 0.011 -15"><span class='ocrx_word' id='word_1_432' title='bbox 975 480 1058 506; x_wconf 84' lang='lat' dir='ltr'><strong>runt,</strong></span> <span class='ocrx_word' id='word_1_433' title='bbox 1090 478 1189 511; x_wconf 89' lang='lat' dir='ltr'><strong>partim</strong></span> <span class='ocrx_word' id='word_1_434' title='bbox 1221 478 1356 513; x_wconf 89' lang='lat' dir='ltr'><strong>plurimos</strong></span> <span class='ocrx_word' id='word_1_435' title='bbox 1391 480 1551 516; x_wconf 74' lang='lat' dir='ltr'><strong>ingentique</strong></span> <span class='ocrx_word' id='word_1_436' title='bbox 1579 482 1658 510; x_wconf 89' lang='lat' dir='ltr'><strong>turba</strong></span> <span class='ocrx_word' id='word_1_437' title='bbox 1685 483 1762 510; x_wconf 85' lang='lat' dir='ltr'><strong>vivos</strong></span> 
     </span>
    </p>
   </div>
   <div class='ocr_carea' id='block_1_65' title="bbox 973 523 1762 563">
    <p class='ocr_par' dir='ltr' id='par_1_65' title="bbox 973 523 1762 563">
     <span class='ocr_line' id='line_1_65' title="bbox 973 523 1762 563; baseline 0.01 -15"><span class='ocrx_word' id='word_1_438' title='bbox 973 527 1117 556; x_wconf 83' lang='lat' dir='ltr'><strong>ceperunt.</strong></span> <span class='ocrx_word' id='word_1_439' title='bbox 1133 523 1185 556; x_wconf 87' lang='lat' dir='ltr'><strong>Qui</strong></span> <span class='ocrx_word' id='word_1_440' title='bbox 1200 524 1303 552; x_wconf 85' lang='lat' dir='ltr'><strong>residui</strong></span> <span class='ocrx_word' id='word_1_441' title='bbox 1319 525 1439 558; x_wconf 83' lang='lat' dir='ltr'><strong>fuerant,</strong></span> <span class='ocrx_word' id='word_1_442' title='bbox 1459 527 1492 553; x_wconf 90' lang='lat' dir='ltr'><strong>ad</strong></span> <span class='ocrx_word' id='word_1_443' title='bbox 1511 526 1680 556; x_wconf 76' lang='lat' dir='ltr'><strong>Orientalem</strong></span> <span class='ocrx_word' id='word_1_444' title='bbox 1703 529 1762 563; x_wconf 57' lang='lat' dir='ltr'><strong>pla»</strong></span> 
     </span>
    </p>
   </div>
   <div class='ocr_carea' id='block_1_66' title="bbox 975 569 1760 609">
    <p class='ocr_par' dir='ltr' id='par_1_66' title="bbox 975 569 1760 609">
     <span class='ocr_line' id='line_1_66' title="bbox 975 569 1760 609; baseline 0.01 -15"><span class='ocrx_word' id='word_1_445' title='bbox 975 575 1047 602; x_wconf 79' lang='lat' dir='ltr'><strong>gain,</strong></span> <span class='ocrx_word' id='word_1_446' title='bbox 1062 569 1096 595; x_wconf 88' lang='lat' dir='ltr'><strong>ad</strong></span> <span class='ocrx_word' id='word_1_447' title='bbox 1106 569 1195 596; x_wconf 90' lang='lat' dir='ltr'><strong>locum</strong></span> <span class='ocrx_word' id='word_1_448' title='bbox 1207 578 1289 604; x_wconf 89' lang='lat' dir='ltr'><strong>quem</strong></span> <span class='ocrx_word' id='word_1_449' title='bbox 1304 571 1414 606; x_wconf 82' lang='lat' dir='ltr'><strong>Rhogas</strong></span> <span class='ocrx_word' id='word_1_450' title='bbox 1429 576 1537 604; x_wconf 85' lang='lat' dir='ltr'><strong>vocant,</strong></span> <span class='ocrx_word' id='word_1_451' title='bbox 1551 574 1760 609; x_wconf 81' lang='lat' dir='ltr'><strong>navigaverunt.</strong></span> 
     </span>
    </p>
   </div>
   <div class='ocr_carea' id='block_1_67' title="bbox 973 613 1762 652">
    <p class='ocr_par' dir='ltr' id='par_1_67' title="bbox 973 613 1762 652">
     <span class='ocr_line' id='line_1_67' title="bbox 973 613 1762 652; baseline 0.01 -12"><span class='ocrx_word' id='word_1_452' title='bbox 973 613 1106 648; x_wconf 87' lang='lat' dir='ltr'><strong>Quodque</strong></span> <span class='ocrx_word' id='word_1_453' title='bbox 1121 615 1291 650; x_wconf 78' lang='lat' dir='ltr'><strong>manipulum</strong></span> <span class='ocrx_word' id='word_1_454' title='bbox 1313 618 1462 644; x_wconf 80' lang='lat' dir='ltr'><strong>necessarii</strong></span> <span class='ocrx_word' id='word_1_455' title='bbox 1486 618 1579 652; x_wconf 83' lang='lat' dir='ltr'><strong>pabuli</strong></span> <span class='ocrx_word' id='word_1_456' title='bbox 1593 624 1622 646; x_wconf 89' lang='lat' dir='ltr'><strong>et</strong></span> <span class='ocrx_word' id='word_1_457' title='bbox 1636 627 1762 648; x_wconf 83' lang='lat' dir='ltr'><strong>annona-</strong></span> 
     </span>
    </p>
   </div>
   <div class='ocr_carea' id='block_1_68' title="bbox 974 661 1760 697">
    <p class='ocr_par' dir='ltr' id='par_1_68' title="bbox 974 661 1760 697">
     <span class='ocr_line' id='line_1_68' title="bbox 974 661 1760 697; baseline 0.011 -12"><span class='ocrx_word' id='word_1_458' title='bbox 974 667 1034 686; x_wconf 88' lang='lat' dir='ltr'><strong>rnm</strong></span> <span class='ocrx_word' id='word_1_459' title='bbox 1051 667 1134 688; x_wconf 85' lang='lat' dir='ltr'><strong>causa</strong></span> <span class='ocrx_word' id='word_1_460' title='bbox 1151 661 1179 688; x_wconf 96' lang='lat' dir='ltr'><strong>in</strong></span> <span class='ocrx_word' id='word_1_461' title='bbox 1192 662 1349 697; x_wconf 80' lang='lat' dir='ltr'><strong>Bithyniam</strong></span> <span class='ocrx_word' id='word_1_462' title='bbox 1369 663 1512 696; x_wconf 84' lang='lat' dir='ltr'><strong>miserant,</strong></span> <span class='ocrx_word' id='word_1_463' title='bbox 1531 665 1632 693; x_wconf 72' lang='lat' dir='ltr'><strong>Bardas</strong></span> <span class='ocrx_word' id='word_1_464' title='bbox 1654 666 1760 694; x_wconf 82' lang='lat' dir='ltr'><strong>Phocas</strong></span> 
     </span>
    </p>
   </div>
   <div class='ocr_carea' id='block_1_69' title="bbox 975 705 1758 745">
    <p class='ocr_par' dir='ltr' id='par_1_69' title="bbox 975 705 1758 745">
     <span class='ocr_line' id='line_1_69' title="bbox 975 705 1758 745; baseline 0.01 -13"><span class='ocrx_word' id='word_1_465' title='bbox 975 705 1002 732; x_wconf 94' lang='lat' dir='ltr'><strong>in</strong></span> <span class='ocrx_word' id='word_1_466' title='bbox 1015 713 1076 732; x_wconf 85' lang='lat' dir='ltr'><strong>eam</strong></span> <span class='ocrx_word' id='word_1_467' title='bbox 1090 715 1148 734; x_wconf 89' lang='lat' dir='ltr'><strong>rem</strong></span> <span class='ocrx_word' id='word_1_468' title='bbox 1167 715 1230 736; x_wconf 89' lang='lat' dir='ltr'><strong>cum</strong></span> <span class='ocrx_word' id='word_1_469' title='bbox 1246 708 1382 736; x_wconf 88' lang='lat' dir='ltr'><strong>lectorum</strong></span> <span class='ocrx_word' id='word_1_470' title='bbox 1405 711 1530 745; x_wconf 88' lang='lat' dir='ltr'><strong>equitum</strong></span> <span class='ocrx_word' id='word_1_471' title='bbox 1552 719 1633 738; x_wconf 88' lang='lat' dir='ltr'><strong>manu</strong></span> <span class='ocrx_word' id='word_1_472' title='bbox 1648 712 1758 744; x_wconf 85' lang='lat' dir='ltr'><strong>missus.</strong></span> 
     </span>
    </p>
   </div>
   <div class='ocr_carea' id='block_1_70' title="bbox 974 754 1759 791">
    <p class='ocr_par' dir='ltr' id='par_1_70' title="bbox 974 754 1759 791">
     <span class='ocr_line' id='line_1_70' title="bbox 974 754 1759 791; baseline 0.01 -13"><span class='ocrx_word' id='word_1_473' title='bbox 974 756 1151 781; x_wconf 82' lang='lat' dir='ltr'><strong>antevertens</strong></span> <span class='ocrx_word' id='word_1_474' title='bbox 1179 754 1290 781; x_wconf 91' lang='lat' dir='ltr'><strong>illorum</strong></span> <span class='ocrx_word' id='word_1_475' title='bbox 1318 756 1371 783; x_wconf 85' lang='lat' dir='ltr'><strong>iter</strong></span> <span class='ocrx_word' id='word_1_476' title='bbox 1393 756 1503 791; x_wconf 83' lang='lat' dir='ltr'><strong>illisque</strong></span> <span class='ocrx_word' id='word_1_477' title='bbox 1526 757 1634 785; x_wconf 82' lang='lat' dir='ltr'><strong>obviam</strong></span> <span class='ocrx_word' id='word_1_478' title='bbox 1660 758 1759 790; x_wconf 79' lang='lat' dir='ltr'><strong>factus.</strong></span> 
     </span>
    </p>
   </div>
   <div class='ocr_carea' id='block_1_71' title="bbox 973 798 1760 836">
    <p class='ocr_par' dir='ltr' id='par_1_71' title="bbox 973 798 1760 836">
     <span class='ocr_line' id='line_1_71' title="bbox 973 798 1760 836; baseline 0.011 -13"><span class='ocrx_word' id='word_1_479' title='bbox 973 803 1087 826; x_wconf 82' lang='lat' dir='ltr'><strong>cunctos</strong></span> <span class='ocrx_word' id='word_1_480' title='bbox 1099 798 1291 827; x_wconf 86' lang='lat' dir='ltr'><strong>internecione</strong></span> <span class='ocrx_word' id='word_1_481' title='bbox 1308 800 1421 828; x_wconf 83' lang='lat' dir='ltr'><strong>delevit.</strong></span> <span class='ocrx_word' id='word_1_482' title='bbox 1437 801 1490 831; x_wconf 81' lang='lat' dir='ltr'><strong>Sed</strong></span> <span class='ocrx_word' id='word_1_483' title='bbox 1506 807 1535 830; x_wconf 91' lang='lat' dir='ltr'><strong>et</strong></span> <span class='ocrx_word' id='word_1_484' title='bbox 1548 802 1684 836; x_wconf 85' lang='lat' dir='ltr'><strong>Curcuas,</strong></span> <span class='ocrx_word' id='word_1_485' title='bbox 1697 812 1760 832; x_wconf 83' lang='lat' dir='ltr'><strong>cum</strong></span> 
     </span>
    </p>
   </div>
   <div class='ocr_carea' id='block_1_72' title="bbox 973 843 1761 884">
    <p class='ocr_par' dir='ltr' id='par_1_72' title="bbox 973 843 1761 884">
     <span class='ocr_line' id='line_1_72' title="bbox 973 843 1761 884; baseline 0.013 -16"><span class='ocrx_word' id='word_1_486' title='bbox 973 843 1100 870; x_wconf 75' lang='lat' dir='ltr'><strong>Asiaticis</strong></span> <span class='ocrx_word' id='word_1_487' title='bbox 1113 846 1222 872; x_wconf 87' lang='lat' dir='ltr'><strong>cunctis</strong></span> <span class='ocrx_word' id='word_1_488' title='bbox 1241 846 1329 881; x_wconf 78' lang='lat' dir='ltr'><strong>copiis</strong></span> <span class='ocrx_word' id='word_1_489' title='bbox 1348 846 1530 880; x_wconf 84' lang='lat' dir='ltr'><strong>descendens.</strong></span> <span class='ocrx_word' id='word_1_490' title='bbox 1552 849 1660 884; x_wconf 82' lang='lat' dir='ltr'><strong>fusique</strong></span> <span class='ocrx_word' id='word_1_491' title='bbox 1681 857 1761 878; x_wconf 81' lang='lat' dir='ltr'><strong>exer-</strong></span> 
     </span>
    </p>
   </div>
   <div class='ocr_carea' id='block_1_73' title="bbox 974 888 1760 929">
    <p class='ocr_par' dir='ltr' id='par_1_73' title="bbox 974 888 1760 929">
     <span class='ocr_line' id='line_1_73' title="bbox 974 888 1760 929; baseline 0.013 -15"><span class='ocrx_word' id='word_1_492' title='bbox 974 888 1044 916; x_wconf 86' lang='lat' dir='ltr'><strong>citus</strong></span> <span class='ocrx_word' id='word_1_493' title='bbox 1062 889 1193 924; x_wconf 87' lang='lat' dir='ltr'><strong>reliquias</strong></span> <span class='ocrx_word' id='word_1_494' title='bbox 1208 891 1362 925; x_wconf 80' lang='lat' dir='ltr'><strong>oﬂcndens,</strong></span> <span class='ocrx_word' id='word_1_495' title='bbox 1381 893 1490 921; x_wconf 91' lang='lat' dir='ltr'><strong>illorum</strong></span> <span class='ocrx_word' id='word_1_496' title='bbox 1503 899 1622 929; x_wconf 81' lang='lat' dir='ltr'><strong>stragem</strong></span> <span class='ocrx_word' id='word_1_497' title='bbox 1636 896 1723 924; x_wconf 80' lang='lat' dir='ltr'><strong>dedit.</strong></span> <span class='ocrx_word' id='word_1_498' title='bbox 1740 897 1760 924; x_wconf 94' lang='lat' dir='ltr'><strong>Ii</strong></span> 
     </span>
    </p>
   </div>
   <div class='ocr_carea' id='block_1_74' title="bbox 972 935 1760 976">
    <p class='ocr_par' dir='ltr' id='par_1_74' title="bbox 972 935 1760 976">
     <span class='ocr_line' id='line_1_74' title="bbox 972 935 1760 976; baseline 0.011 -16"><span class='ocrx_word' id='word_1_499' title='bbox 972 942 1056 968; x_wconf 92' lang='lat' dir='ltr'><strong>porro</strong></span> <span class='ocrx_word' id='word_1_500' title='bbox 1076 935 1161 963; x_wconf 87' lang='lat' dir='ltr'><strong>multa</strong></span> <span class='ocrx_word' id='word_1_501' title='bbox 1172 936 1232 964; x_wconf 81' lang='lat' dir='ltr'><strong>loca</strong></span> <span class='ocrx_word' id='word_1_502' title='bbox 1248 945 1280 964; x_wconf 85' lang='lat' dir='ltr'><strong>ac</strong></span> <span class='ocrx_word' id='word_1_503' title='bbox 1300 939 1400 972; x_wconf 87' lang='lat' dir='ltr'><strong>templa</strong></span> <span class='ocrx_word' id='word_1_504' title='bbox 1421 939 1610 972; x_wconf 87' lang='lat' dir='ltr'><strong>incenderant,</strong></span> <span class='ocrx_word' id='word_1_505' title='bbox 1636 948 1760 976; x_wconf 78' lang='lat' dir='ltr'><strong>quosque</strong></span> 
     </span>
    </p>
   </div>
   <div class='ocr_carea' id='block_1_75' title="bbox 970 981 1760 1018">
    <p class='ocr_par' dir='ltr' id='par_1_75' title="bbox 970 981 1760 1018">
     <span class='ocr_line' id='line_1_75' title="bbox 970 981 1760 1018; baseline 0.01 -12"><span class='ocrx_word' id='word_1_506' title='bbox 970 988 1003 1007; x_wconf 79' lang='lat' dir='ltr'><strong>ex</strong></span> <span class='ocrx_word' id='word_1_507' title='bbox 1030 981 1162 1009; x_wconf 84' lang='lat' dir='ltr'><strong>Romanis</strong></span> <span class='ocrx_word' id='word_1_508' title='bbox 1194 983 1475 1018; x_wconf 85' lang='lat' dir='ltr'><strong>comprehenderant,</strong></span> <span class='ocrx_word' id='word_1_509' title='bbox 1500 985 1569 1012; x_wconf 89' lang='lat' dir='ltr'><strong>alios</strong></span> <span class='ocrx_word' id='word_1_510' title='bbox 1596 986 1625 1013; x_wconf 89' lang='lat' dir='ltr'><strong>in</strong></span> <span class='ocrx_word' id='word_1_511' title='bbox 1649 993 1760 1014; x_wconf 79' lang='lat' dir='ltr'><strong>crucem</strong></span> 
     </span>
    </p>
   </div>
   <div class='ocr_carea' id='block_1_76' title="bbox 971 1027 1760 1066">
    <p class='ocr_par' dir='ltr' id='par_1_76' title="bbox 971 1027 1760 1066">
     <span class='ocr_line' id='line_1_76' title="bbox 971 1027 1760 1066; baseline 0.01 -14"><span class='ocrx_word' id='word_1_512' title='bbox 971 1027 1098 1061; x_wconf 78' lang='lat' dir='ltr'><strong>agebant,</strong></span> <span class='ocrx_word' id='word_1_513' title='bbox 1124 1028 1194 1062; x_wconf 84' lang='lat' dir='ltr'><strong>alios</strong></span> <span class='ocrx_word' id='word_1_514' title='bbox 1215 1035 1294 1058; x_wconf 80' lang='lat' dir='ltr'><strong>terrae</strong></span> <span class='ocrx_word' id='word_1_515' title='bbox 1318 1030 1512 1066; x_wconf 76' lang='lat' dir='ltr'><strong>conﬁgebant;</strong></span> <span class='ocrx_word' id='word_1_516' title='bbox 1530 1032 1647 1060; x_wconf 76' lang='lat' dir='ltr'><strong>clericos</strong></span> <span class='ocrx_word' id='word_1_517' title='bbox 1668 1033 1760 1061; x_wconf 72' lang='lat' dir='ltr'><strong>sacri~</strong></span> 
     </span>
    </p>
   </div>
   <div class='ocr_carea' id='block_1_77' title="bbox 971 1074 1759 1114">
    <p class='ocr_par' dir='ltr' id='par_1_77' title="bbox 971 1074 1759 1114">
     <span class='ocr_line' id='line_1_77' title="bbox 971 1074 1759 1114; baseline 0.009 -15"><span class='ocrx_word' id='word_1_518' title='bbox 971 1080 1025 1107; x_wconf 88' lang='lat' dir='ltr'><strong>que</strong></span> <span class='ocrx_word' id='word_1_519' title='bbox 1048 1074 1156 1102; x_wconf 88' lang='lat' dir='ltr'><strong>ordinis</strong></span> <span class='ocrx_word' id='word_1_520' title='bbox 1178 1075 1263 1108; x_wconf 87' lang='lat' dir='ltr'><strong>viros,</strong></span> <span class='ocrx_word' id='word_1_521' title='bbox 1280 1077 1410 1105; x_wconf 87' lang='lat' dir='ltr'><strong>manibus</strong></span> <span class='ocrx_word' id='word_1_522' title='bbox 1435 1082 1498 1112; x_wconf 86' lang='lat' dir='ltr'><strong>post</strong></span> <span class='ocrx_word' id='word_1_523' title='bbox 1520 1082 1594 1114; x_wconf 76' lang='lat' dir='ltr'><strong>terga</strong></span> <span class='ocrx_word' id='word_1_524' title='bbox 1618 1079 1759 1110; x_wconf 72' lang='lat' dir='ltr'><strong>revinctis,</strong></span> 
     </span>
    </p>
   </div>
   <div class='ocr_carea' id='block_1_78' title="bbox 971 1118 1759 1156">
    <p class='ocr_par' dir='ltr' id='par_1_78' title="bbox 971 1118 1759 1156">
     <span class='ocr_line' id='line_1_78' title="bbox 971 1118 1759 1156; baseline 0.005 -11"><span class='ocrx_word' id='word_1_525' title='bbox 971 1118 1062 1145; x_wconf 89' lang='lat' dir='ltr'><strong>medio</strong></span> <span class='ocrx_word' id='word_1_526' title='bbox 1079 1119 1195 1147; x_wconf 86' lang='lat' dir='ltr'><strong>cerebro</strong></span> <span class='ocrx_word' id='word_1_527' title='bbox 1213 1120 1305 1148; x_wconf 78' lang='lat' dir='ltr'><strong>inﬁxis</strong></span> <span class='ocrx_word' id='word_1_528' title='bbox 1318 1121 1404 1149; x_wconf 87' lang='lat' dir='ltr'><strong>clavis</strong></span> <span class='ocrx_word' id='word_1_529' title='bbox 1421 1121 1481 1148; x_wconf 90' lang='lat' dir='ltr'><strong>dire</strong></span> <span class='ocrx_word' id='word_1_530' title='bbox 1496 1121 1683 1156; x_wconf 88' lang='lat' dir='ltr'><strong>perimebant.</strong></span> <span class='ocrx_word' id='word_1_531' title='bbox 1699 1121 1759 1149; x_wconf 82' lang='lat' dir='ltr'><strong>Jam</strong></span> 
     </span>
    </p>
   </div>
   <div class='ocr_carea' id='block_1_79' title="bbox 971 1166 1759 1202">
    <p class='ocr_par' dir='ltr' id='par_1_79' title="bbox 971 1166 1759 1202">
     <span class='ocr_line' id='line_1_79' title="bbox 971 1166 1759 1202; baseline 0.006 -12"><span class='ocrx_word' id='word_1_532' title='bbox 971 1172 1036 1191; x_wconf 90' lang='lat' dir='ltr'><strong>vero</strong></span> <span class='ocrx_word' id='word_1_533' title='bbox 1054 1169 1201 1199; x_wconf 90' lang='lat' dir='ltr'><strong>appetente</strong></span> <span class='ocrx_word' id='word_1_534' title='bbox 1214 1166 1305 1194; x_wconf 89' lang='lat' dir='ltr'><strong>hieme</strong></span> <span class='ocrx_word' id='word_1_535' title='bbox 1321 1174 1382 1194; x_wconf 90' lang='lat' dir='ltr'><strong>cum</strong></span> <span class='ocrx_word' id='word_1_536' title='bbox 1393 1167 1504 1194; x_wconf 91' lang='lat' dir='ltr'><strong>domum</strong></span> <span class='ocrx_word' id='word_1_537' title='bbox 1516 1168 1606 1195; x_wconf 88' lang='lat' dir='ltr'><strong>redire</strong></span> <span class='ocrx_word' id='word_1_538' title='bbox 1619 1173 1759 1202; x_wconf 81' lang='lat' dir='ltr'><strong>pararent.</strong></span> 
     </span>
    </p>
   </div>
   <div class='ocr_carea' id='block_1_80' title="bbox 972 1210 1761 1249">
    <p class='ocr_par' dir='ltr' id='par_1_80' title="bbox 972 1210 1761 1249">
     <span class='ocr_line' id='line_1_80' title="bbox 972 1210 1761 1249; baseline 0.006 -13"><span class='ocrx_word' id='word_1_539' title='bbox 972 1210 1122 1238; x_wconf 84' lang='lat' dir='ltr'><strong>Romanam</strong></span> <span class='ocrx_word' id='word_1_540' title='bbox 1135 1211 1251 1239; x_wconf 83' lang='lat' dir='ltr'><strong>classem</strong></span> <span class='ocrx_word' id='word_1_541' title='bbox 1274 1212 1359 1240; x_wconf 83' lang='lat' dir='ltr'><strong>latere</strong></span> <span class='ocrx_word' id='word_1_542' title='bbox 1388 1213 1546 1240; x_wconf 88' lang='lat' dir='ltr'><strong>studebant.</strong></span> <span class='ocrx_word' id='word_1_543' title='bbox 1571 1213 1641 1241; x_wconf 87' lang='lat' dir='ltr'><strong>Cum</strong></span> <span class='ocrx_word' id='word_1_544' title='bbox 1668 1213 1761 1249; x_wconf 83' lang='lat' dir='ltr'><strong>itaque</strong></span> 
     </span>
    </p>
   </div>
   <div class='ocr_carea' id='block_1_81' title="bbox 971 1257 1762 1295">
    <p class='ocr_par' dir='ltr' id='par_1_81' title="bbox 971 1257 1762 1295">
     <span class='ocr_line' id='line_1_81' title="bbox 971 1257 1762 1295; baseline 0.009 -13"><span class='ocrx_word' id='word_1_545' title='bbox 971 1261 1055 1284; x_wconf 85' lang='lat' dir='ltr'><strong>noctu</strong></span> <span class='ocrx_word' id='word_1_546' title='bbox 1083 1257 1242 1290; x_wconf 80' lang='lat' dir='ltr'><strong>solvissent,</strong></span> <span class='ocrx_word' id='word_1_547' title='bbox 1264 1258 1337 1286; x_wconf 83' lang='lat' dir='ltr'><strong>facto</strong></span> <span class='ocrx_word' id='word_1_548' title='bbox 1350 1259 1392 1286; x_wconf 87' lang='lat' dir='ltr'><strong>eis</strong></span> <span class='ocrx_word' id='word_1_549' title='bbox 1405 1259 1515 1286; x_wconf 85' lang='lat' dir='ltr'><strong>obviam</strong></span> <span class='ocrx_word' id='word_1_550' title='bbox 1531 1259 1702 1294; x_wconf 81' lang='lat' dir='ltr'><strong>Theophane</strong></span> <span class='ocrx_word' id='word_1_551' title='bbox 1713 1267 1762 1295; x_wconf 84' lang='lat' dir='ltr'><strong>pa-</strong></span> 
     </span>
    </p>
   </div>
   <div class='ocr_carea' id='block_1_82' title="bbox 972 1302 1762 1341">
    <p class='ocr_par' dir='ltr' id='par_1_82' title="bbox 972 1302 1762 1341">
     <span class='ocr_line' id='line_1_82' title="bbox 972 1302 1762 1341; baseline 0.006 -13"><span class='ocrx_word' id='word_1_552' title='bbox 972 1302 1052 1329; x_wconf 84' lang='lat' dir='ltr'><strong>tricio</strong></span> <span class='ocrx_word' id='word_1_553' title='bbox 1075 1302 1160 1330; x_wconf 87' lang='lat' dir='ltr'><strong>altera</strong></span> <span class='ocrx_word' id='word_1_554' title='bbox 1173 1304 1266 1331; x_wconf 88' lang='lat' dir='ltr'><strong>statim</strong></span> <span class='ocrx_word' id='word_1_555' title='bbox 1282 1305 1387 1332; x_wconf 85' lang='lat' dir='ltr'><strong>navalis</strong></span> <span class='ocrx_word' id='word_1_556' title='bbox 1402 1305 1549 1333; x_wconf 86' lang='lat' dir='ltr'><strong>commissa</strong></span> <span class='ocrx_word' id='word_1_557' title='bbox 1568 1313 1668 1341; x_wconf 80' lang='lat' dir='ltr'><strong>pugna,</strong></span> <span class='ocrx_word' id='word_1_558' title='bbox 1691 1306 1762 1333; x_wconf 85' lang='lat' dir='ltr'><strong>mul-</strong></span> 
     </span>
    </p>
   </div>
   <div class='ocr_carea' id='block_1_83' title="bbox 972 1348 1762 1387">
    <p class='ocr_par' dir='ltr' id='par_1_83' title="bbox 972 1348 1762 1387">
     <span class='ocr_line' id='line_1_83' title="bbox 972 1348 1762 1387; baseline 0.008 -14"><span class='ocrx_word' id='word_1_559' title='bbox 972 1352 1052 1382; x_wconf 87' lang='lat' dir='ltr'><strong>taque</strong></span> <span class='ocrx_word' id='word_1_560' title='bbox 1067 1348 1204 1382; x_wconf 76' lang='lat' dir='ltr'><strong>profundo</strong></span> <span class='ocrx_word' id='word_1_561' title='bbox 1219 1358 1309 1378; x_wconf 82' lang='lat' dir='ltr'><strong>mersa</strong></span> <span class='ocrx_word' id='word_1_562' title='bbox 1323 1350 1431 1386; x_wconf 79' lang='lat' dir='ltr'><strong>navigia</strong></span> <span class='ocrx_word' id='word_1_563' title='bbox 1448 1360 1455 1378; x_wconf 88' lang='lat'><strong>:</strong></span> <span class='ocrx_word' id='word_1_564' title='bbox 1471 1351 1550 1386; x_wconf 88' lang='lat' dir='ltr'><strong>pauci</strong></span> <span class='ocrx_word' id='word_1_565' title='bbox 1567 1359 1630 1379; x_wconf 88' lang='lat' dir='ltr'><strong>eum</strong></span> <span class='ocrx_word' id='word_1_566' title='bbox 1643 1351 1762 1387; x_wconf 72' lang='lat' dir='ltr'><strong>navigiis</strong></span> 
     </span>
    </p>
   </div>
   <div class='ocr_carea' id='block_1_84' title="bbox 971 1393 1761 1432">
    <p class='ocr_par' dir='ltr' id='par_1_84' title="bbox 971 1393 1761 1432">
     <span class='ocr_line' id='line_1_84' title="bbox 971 1393 1761 1432; baseline 0.005 -11"><span class='ocrx_word' id='word_1_567' title='bbox 971 1393 1005 1421; x_wconf 83' lang='lat' dir='ltr'><strong>ad</strong></span> <span class='ocrx_word' id='word_1_568' title='bbox 1020 1394 1110 1422; x_wconf 78' lang='lat' dir='ltr'><strong>Cceles</strong></span> <span class='ocrx_word' id='word_1_569' title='bbox 1121 1403 1251 1431; x_wconf 88' lang='lat' dir='ltr'><strong>asperum</strong></span> <span class='ocrx_word' id='word_1_570' title='bbox 1263 1396 1342 1424; x_wconf 86' lang='lat' dir='ltr'><strong>littus</strong></span> <span class='ocrx_word' id='word_1_571' title='bbox 1355 1397 1444 1424; x_wconf 87' lang='lat' dir='ltr'><strong>evecti</strong></span> <span class='ocrx_word' id='word_1_572' title='bbox 1466 1397 1621 1425; x_wconf 84' lang='lat' dir='ltr'><strong>incolumes</strong></span> <span class='ocrx_word' id='word_1_573' title='bbox 1639 1405 1689 1432; x_wconf 87' lang='lat' dir='ltr'><strong>per</strong></span> <span class='ocrx_word' id='word_1_574' title='bbox 1709 1404 1761 1425; x_wconf 84' lang='lat' dir='ltr'><strong>no-</strong></span> 
     </span>
    </p>
   </div>
   <div class='ocr_carea' id='block_1_85' title="bbox 971 1440 1761 1478">
    <p class='ocr_par' dir='ltr' id='par_1_85' title="bbox 971 1440 1761 1478">
     <span class='ocr_line' id='line_1_85' title="bbox 971 1440 1761 1478; baseline 0.005 -11"><span class='ocrx_word' id='word_1_575' title='bbox 971 1440 1023 1467; x_wconf 89' lang='lat' dir='ltr'><strong>ctis</strong></span> <span class='ocrx_word' id='word_1_576' title='bbox 1037 1441 1273 1475; x_wconf 86' lang='lat' dir='ltr'><strong>opportunitatem</strong></span> <span class='ocrx_word' id='word_1_577' title='bbox 1286 1446 1446 1471; x_wconf 85' lang='lat' dir='ltr'><strong>evaserunt.</strong></span> <span class='ocrx_word' id='word_1_578' title='bbox 1463 1443 1647 1478; x_wconf 84' lang='lat' dir='ltr'><strong>Theophanes</strong></span> <span class='ocrx_word' id='word_1_579' title='bbox 1668 1447 1761 1471; x_wconf 82' lang='lat' dir='ltr'><strong>autem</strong></span> 
     </span>
    </p>
   </div>
   <div class='ocr_carea' id='block_1_86' title="bbox 971 1486 1763 1522">
    <p class='ocr_par' dir='ltr' id='par_1_86' title="bbox 971 1486 1763 1522">
     <span class='ocr_line' id='line_1_86' title="bbox 971 1486 1763 1522; baseline 0.005 -9"><span class='ocrx_word' id='word_1_580' title='bbox 971 1486 1074 1522; x_wconf 82' lang='lat' dir='ltr'><strong>ingenti</strong></span> <span class='ocrx_word' id='word_1_581' title='bbox 1091 1492 1167 1521; x_wconf 86' lang='lat' dir='ltr'><strong>parta</strong></span> <span class='ocrx_word' id='word_1_582' title='bbox 1181 1487 1295 1516; x_wconf 86' lang='lat' dir='ltr'><strong>victoria</strong></span> <span class='ocrx_word' id='word_1_583' title='bbox 1309 1496 1445 1520; x_wconf 86' lang='lat' dir='ltr'><strong>reversus,</strong></span> <span class='ocrx_word' id='word_1_584' title='bbox 1474 1489 1626 1517; x_wconf 78' lang='lat' dir='ltr'><strong>honoriﬁce</strong></span> <span class='ocrx_word' id='word_1_585' title='bbox 1649 1496 1682 1517; x_wconf 87' lang='lat' dir='ltr'><strong>ae</strong></span> <span class='ocrx_word' id='word_1_586' title='bbox 1705 1497 1763 1518; x_wconf 77' lang='lat' dir='ltr'><strong>ma-</strong></span> 
     </span>
    </p>
   </div>
   <div class='ocr_carea' id='block_1_87' title="bbox 971 1532 1763 1571">
    <p class='ocr_par' dir='ltr' id='par_1_87' title="bbox 971 1532 1763 1571">
     <span class='ocr_line' id='line_1_87' title="bbox 971 1532 1763 1571; baseline 0.005 -12"><span class='ocrx_word' id='word_1_587' title='bbox 971 1532 1069 1567; x_wconf 78' lang='lat' dir='ltr'><strong>gnifice</strong></span> <span class='ocrx_word' id='word_1_588' title='bbox 1084 1533 1304 1569; x_wconf 81' lang='lat' dir='ltr'><strong>ab-imperatorc</strong></span> <span class='ocrx_word' id='word_1_589' title='bbox 1320 1540 1475 1570; x_wconf 87' lang='lat' dir='ltr'><strong>susceptus,</strong></span> <span class='ocrx_word' id='word_1_590' title='bbox 1486 1535 1654 1563; x_wconf 88' lang='lat' dir='ltr'><strong>accubitoris</strong></span> <span class='ocrx_word' id='word_1_591' title='bbox 1672 1535 1763 1571; x_wconf 76' lang='lat' dir='ltr'><strong>digni-</strong></span> 
     </span>
    </p>
   </div>
   <div class='ocr_carea' id='block_1_88' title="bbox 972 1583 1256 1614">
    <p class='ocr_par' dir='ltr' id='par_1_88' title="bbox 972 1583 1256 1614">
     <span class='ocr_line' id='line_1_88' title="bbox 972 1583 1256 1614; baseline 0.007 -8"><span class='ocrx_word' id='word_1_592' title='bbox 972 1583 1027 1607; x_wconf 88' lang='lat' dir='ltr'><strong>tate</strong></span> <span class='ocrx_word' id='word_1_593' title='bbox 1046 1584 1192 1614; x_wconf 87' lang='lat' dir='ltr'><strong>pr0vectus</strong></span> <span class='ocrx_word' id='word_1_594' title='bbox 1205 1585 1256 1608; x_wconf 87' lang='lat' dir='ltr'><strong>est.</strong></span> 
     </span>
    </p>
   </div>
   <div class='ocr_carea' id='block_1_89' title="bbox 1007 1618 1760 1663">
    <p class='ocr_par' dir='ltr' id='par_1_89' title="bbox 1007 1618 1760 1663">
     <span class='ocr_line' id='line_1_89' title="bbox 1007 1618 1760 1663; baseline 0.003 -9"><span class='ocrx_word' id='word_1_595' title='bbox 1007 1625 1089 1663; x_wconf 67' lang='grc'><strong>’148</strong></span> <span class='ocrx_word' id='word_1_596' title='bbox 1104 1627 1148 1654; x_wconf 72' lang='grc'><strong>47.</strong></span> <span class='ocrx_word' id='word_1_597' title='bbox 1167 1627 1260 1655; x_wconf 85' lang='lat' dir='ltr'><strong>Mense</strong></span> <span class='ocrx_word' id='word_1_598' title='bbox 1271 1626 1370 1662; x_wconf 84' lang='lat' dir='ltr'><strong>Aprili,</strong></span> <span class='ocrx_word' id='word_1_599' title='bbox 1384 1627 1536 1655; x_wconf 87' lang='lat' dir='ltr'><strong>indictione</strong></span> <span class='ocrx_word' id='word_1_600' title='bbox 1550 1618 1649 1662; x_wconf 77' lang='lat' dir='ltr'><strong>prima,</strong></span> <span class='ocrx_word' id='word_1_601' title='bbox 1663 1635 1760 1656; x_wconf 78' lang='lat' dir='ltr'><strong>rursus</strong></span> 
     </span>
    </p>
   </div>
   <div class='ocr_carea' id='block_1_90' title="bbox 971 1673 1758 1709">
    <p class='ocr_par' dir='ltr' id='par_1_90' title="bbox 971 1673 1758 1709">
     <span class='ocr_line' id='line_1_90' title="bbox 971 1673 1758 1709; baseline 0.003 -9"><span class='ocrx_word' id='word_1_602' title='bbox 971 1673 1055 1701; x_wconf 91' lang='lat' dir='ltr'><strong>Turci</strong></span> <span class='ocrx_word' id='word_1_603' title='bbox 1080 1673 1238 1709; x_wconf 82' lang='lat' dir='ltr'><strong>ingentibus</strong></span> <span class='ocrx_word' id='word_1_604' title='bbox 1259 1673 1346 1708; x_wconf 88' lang='lat' dir='ltr'><strong>copiis</strong></span> <span class='ocrx_word' id='word_1_605' title='bbox 1372 1674 1557 1709; x_wconf 87' lang='lat' dir='ltr'><strong>irruptionem</strong></span> <span class='ocrx_word' id='word_1_606' title='bbox 1587 1674 1687 1702; x_wconf 88' lang='lat' dir='ltr'><strong>fecere.</strong></span> <span class='ocrx_word' id='word_1_607' title='bbox 1718 1674 1758 1702; x_wconf 83' lang='lat' dir='ltr'><strong>Ad</strong></span> 
     </span>
    </p>
   </div>
   <div class='ocr_carea' id='block_1_91' title="bbox 970 1719 1762 1754">
    <p class='ocr_par' dir='ltr' id='par_1_91' title="bbox 970 1719 1762 1754">
     <span class='ocr_line' id='line_1_91' title="bbox 970 1719 1762 1754; baseline 0.001 -8"><span class='ocrx_word' id='word_1_608' title='bbox 970 1727 1040 1754; x_wconf 90' lang='lat' dir='ltr'><strong>quos</strong></span> <span class='ocrx_word' id='word_1_609' title='bbox 1074 1726 1201 1754; x_wconf 81' lang='lat' dir='ltr'><strong>egressus</strong></span> <span class='ocrx_word' id='word_1_610' title='bbox 1233 1719 1377 1746; x_wconf 90' lang='lat' dir='ltr'><strong>accubitor</strong></span> <span class='ocrx_word' id='word_1_611' title='bbox 1414 1720 1491 1754; x_wconf 80' lang='lat' dir='ltr'><strong>pacis</strong></span> <span class='ocrx_word' id='word_1_612' title='bbox 1517 1727 1581 1747; x_wconf 91' lang='lat' dir='ltr'><strong>cum</strong></span> <span class='ocrx_word' id='word_1_613' title='bbox 1607 1720 1648 1747; x_wconf 80' lang='lat' dir='ltr'><strong>eis</strong></span> <span class='ocrx_word' id='word_1_614' title='bbox 1670 1719 1762 1747; x_wconf 67' lang='lat' dir='ltr'><strong>{adu</strong></span> 
     </span>
    </p>
   </div>
   <div class='ocr_carea' id='block_1_92' title="bbox 971 1765 1762 1801">
    <p class='ocr_par' dir='ltr' id='par_1_92' title="bbox 971 1765 1762 1801">
     <span class='ocr_line' id='line_1_92' title="bbox 971 1765 1762 1801; baseline 0.003 -9"><span class='ocrx_word' id='word_1_615' title='bbox 971 1765 1105 1800; x_wconf 84' lang='lat' dir='ltr'><strong>percussit</strong></span> <span class='ocrx_word' id='word_1_616' title='bbox 1121 1774 1128 1798; x_wconf 91' lang='lat'><strong>;</strong></span> <span class='ocrx_word' id='word_1_617' title='bbox 1156 1765 1228 1793; x_wconf 88' lang='lat' dir='ltr'><strong>unde</strong></span> <span class='ocrx_word' id='word_1_618' title='bbox 1245 1766 1329 1793; x_wconf 86' lang='lat' dir='ltr'><strong>etiam</strong></span> <span class='ocrx_word' id='word_1_619' title='bbox 1341 1766 1374 1793; x_wconf 91' lang='lat' dir='ltr'><strong>ad</strong></span> <span class='ocrx_word' id='word_1_620' title='bbox 1392 1773 1479 1794; x_wconf 86' lang='lat' dir='ltr'><strong>annos</strong></span> <span class='ocrx_word' id='word_1_621' title='bbox 1495 1766 1619 1801; x_wconf 88' lang='lat' dir='ltr'><strong>quinque</strong></span> <span class='ocrx_word' id='word_1_622' title='bbox 1632 1774 1684 1801; x_wconf 80' lang='lat' dir='ltr'><strong>pax</strong></span> <span class='ocrx_word' id='word_1_623' title='bbox 1700 1770 1762 1794; x_wconf 76' lang='lat' dir='ltr'><strong>rata</strong></span> 
     </span>
    </p>
   </div>
   <div class='ocr_carea' id='block_1_93' title="bbox 971 1811 1034 1838">
    <p class='ocr_par' dir='ltr' id='par_1_93' title="bbox 971 1811 1034 1838">
     <span class='ocr_line' id='line_1_93' title="bbox 971 1811 1034 1838; baseline 0 0"><span class='ocrx_word' id='word_1_624' title='bbox 971 1811 1034 1838; x_wconf 80' lang='lat' dir='ltr'><strong>fuit.</strong></span> 
     </span>
    </p>
   </div>
   <div class='ocr_carea' id='block_1_94' title="bbox 1006 1856 1763 1892">
    <p class='ocr_par' dir='ltr' id='par_1_94' title="bbox 1006 1856 1763 1892">
     <span class='ocr_line' id='line_1_94' title="bbox 1006 1856 1763 1892; baseline 0.004 -10"><span class='ocrx_word' id='word_1_625' title='bbox 1006 1856 1052 1883; x_wconf 74' lang='lat'><strong>48.</strong></span> <span class='ocrx_word' id='word_1_626' title='bbox 1068 1856 1160 1883; x_wconf 80' lang='lat' dir='ltr'><strong>Altera</strong></span> <span class='ocrx_word' id='word_1_627' title='bbox 1184 1856 1278 1884; x_wconf 88' lang='lat' dir='ltr'><strong>statim</strong></span> <span class='ocrx_word' id='word_1_628' title='bbox 1313 1856 1477 1888; x_wconf 86' lang='lat' dir='ltr'><strong>indictione.</strong></span> <span class='ocrx_word' id='word_1_629' title='bbox 1507 1856 1647 1885; x_wconf 71' lang='lat' dir='ltr'><strong>Paschalis</strong></span> <span class='ocrx_word' id='word_1_630' title='bbox 1668 1861 1763 1892; x_wconf 85' lang='lat' dir='ltr'><strong>proto-</strong></span> 
     </span>
    </p>
   </div>
   <div class='ocr_carea' id='block_1_95' title="bbox 970 1902 1761 1938">
    <p class='ocr_par' dir='ltr' id='par_1_95' title="bbox 970 1902 1761 1938">
     <span class='ocr_line' id='line_1_95' title="bbox 970 1902 1761 1938; baseline 0.003 -9"><span class='ocrx_word' id='word_1_631' title='bbox 970 1902 1129 1938; x_wconf 85' lang='lat' dir='ltr'><strong>spatharius</strong></span> <span class='ocrx_word' id='word_1_632' title='bbox 1140 1909 1173 1929; x_wconf 84' lang='lat' dir='ltr'><strong>ac</strong></span> <span class='ocrx_word' id='word_1_633' title='bbox 1195 1902 1395 1937; x_wconf 73' lang='lat' dir='ltr'><strong>Longobardiae</strong></span> <span class='ocrx_word' id='word_1_634' title='bbox 1407 1906 1509 1937; x_wconf 82' lang='lat' dir='ltr'><strong>praetor</strong></span> <span class='ocrx_word' id='word_1_635' title='bbox 1534 1910 1550 1930; x_wconf 91' lang='lat' dir='ltr'><strong>a</strong></span> <span class='ocrx_word' id='word_1_636' title='bbox 1575 1902 1699 1931; x_wconf 82' lang='lat' dir='ltr'><strong>Romano</strong></span> <span class='ocrx_word' id='word_1_637' title='bbox 1725 1902 1761 1931; x_wconf 86' lang='lat' dir='ltr'><strong>ad</strong></span> 
     </span>
    </p>
   </div>
   <div class='ocr_carea' id='block_1_96' title="bbox 970 1948 1761 1984">
    <p class='ocr_par' dir='ltr' id='par_1_96' title="bbox 970 1948 1761 1984">
     <span class='ocr_line' id='line_1_96' title="bbox 970 1948 1761 1984; baseline 0.003 -8"><span class='ocrx_word' id='word_1_638' title='bbox 970 1949 1138 1977; x_wconf 82' lang='lat' dir='ltr'><strong>Francorum</strong></span> <span class='ocrx_word' id='word_1_639' title='bbox 1148 1956 1252 1984; x_wconf 86' lang='lat' dir='ltr'><strong>regem.</strong></span> <span class='ocrx_word' id='word_1_640' title='bbox 1270 1948 1318 1983; x_wconf 88' lang='lat' dir='ltr'><strong>qui</strong></span> <span class='ocrx_word' id='word_1_641' title='bbox 1336 1949 1398 1984; x_wconf 67' lang='lat' dir='ltr'><strong>eius</strong></span> <span class='ocrx_word' id='word_1_642' title='bbox 1409 1948 1494 1976; x_wconf 78' lang='lat' dir='ltr'><strong>ﬁliam</strong></span> <span class='ocrx_word' id='word_1_643' title='bbox 1506 1948 1626 1977; x_wconf 82' lang='lat' dir='ltr'><strong>adducat</strong></span> <span class='ocrx_word' id='word_1_644' title='bbox 1634 1948 1761 1978; x_wconf 73' lang='lat' dir='ltr'><strong>Romano</strong></span> 
     </span>
    </p>
   </div>
   <div class='ocr_carea' id='block_1_97' title="bbox 970 1994 1761 2030">
    <p class='ocr_par' dir='ltr' id='par_1_97' title="bbox 970 1994 1761 2030">
     <span class='ocr_line' id='line_1_97' title="bbox 970 1994 1761 2030; baseline -0.001 -7"><span class='ocrx_word' id='word_1_645' title='bbox 970 1995 1143 2023; x_wconf 84' lang='lat' dir='ltr'><strong>Constantini</strong></span> <span class='ocrx_word' id='word_1_646' title='bbox 1155 1995 1216 2030; x_wconf 80' lang='lat' dir='ltr'><strong>ejus</strong></span> <span class='ocrx_word' id='word_1_647' title='bbox 1231 1995 1325 2030; x_wconf 84' lang='lat' dir='ltr'><strong>generi</strong></span> <span class='ocrx_word' id='word_1_648' title='bbox 1341 1994 1400 2022; x_wconf 82' lang='lat' dir='ltr'><strong>tllio</strong></span> <span class='ocrx_word' id='word_1_649' title='bbox 1415 1994 1609 2030; x_wconf 82' lang='lat' dir='ltr'><strong>copulandam,</strong></span> <span class='ocrx_word' id='word_1_650' title='bbox 1628 1994 1761 2023; x_wconf 78' lang='lat' dir='ltr'><strong>mittitur.</strong></span> 
     </span>
    </p>
   </div>
   <div class='ocr_carea' id='block_1_98' title="bbox 969 2040 1761 2076">
    <p class='ocr_par' dir='ltr' id='par_1_98' title="bbox 969 2040 1761 2076">
     <span class='ocr_line' id='line_1_98' title="bbox 969 2040 1761 2076; baseline 0.001 -7"><span class='ocrx_word' id='word_1_651' title='bbox 969 2042 1056 2076; x_wconf 84' lang='lat' dir='ltr'><strong>Quam</strong></span> <span class='ocrx_word' id='word_1_652' title='bbox 1071 2045 1099 2069; x_wconf 88' lang='lat' dir='ltr'><strong>et</strong></span> <span class='ocrx_word' id='word_1_653' title='bbox 1115 2041 1209 2069; x_wconf 87' lang='lat' dir='ltr'><strong>multis</strong></span> <span class='ocrx_word' id='word_1_654' title='bbox 1219 2041 1348 2069; x_wconf 84' lang='lat' dir='ltr'><strong>donatam</strong></span> <span class='ocrx_word' id='word_1_655' title='bbox 1358 2040 1458 2076; x_wconf 83' lang='lat' dir='ltr'><strong>opibus</strong></span> <span class='ocrx_word' id='word_1_656' title='bbox 1467 2040 1593 2069; x_wconf 79' lang='lat' dir='ltr'><strong>adduxit.</strong></span> <span class='ocrx_word' id='word_1_657' title='bbox 1609 2040 1761 2070; x_wconf 59' lang='lat' dir='ltr'><strong>Celebrate</strong></span> 
     </span>
    </p>
   </div>
   <div class='ocr_carea' id='block_1_99' title="bbox 970 2086 1761 2124">
    <p class='ocr_par' dir='ltr' id='par_1_99' title="bbox 970 2086 1761 2124">
     <span class='ocr_line' id='line_1_99' title="bbox 970 2086 1761 2124; baseline -0.001 -8"><span class='ocrx_word' id='word_1_658' title='bbox 970 2088 1074 2124; x_wconf 65' lang='lat' dir='ltr'><strong>nuptiae</strong></span> <span class='ocrx_word' id='word_1_659' title='bbox 1096 2095 1191 2116; x_wconf 81' lang='lat' dir='ltr'><strong>mense</strong></span> <span class='ocrx_word' id='word_1_660' title='bbox 1207 2087 1375 2123; x_wconf 88' lang='lat' dir='ltr'><strong>Septembri,</strong></span> <span class='ocrx_word' id='word_1_661' title='bbox 1396 2086 1549 2115; x_wconf 79' lang='lat' dir='ltr'><strong>indictione</strong></span> <span class='ocrx_word' id='word_1_662' title='bbox 1565 2087 1656 2115; x_wconf 89' lang='lat' dir='ltr'><strong>tertia.</strong></span> <span class='ocrx_word' id='word_1_663' title='bbox 1671 2087 1761 2115; x_wconf 75' lang='lat' dir='ltr'><strong>Vixit-</strong></span> 
     </span>
    </p>
   </div>
   <div class='ocr_carea' id='block_1_100' title="bbox 970 2132 1759 2170">
    <p class='ocr_par' dir='ltr' id='par_1_100' title="bbox 970 2132 1759 2170">
     <span class='ocr_line' id='line_1_100' title="bbox 970 2132 1759 2170; baseline -0.003 -8"><span class='ocrx_word' id='word_1_664' title='bbox 970 2142 1025 2170; x_wconf 91' lang='lat' dir='ltr'><strong>que</strong></span> <span class='ocrx_word' id='word_1_665' title='bbox 1055 2142 1118 2162; x_wconf 89' lang='lat' dir='ltr'><strong>cum</strong></span> <span class='ocrx_word' id='word_1_666' title='bbox 1132 2133 1192 2161; x_wconf 89' lang='lat' dir='ltr'><strong>viro</strong></span> <span class='ocrx_word' id='word_1_667' title='bbox 1217 2141 1268 2161; x_wconf 86' lang='lat' dir='ltr'><strong>suo</strong></span> <span class='ocrx_word' id='word_1_668' title='bbox 1284 2140 1372 2161; x_wconf 77' lang='lat' dir='ltr'><strong>annos</strong></span> <span class='ocrx_word' id='word_1_669' title='bbox 1388 2132 1521 2168; x_wconf 84' lang='lat' dir='ltr'><strong>quinque,</strong></span> <span class='ocrx_word' id='word_1_670' title='bbox 1537 2137 1567 2160; x_wconf 92' lang='lat' dir='ltr'><strong>et</strong></span> <span class='ocrx_word' id='word_1_671' title='bbox 1581 2136 1690 2160; x_wconf 82' lang='lat' dir='ltr'><strong>mortua</strong></span> <span class='ocrx_word' id='word_1_672' title='bbox 1705 2135 1759 2166; x_wconf 78' lang='lat' dir='ltr'><strong>est,</strong></span> 
     </span>
    </p>
   </div>
   <div class='ocr_carea' id='block_1_101' title="bbox 970 2179 1762 2217">
    <p class='ocr_par' dir='ltr' id='par_1_101' title="bbox 970 2179 1762 2217">
     <span class='ocr_line' id='line_1_101' title="bbox 970 2179 1762 2217; baseline -0.003 -8"><span class='ocrx_word' id='word_1_673' title='bbox 970 2182 1030 2217; x_wconf 81' lang='lat' dir='ltr'><strong>ejus</strong></span> <span class='ocrx_word' id='word_1_674' title='bbox 1046 2188 1143 2209; x_wconf 85' lang='lat' dir='ltr'><strong>socero</strong></span> <span class='ocrx_word' id='word_1_675' title='bbox 1155 2180 1337 2209; x_wconf 82' lang='lat' dir='ltr'><strong>Constantino</strong></span> <span class='ocrx_word' id='word_1_676' title='bbox 1346 2179 1509 2215; x_wconf 83' lang='lat' dir='ltr'><strong>iterumjam</strong></span> <span class='ocrx_word' id='word_1_677' title='bbox 1521 2186 1613 2208; x_wconf 77' lang='lat' dir='ltr'><strong>rerum</strong></span> <span class='ocrx_word' id='word_1_678' title='bbox 1625 2186 1762 2208; x_wconf 76' lang='lat' dir='ltr'><strong>summam</strong></span> 
     </span>
    </p>
   </div>
   <div class='ocr_carea' id='block_1_102' title="bbox 970 2227 1082 2263">
    <p class='ocr_par' dir='ltr' id='par_1_102' title="bbox 970 2227 1082 2263">
     <span class='ocr_line' id='line_1_102' title="bbox 970 2227 1082 2263; baseline 0.009 -9"><span class='ocrx_word' id='word_1_679' title='bbox 970 2227 1082 2263; x_wconf 82' lang='lat' dir='ltr'><strong>adepto.</strong></span> 
     </span>
    </p>
   </div>
   <div class='ocr_carea' id='block_1_103' title="bbox 1008 2313 1761 2351">
    <p class='ocr_par' dir='ltr' id='par_1_103' title="bbox 1008 2313 1761 2351">
     <span class='ocr_line' id='line_1_103' title="bbox 1008 2313 1761 2351; baseline -0.004 -6"><span class='ocrx_word' id='word_1_680' title='bbox 1008 2317 1052 2345; x_wconf 65' lang='lat'><strong>69.</strong></span> <span class='ocrx_word' id='word_1_681' title='bbox 1072 2317 1164 2345; x_wconf 82' lang='lat' dir='ltr'><strong>Mense</strong></span> <span class='ocrx_word' id='word_1_682' title='bbox 1177 2316 1333 2348; x_wconf 83' lang='lat' dir='ltr'><strong>Decembri,</strong></span> <span class='ocrx_word' id='word_1_683' title='bbox 1360 2316 1510 2343; x_wconf 84' lang='lat' dir='ltr'><strong>indictione</strong></span> <span class='ocrx_word' id='word_1_684' title='bbox 1522 2319 1630 2351; x_wconf 72' lang='lat' dir='ltr'><strong>quarta,</strong></span> <span class='ocrx_word' id='word_1_685' title='bbox 1646 2313 1761 2343; x_wconf 79' lang='lat' dir='ltr'><strong>validis-</strong></span> 
     </span>
    </p>
   </div>
   <div class='ocr_carea' id='block_1_104' title="bbox 968 2356 1761 2397">
    <p class='ocr_par' dir='ltr' id='par_1_104' title="bbox 968 2356 1761 2397">
     <span class='ocr_line' id='line_1_104' title="bbox 968 2356 1761 2397; baseline -0.005 -5"><span class='ocrx_word' id='word_1_686' title='bbox 968 2356 1042 2392; x_wconf 71' lang='lat' dir='ltr'><strong>simo</strong></span> <span class='ocrx_word' id='word_1_687' title='bbox 1055 2371 1087 2392; x_wconf 84' lang='lat' dir='ltr'><strong>ac</strong></span> <span class='ocrx_word' id='word_1_688' title='bbox 1110 2362 1268 2391; x_wconf 83' lang='lat' dir='ltr'><strong>vehementi</strong></span> <span class='ocrx_word' id='word_1_689' title='bbox 1284 2361 1416 2397; x_wconf 77' lang='lat' dir='ltr'><strong>perﬂante</strong></span> <span class='ocrx_word' id='word_1_690' title='bbox 1436 2366 1530 2394; x_wconf 87' lang='lat' dir='ltr'><strong>vento,</strong></span> <span class='ocrx_word' id='word_1_691' title='bbox 1551 2368 1621 2396; x_wconf 83' lang='lat' dir='ltr'><strong>quos</strong></span> <span class='ocrx_word' id='word_1_692' title='bbox 1634 2361 1663 2388; x_wconf 90' lang='lat' dir='ltr'><strong>in</strong></span> <span class='ocrx_word' id='word_1_693' title='bbox 1679 2360 1761 2389; x_wconf 75' lang='lat' dir='ltr'><strong>Circo</strong></span> 
     </span>
    </p>
   </div>
   <div class='ocr_carea' id='block_1_105' title="bbox 970 2405 1761 2442">
    <p class='ocr_par' dir='ltr' id='par_1_105' title="bbox 970 2405 1761 2442">
     <span class='ocr_line' id='line_1_105' title="bbox 970 2405 1761 2442; baseline -0.005 -4"><span class='ocrx_word' id='word_1_694' title='bbox 970 2410 1066 2438; x_wconf 86' lang='lat' dir='ltr'><strong>demos</strong></span> <span class='ocrx_word' id='word_1_695' title='bbox 1083 2413 1193 2441; x_wconf 85' lang='lat' dir='ltr'><strong>vocant,</strong></span> <span class='ocrx_word' id='word_1_696' title='bbox 1209 2416 1244 2435; x_wconf 79' lang='lat' dir='ltr'><strong>ex</strong></span> <span class='ocrx_word' id='word_1_697' title='bbox 1254 2407 1371 2435; x_wconf 85' lang='lat' dir='ltr'><strong>adverso</strong></span> <span class='ocrx_word' id='word_1_698' title='bbox 1383 2406 1560 2442; x_wconf 85' lang='lat' dir='ltr'><strong>imperatoris</strong></span> <span class='ocrx_word' id='word_1_699' title='bbox 1573 2405 1635 2435; x_wconf 86' lang='lat' dir='ltr'><strong>solii</strong></span> <span class='ocrx_word' id='word_1_700' title='bbox 1651 2406 1761 2434; x_wconf 81' lang='lat' dir='ltr'><strong>cecide-</strong></span> 
     </span>
    </p>
   </div>
   <div class='ocr_carea' id='block_1_106' title="bbox 973 2452 1759 2491">
    <p class='ocr_par' dir='ltr' id='par_1_106' title="bbox 973 2452 1759 2491">
     <span class='ocr_line' id='line_1_106' title="bbox 973 2452 1759 2491; baseline -0.005 -7"><span class='ocrx_word' id='word_1_701' title='bbox 973 2460 1050 2488; x_wconf 83' lang='lat' dir='ltr'><strong>runt.</strong></span> <span class='ocrx_word' id='word_1_702' title='bbox 1067 2456 1262 2491; x_wconf 74' lang='lat' dir='ltr'><strong>subiectosque</strong></span> <span class='ocrx_word' id='word_1_703' title='bbox 1284 2453 1385 2489; x_wconf 82' lang='lat' dir='ltr'><strong>gradus</strong></span> <span class='ocrx_word' id='word_1_704' title='bbox 1408 2460 1441 2481; x_wconf 89' lang='lat' dir='ltr'><strong>ac</strong></span> <span class='ocrx_word' id='word_1_705' title='bbox 1461 2452 1674 2481; x_wconf 80' lang='lat' dir='ltr'><strong>intercolumnia</strong></span> <span class='ocrx_word' id='word_1_706' title='bbox 1683 2459 1759 2481; x_wconf 75' lang='grc' dir='ltr'><strong>,ωη-</strong></span> 
     </span>
    </p>
   </div>
   <div class='ocr_carea' id='block_1_107' title="bbox 973 2498 1758 2531">
    <p class='ocr_par' dir='ltr' id='par_1_107' title="bbox 973 2498 1758 2531">
     <span class='ocr_line' id='line_1_107' title="bbox 973 2498 1758 2531; baseline -0.006 -1"><span class='ocrx_word' id='word_1_707' title='bbox 973 2503 1122 2530; x_wconf 87' lang='lat' dir='ltr'><strong>triverunt.</strong></span> <span class='ocrx_word' id='word_1_708' title='bbox 1139 2501 1289 2528; x_wconf 85' lang='lat' dir='ltr'><strong>Transacto</strong></span> <span class='ocrx_word' id='word_1_709' title='bbox 1311 2502 1503 2531; x_wconf 80' lang='lat' dir='ltr'><strong>autemanno,</strong></span> <span class='ocrx_word' id='word_1_710' title='bbox 1530 2498 1628 2526; x_wconf 88' lang='lat' dir='ltr'><strong>eodem</strong></span> <span class='ocrx_word' id='word_1_711' title='bbox 1651 2504 1758 2530; x_wconf 74' lang='lat' dir='ltr'><strong>mense,</strong></span> 
     </span>
    </p>
   </div>
   <div class='ocr_carea' id='block_1_108' title="bbox 971 2544 1687 2582">
    <p class='ocr_par' dir='ltr' id='par_1_108' title="bbox 971 2544 1687 2582">
     <span class='ocr_line' id='line_1_108' title="bbox 971 2544 1687 2582; baseline -0.007 -6"><span class='ocrx_word' id='word_1_712' title='bbox 971 2548 1128 2576; x_wconf 82' lang='lat' dir='ltr'><strong>Romanum</strong></span> <span class='ocrx_word' id='word_1_713' title='bbox 1144 2546 1341 2582; x_wconf 86' lang='lat' dir='ltr'><strong>imperatorem</strong></span> <span class='ocrx_word' id='word_1_714' title='bbox 1357 2545 1406 2572; x_wconf 83' lang='lat' dir='ltr'><strong>lilii</strong></span> <span class='ocrx_word' id='word_1_715' title='bbox 1420 2544 1484 2572; x_wconf 86' lang='lat' dir='ltr'><strong>aula</strong></span> <span class='ocrx_word' id='word_1_716' title='bbox 1498 2544 1687 2572; x_wconf 82' lang='lat' dir='ltr'><strong>detruserunt.</strong></span> 
     </span>
    </p>
   </div>
   <div class='ocr_carea' id='block_1_109' title="bbox 1009 2633 1760 2669">
    <p class='ocr_par' dir='ltr' id='par_1_109' title="bbox 1009 2633 1760 2669">
     <span class='ocr_line' id='line_1_109' title="bbox 1009 2633 1760 2669; baseline -0.007 -3"><span class='ocrx_word' id='word_1_717' title='bbox 1009 2639 1053 2666; x_wconf 83' lang='lat'><strong>50.</strong></span> <span class='ocrx_word' id='word_1_718' title='bbox 1068 2637 1195 2666; x_wconf 85' lang='lat' dir='ltr'><strong>Edesena</strong></span> <span class='ocrx_word' id='word_1_719' title='bbox 1208 2641 1300 2664; x_wconf 86' lang='lat' dir='ltr'><strong>autem</strong></span> <span class='ocrx_word' id='word_1_720' title='bbox 1319 2636 1443 2667; x_wconf 75' lang='lat' dir='ltr'><strong>civitate,</strong></span> <span class='ocrx_word' id='word_1_721' title='bbox 1455 2635 1483 2662; x_wconf 93' lang='lat' dir='ltr'><strong>in</strong></span> <span class='ocrx_word' id='word_1_722' title='bbox 1497 2641 1551 2669; x_wconf 85' lang='lat' dir='ltr'><strong>qua</strong></span> <span class='ocrx_word' id='word_1_723' title='bbox 1564 2641 1640 2662; x_wconf 80' lang='lat' dir='ltr'><strong>sacra</strong></span> <span class='ocrx_word' id='word_1_724' title='bbox 1656 2633 1760 2662; x_wconf 75' lang='lat' dir='ltr'><strong>Christi</strong></span> 
     </span>
    </p>
   </div>
   <div class='ocr_carea' id='block_1_110' title="bbox 972 2681 1762 2722">
    <p class='ocr_par' dir='ltr' id='par_1_110' title="bbox 972 2681 1762 2722">
     <span class='ocr_line' id='line_1_110' title="bbox 972 2681 1762 2722; baseline -0.01 -7"><span class='ocrx_word' id='word_1_725' title='bbox 972 2686 1075 2722; x_wconf 82' lang='lat' dir='ltr'><strong>efﬁgies</strong></span> <span class='ocrx_word' id='word_1_726' title='bbox 1090 2686 1176 2713; x_wconf 83' lang='lat' dir='ltr'><strong>linteo</strong></span> <span class='ocrx_word' id='word_1_727' title='bbox 1196 2690 1337 2720; x_wconf 82' lang='lat' dir='ltr'><strong>expressa,</strong></span> <span class='ocrx_word' id='word_1_728' title='bbox 1361 2682 1559 2710; x_wconf 31' lang='lat' dir='ltr'><strong>Romanorum.</strong></span> <span class='ocrx_word' id='word_1_729' title='bbox 1579 2681 1667 2717; x_wconf 81' lang='lat' dir='ltr'><strong>cepiis</strong></span> <span class='ocrx_word' id='word_1_730' title='bbox 1686 2681 1762 2708; x_wconf 86' lang='lat' dir='ltr'><strong>obsi-</strong></span> 
     </span>
    </p>
   </div>
   <div class='ocr_carea' id='block_1_111' title="bbox 973 2727 1760 2765">
    <p class='ocr_par' dir='ltr' id='par_1_111' title="bbox 973 2727 1760 2765">
     <span class='ocr_line' id='line_1_111' title="bbox 973 2727 1760 2765; baseline -0.01 -4"><span class='ocrx_word' id='word_1_731' title='bbox 973 2733 1058 2761; x_wconf 89' lang='lat' dir='ltr'><strong>dione</strong></span> <span class='ocrx_word' id='word_1_732' title='bbox 1074 2732 1166 2759; x_wconf 87' lang='lat' dir='ltr'><strong>cincta</strong></span> <span class='ocrx_word' id='word_1_733' title='bbox 1179 2730 1321 2765; x_wconf 87' lang='lat' dir='ltr'><strong>armisque</strong></span> <span class='ocrx_word' id='word_1_734' title='bbox 1334 2737 1441 2765; x_wconf 79' lang='lat' dir='ltr'><strong>pressa,</strong></span> <span class='ocrx_word' id='word_1_735' title='bbox 1455 2729 1537 2756; x_wconf 87' lang='lat' dir='ltr'><strong>missa</strong></span> <span class='ocrx_word' id='word_1_736' title='bbox 1554 2727 1588 2754; x_wconf 89' lang='lat' dir='ltr'><strong>ad</strong></span> <span class='ocrx_word' id='word_1_737' title='bbox 1605 2727 1760 2754; x_wconf 79' lang='lat' dir='ltr'><strong>Romanum</strong></span> 
     </span>
    </p>
   </div>
   <div class='ocr_carea' id='block_1_112' title="bbox 972 2770 1760 2814">
    <p class='ocr_par' dir='ltr' id='par_1_112' title="bbox 972 2770 1760 2814">
     <span class='ocr_line' id='line_1_112' title="bbox 972 2770 1760 2814; baseline -0.009 -9"><span class='ocrx_word' id='word_1_738' title='bbox 972 2777 1110 2814; x_wconf 84' lang='lat' dir='ltr'><strong>legatione</strong></span> <span class='ocrx_word' id='word_1_739' title='bbox 1123 2776 1198 2804; x_wconf 88' lang='lat' dir='ltr'><strong>illius</strong></span> <span class='ocrx_word' id='word_1_740' title='bbox 1215 2776 1290 2803; x_wconf 89' lang='lat' dir='ltr'><strong>cives</strong></span> <span class='ocrx_word' id='word_1_741' title='bbox 1307 2775 1382 2802; x_wconf 87' lang='lat' dir='ltr'><strong>illam</strong></span> <span class='ocrx_word' id='word_1_742' title='bbox 1407 2781 1436 2801; x_wconf 86' lang='lat' dir='ltr'><strong>se</strong></span> <span class='ocrx_word' id='word_1_743' title='bbox 1458 2772 1622 2808; x_wconf 56' lang='lat' dir='ltr'><strong>praebituros</strong></span> <span class='ocrx_word' id='word_1_744' title='bbox 1645 2770 1760 2806; x_wconf 85' lang='lat' dir='ltr'><strong>polliciti</strong></span> 
     </span>
    </p>
   </div>
   <div class='ocr_carea' id='block_1_113' title="bbox 972 2818 1761 2857">
    <p class='ocr_par' dir='ltr' id='par_1_113' title="bbox 972 2818 1761 2857">
     <span class='ocr_line' id='line_1_113' title="bbox 972 2818 1761 2857; baseline -0.009 -5"><span class='ocrx_word' id='word_1_745' title='bbox 972 2828 1048 2857; x_wconf 80' lang='lat' dir='ltr'><strong>sunt,</strong></span> <span class='ocrx_word' id='word_1_746' title='bbox 1061 2831 1093 2852; x_wconf 82' lang='lat' dir='ltr'><strong>ea</strong></span> <span class='ocrx_word' id='word_1_747' title='bbox 1104 2823 1238 2851; x_wconf 82' lang='lat' dir='ltr'><strong>duntaxat</strong></span> <span class='ocrx_word' id='word_1_748' title='bbox 1253 2821 1413 2851; x_wconf 85' lang='lat' dir='ltr'><strong>conditione</strong></span> <span class='ocrx_word' id='word_1_749' title='bbox 1430 2824 1462 2848; x_wconf 88' lang='lat' dir='ltr'><strong>ut</strong></span> <span class='ocrx_word' id='word_1_750' title='bbox 1470 2818 1580 2847; x_wconf 86' lang='lat' dir='ltr'><strong>obsidio</strong></span> <span class='ocrx_word' id='word_1_751' title='bbox 1595 2818 1761 2847; x_wconf 78' lang='lat' dir='ltr'><strong>solveretur.</strong></span> 
     </span>
    </p>
   </div>
   <div class='ocr_carea' id='block_1_114' title="bbox 796 2869 1137 2901">
    <p class='ocr_par' dir='ltr' id='par_1_114' title="bbox 796 2869 1137 2901">
     <span class='ocr_line' id='line_1_114' title="bbox 796 2869 1137 2901; baseline -0.003 -3"><span class='ocrx_word' id='word_1_752' title='bbox 796 2869 913 2899; x_wconf 73' lang='lat' dir='ltr'><strong>VARUE</strong></span> <span class='ocrx_word' id='word_1_753' title='bbox 932 2870 1137 2901; x_wconf 78' lang='lat' dir='ltr'><strong>LECTIONES.</strong></span> 
     </span>
    </p>
   </div>
   <div class='ocr_carea' id='block_1_115' title="bbox 159 2914 362 2944">
    <p class='ocr_par' dir='ltr' id='par_1_115' title="bbox 159 2914 362 2944">
     <span class='ocr_line' id='line_1_115' title="bbox 159 2914 362 2944; baseline -0.015 0"><span class='ocrx_word' id='word_1_754' title='bbox 159 2918 182 2935; x_wconf 84' lang='lat'><strong>&quot;</strong></span> <span class='ocrx_word' id='word_1_755' title='bbox 197 2916 245 2944; x_wconf 80' lang='grc' dir='ltr'>τοῦ</span> <span class='ocrx_word' id='word_1_756' title='bbox 260 2923 316 2943; x_wconf 91' lang='lat' dir='ltr'><strong>om.</strong></span> <span class='ocrx_word' id='word_1_757' title='bbox 332 2914 362 2942; x_wconf 84' lang='lat' dir='ltr'><strong>P.</strong></span> 
     </span>
    </p>
   </div>
   <div class='ocr_carea' id='block_1_116' title="bbox 253 2961 559 2995">
    <p class='ocr_par' dir='ltr' id='par_1_116' title="bbox 253 2961 559 2995">
     <span class='ocr_line' id='line_1_116' title="bbox 253 2961 559 2995; baseline -0.003 -3"><span class='ocrx_word' id='word_1_758' title='bbox 253 2963 388 2993; x_wconf 72' lang='grc' dir='ltr'>Ριτκοι..</span> <span class='ocrx_word' id='word_1_759' title='bbox 405 2963 463 2995; x_wconf 74' lang='lat' dir='ltr'><strong>(la.</strong></span> <span class='ocrx_word' id='word_1_760' title='bbox 480 2961 559 2992; x_wconf 79' lang='lat' dir='ltr'><strong>CIX.</strong></span> 
     </span>
    </p>
   </div>
   <div class='ocr_carea' id='block_1_117' title="bbox 1526 2953 1569 2992">
    <p class='ocr_par' dir='ltr' id='par_1_117' title="bbox 1526 2953 1569 2992">
     <span class='ocr_line' id='line_1_117' title="bbox 1526 2953 1569 2992; baseline 0 -6"><span class='ocrx_word' id='word_1_761' title='bbox 1526 2953 1569 2992; x_wconf 72' lang='lat'><strong>26</strong></span> 
     </span>
    </p>
   </div>
  </div>
