2009 3164
246 195 299 226 £55

876 196 1034 227 GEORGII
1055 197 1226 229 MONACHI

1814 200 1866 232 856

244 251 362 281 aedilicia
377 251 467 280 viduae
480 252 585 280 aedibus
601 254 700 287 praeter
713 249 759 286 ius
773 249 866 285 fasque
881 250 1030 278 ollicerent.

1085 252 1192 288 μητρίῳ
1205 252 1244 287 τῷ
1261 253 1454 288 Καμουλιανῷ,
1469 253 1532 280 ίδετν
1546 253 1570 279 εί
1584 253 1633 289 τὴν
1648 254 1765 288 γυναῖκα
1780 254 1867 281 ἀδικεῖ

246 298 387 328 Abeuntes
405 299 509 334 itaque,
524 298 637 333 visaque
657 296 813 325 istiusmodi
831 296 939 333 injuria,
955 304 1030 324 com-

247 349 382 381 pertoque
396 353 462 373 vera
471 352 532 372 esse
542 352 603 379 quae
615 352 630 371 a
645 343 760 371 muliere
774 343 846 370 dicta
860 346 938 370 erant
949 347 1030 377 atque

247 393 366 428 objecta,
383 400 444 420 eum
464 391 567 419 reversi
592 396 696 423 essent,
712 389 870 425 imperatori
887 389 1030 417 renuntia-

247 443 330 471 runt;
347 438 544 472 convictusque
566 437 601 464 ab
617 437 658 464 eis
676 437 809 464 Petronas
825 435 854 463 in
869 435 956 463 oculis
979 435 1030 462 im-

247 484 392 519 peratoris,
409 484 540 511 detractis
554 483 686 515 vestibus,
698 482 800 510 acriter
812 481 894 510 dorso
905 480 1029 508 caeditur.

248 530 385 558 Statutum
399 537 465 557 vero
482 534 524 557 est
553 533 583 557 ut
602 533 722 564 quaestor
743 531 953 562 receptoresque
968 535 1031 562 par-

249 574 376 602 ticulares
395 582 444 602 seu
468 574 607 607 custodes,
624 574 768 606 abeuntes,
790 573 850 600 solo
865 577 945 600 tenus
957 572 1031 607 ejus-

247 619 353 647 cemodi
367 619 440 647 aedes
450 623 582 647 eruerent
600 623 628 647 et
639 618 748 646 mulieri
763 618 910 646 traderent.

280 710 307 736 7.
323 709 447 736 Alexium
470 709 630 736 Armenium
652 712 831 743 cognomento
853 706 970 738 Musele,
990 706 1030 733 vi-

245 763 307 783 rum
320 755 383 782 l'orti
398 755 496 782 robore
512 762 543 781 ac
556 759 710 786 strenuum,
724 754 811 781 locata
826 753 852 780 ei
867 752 950 780 Maria
960 760 1030 786 prse-

247 803 346 831 dilecta
364 802 418 829 lilia
435 802 462 830 in
480 809 610 838 generum
625 802 751 834 ascitum,
769 801 915 836 patricium
928 799 1032 828 creavit

247 856 279 876 ac
290 848 367 875 brevi
387 851 449 883 post
465 848 548 875 etiam
569 848 739 883 magistrum.
763 847 940 875 Postmodum
953 853 1029 878 vero,

247 895 321 932 quod
341 896 368 922 in
393 894 578 930 suspicionem
595 898 707 921 venerat
725 893 844 921 affectati
867 892 986 929 imperii,
1003 896 1030 919 et

248 931 327 977 quasi
347 941 375 968 in
392 941 481 975 ipsum
509 939 613 975 aliquid
629 940 786 972 moliretur,
801 938 961 974 magistrum
980 937 1031 964 mi-
1044 931 1068 961 Β

247 987 312 1015 litim
330 986 482 1020 ducemque
497 985 597 1013 Sicilire
613 985 772 1020 praefectum
788 991 803 1011 a
817 991 845 1010 se
865 983 1030 1011 amandavit.

246 1033 342 1067 Qualia
365 1040 431 1059 vero
453 1032 525 1067 parit
550 1031 668 1058 invidia!
694 1030 779 1058 Siculi
806 1029 917 1064 quidam
937 1037 1031 1056 ascen-

246 1079 344 1108 dentes
369 1078 441 1113 apud
472 1078 667 1113 imperatorem
690 1077 857 1104 calumniam
879 1076 1031 1106 instruunt,

247 1125 323 1160 quasi
334 1132 374 1150 res
382 1123 596 1151 Christianorum
610 1121 749 1149 Saracenis
765 1121 859 1156 prodat
869 1124 893 1146 et
907 1120 1031 1146 adversus

246 1170 434 1205 imperatorem
461 1176 501 1195 res
526 1175 606 1194 nouas
626 1166 761 1193 moliatur.
782 1166 855 1192 Inter
880 1165 938 1192 haec
962 1164 1032 1191 vivis

246 1221 374 1252 exempta
384 1215 467 1243 Maria
483 1213 718 1242 desideratissima
732 1211 878 1246 Theophili
892 1211 959 1243 tilia,
973 1211 1033 1245 ejus

247 1270 345 1291 urnam
358 1266 470 1297 argento
486 1260 639 1292 exornavit.
657 1263 817 1293 tomumque
828 1256 964 1284 libertatis
982 1264 1032 1291 po-

247 1309 303 1337 suit
315 1316 348 1349 ac
375 1306 568 1339 immunitatis,
588 1306 634 1341 qui
655 1304 690 1332 ad
713 1312 774 1332 eam
795 1303 893 1338 quovis
917 1302 1031 1330 crimine

247 1349 438 1391 confugerent.
453 1354 602 1388 Argentum
620 1355 713 1386 postea
732 1349 788 1377 Leo
802 1349 950 1384 imperator
964 1356 978 1375 e
990 1355 1033 1375 δο-

248 1392 355 1436 pulcro.
364 1399 487 1429 abstulit.
718 1408 720 1410 τ

283 1447 311 1474 8.
333 1445 417 1473 Porro
441 1443 611 1479 Theophilus
625 1442 705 1478 795
724 1440 899 1468 Theodorum
926 1440 1033 1474 episco-

247 1500 324 1528 pum,
337 1491 493 1519 Crithinum
520 1489 634 1522 dictum,
659 1493 716 1515 tum
742 1487 770 1514 in
788 1486 856 1514 urbe
876 1489 1032 1513 versantem

247 1545 312 1567 cum
335 1537 447 1565 Mexius
474 1535 611 1563 calumnia
637 1533 775 1568 appetitus
800 1536 852 1564 est,
876 1536 1030 1562 accersens,

247 1584 403 1619 traditaque
428 1589 510 1610 cruce
535 1580 677 1616 pectorali,
698 1580 726 1607 in
742 1578 862 1606 Siciliam
878 1576 963 1609 misit,
984 1575 1030 1610 qui

245 1631 365 1667 juratam
382 1627 564 1656 immunitatis
581 1626 660 1654 [idem
683 1624 778 1652 Alexio
791 1623 926 1659 praeberet
947 1626 976 1649 et
998 1620 1032 1648 ad

248 1677 442 1711 imperatorem
468 1674 497 1701 in
510 1673 608 1701 urbem
634 1671 788 1699 reduceret.
814 1669 957 1697 Profectus
974 1667 1032 1699 ille,

248 1729 281 1750 ac
293 1728 347 1756 qua
371 1719 505 1755 praeditus
527 1722 586 1745 erat
608 1716 755 1752 prudentia
771 1715 929 1750 ingeniique
955 1721 1033 1748 saga-

247 1767 330 1795 citate
343 1772 474 1801 persuaso
486 1763 592 1795 Alexio,
604 1763 734 1797 dictoque
750 1761 776 1789 ei
791 1760 931 1792 audiente,
943 1759 1033 1794 ipsum

248 1813 282 1841 ad
295 1812 490 1846 imperatorem
501 1809 625 1845 adduxit.
638 1808 789 1842 Imperator
803 1814 869 1834 mox
880 1813 1032 1836 reversum.

248 1856 328 1893 quasi
341 1855 467 1883 molitum
485 1852 657 1890 tyrannidem
673 1860 704 1880 ac
715 1851 855 1883 rebellem,
872 1849 1036 1878 verberibus

248 1902 378 1930 allectum
407 1900 611 1938 vinctumque!
623 1898 698 1926 omni
721 1898 782 1933 ejus
805 1896 942 1932 publicata
967 1895 1033 1922 sub-

249 1948 361 1980 stantia.
389 1947 417 1974 in
445 1953 584 1975 carcerem
596 1944 748 1983 compegit.
772 1943 842 1970 Tum
872 1941 1035 1970 Theodorus

248 1995 344 2024 Alexio
359 2003 365 2021 :
380 1993 410 2020 In
422 2001 502 2020 causa
514 2000 574 2019 sum
586 1991 655 2028 quod
669 1991 728 2017 dira
742 1990 795 2017 huic
806 1989 895 2016 omnia
910 1987 1033 2023 patiaris.

248 2039 432 2073 Profectoque
457 2046 492 2065 ex
515 2045 592 2065 more
612 2037 653 2074 ad
671 2036 835 2063 Blachcrnas
859 2034 1033 2068 imperatore,

249 2084 302 2112 iter
312 2084 370 2119 ipse
381 2090 530 2117 occupans,
540 2081 612 2108 intra
624 2081 695 2107 sacri
705 2079 850 2106 tribunalis
862 2079 951 2105 locum
966 2077 1036 2104 stola

249 2129 413 2160 sacerdotali
427 2129 541 2156 indutus
553 2127 638 2159 stetit.
648 2127 703 2162 jam
716 2133 800 2160 prope
819 2125 983 2159 imperatore
1000 2123 1034 2154 ad

250 2177 353 2205 soleam
366 2176 484 2210 stipante
495 2178 591 2201 senatu
608 2172 755 2208 accedente
765 2171 926 2198 exclamavit
938 2178 1035 2205 magna

251 2229 318 2249 voce
338 2220 564 2254 archiepiscopus
579 2227 587 2246 :
606 2218 727 2255 Intende,
741 2224 864 2252 prospere
884 2216 992 2251 procede
1010 2220 1035 2242 et

1083 299 1115 325 τὸ
1135 299 1332 335 καινουργηθὲν
1355 299 1473 334 οἴκημα·
1497 299 1523 326 οῖ
1553 299 1600 326 καὶ
1618 299 1793 332 ἀπελθόντες,
1822 302 1866 327 καὶ

1085 344 1249 379 θεασάμενοι
1261 345 1310 380 τὴν
1326 345 1453 380 τοιαύτην
1475 345 1594 377 ἀδικίαν,
1611 346 1658 372 καὶ
1675 345 1866 380 βεδαιωθέντες

1083 390 1124 423 ὡς
1140 390 1226 426 ἀληθῆ
1240 391 1293 433 είνσι
1310 391 1344 418 τὰ
1362 392 1437 427 παρὰ
1455 391 1506 426 τῆς
1518 392 1647 425 γυναικὸς
1662 392 1791 427 ρηθέντα,
1807 393 1868 418 ὑπο-

1085 433 1254 472 στρέψαντες
1271 438 1437 473 ἀνήγγειλαν
1456 438 1496 474 τῷ
1519 438 1632 473 βασιλεῖ.
1660 438 1714 465 Καὶ
1730 438 1775 465 ἐπ’
1793 438 1868 473 ᾱᾷεει

1084 482 1130 509 τοῦ
1143 483 1275 518 βασιλέως
1291 483 1428 518 ἐλεγχθεὶς
1446 484 1511 519 παρ’
1526 483 1616 510 αὐτῶν
1631 484 1645 510 ὁ
1661 483 1744 515 αὐτὸς
1759 484 1868 518 Πετρω-

1083 530 1143 561 vuig,
1161 529 1283 561 ὲκδυθεὶς
1295 530 1323 556 ὲν
1338 529 1377 565 τῷ
1389 529 1463 565 μέσῳ
1477 529 1527 564 τῆς
1542 529 1601 555 ὀδοῦ
1613 529 1743 556 τύπτεται
1754 530 1790 556 τὰ
1799 530 1869 557 νῶτα

1085 575 1216 610 σφοδρῶς.
1235 575 1346 610 Ὧρίσθη
1361 575 1389 602 δὲ
1407 576 1420 602 ὅ
1439 583 1469 601 τε
1486 575 1625 610 κυαίστωρ
1639 575 1685 601 καὶ
1699 576 1724 601 οἱ
1741 576 1869 610 ἀντιγρα-

1085 623 1144 656 φεῖς
1158 621 1287 648 ἀπελθεῖν
1298 622 1344 648 καὶ
1359 622 1391 648 ἐκ
1404 621 1536 655 θεμελίων
1549 621 1693 656 ὲκδαιρίσαι
1707 622 1742 648 τὰ
1758 622 1869 649 τοιαῦτα

1084 668 1290 702 οἰκοδομήματα
1304 668 1350 694 καὶ
1365 669 1397 702 τῇ
1410 667 1522 701 γυναικὶ
1535 667 1713 702 παραδοῦναι.

1119 715 1151 746 ζ’,
1167 711 1252 745 οὗτος
1267 713 1387 745 Ἀλέξων
1403 714 1449 740 τδν
1465 713 1619 749 ’Δρμὲνιον,
1636 710 1658 748 ᾧ
1674 713 1794 748 ἐπίκλην
1809 714 1870 741 Μω-

1085 759 1169 795 σηλὲ,
1192 759 1315 794 ἀνδρείον
1343 758 1408 785 ὅντα
1438 757 1486 785 καὶ
1512 758 1653 793 ῥωμαλέον
1679 759 1871 793 είσεποιησατο

1084 804 1208 840 γαμόρδν
1222 805 1262 836 είς
1287 804 1395 839 Μαρίαν
1415 803 1463 839 τὴν
1485 804 1668 840 ἠγαπημένην
1687 801 1763 838 αὐτῷ
1784 803 1868 837 θυγα-

1083 850 1160 885 τέρα,
1182 849 1299 885 ποιήσας
1318 849 1399 876 αὑτὸν
1413 849 1568 885 πατρίκιον,
1585 850 1643 884 μετ’
1663 849 1755 883 ὀλίγον
1776 848 1805 875 δὲ
1825 849 1869 875 καὶ

1086 895 1247 930 μάγιστρον.
1261 893 1328 921 Elea
1348 894 1496 929 ὑπολήψεις
1508 895 1584 926 τινὰς
1597 895 1640 921 ἐπ’
1655 894 1729 929 αὐτῷ
1746 894 1820 929 σχὼν
1833 894 1869 925 ὡς

1082 940 1235 974 ὀρεγομένῳ
1248 939 1297 973 τῆς
1320 939 1469 974 βασιλείας,
1492 939 1680 974 στρατηλάτην
1699 939 1748 966 καὶ
1771 939 1869 966 δοῦκαν

1082 987 1130 1021 τῆς
1147 986 1272 1030 Σικελίας
1295 986 1460 1021 ἐξέπεμψεν.
1485 983 1536 1011 Οἷα
1550 985 1579 1011 δὲ
1601 985 1698 1019 φθόνου
1715 985 1866 1016 ὼδίνοντος,

1082 1029 1187 1056 Σικελοί
1213 1038 1284 1062 τινες
1302 1029 1457 1061 ἀνελθόντες
1473 1029 1611 1056 διέὸαλλον
1635 1030 1729 1056 τοῦτον
1753 1030 1865 1064 βασιλεῖ,

1082 1075 1119 1107 ὡς
1134 1076 1172 1102 Τὰ
1194 1076 1253 1110 μὲν
1274 1074 1333 1102 τῶν
1349 1073 1534 1108 Χριστιανῶν
1556 1075 1742 1109 Σαρακηνοῖς
1764 1075 1866 1110 προδί-

1082 1121 1167 1154 δωσι,
1186 1121 1262 1148 κατὰ
1273 1121 1308 1148 δὲ
1326 1121 1381 1156 τῆς
1395 1122 1557 1154 βασιλείας
1570 1130 1628 1155 σου
1643 1121 1763 1156 μελετᾷ.
1786 1121 1830 1148 Ἐν
1840 1122 1867 1148 δὲ

1081 1166 1120 1202 τῷ
1131 1166 1234 1202 μεταξὺ
1253 1166 1416 1202 τεθνηκυίας
1429 1166 1540 1202 Μαρίας
1556 1167 1606 1202 τῆς
1623 1167 1820 1202 πεποθημένης
1831 1167 1868 1202 τῷ

1083 1213 1189 1248 βασιλεῖ
1203 1213 1349 1248 θυγατρὸς,
1363 1212 1412 1248 τὴν
1426 1213 1476 1248 μὲν
1492 1213 1614 1248 λάρνακα
1629 1213 1672 1248 [Ρ.
1685 1212 1751 1249 517]
1767 1212 1866 1248 ταύτης

1082 1260 1112 1293 ἐξ
1132 1259 1255 1296 ἀργύρου
1273 1260 1422 1296 ἐκόσμησε,
1444 1260 1492 1286 καὶ
1518 1260 1602 1295 τόμον
1628 1259 1787 1295 ἐλευθερίας
1814 1261 1867 1290 toi;

1083 1306 1301 1342 προσφεύγουσιν
1319 1307 1363 1333 ἐπ’
1380 1306 1533 1342 ἐγκλήματι
1554 1315 1608 1333 τινι
1628 1306 1768 1333 τέθεικεν·
1785 1306 1868 1341 ὅνπερ

1082 1353 1202 1388 ἄργυρον
1227 1352 1295 1387 μετὰ
1309 1352 1395 1379 ταῦτα
1419 1352 1496 1379 Λέων
1510 1353 1525 1379 ὀ
1548 1351 1672 1388 βασιλεὺς
1689 1352 1813 1379 ἀνείλετο
1837 1353 1868 1378 ὲκ

1081 1399 1129 1425 τοῦ
1143 1399 1240 1432 τάφου.

1115 1447 1152 1479 η’.
1189 1445 1218 1471 '0
1245 1444 1275 1471 δὲ
1306 1444 1436 1479 Θεόφιλος
1471 1444 1608 1479 Θεόδωρον
1644 1445 1691 1470 τὸν
1721 1444 1868 1470 ἐπίσκοπον

1081 1489 1127 1515 τὸν
1150 1489 1294 1524 λεγόμενον
1318 1489 1447 1524 Κρίθινον
1472 1490 1501 1516 ὲν
1516 1489 1555 1525 τῷ
1582 1489 1672 1525 καιρῷ
1696 1490 1747 1525 τῆς
1773 1489 1867 1516 διασο-

1082 1533 1131 1569 λῆς
1163 1534 1282 1567 Ἀλεξίου
1314 1535 1343 1560 ἐν
1369 1536 1401 1570 τῇ
1427 1535 1503 1561 πόλει
1532 1536 1647 1570 τυχόντα
1681 1535 1868 1570 προσκαλεσά-

1084 1588 1184 1614 μενος,
1209 1581 1256 1606 καὶ
1275 1580 1338 1611 δοὺς
1356 1581 1385 1607 τ’)
1404 1581 1470 1607 ἴδιον
1498 1582 1642 1616 φυλακτδν,
1658 1582 1820 1609 ἀπέστειλεν
1832 1583 1869 1613 εἰς

1083 1625 1210 1652 Σικελίαν
1241 1625 1333 1652 δοῦναι
1353 1626 1432 1660 λόγον
1459 1627 1593 1659 ἀπαθείας
1617 1627 1655 1662 τῷ
1686 1627 1801 1663 Ἀλεξίῳ
1824 1628 1870 1654 καὶ

1084 1671 1201 1706 ἀγαγεῖν
1214 1671 1244 1698 ὲν
1256 1673 1289 1708 τῇ
1310 1673 1386 1699 πόλει
1402 1673 1471 1708 πρὸς
1486 1673 1579 1700 αὐτόν.
1600 1673 1630 1700 '0
1645 1673 1673 1700 δὲ
1686 1674 1813 1700 ἀπελθὼν
1825 1674 1870 1700 καὶ

1084 1719 1117 1754 τῇ
1135 1718 1275 1755 προσαύσῃ
1290 1719 1364 1754 αὐτῷ
1393 1719 1499 1746 συνέσει
1516 1720 1614 1752 πείσας
1640 1719 1761 1754 Ἀλέξιον
1783 1721 1869 1756 ἢγαγε

1084 1764 1152 1800 πρὸς
1163 1764 1210 1791 τὸν
1230 1764 1352 1799 βασιλέα.
1369 1765 1419 1792 ’ον
1435 1766 1450 1792 ὀ
1465 1765 1592 1800 βασιλεὺς
1608 1766 1646 1798 ὼς
1665 1766 1805 1801 ἀντάρτην
1826 1766 1869 1792 τύ-

1083 1810 1137 1846 ψας
1150 1811 1226 1838 ἔθετο
1243 1812 1272 1838 ὲν
1287 1811 1325 1846 τῷ
1345 1811 1536 1848 δεσμωτηρίῳ,
1561 1811 1700 1847 δημεύσας
1717 1813 1809 1839 πᾶσαν
1825 1811 1871 1847 τὴν

1085 1857 1255 1892 περιουσίαν.
1267 1876 1275 1884 .
1286 1876 1293 1884 .
1306 1875 1313 1883 .
1325 1876 1332 1885 .
1354 1856 1488 1892 ἀνέθηκεν
1524 1856 1635 1892 Ἀλεξίῳ
1651 1857 1746 1889 εἰπὼν,
1772 1858 1814 1884 ὅτι
1833 1857 1871 1884 Δι’

1085 1903 1159 1937 ἐμοῦ
1176 1902 1274 1929 πάντα
1283 1903 1437 1935 πέπονθας
1454 1903 1491 1929 τὰ
1504 1902 1597 1930 δεινά,
1616 1903 1670 1930 Καὶ
1680 1903 1726 1929 τοῦ
1741 1903 1870 1938 βασιλέως

1086 1949 1155 1975 κατὰ
1170 1948 1200 1974 τὸ
1223 1947 1283 1979 ἔθος
1307 1948 1347 1980 είς
1363 1948 1520 1983 Βλαχέρνας
1541 1948 1706 1980 ἀπελθόντος
1728 1949 1872 1984 προλαϐὼν

1086 1995 1150 2029 ἔστη
1167 1994 1276 2021 ἔνδοθεν
1300 1994 1347 2021 τοῦ
1376 1995 1568 2029 θυσιαστηρίου
1596 1995 1611 2022 ὀ
1639 1996 1871 2030 ὰρχιεπίσκοπος,

1087 2040 1226 2075 ἱερατικὴν
1249 2039 1345 2074 στολὴν
1368 2040 1572 2075 ῆμφιεσμένος’
1595 2040 1642 2067 καὶ
1664 2040 1711 2066 τοῦ
1740 2040 1872 2075 paetum;

1086 2087 1118 2121 τῇ
1142 2085 1230 2120 σωλέᾳ
1257 2085 1458 2120 πλησιάσαντος
1482 2086 1540 2121 ἅμα
1568 2087 1599 2121 τῇ
1624 2086 1770 2121 συγκλήτῳ
1798 2088 1869 2120 φωνῇ

1089 2131 1194 2166 μεγάλῃ
1218 2131 1359 2165 ἐφώνησεν
1382 2132 1397 2157 ὁ
1419 2131 1649 2167 ἀρχιεπίσκοπος·
1672 2132 1806 2158 Ἕντεινε
1825 2132 1872 2158 καὶ

1087 2176 1251 2205 κατενοδοῦ
1270 2177 1318 2204 καὶ
1336 2177 1487 2209 ,ϐασίλευε
1505 2177 1609 2204 ἕνεκεν
1632 2179 1725 2210 τίνος,
1744 2176 1769 2205 ὦ
1782 2178 1871 2210 ,βασι-

1086 2224 1160 2258 λεῦς
1183 2223 1320 2254 Δίδεσθεὶς
1338 2223 1385 2249 οὖν
1401 2224 1414 2249 ὀ
1433 2223 1559 2258 βασιλεὺς
1579 2225 1611 2259 τῇ
1634 2224 1781 2259 συγκλήτῳ
1803 2224 1870 2258 ἔφη’

249 2274 333 2303 regna
346 2271 378 2299 P;
404 2273 540 2300 quorsum,
562 2263 726 2299 imperator?
744 2262 790 2289 Ille
810 2266 936 2289 senatum
956 2269 1033 2288 reve-

1090 2270 1215 2297 ’Ένεκεν
1238 2269 1382 2302 ἀληθείας
1405 2269 1455 2296 καὶ
1486 2271 1653 2303 πραότητος
1682 2270 1732 2296 καὶ
1762 2270 1872 2297 δικαίου

251 2313 322 2340 ritus
337 2321 344 2338 :
362 2311 474 2346 Propter
487 2310 634 2342 veritatem,
658 2309 758 2344 inquit,
773 2312 797 2335 et
811 2307 1038 2335 mansuetudinem

251 2363 277 2387 et
291 2358 436 2395 justitiam.
451 2357 502 2385 Cui
517 2356 679 2384 Theodorus
694 2364 701 2382 :
720 2353 882 2396 Ecquw'nam
905 2362 965 2382 vero
992 2359 1037 2380 tua

247 2405 365 2442 justitia,
382 2405 500 2440 quicum
524 2402 616 2431 Alexio
629 2403 757 2439 juratam.
772 2402 852 2435 ﬁdem
870 2409 916 2436 per
931 2408 973 2427 me
993 2400 1038 2426 de-

250 2451 331 2482 deris,
352 2449 418 2477 nihil
431 2453 521 2476 tamen
537 2448 699 2476 servaveris?
718 2448 869 2482 Imperator
886 2445 1035 2480 reprehen-

251 2497 358 2524 sionem
373 2503 428 2523 non
441 2494 542 2527 ferens,
557 2502 643 2529 eaque
659 2494 697 2520 ira
708 2500 850 2524 accensus,
873 2491 961 2526 ipsum
976 2490 1035 2518 vio-

250 2541 340 2569 lenter
357 2548 372 2568 e
388 2548 466 2568 sacro
482 2540 577 2568 altaris
588 2540 648 2567 loco
662 2538 775 2573 expulit,
788 2546 840 2572 nec
852 2537 1038 2565 mediocribus

251 2587 339 2622 plagis
356 2586 492 2621 impositis
511 2586 608 2613 exsilio
626 2585 772 2620 relegavit;
789 2592 843 2616 nec.
859 2592 892 2611 ea
906 2584 1039 2610 duntaxat

251 2633 360 2661 ratione
390 2632 465 2667 quod
481 2633 515 2660 ab
536 2640 569 2660 eo
586 2632 770 2667 reprehensus
789 2635 885 2664 esset“
900 2630 947 2658 sed
965 2629 1037 2665 quod

250 2680 334 2707 etiam
350 2679 442 2706 colere
453 2687 515 2706 eum
530 2686 562 2706 ac
570 2678 697 2706 venerari
713 2685 804 2705 sacras
817 2677 950 2712 imagines
963 2677 1036 2711 ejus-

251 2733 304 2760 que
318 2725 487 2760 impietatem
505 2724 650 2752 traducere
670 2724 835 2752 inaudicrat.
855 2723 935 2751 llaud‘
951 2723 1038 2750 multo

251 2775 313 2805 post
329 2779 405 2804 vero,
432 2779 495 2798 cum
522 2772 672 2806 imperator
697 2771 723 2798 in
738 2771 861 2806 Magnam
888 2770 1035 2797 ecclesiam

251 2816 374 2844 venisset
389 2825 422 2845 ac
447 2817 607 2852 patriarcha
630 2825 687 2846 rem
704 2817 729 2845 ei
755 2817 855 2852 probro
880 2817 1036 2852 objecisset,

289 2907 301 2925 I'
316 2902 386 2928 Psal.
395 2910 467 2934 XLIV,
477 2903 502 2929 5.

1087 2316 1197 2349 σύνης.
1220 2315 1250 2341 '0
1266 2315 1296 2342 δέ
1307 2324 1315 2331 ·
1333 2315 1388 2342 Kal
1411 2315 1483 2342 ποία
1498 2315 1677 2350 δικαιοσύνη
1689 2316 1725 2342 ὲν
1746 2317 1809 2347 σοὶ,
1830 2316 1872 2342 ὅτι

1086 2361 1159 2394 δοὺς
1188 2360 1365 2395 ὑπέγραφον
1385 2361 1480 2395 λόγον
1506 2360 1629 2393 Ἀλεξίῳ
1655 2360 1694 2387 δι’
1712 2361 1788 2395 ἐμοῦ
1820 2362 1872 2388 οὐκ

1085 2405 1242 2440 ἐφύλαξας
1258 2405 1365 2437 tot-xw;
1386 2403 1416 2430 ’θ
1429 2405 1457 2431 δὲ
1472 2404 1600 2439 βασιλεὺς
1615 2404 1652 2436 ὡς
1663 2404 1805 2439 ἐλεγχθεὶς
1819 2403 1872 2430 τοῦ-

1085 2460 1131 2478 τον
1145 2451 1192 2477 τοῦ
1209 2450 1404 2486 θυσιαστηρίου
1421 2450 1515 2485 βιαίως
1536 2450 1681 2485 ἐξήγαγεν.
1699 2450 1748 2476 καὶ
1766 2449 1872 2483 πληγὰς

1088 2496 1162 2532 αὐτῷ
1180 2497 1209 2523 οὐ
1226 2496 1340 2532 μετρίας
1354 2496 1459 2527 ἐπιθεὶς
1481 2496 1620 2530 ἐξώρισεν,
1635 2496 1665 2521 ού
1685 2495 1729 2522 διὰ
1743 2495 1775 2521 τὺ
1796 2495 1870 2527 ἐλεγ-

1087 2540 1185 2576 χθῆναι
1211 2539 1257 2566 ὑπ’
1287 2539 1370 2566 αὐτοῦ
1395 2540 1486 2575 μόνον,
1503 2540 1571 2567 ἀλλὰ
1592 2540 1638 2566 καὶ
1656 2540 1701 2566 διὰ
1725 2541 1755 2566 τὸ
1779 2540 1872 2575 μαθεῖν

1087 2585 1167 2612 αὐτὸν
1181 2585 1230 2617 τὰς
1243 2585 1323 2619 ἁγίας
1340 2585 1448 2617 εἰκόνας
1459 2586 1542 2620 τιμᾷν
1558 2585 1603 2612 καὶ
1616 2585 1754 2616 σέϐεσθαι,
1772 2586 1818 2612 καὶ
1826 2586 1871 2620 τὴν

1088 2632 1170 2659 αὐτοῦ
1184 2632 1343 2659 δυσσέϐειαν
1357 2632 1520 2660 διαῦάλλειν.
1537 2631 1604 2658 Μετ’
1620 2631 1650 2657 οὐ
1663 2631 1730 2657 πολὺ
1747 2631 1778 2657 δὲ
1799 2633 1828 2658 ἑν
1841 2631 1870 2664 τῇ

1091 2678 1204 2713 Μεγάλῃ
1231 2677 1366 2713 ἐκκλησίᾳ
1378 2677 1606 2712 παραγινομένου,
1619 2676 1667 2703 καὶ
1682 2676 1729 2702 τοῦ
1741 2677 1873 2712 πατριάρ-

1091 2732 1138 2758 χου
1159 2723 1239 2750 αὑτὸν
1262 2723 1442 2753 ὀνειδίσαντος
1455 2743 1462 2755 ,
1480 2722 1562 2749 αὑτὸν
1586 2722 1632 2748 τὸν
1659 2721 1872 2757 ἀρχιεπίσκοπον

1092 2771 1179 2805 ἤγαγε
1198 2769 1267 2804 μετὰ
1292 2769 1501 2804 παρακλήσεως.
1517 2768 1570 2795 Τοῦ
1595 2768 1622 2794 δὲ
1648 2768 1756 2801 ἀνάξιον
1781 2767 1871 2794 ἑαυτὸν

1092 2818 1140 2852 τῆς
1158 2815 1307 2852 ἱερωσύνης
1323 2815 1463 2851 κρίναντος
1477 2815 1510 2841 δι’
1525 2815 1542 2842 δι
1560 2814 1703 2847 πέπονθεν,
1716 2815 1730 2841 ὁ
1750 2813 1870 2850 βασιλεὺς
