2009 3164
293 215 346 248 859

292 283 400 302 manam
415 274 546 302 ditionem
557 282 586 302 se
600 274 746 310 reciperet,
759 279 821 309 post
830 275 953 309 elapsum
967 274 1077 309 aliquod

292 326 399 356 tempus
413 321 450 348 ait
463 321 495 348 ad
507 321 681 348 Amcrumnae
703 328 847 356 proceres:
870 320 899 348 Si
915 321 978 348 mihi
996 320 1075 348 Ame-

291 375 395 394 rummz
406 366 494 401 ﬁlium
508 375 539 394 ac
554 366 643 401 copias
658 367 1002 402 prabueritis,expeditione
1016 375 1075 394 sus-

291 414 367 446 cepta
382 411 530 438 Romanam
553 411 624 437 vobis
640 410 781 445 subjiciam
801 411 935 438 ditionem.
955 410 1015 444 Quo
1035 411 1076 438 illi

291 456 453 491 cum.798
461 456 627 483 Amerumne
642 455 844 483 communicato
856 455 971 483 consilio
987 455 1075 490 ipsum

291 502 465 530 dimiserunt.
484 501 588 528 Manuel
601 509 667 529 vero
681 509 766 536 prope
782 502 915 529 accedens
928 502 963 529 ad
976 502 1077 530 Anato-

291 548 373 575 licum
385 547 486 578 thema,
498 547 655 575 convocatis
665 547 784 575 subditis
795 547 853 575 suis
866 555 898 575 ac
905 547 1077 575 Amerumna:

291 593 358 626 ﬁlio,
375 592 453 628 quasi
475 592 607 620 nimirum
633 597 723 620 castra
737 597 863 620 moturus
876 597 1076 626 etveuaturus,

290 647 352 668 cum
370 639 404 666 ab
419 639 547 666 hostibus
561 640 617 674 jam
632 639 730 674 procul
752 639 843 667 factus
854 644 937 672 esset,
957 640 1077 667 circum-

289 685 367 711 fusus
377 684 552 712 Amerumnae
572 683 628 711 ﬁlio
638 691 670 711 ac
679 691 742 711 eum
757 684 932 711 exosculatus
945 684 983 711 ait
998 693 1004 711 :
1019 684 1076 720 Ego

290 731 394 765 quidem
413 731 449 757 ad
467 738 554 757 meum
569 730 755 765 imperatorem
775 734 800 757 et
825 729 859 756 ad
876 730 984 764 propria
1003 731 1075 762 abeo,

264 805 266 807 τ
290 778 386 812 quippe
414 778 456 804 cui
473 776 540 804 nihil
565 777 594 804 in
618 776 672 803 vita
690 776 776 802 carius
802 776 835 802 sit
858 777 946 810 patria
963 784 1078 811 meaeque

290 824 374 858 gentis
386 823 543 850 hominibus.
568 823 605 850 Tu
629 830 759 850 ueroeam
782 822 842 855 tuis,
863 823 947 849 omnis
972 822 1036 849 ntali
1060 831 1076 850 ιι

292 870 364 896 nobis
383 877 500 902 securus,
519 869 554 896 ad
572 873 630 896 tuos
643 869 760 896 abscede.
773 869 810 896 Ac
824 869 934 903 quidem
951 868 997 895 ille
1011 877 1075 896 eum

291 916 318 942 in
345 915 454 942 modum
472 923 534 943 cum
556 915 683 951 lacrymis
700 923 732 942 ac
747 915 852 950 pudore
871 923 997 943 reversus
1011 921 1073 944 est:

290 961 396 989 Manuel
419 969 483 989 vero
502 961 535 989 ad
555 962 748 996 imperatorem
765 962 848 995 venit,
870 964 1010 997 praemisso
1026 964 1072 998 qui

289 1007 349 1042 ejus
368 1007 518 1036 adventum
535 1008 721 1035 annuntiarel.

326 1098 369 1124 15.
386 1098 536 1133 Imperator
551 1106 614 1126 eum
628 1098 674 1134 qui
690 1099 781 1126 fuerat
799 1098 962 1132 destinatus,
981 1104 1011 1127 ut
1027 1101 1074 1134 qui

289 1152 449 1178 magnorum
473 1144 511 1171 illi
532 1145 666 1172 bonorum
684 1145 798 1172 nuntius
820 1151 904 1178 esset,
917 1150 1074 1181 susceptum

289 1189 416 1224 pecuniis
441 1197 473 1217 ac
498 1189 679 1225 dignitatibus
710 1190 862 1218 liberaliter
880 1191 996 1226 accepit.
1020 1191 1076 1219 Ma-

292 1236 401 1263 nuelem
428 1236 504 1268 item,
523 1236 563 1263 uti
585 1236 696 1271 dignum
712 1240 782 1269 erat,
801 1237 963 1272 suscipiens,
992 1237 1077 1273 magi—

291 1286 379 1309 strum
394 1281 486 1309 statim
502 1290 534 1309 ac
558 1282 714 1309 scholarum
738 1283 917 1311 domesticum
943 1283 1074 1318 praefecit,

289 1330 373 1361 atque
401 1326 461 1362 ejus
485 1326 588 1354 liberos
620 1334 654 1354 ex
685 1334 763 1355 sacro
789 1327 954 1362 baptismate
980 1336 1076 1357 susce-

289 1372 340 1407 pit.

326 1418 370 1445 u.
387 1418 427 1446 Eo
439 1425 567 1447 successu
580 1419 670 1447 elatus
690 1419 848 1455 imperator,
871 1428 932 1448 cum
953 1420 1077 1449 Manuele

289 1469 317 1492 et
343 1469 440 1491 senatu
463 1465 595 1500 omnique
622 1466 743 1494 exercitu
773 1467 905 1495 adversus
926 1467 1076 1496 Saracenos

289 1509 432 1544 profectus
446 1513 503 1542 est;
521 1509 651 1544 facilique
665 1510 777 1545 negotio
804 1511 890 1546 captis
913 1512 1030 1547 Zapetro
1048 1516 1076 1540 et

290 1554 443 1586 Samosata,
462 1554 536 1589 quod
552 1555 683 1590 oppidum
698 1560 755 1582 tum
775 1556 879 1585 divitiis
897 1565 930 1585 ac
952 1558 1073 1592 potentia

288 1599 415 1633 ﬂorebat,
431 1600 533 1635 quippe
542 1601 716 1628 Amerumnaa
731 1602 828 1636 patria,
843 1602 958 1630 victoria
969 1611 1000 1631 ac
1014 1611 1073 1630 ma-

288 1645 383 1672 nubiis
396 1653 425 1673 se
436 1646 580 1681 magniﬁce
595 1646 701 1682 iactans
711 1654 742 1674 ac
759 1647 930 1682 superbiens,
946 1655 1074 1676 reversus

289 1697 340 1719 est.
363 1691 536 1726 Veniensque
562 1692 708 1728 Bryantem
723 1700 820 1727 usque,
846 1693 976 1721 aediﬁcari
1000 1694 1074 1729 pala—

289 1737 370 1770 tium,
386 1737 536 1772 hortosque
549 1738 677 1772 plantari,
692 1742 774 1773 atque
786 1747 870 1774 aquas
881 1739 990 1773 deduci,
1004 1747 1073 1775 pra:-

289 1783 382 1817 cepit:
400 1783 473 1817 quod
489 1787 518 1810 et
539 1783 641 1811 factum
654 1788 707 1812 est.
726 1784 791 1811 lude
805 1785 901 1812 urbem
919 1789 1026 1820 petens,
1041 1794 1074 1814 ac

289 1829 376 1864 spolia
395 1829 537 1865 triumpho
552 1829 709 1861 traducens,
721 1831 907 1865 exhibitisque
920 1831 1003 1866 799
1020 1832 1074 1860 cir-

289 1875 429 1908 censibus,
446 1883 479 1903 ac
500 1875 558 1911 ipse
579 1876 668 1911 primo
683 1884 797 1905 munere
819 1877 928 1910 ludens,
943 1878 1013 1905 albis
1030 1878 1074 1905 in-

288 1926 384 1949 vectus
409 1922 497 1957 equis,
513 1927 596 1957 atque
619 1927 720 1950 veneto
745 1923 860 1950 indutus
885 1924 987 1957 colore,
1010 1932 1072 1952 cum

288 1968 377 1995 victor
393 1967 506 2001 exisset,
520 1973 669 1996 coronatus
683 1973 735 2002 cst,
748 1969 964 1997 acclamantibus
978 1969 1074 1998 factio-

288 2012 390 2041 nibus:
415 2014 486 2041 Bene
503 2014 638 2050 faustaque
653 2015 756 2048 venisti,
776 2015 849 2042 omni
867 2015 954 2050 major
968 2024 1074 2051 compa-

288 2060 401 2091 ratione,
416 2060 583 2095 factionarie.

323 2105 368 2132 15.
383 2105 504 2134 Antonio
518 2111 609 2135 autem
622 2106 778 2141 patriarcha
789 2105 858 2134 vivis
868 2111 1005 2141 exempto,
1014 2107 1074 2143 ejus

286 2150 348 2177 loco
364 2151 507 2178 ordinatur
521 2151 642 2179 Joannes
665 2152 813 2186 syncellus,
827 2155 858 2178 ut
879 2145 968 2180 dicam
985 2160 1073 2181 novus

286 2195 389 2223 Jaunes
411 2200 440 2223 et
463 2197 604 2228 Zambres,
620 2197 722 2224 celebri
746 2197 831 2224 homo
855 2197 936 2230 fama,
961 2198 1074 2233 magicis

287 2241 394 2269 artibus
413 2246 441 2269 et
455 2242 674 2271 divinationibus
688 2251 720 2270 ex
738 2244 810 2278 pelvi
829 2245 959 2279 omnique
976 2245 1072 2280 impie-

288 2290 352 2313 tate.
366 2287 390 2314 Is
411 2287 541 2314 nimirum
557 2296 689 2324 organum
710 2290 840 2316 idoneum
862 2290 933 2325 ejus,
950 2298 1005 2326 quo
1018 2291 1066 2318 im-

287 2337 397 2366 perator
411 2333 563 2367 laborabat,
587 2334 745 2370 impietatis,
767 2336 850 2370 inque
865 2344 923 2363 rem
940 2336 1068 2372 impetus,

286 2378 378 2405 omnia
392 2378 431 2406 illi
445 2379 479 2406 ad
493 2384 599 2407 certum
615 2380 757 2408 interitum
774 2381 918 2409 elﬁciebat.
934 2382 973 2410 Ac
988 2390 1069 2417 quem

287 2424 457 2458 parturiebat
474 2425 596 2459 quidem,
623 2426 782 2453 continebat
808 2430 898 2454 tamen
921 2427 1070 2461 impietatis

286 2470 421 2504 regulum,
430 2470 579 2505 imperator
589 2471 677 2498 edidit
689 2472 860 2507 peperitque,
870 2472 971 2507 iubens
979 2480 1070 2501 sacras

287 2514 421 2550 imagines
438 2517 536 2549 oblini,
551 2525 599 2544 seu
615 2517 730 2545 aboleri.

323 2562 367 2588 16.
382 2563 433 2590 Hic
446 2563 549 2591 Jannes
558 2568 698 2592 exstructa
712 2564 739 2591 in
755 2565 831 2592 urbis
840 2564 940 2592 vicinia
954 2572 987 2592 ex
1002 2573 1069 2600 qua-

288 2607 365 2634 drato
381 2608 470 2643 lapide
495 2610 610 2637 aedicula
630 2610 752 2645 (Trullus
778 2610 915 2644 hodieque
934 2612 1069 2646 vocatur),

288 2653 429 2681 sacriﬁciis
443 2662 506 2682 cum
522 2656 693 2683 daemonibus
714 2656 897 2684 consuescen‘s
913 2657 1071 2691 imperatori

288 2707 348 2734 quae
373 2699 465 2727 futura
488 2706 579 2729 essent
604 2701 794 2729 denuntiabat.
821 2701 979 2729 Manserunt
999 2701 1072 2730 mdes

288 2745 341 2772 illa:
364 2745 511 2781 inhospita:
529 2747 565 2774 ob
581 2747 735 2774 daemonum
747 2755 796 2781 per
817 2747 875 2774 haec
899 2750 1021 2782 tempora
1043 2748 1071 2775 in

290 2789 346 2816 illis
365 2791 560 2825 frequentiam.

325 2834 368 2861 i7.
388 2836 536 2870 Propterea
552 2836 706 2872 adiutorem
721 2838 797 2865 illum
817 2842 844 2865 et
861 2838 1000 2865 conscium
1015 2847 1071 2866 sua:

291 2878 426 2906 haereseos
442 2881 545 2909 habens
561 2883 740 2917 Theophilus,
759 2884 827 2910 alter
842 2884 887 2911 ille
902 2884 1068 2917 Nectanebo,

291 2931 354 2951 eum
376 2932 457 2959 quem
479 2927 605 2955 dicebant
621 2928 764 2962 Joannem,
792 2928 915 2964 quinimo
944 2929 1069 2964 Jannem,

922 216 1080 247 GEORGII
1101 217 1274 248 MONACHI

1092 277 1114 305 Α
1135 262 1286 312 Ῥωμανίςί,
1301 277 1369 311 μετὰ
1381 277 1476 313 καιρόν
1484 285 1544 304 τινα
1554 277 1612 304 εἷπε
1624 279 1686 314 πρὸς
1694 281 1748 312 τοὺς
1760 282 1866 320 δυνάστας

1127 321 1176 348 τοῦ
1190 321 1232 357 [Ρ.
1255 321 1512 358 519]’Δμερουμνῆ,
1540 323 1582 349 ὅτι
1611 324 1677 351 Ἐάν
1688 332 1746 358 *μοι
1761 329 1807 355 τὸν
1815 332 1866 358 om

1127 368 1180 394 τοῦ
1187 367 1368 402 Ἀμερουμνῆ
1380 368 1428 396 καὶ
1439 369 1516 395 λαὸν
1527 369 1675 405 παρέξετε,
1685 371 1801 404 ἐξελθὼν
1810 376 1867 403 ὐπο-

1126 413 1204 445 τάξω
1216 413 1456 448 τὴνῬωμαν-ίαν.
1469 415 1500 440 0i
1513 415 1541 441 δὲ
1553 415 1590 451 τῷ
1598 415 1758 453 Ἀμερουμνῇ
1771 420 1868 453 εἰπόντες

1127 458 1207 485 αὺτὸν
1217 459 1389 487 ἀπέστειλαν.
1408 459 1438 487 '0
1452 460 1480 486 δὲ
1493 459 1576 487 ἐλθὼν
1600 462 1707 497 πλησίον
1721 463 1762 489 τοῦ
1778 464 1869 500 (lipara;

1126 505 1175 538 τῆς
1198 504 1354 540 ’Δνατολῆς,
1373 506 1629 541 προσκαλεσάμενος
1650 509 1709 540 τοὺς
1729 510 1870 546 ὑποχειρίους

1127 549 1209 576 αὐτοῦ
1224 550 1271 577 κιρ.)⁴
1282 550 1328 576 τὸν
1343 550 1400 577 υἱὸν
1414 550 1460 577 τοῦ
1469 551 1640 587 Ἀμερουμνῆ
1656 553 1692 584 ὡς
1714 554 1786 589 δῆθεν
1804 556 1870 584 διακι-

1127 595 1217 629 νήσων
1230 596 1278 622 καὶ
1289 597 1464 632 κυνηγήσων,
1485 597 1627 633 πόρῤωοεν
1642 599 1694 626 τῶν
1707 600 1827 636 πολεμίων
1837 611 1871 636 γε-

1128 641 1250 675 νόμενος,
1270 642 1450 676 περιπλακεὶς
1477 642 1516 678 τῷ
1538 643 1589 678 υίῷ
1608 645 1654 671 τοῦ
1662 644 1815 681 Ἀμερουμνῆ
1836 647 1870 674 καὶ

1127 686 1316 721 καταφιλήσας
1330 687 1410 714 αὑτὸν
1425 686 1512 721 εἶπεν,
1531 689 1573 716 ὅτι
1603 689 1672 724 Ὲτὼ
1700 691 1755 725 μὲν
1769 692 1871 727 ἀπέρχο-

1125 739 1176 765 μαι
1193 733 1267 765 πρὸς
1288 732 1343 759 τὸν
1358 733 1491 765 ,βασιλέα
1511 743 1570 768 μου
1599 735 1647 762 καὶ
1664 736 1698 762 τὰ
1718 736 1780 769 ἴδια,
1797 738 1871 772 μηδὲν

1126 776 1186 803 τῶν
1197 777 1232 803 ἐν
1254 776 1294 809 τῷ
1314 779 1374 810 ,ϐίῳ
1396 779 1586 814 προτιμήσας
1601 781 1736 815 πατρίδος
1753 783 1795 809 καὶ
1815 792 1872 818 mw-

1126 823 1265 856 φυλετῶν
1275 831 1281 838 ·
1301 824 1341 851 σὺ
1355 824 1390 850 δὲ
1401 825 1476 858 μετὰ
1492 825 1549 852 τῶν
1560 826 1634 859 σῶν,
1647 827 1685 860 ὡς
1697 828 1784 862 μηδὲν
1795 828 1872 856 δεινὸν

1127 868 1271 896 πείσεσθε
1290 869 1511 903 ὑποπτεύοντες
1532 872 1602 905 παρ’
1621 872 1711 906 ἡμῶν,
1728 873 1799 900 (imor
1817 875 1872 908 πρός

1126 914 1199 948 τοὺς
1221 915 1308 948 σούς.
1330 915 1385 942 Καὶ
1409 912 1486 948 οὗτος
1515 917 1564 955 μὲν
1591 917 1662 944 οὕτω
1687 919 1750 952 μετὰ
1774 919 1871 954 δακρύων

1128 961 1175 987 καὶ
1201 960 1332 996 αἰσχύνης
1358 961 1529 997 ὑπέστρεψεν
1547 970 1554 978 ·
1579 963 1594 989 ὁ
1612 962 1640 989 δὲ
1659 963 1778 999 Μανουὴλ
1798 963 1871 999 ἐχώρει

1124 1006 1194 1041 πρὸς
1211 1007 1257 1033 τὸν
1274 1006 1395 1042 βασιλέα,
1419 1008 1638 1043 προαποστείλας
1662 1009 1733 1044 αὐτῷ
1752 1009 1792 1036 τὸν
1810 1010 1871 1044 μηνύ-

1126 1060 1218 1080 σοντα.

1162 1101 1206 1131 ιγ’.
1229 1097 1260 1125 ’0
1272 1098 1301 1125 δὲ
1317 1099 1444 1134 βασιλεὺς
1462 1099 1510 1126 καὶ
1529 1099 1576 1126 τὸν
1597 1100 1715 1135 μηνυτὴν
1730 1100 1764 1131 ὡς
1778 1099 1873 1134 μεγάλων

1126 1142 1238 1176 ἀγαθῶν
1248 1142 1364 1178 ἄγγελον
1376 1143 1578 1178 ἀποδεξάμενος
1592 1145 1644 1179 χρή
1650 1145 1713 1179 μασι
1726 1153 1753 1171 τε
1765 1145 1806 1171 καὶ
1816 1144 1874 1178 ἀξιῶ·

1127 1196 1210 1222 μασιν
1233 1188 1455 1224 ἐφιλοτιμήσατο,
1473 1190 1521 1216 καὶ
1543 1190 1590 1216 τὸν
1614 1190 1748 1225 Μανουὴλ,
1768 1190 1800 1222 ὥς
1820 1191 1874 1224 ἄξιον

1125 1232 1169 1270 ἦν,
1184 1235 1341 1267 ὑπεδέξατο,
1360 1235 1511 1272 μάγιστρον
1524 1236 1607 1267 εὐθὺς
1620 1237 1666 1262 καὶ
1682 1237 1824 1271 δομέστικον
1835 1237 1874 1264 τῶν

1127 1280 1230 1316 σχολῶν
1246 1282 1441 1317 ποιησάμενος,
1458 1282 1506 1309 καὶ
1519 1283 1586 1314 τοὺς
1606 1282 1688 1310 αὐτοῦ
1706 1283 1794 1315 italos;
1804 1284 1830 1310 tu
1840 1283 1874 1310 τοῦ

1126 1327 1205 1361 ἁγίου
1223 1326 1411 1362 βαπτίσματος
1427 1327 1639 1363 ἀναδεξάμενος.

1092 947 1114 975 Β

1162 1418 1203 1445 ιδ’.
1224 1418 1336 1450 Τούτοις
1350 1418 1481 1454 ἐπαρθεὶς
1493 1419 1507 1445 ὁ
1519 1419 1649 1454 βασιλεὺς
1665 1418 1753 1454 ἐξῆλθε
1765 1417 1822 1453 μετὰ
1831 1418 1875 1445 Ma-

1126 1464 1206 1498 νουὴλ
1224 1464 1272 1491 καὶ
1295 1464 1345 1498 τῆς
1371 1465 1524 1500 συγκλήτου
1539 1466 1591 1493 καὶ
1610 1465 1658 1492 τοῦ
1675 1464 1782 1501 στρατοῦ
1799 1463 1875 1494 παντὸς

1125 1510 1196 1537 κατὰ
1206 1510 1262 1537 τῶν
1284 1510 1455 1546 ’Δγαρηνῶν,
1470 1511 1518 1538 καὶ
1528 1511 1653 1543 εὐπετῶς
1667 1511 1714 1546 τήν
1727 1519 1754 1537 τε
1766 1511 1874 1544 Ζάπετρον

1125 1556 1172 1583 καὶ
1185 1556 1216 1582 τὸ
1231 1556 1400 1591 Σαμόσατον,
1422 1555 1530 1592 πλούτῳ
1555 1557 1651 1592 κομῶν
1667 1557 1712 1583 καὶ
1725 1556 1822 1591 δυνάμει
1831 1555 1875 1582 τότε

1087 1609 1109 1639 ο
1124 1602 1168 1628 διὰ
1189 1601 1218 1628 τὸ
1246 1601 1292 1628 τὸν
1304 1601 1494 1637 Ἀμερουμνῆν
1521 1602 1631 1630 ἐκεῖθεν
1654 1601 1723 1630 εῖναι
1742 1600 1876 1637 παραλαϐὼν

1124 1647 1247 1675 ἐπάνεισι
1269 1649 1302 1683 τῇ
1325 1647 1388 1684 νίκῃ
1409 1648 1456 1675 καὶ
1481 1649 1538 1681 τοῖς
1556 1648 1692 1685 λαφύροις
1709 1649 1876 1684 γαυρούμενος,

1124 1694 1172 1720 καὶ
1188 1693 1273 1720 ἐλθὼν
1289 1694 1370 1729 μέχρι
1393 1694 1441 1721 τοῦ
1460 1693 1602 1730 Βρύαντος
1621 1694 1781 1729 προσέταξεν
1798 1692 1875 1720 οἰκοδο-

1126 1739 1212 1774 μῆσαι
1227 1739 1357 1766 παλάτιον
1369 1739 1415 1765 καὶ
1429 1739 1615 1774 παραδείσους
1628 1739 1755 1775 φυτεῦσαι
1765 1739 1805 1766 καὶ
1815 1738 1876 1764 ὕδατα

1123 1786 1238 1820 ἀγαγεῖν
1249 1793 1256 1801 ·
1269 1785 1287 1813 ἃ
1308 1786 1356 1812 καὶ
1371 1785 1494 1820 γέγονεν.
1510 1785 1634 1814 Ἐκεῖθεν
1646 1787 1674 1813 δὲ
1688 1785 1834 1821 ἀφικόμενος
1848 1783 1877 1813 εἷς

1124 1832 1173 1866 τήν
1187 1831 1267 1859 πόλιν
1277 1831 1310 1858 τὰ
1324 1831 1433 1867 λάφυρα
1446 1831 1659 1867 ἐθριάμϐευσεν,
1673 1832 1777 1860 ίππικδν
1788 1830 1877 1865 ποιήσας

1124 1878 1171 1904 καὶ
1185 1877 1217 1904 τὸ
1234 1877 1342 1913 πρῶτον
1358 1877 1434 1913 βατον
1448 1877 1559 1910 παίξας,
1569 1877 1678 1916 ᾷρματι
1694 1877 1778 1912 λευκῷ
1793 1875 1876 1910 μὲνέπ-

1124 1923 1306 1958 οχησάμενος,
1318 1923 1446 1958 χρώματι
1465 1924 1493 1950 δὲ
1508 1924 1547 1959 τῷ
1567 1923 1670 1960 βενέτῳ
1691 1922 1876 1959 ἀμφιασάμενος.

1124 1970 1171 1996 καὶ
1189 1970 1305 2004 νικήσας
1329 1969 1514 2004 ἐστεφανώθη,
1530 1970 1586 1997 τῶν
1603 1970 1699 2005 δήμων
1719 1968 1865 1996 ἐπιϐοώντων

1123 2013 1231 2047 Καλῶς
1247 2012 1349 2048 ἦλθες,
1365 2014 1528 2049 ἀσύγκριτα
1542 2015 1726 2050 φακτονάρη.

1160 2104 1200 2131 ιε’.
1221 2104 1275 2130 Τοῦ
1297 2104 1327 2130 δὲ
1351 2104 1523 2141 πατριάρχου
1537 2105 1685 2132 1Δνιιτωνίου
1700 2104 1877 2139 τελευτήσαντος

1123 2151 1180 2177 ἀντ’
1201 2150 1285 2177 αὐτοῦ
1311 2151 1504 2186 χειροτονεῖται
1525 2151 1655 2186 Ἰωάννης
1671 2153 1685 2178 ὁ
1705 2149 1842 2186 σύγκελλος,
1854 2147 1877 2172 ἶν’

1122 2196 1191 2222 εῐπω
1204 2197 1218 2223 ὁ
1238 2195 1297 2228 νέος
1324 2196 1428 2231 Ἰαννής
1450 2196 1498 2222 καὶ
1520 2197 1666 2232 Ζαμϐρὴς,
1686 2191 1878 2232 βεϐοημένοςὲπί

1122 2250 1151 2268 τε
1167 2241 1294 2276 μαγείαις
1308 2241 1357 2268 καὶ
1372 2241 1619 2276 λεκανομαντείαις
1633 2244 1681 2269 καὶ
1695 2242 1766 2277 πάσῃ
1776 2238 1876 2272 ἀσεϐείᾳ·

1087 2275 1108 2303 D
1124 2287 1153 2319 ὂς
1169 2275 1295 2323 γὸργανον
1323 2275 1479 2322 ἐπιτήδειον
1498 2288 1611 2323 εὑρεθὲν
1637 2289 1687 2322 τῆς
1706 2275 1766 2314 τοῦ-7
1775 2284 1879 2322 βασιλέως

1123 2333 1250 2364 ἀσεϐείας
1269 2341 1300 2360 τε
1317 2334 1364 2360 καὶ
1386 2333 1473 2369 ῥοπῆς
1487 2333 1562 2369 αὐτῷ
1578 2334 1670 2361 πάντα
1689 2334 1755 2368 πρὸς
1769 2331 1878 2360 ἀπώλειαν

1122 2377 1272 2413 εἰργάζετο.
1290 2379 1345 2405 Καὶ
1358 2379 1388 2406 δν
1403 2378 1479 2406 ὡδινε
1500 2379 1561 2414 μὲν,
1577 2380 1689 2415 κατεῖχε
1703 2379 1731 2406 δὲ
1753 2377 1879 2414 βασιλίσχον

1123 2424 1172 2459 τῆς
1187 2424 1323 2457 ἀσεϐείας,
1336 2425 1350 2450 ὁ
1360 2424 1486 2459 βασιλεὺς
1499 2425 1632 2462 ὲξᾶρῤηξε
1650 2426 1697 2452 καὶ
1716 2425 1831 2454 ἁπέτεκε,
1843 2421 1879 2450 τὰς

1124 2470 1205 2504 ἁγίας
1226 2470 1334 2502 εἰκόνας
1356 2470 1533 2507 ἀναχρίεσοαι
1549 2470 1592 2507 [Ρ.
1620 2471 1686 2507 520]
1711 2469 1847 2507 προστάξας
1866 2466 1879 2501 ἧ

1124 2513 1333 2548 ἀπαλείφεσοαι.

1160 2562 1208 2591 ις’.
1224 2556 1308 2591 Οὗτος
1328 2560 1342 2586 ὁ
1362 2559 1464 2594 Ἰαννὴς
1487 2560 1540 2595 πρὸ
1563 2560 1610 2587 τοῦ
1632 2561 1729 2593 ἄστεος
1749 2561 1839 2595 οῐκημα
1857 2558 1880 2584 ἑκ

1123 2605 1204 2632 λίθων
1215 2604 1351 2637 λαξευτῶν
1367 2607 1585 2640 κατασκευάσας,
1599 2606 1614 2632 ὃ
1632 2607 1750 2642 Τροῦλος
1765 2606 1836 2641 μέχρι
1845 2603 1881 2629 νῦν

1124 2651 1296 2686 ὀνομάζεται,
1317 2651 1360 2678 διά
1376 2660 1457 2678 τινων
1476 2651 1576 2679 Θυσιῶν
1596 2652 1698 2687 ὡμίλει
1727 2653 1780 2682 τοῖς
1794 2650 1880 2684 δαίμοσι

1125 2697 1171 2722 καὶ
1186 2696 1224 2731 τῷ
1239 2696 1343 2731 βασιλεῖ
1358 2695 1392 2722 τὰ
1407 2697 1537 2731 μέλλοντα
1559 2697 1744 2732 διεσήμαινεν.
1763 2698 1794 2723 Ὂ
1807 2695 1835 2729 δή
1846 2693 1880 2720 καὶ

1125 2742 1267 2777 ἀνοίκητον
1284 2742 1392 2777 ἔμεινεν
1407 2743 1451 2770 διὰ
1466 2744 1515 2775 τὰς
1539 2744 1568 2770 ὲν
1586 2743 1665 2779 αὐτῷ
1678 2744 1817 2779 γενομένας
1835 2739 1879 2766 τοτε

1124 2787 1178 2814 τῶν
1192 2788 1326 2822 δαιμόνων
1339 2788 1535 2824 ἐπιφοιτήσεις.

1162 2844 1206 2869 ιη.
1234 2836 1283 2861 Διὰ
1309 2835 1388 2862 τοῦτο
1412 2835 1556 2871 σύμμαχον
1578 2835 1673 2862 τοῦτον
1695 2836 1740 2862 καὶ
1763 2834 1879 2865 συνίστορα

1124 2881 1192 2916 ἔχων
1205 2881 1333 2915 Θεόφιλος
1356 2881 1404 2916 τῆς
1425 2882 1507 2908 αὑτοῦ
1530 2882 1671 2918 αἱρέσεως,
1688 2883 1702 2908 ὁ
1718 2881 1831 2915 δεύτερος
1841 2877 1880 2904 N“

1124 2930 1245 2958 κτεναϐὦ
1268 2930 1313 2957 τὸν
1330 2929 1606 2965 ρηθένταἺωάννην,
1630 2929 1729 2964 μᾶλλον
1745 2928 1771 2956 δὲ
1787 2924 1878 2960 Ίαννὴνι
