2009 3164
130 192 180 224 ξοο
674 191 771 221 νΙΤΑΞ
786 190 909 220 RECEN

960 189 1006 218 ΟΠ
1011 189 1034 218 U
1040 190 1064 218 Μ
1089 189 1128 218 ΙΜ
1133 190 1187 219 ΡΙ).

1698 190 1751 222 8ῖο

129 250 212 276 Τοῦτο
239 249 266 275 δὲ
296 245 372 274 εἶπεν
402 246 480 278 εἰδὼς
504 246 603 284 absab;
620 246 658 278 ὡς
675 247 847 281 σοφωτάτους
863 247 909 273 καὶ

962 252 1063 280 gentos.
1091 246 1148 273 Hoc
1170 252 1236 272 vero
1261 244 1341 274 dixit.
1363 244 1426 279 quia
1448 245 1532 271 sciret
1554 244 1628 273 viros
1643 247 1751 280 sapien-

129 297 225 331 ἄριστα.
249 295 424 330 ἠσκημένους
446 294 500 320 τῶν
521 295 672 329 ποιητικῶν
695 295 841 329 σχημάτων
862 295 911 329 τὴν

128 342 280 377 ἀκρίϐειαν,
297 341 419 372 εἰπόντος
436 340 518 371 τινός·
538 340 614 368 Οὐδὲ
630 339 710 372 ἄξιοι
723 341 802 367 εἰσιν
816 338 910 371 οὗτοι,

129 388 177 413 ἵνα
196 387 282 414 καλοὶ
306 384 382 413 ὦσιν
408 387 435 412 al
453 386 560 420 ἴαμϐοι.
587 386 618 412 Οἱ
640 385 668 412 δὲ
695 383 783 412 εἷπον·
798 385 910 419 Γράφε,

108 426 111 457 Ξ
128 434 229 467 γράφε,
240 432 383 464 βασιλεῦ,
396 432 429 458 τὸ
445 431 556 459 δοκοῦν
571 440 630 464 σοι,
642 432 682 464 ὡς
695 431 813 466 μέλλον
824 431 911 459 τοῦτο

107 467 112 487 θ
128 477 356 512 ἀναγνωσθῆναι
373 476 502 504 ἐνώπιον
519 477 573 504 τοῦ
587 477 704 504 δικαίου
720 477 768 503 καὶ
784 477 911 511 φοϐεροῦ

128 524 243 557 Κριτοῦ.
263 523 293 550 '0
307 523 335 550 δὲ
349 522 471 558 ὕπαρχος
483 523 593 554 τούτους
606 523 717 557 ἀγαγὼν
731 524 771 554 είς
785 523 815 549 τὸ
827 532 911 558 πραι-

128 569 236 605 τώριον,
251 569 320 604 μετὰ
338 569 385 596 δύο
400 570 505 604 ἡμέρας
525 569 655 600 ἁπλώσας
666 569 695 595 ἐν
715 569 845 604 σκάμνοις
864 569 911 596 καὶ

126 615 208 650 δήσας
223 614 312 640 αὐτῶν
325 615 418 649 χεῖρας
435 614 482 640 καὶ
498 613 591 645 πόδας,
604 614 810 648 κατακεντήσας
826 623 854 640 τε
866 615 912 640 καὶ

128 661 281 695 ἐγκολάψας
303 660 349 696 μ’.
365 659 430 695 525]
443 660 508 691 τοὺς
525 659 632 694 στίχους
653 660 693 691 εἰς
709 659 758 690 τὰς
773 659 848 694 δψεις
863 660 911 686 αὺ-

125 706 179 732 τῶν
194 705 336 741 ἐξώρισεν.
361 705 416 731 Καὶ
441 705 470 732 ὲν
489 705 538 740 μὲν
553 706 586 740 τῇ
603 704 697 740 ἐξορία
710 704 824 740 τελευτᾷ
847 705 861 731 ὁ
881 705 910 731 ἐν

127 752 214 787 ἁγίοις
225 751 375 786 Θεόδωρος,
394 752 408 778 ὁ
424 751 452 777 δὲ
477 750 598 785 ἀοίδιμος
610 750 751 786 Θεοφάνης
765 752 780 777 ὁ
797 751 912 786 ποιητὴς

125 799 249 834 διήρκεσε
263 798 343 834 μέχρι
356 797 466 833 Μιχαὴλ
480 797 527 824 καὶ
541 797 693 832 Θεοδώρας,
707 797 911 833 ἀγωνισάμενος

125 846 237 872 πλεῖστα
264 846 293 872 ὲν
314 846 347 880 τῇ
363 844 497 880 γενομένῃ
514 844 666 880 ὁρθοδοξίᾳ·
692 844 721 876 ὃς
743 844 790 871 καὶ
808 853 911 880 μητρο-

125 892 237 927 πολίτης
258 892 297 923 είς
311 891 430 918 Νίκαιαν
454 891 561 925 γέγονε,
585 891 639 918 τῶν
662 891 833 926 πραγμάτων
859 891 908 927 ἤδη
924 914 948 944 Β

125 938 190 974 πρὸς
209 938 240 964 τὸ
257 937 488 972 εὐσεϐέστερον...

157 1028 213 1062 κς·’.
237 1028 297 1055 Ἐπὶ
309 1028 359 1062 τῆς
375 1027 512 1063 βασιλείας
527 1028 655 1062 Θεοφίλου
668 1025 701 1064 ἦν
717 1028 764 1054 καὶ
784 1027 881 1064 Ἰωσὴφ
896 1028 911 1054 ό

123 1075 306 1110 ύμνογράφος,
327 1074 356 1106 ὃς
384 1074 518 1109 ἐξωρίσθη
540 1074 592 1101 ὑπὸ
606 1074 748 1109 Θεοδώρας
763 1074 813 1109 τῆς
830 1074 907 1109 βασι-

121 1122 226 1156 λίσσης.
246 1121 393 1156 Παρέτεινε
412 1120 441 1147 δὲ
456 1121 473 1155 ὴ
495 1120 552 1156 ζωὴ
577 1120 661 1147 αὑτοῦ
686 1120 739 1152 ἕως
763 1120 813 1156 τῆς
831 1120 909 1155 βασι⁹

121 1164 196 1196 λείας
210 1164 323 1196 Λέοντος
338 1164 384 1191 τοῦ
399 1164 493 1200 σοφοῦ.

156 1255 210 1289 κζ’.
230 1256 387 1284 Ἑπ¹αὒτοῦ
414 1255 514 1284 ἔπεσεν
541 1258 558 1292 ή
586 1258 674 1293 χρυσῆ
687 1258 774 1293 τοῠφα
798 1259 908 1285 Ἰουστι-

121 1302 213 1329 νιάνοῦ
229 1301 277 1329 τοῦ
300 1302 447 1337 λεγομένου
471 1303 659 1337 Δὺγουστέως.
681 1303 908 1340 Ἀμηχανούντων

122 1349 150 1375 δὲ
161 1348 281 1381 πάντων,
293 1349 342 1376 καὶ
354 1348 414 1381 πῶς
426 1348 563 1376 άνέλθοιεν
574 1348 813 1385 διαλογιζομένων,
827 1351 907 1386 εὑρέ-

123 1394 156 1429 θη
174 1403 216 1426 τις
232 1393 375 1430 σκαλωτὴς
388 1394 523 1430 τεχνίτης,
539 1395 586 1421 καὶ
601 1394 720 1422 ἀνελθὼν
736 1396 765 1422 ἑν
786 1397 843 1428 τοῖς
863 1405 909 1422 κε-

125 1441 232 1476 ραμίοις
247 1440 297 1476 τῆς
320 1440 448 1476 Μεγάλης
466 1440 614 1476 ἐκκλησίας
634 1440 711 1476 βέλος
725 1441 815 1477 ἀφῆκε
839 1442 908 1477 μετὰ

123 1486 240 1522 σχοινίου
255 1487 295 1518 είς
306 1486 351 1513 τὸν
363 1487 480 1522 ἱππότην
497 1487 686 1514 ’Ῑονστινιανοῦ
703 1487 749 1514 τὸν
761 1488 792 1514 ὲκ
807 1488 907 1523 χαλκοῦ

123 1532 327 1568 συνιστάμενον,
343 1532 449 1559 καὶτοῦ
465 1533 559 1568 βέλους
575 1533 709 1567 παγέντος
726 1534 814 1561 ἐκεῖσε
827 1535 908 1567 αὐτὸς

963 292 1081 319 tissimos
1105 299 1177 322 esse,
1203 294 1230 317 et
1260 290 1306 325 qui
1331 297 1460 317 versuum
1487 295 1569 324 atque
1597 292 1751 319 carminum

961 337 1045 372 808
1072 336 1274 364 exactissimam
1305 336 1439 363 rationem
1465 335 1569 370 optime
1598 337 1749 369 callerem;

961 391 1024 410 eum
1046 382 1157 417 quidam
1182 382 1315 409 dixisset:
1333 381 1372 409 Ne
1392 382 1412 409 ii
1430 381 1535 416 quidem
1557 382 1630 416 digni
1647 386 1751 410 suntut

961 427 1042 454 iambi
1054 428 1107 454 sint
1121 427 1262 463 elegantes.
1282 427 1317 454 At
1335 426 1374 453 illi
1389 426 1483 453 dixere
1506 435 1512 453 :
1535 425 1634 458 Scribe,
1657 427 1750 460 scribe,

961 474 1116 508 imperator,
1139 473 1209 508 quod
1230 473 1314 500 visum
1334 472 1423 507 fuerit,
1437 473 1560 499 cum/uec
1580 471 1688 507 legenda
1698 473 1752 499 sint

961 519 988 546 in
1007 523 1146 554 conspectu
1167 519 1234 554 justi
1255 527 1286 545 ac
1312 518 1441 545 tremendi
1466 517 1577 544 Iudicis.
1602 517 1751 546 Praefectus

962 564 1054 599 itaque
1081 565 1108 592 in
1129 565 1288 600 praetorium
1318 563 1453 591 adductos
1480 568 1577 591 exacto
1609 563 1695 591 biduo
1721 564 1751 591 in

961 618 1074 638 scamno
1090 611 1251 643 extendens,
1272 610 1417 645 ligatisque
1435 609 1562 637 manibus
1576 617 1608 637 ac
1621 609 1750 644 pedibus,

961 659 1114 683 atramento
1135 662 1341 691 compungens,
1365 653 1487 689 ipsorum
1510 654 1632 681 vultibus
1654 661 1751 682 versus

961 701 1087 728 exaravit
1112 705 1195 736 atque
1223 701 1379 736 insculpsit.
1409 700 1448 727 Ac
1474 699 1586 734 quidem
1608 699 1637 727 S.
1658 699 1750 727 Theo-

962 748 1047 775 dorus
1070 747 1099 774 in
1117 747 1215 775 exsilio
1235 747 1308 775 diem
1329 746 1409 774 obit:
1435 747 1552 781 inclytus
1576 753 1642 773 vero
1659 745 1751 773 Theo-

961 794 1067 828 phanes
1089 797 1185 820 cantor
1209 793 1243 820 ad
1274 792 1434 820 Michaelem
1463 800 1550 827 usque
1572 795 1601 819 et
1621 791 1750 819 Theodo-

962 846 1019 865 ram
1042 838 1247 873 perseveravit,
1275 838 1394 872 plurima
1410 838 1508 864 collata
1533 844 1616 872 opera
1641 836 1669 864 in
1688 844 1749 864 eam

963 892 1024 920 quae
1056 884 1127 912 facta
1154 889 1197 912 est
1223 884 1371 919 imaginum
1393 883 1619 916 restitutionem;
1653 883 1754 910 rebus—

961 937 1015 965 que
1033 930 1089 965 jam
1105 929 1138 957 ad
1156 930 1285 964 pietatem
1304 928 1439 956 revocatis
1453 928 1549 955 Nicaeae
1577 928 1749 962 metropohta

961 975 1023 1002 iuit.

1001 1021 1046 1049 26.
1080 1021 1138 1049 Sub
1169 1022 1336 1057 imperatore
1366 1019 1519 1055 Theophilo
1551 1023 1611 1046 erat
1647 1018 1748 1053 Joseph

961 1068 1202 1104 liymnographus,
1243 1067 1291 1102 qui
1334 1066 1479 1094 Theodora
1521 1065 1667 1101 imperium
1707 1069 1750 1092 te-

960 1119 1043 1143 nente
1073 1115 1100 1142 in
1129 1114 1256 1142 exsilium
1285 1113 1387 1141 missus
1413 1117 1456 1141 est
1478 1121 1485 1139 :
1509 1115 1647 1147 protracta
1681 1119 1749 1139 vero

959 1161 999 1189 illi
1024 1161 1081 1189 vita
1104 1165 1165 1194 est,
1192 1160 1347 1196 usquedum
1370 1159 1425 1187 Leo
1450 1159 1560 1194 sapiens
1585 1165 1677 1186 rerum
1700 1165 1751 1193 po-

961 1208 1026 1237 litus
1041 1212 1093 1236 est.

995 1267 1044 1294 27.
1067 1266 1170 1294 Eodem
1193 1266 1358 1300 imperatore
1378 1263 1479 1291 cecidit
1499 1263 1647 1291 Justiniani
1665 1261 1750 1297 tupha

959 1322 1053 1346 aurea,
1070 1314 1130 1349 ejus
1153 1320 1234 1348 quem
1258 1313 1427 1347 Augusteum
1444 1313 1553 1337 vocant.
1580 1309 1665 1336 Porro
1688 1316 1750 1335 om-

959 1361 1042 1388 nibus
1069 1358 1170 1386 animis
1194 1357 1294 1390 anxiis,
1330 1364 1362 1384 ac
1389 1363 1508 1391 quonam
1536 1354 1619 1382 modo
1648 1353 1749 1381 tentari

959 1411 1089 1434 ascensus
1114 1407 1209 1438 posset
1232 1402 1429 1437 cogitantibus,
1457 1401 1588 1428 inventus
1611 1404 1654 1427 est
1681 1399 1750 1426 arti-

959 1452 1003 1480 fex
1038 1441 1165 1487 quidam~
1179 1449 1390 1482 scandularius,
1415 1446 1627 1481 conscensisque
1648 1445 1750 1480 Magna:

959 1500 1083 1527 ecclesia:
1107 1499 1216 1534 tegulis,
1235 1497 1356 1533 iaculum
1375 1502 1437 1523 cum
1459 1493 1524 1522 fune
1545 1493 1574 1520 in
1592 1496 1749 1527 equestrem

959 1553 1061 1572 amcam
1085 1544 1232 1573 Justiniani
1254 1547 1372 1570 statuam
1397 1540 1483 1572 misit,
1509 1547 1598 1574 eoque
1624 1539 1680 1566 illic
1696 1537 1750 1564 im-

121 1578 165 1604 διὰ
184 1578 226 1604 τοῦ
245 1577 361 1612 σχοινίου
386 1577 542 1613 διαδραμὼν
557 1578 661 1614 θάμϐος
679 1579 727 1614 μὲν
742 1580 799 1611 τοῖς
820 1580 904 1616 ὁρῶσι

960 1595 1036 1626 pacto
1064 1591 1123 1626 ipse
1151 1598 1200 1625 per
1221 1589 1315 1616 funem
1338 1594 1507 1619 excurrens,
1534 1585 1644 1620 globum
1673 1588 1750 1618 apta-

121 1624 276 1659 παρέσχετο
292 1623 341 1650 καὶ
355 1623 405 1659 τὴν
422 1624 526 1659 τοῦφαν
542 1625 718 1660 προσήρμοσε
735 1625 782 1652 καὶ
796 1626 846 1662 τὴν
857 1626 904 1653 τοῦ

123 1669 257 1705 βασιλέως
271 1669 445 1696 ἐπεσπάσατο
465 1669 573 1697 εὔνοιαν
594 1671 642 1696 καὶ
662 1671 696 1706 τῇ
708 1670 792 1707 τέχνῃ
817 1672 864 1698 καὶ
874 1674 907 1706 τῇ

122 1715 203 1750 φύσει
229 1715 300 1750 μέγα
325 1715 494 1751 προσέθηκεν
518 1715 612 1748 ὄνομα,
626 1716 811 1752 φιλοτιμηθεὶς
833 1718 908 1754 παρὰ

121 1762 170 1789 τοῦ
188 1762 321 1798 βασιλέως
334 1762 489 1797 νομίσματα
503 1761 609 1790 ἑκατόν.

157 1852 211 1888 κη’,
229 1853 324 1886 Στέφει
340 1852 368 1879 δὲ
378 1851 507 1886 Θεόφιλος
519 1851 627 1886 Μιχαὴλ
637 1852 683 1878 τὸν
696 1851 753 1878 υίδν
779 1853 861 1879 αὐτοῦ
879 1853 908 1880 ὲν

118 1901 153 1936 τῇ
179 1899 292 1934 Μεγάλῃ
307 1898 449 1933 ἐκκλησίᾳ,
469 1897 714 1933 φιλοτιμησάμενος
742 1897 780 1924 ὢν
803 1898 908 1931 πάντας

119 1947 150 1973 ὲν
165 1947 222 1978 τοῖς
236 1944 387 1980 στεψίμοις.
409 1944 601 1970 Κατεσκεύασε
619 1943 648 1970 δὲ
671 1943 718 1971 καὶ
732 1943 845 1976 ξενῶνα,
862 1945 907 1970 τῦν

119 1991 169 2018 νῦν
186 1990 236 2026 μὲν
258 1989 292 2016 τὰ
307 1988 435 2023 Θεοφίλου
448 1988 603 2024 λεγόμενον,
619 1985 693 2016 οἷκον
712 1988 762 2024 μὲν
776 1989 907 2023 γεγονότα

125 2036 263 2072 Ἰσιδώρου
289 2034 433 2070 πατρικίου
462 2033 620 2065 ἀνελθόντος
636 2033 690 2061 ἀπὸ
710 2034 821 2070 Ῥώμης
838 2035 906 2070 μετὰ

126 2083 270 2119 ὐλυὸρὶου
285 2082 330 2109 ἐπὶ
344 2080 550 2108 Κωνσταντίνου
566 2079 612 2107 τοῦ
634 2081 773 2115 Μεγάλου,
792 2081 861 2116 μετὰ
878 2082 906 2108 δὲ

118 2130 219 2166 χρὸνον
245 2128 400 2159 ἐκδοθέντος
429 2128 583 2164 κουράτορα
607 2127 648 2160 ’³,
675 2127 744 2154 ὥστε
771 2130 906 2155 κατοικεῖν

118 2177 212 2203 ἐκεῖσε
223 2176 355 2209 γυναῖκας
372 2173 426 2200 τῶν
440 2173 559 2207 εὐγενῶν
577 2173 614 2209 μὴ
629 2173 730 2206 εἰδυίας
746 2176 904 2209 σωφρονεῖν.

125 2222 191 2248 Ἐπὶ
207 2220 236 2248 δὲ
257 2219 369 2250 Λέοντος
400 2217 521 2254 Ίσαύρου
538 2218 569 2245 ἐκ
595 2219 719 2254 πορνείου
744 2218 906 2254 ξενοδοχεῖον

118 2266 306 2303 ἐχρημάτισεν
328 2265 374 2291 ἐπὶ
401 2264 494 2291 αὑτοῦ.
512 2264 644 2299 ’Ὕστερον
666 2264 694 2291 δὲ
710 2265 820 2298 γέγονεν
834 2262 906 2296 οῖχος
923 2265 944 2292 D

118 2312 328 2340 Kmvdtavtlvou
355 2311 402 2337 τοῦ
423 2311 472 2345 τῆς
493 2310 610 2346 Εἰρήνης
626 2310 696 2346 μετὰ
719 2310 768 2346 τὴν
792 2310 844 2337 ὑπὸ
859 2311 908 2345 τῆς

119 2359 226 2395 μητρὸς
243 2358 384 2391 γεγονυῖαν
400 2355 570 2390 ὲκτύφλωσιν
596 2356 635 2387 εἰς
659 2354 748 2382 αὐτόν.
774 2354 908 2388 Τελευτή-

118 2404 270 2436 eampse
289 2403 371 2430 αὑτοῦ
389 2403 406 2438 ἡ
426 2403 494 2437 γυνὴ
509 2401 591 2428 αὑτοῦ
612 2401 641 2428 τδ
656 2401 798 2436 μοναδικδν
814 2401 907 2437 σχῆμα

118 2449 325 2485 περιῦαλομένη
342 2448 522 2484 μοναστήριον
536 2446 720 2473 κατεσκεύασε
734 2447 780 2473 καὶ
793 2447 907 2474 ἐκάλεσε

114 2497 154 2524 τὰ
169 2495 330 2526 Μετανοίας.
350 2493 403 2520 Τοῦ
419 2493 447 2519 δὲ
461 2493 543 2519 αὑτοῦ
554 2491 630 2519 οἴκου
647 2492 774 2528 μεγίστου
787 2502 816 2519 τε
831 2493 908 2525 δντος

114 2543 170 2570 καὶ¹
194 2540 359 2576 θαυμαστοῦ,
375 2539 453 2573 ξύλου
469 2540 497 2566 ὲν
515 2538 555 2574 τῷ
572 2538 703 2574 τρικλίνῳ
719 2539 907 2566 ἀποκλασθέν-

113 2597 168 2620 τος
180 2588 287 2622 ἠπείλει
306 2586 420 2613 πτῶσιν.
444 2585 478 2612 Αἱ
493 2584 521 2612 δὲ
537 2585 702 2620 μονάζουσαι
717 2586 907 2622 ἀπερχομένου

116 2634 171 2661 τοῦ
189 2634 322 2669 βασιλέως
336 2634 364 2660 ὲν
379 2633 544 2668 Βλαχέρναις
559 2631 708 2667 ἐδεήθησαν
723 2632 786 2668 περὶ
802 2633 907 2662 τούτου.

120 2681 154 2709 ⁸0
175 2681 203 2707 δὲ
227 2680 357 2711 ἐκνεύσας
372 2680 418 2706 καὶ
436 2679 603 2713 θεασάμενος
615 2679 660 2705 τὸν
680 2670 763 2711 οἷκον,
780 2680 904 2714 ἀρεσθεὶς

113 2729 159 2760 είς
175 2727 257 2754 αὐτὸν
273 2726 422 2761 μετοικίζει
433 2726 481 2756 τὰς
494 2725 577 2757 αὐτὰς
596 2725 764 2761 μοναζούσας
779 2727 808 2753 ὲν
823 2726 904 2762 ἑτέρᾳ

115 2775 202 2810 μονῇ,
217 2773 296 2800 αὑτὸν
320 2773 348 2799 δὲ
373 2772 417 2798 τὸν
431 2770 504 2799 οἷκον
521 2772 616 2807 κόσμῳ
631 2772 750 2807 παντοίῳ
765 2772 904 2799 καλλωπι-

113 2828 171 2851 σας
188 2819 290 2852 ξενῶνα
305 2819 465 2853 πεποίηκεν,
481 2818 587 2849 ἐπιδοὺς
603 2819 676 2853 αὐτῷ
690 2819 819 2854 χρήματα
830 2820 905 2854 πάμ-

959 1638 1016 1670 vit;
1041 1643 1126 1672 quare
1148 1635 1275 1662 videntes
1307 1633 1335 1660 in
1361 1636 1502 1666 stuporem
1530 1630 1604 1665 egit,
1632 1636 1664 1656 ac
1695 1627 1747 1655 sibi

959 1682 1135 1717 imperatoris
1157 1681 1280 1708 animum
1300 1678 1467 1711 conciliavit,
1489 1683 1672 1712 magnumque
1700 1683 1749 1702 no-

958 1736 1023 1756 men
1043 1732 1084 1755 «et
1119 1726 1187 1755 artis
1225 1725 1336 1761 ingenio
1367 1723 1451 1759 809
1486 1722 1606 1757 adjecit,
1637 1725 1750 1749 centum

958 1780 1135 1801 nummorum
1163 1771 1294 1800 donativo
1326 1770 1361 1798 ab
1396 1769 1562 1804 imperatore
1597 1767 1751 1796 liberaliter

958 1823 1099 1855 acceptus.

993 1864 1038 1891 28.
1063 1863 1147 1890 Porro
1166 1865 1281 1890 coronat
1298 1859 1468 1895 Theophilus
1484 1857 1644 1890 Michaelem
1663 1857 1749 1884 lilium

959 1909 986 1936 in
1020 1909 1114 1944 Magna
1144 1907 1279 1938 ecclesia,
1317 1909 1431 1933 cunctos
1465 1903 1610 1938 magniﬁce
1643 1902 1750 1929 donans

958 1961 1008 1988 per
1028 1960 1061 1980 ea
1086 1951 1305 1986 inaugurationis
1330 1948 1474 1977 solemnia.
1498 1947 1659 1975 Construxit
1681 1954 1748 1974 vero

957 1999 1041 2026 etiam
1064 1998 1176 2025 domum
1198 1995 1378 2030 hospitalem,
1402 2000 1485 2028 quam
1510 1999 1584 2019 nunc
1603 1991 1748 2025 Theophili

958 2045 1065 2073 dicunt.
1094 2045 1133 2072 Ac
1160 2043 1272 2079 quidem
1301 2041 1375 2069 aedes
1402 2040 1480 2068 fuere
1509 2037 1606 2066 lsidori
1640 2037 1749 2073 patricii

958 2092 1017 2128 ejus
1044 2091 1088 2119 cui
1123 2098 1185 2118 eum
1216 2088 1328 2125 Olybrio
1362 2088 1448 2115 Roma
1483 2085 1589 2120 Cpolim
1626 2083 1749 2111 ascendit

957 2136 1136 2166 Constantino
1159 2136 1258 2170 Magno
1281 2134 1463 2168 imperatore,
1491 2130 1630 2164 cessitque
1655 2133 1749 2163 postea

957 2183 986 2211 in
1014 2182 1179 2210 curatoriam
1214 2178 1406 2215 imperatoris,
1441 2181 1472 2204 ut
1503 2176 1560 2204 illic
1593 2175 1749 2202 habitarent

957 2229 1065 2257 nobiles
1077 2228 1196 2260 feminae;
1215 2234 1275 2262 quae
1290 2229 1364 2253 caste
1381 2224 1476 2252 vivere
1490 2222 1642 2250 nescirent.
1657 2220 1750 2249 Leone

960 2283 1025 2303 vero
1056 2275 1152 2302 Isauro
1179 2274 1346 2308 imperatore
1381 2278 1417 2298 ex
1449 2268 1575 2305 lupanari
1605 2268 1678 2296 facta
1708 2271 1750 2295 est

959 2321 1103 2356 hospitalis
1124 2321 1232 2348 domus.
1260 2318 1369 2347 Secutis
1389 2316 1560 2352 temporibus
1580 2315 1680 2343 domus
1699 2313 1751 2340 fuit

958 2367 1130 2397 Constantini
1148 2367 1240 2395 lrenes
1256 2366 1315 2396 ﬁlii.
1332 2373 1395 2393 cum
1409 2371 1473 2392 cum
1492 2367 1579 2391 mater
1597 2360 1751 2389 luminibus

957 2414 1091 2442 orbasset.
1115 2412 1175 2445 Quo
1195 2411 1340 2443 exstincto,
1358 2410 1416 2444 ejus
1433 2415 1512 2440 uxor,
1534 2405 1686 2434 monastico
1706 2413 1751 2432 as-

958 2463 1067 2494 sumpto
1083 2458 1190 2490 habitu,
1214 2455 1411 2484 monasterium
1428 2453 1594 2484 construxit,
1613 2459 1645 2479 ac
1660 2451 1751 2478 Paeni-

960 2504 1052 2532 tentia:
1081 2510 1181 2530 nomen
1212 2501 1322 2529 indidit.
1353 2500 1416 2527 Haec
1447 2506 1531 2534 porro
1557 2497 1656 2525 domus
1686 2504 1748 2523 cum

959 2547 1077 2575 maxima
1100 2551 1174 2574 esset
1193 2554 1226 2574 ac
1248 2545 1393 2578 mirabilis,
1414 2543 1555 2571 confracta
1581 2541 1609 2569 in
1627 2541 1750 2568 triclinio

960 2594 1038 2622 trabe
1063 2593 1171 2620 ruinam
1199 2591 1365 2619 minabatur.
1399 2589 1528 2616 Moniales
1557 2588 1750 2623 imperatorem

960 2640 993 2667 ad
1018 2639 1185 2666 Blachernas
1202 2642 1314 2664 euntem
1334 2636 1394 2671 ejus
1421 2635 1459 2662 rei
1484 2634 1595 2661 nomine
1617 2634 1750 2668 interpel-

960 2685 1029 2712 lant.
1057 2685 1240 2718 Prospeetans
1269 2682 1332 2714 ille,
1358 2683 1504 2715 conspecta
1531 2679 1630 2710 domo,
1662 2685 1750 2712 eaque

958 2730 1121 2761 delectatus,
1150 2727 1260 2756 easdem
1290 2726 1423 2753 moniales
1452 2724 1484 2751 ad
1517 2723 1591 2751 aliud
1620 2722 1750 2750 transfert

959 2775 1172 2806 monasterium,
1191 2774 1303 2801 domum
1327 2779 1393 2800 vero
1410 2770 1500 2799 omnis
1520 2769 1628 2804 generis
1650 2772 1748 2795 ornatu

959 2821 1103 2856 magniﬁce
1137 2820 1273 2848 excultam
1311 2818 1422 2846 domum
1463 2814 1626 2850 hospitalem
1663 2813 1747 2847 iecit,

755 2865 796 2892 VA
803 2866 871 2895 llUE
886 2867 1088 2896 LECTIONES.

158 2912 333 2940 ¹³ὲκδοο5ντα
348 2912 521 2949 κουρατώρια
536 2920 562 2948 p.
581 2912 643 2939 (MS.
