2009 3164
111 220 168 258 905

663 226 762 257 YiT/B
783 224 1061 257 RECENTIORUM
1084 225 1185 256 ιΜΡΡ.

1689 228 1746 261 906

149 280 191 308 ιδ’.
216 280 296 308 Ἀλλὰ
305 265 352 308 καὶ
365 281 414 317 τὴν
429 281 529 317 στήλην
544 281 716 317 Σολομῶντος
731 283 760 308 ἐν
774 283 808 318 τῇ
825 281 899 317 βασι-

993 281 1036 308 li.
1062 280 1115 308 Sed
1141 286 1169 308 et
1191 279 1346 308 Salomonis
1375 279 1404 307 in
1430 280 1542 309 basilica
1568 282 1747 311 exsistentem

109 327 173 363 λίκῇ
202 326 285 354 οὖσαν
313 327 445 362 μεγίστην
462 327 596 360 κατεάξας
615 327 782 363 προσέταξεν
799 328 828 354 ἐν
844 326 898 354 ὀνό-

951 330 1072 353 statuam
1088 326 1234 353 maximam
1249 325 1428 362 confringens
1442 334 1493 354 suo
1508 327 1619 354 nomine
1632 327 1747 363 eﬂigiarl

112 381 178 408 ματι
205 372 290 399 αὑτοῦ
311 371 500 407 ἐκτυπωϐῆναι
533 372 580 399 καὶ
602 373 713 409 τεθῆναι
730 373 852 400 κάτωθεν
869 373 899 399 ἐν

954 371 1030 405 iussit
1050 379 1083 399 ac
1106 371 1133 399 in
1161 371 1243 399 Novae
1261 371 1384 407 ejusdem
1411 372 1534 400 ecclesiae
1559 373 1747 403 fundamentis

110 420 167 451 τοῖς
183 419 368 455 θεμελίοιςτῆς
387 419 471 455 αὐτῆς
486 419 559 451 Νέας
573 419 733 456 ἐκκλησίας,
750 420 789 452 ὡς
803 419 899 447 θυσίαν

111 464 209 493 ἑαυτὸν
220 464 259 500 τῷ
278 464 392 500 τοιούτῳ
406 465 533 501 κτίσματι
547 465 586 500 τῷ
597 464 656 500 Θεῷ
670 465 828 501 προσάγων.

149 513 190 537 ιε’.
209 510 428 546 Ἐπεστράτευσε
447 510 475 537 δὲ
496 510 577 537 πάλιν
591 511 606 537 6
621 509 748 545 βασιλεὺς
761 510 832 537 κατὰ.
842 510 900 537 Mc-

111 556 234 590 λιτηνῆς,
253 555 300 582 καὶ
315 555 504 591 αἰχμαλωσίαν
517 556 700 592 ποιησάμενος
717 557 764 583 καὶ
785 555 901 589 πολλοὺς

112 601 248 637 πολέμους
260 601 437 638 κατορθώσας
457 602 639 639 ὑπέστρεψεν.

148 648 198 680 ις’.
215 649 334 685 Τελευτᾷ
349 650 377 677 δὲ
395 649 526 684 Ἰγνάτιος
540 651 554 677 6
577 650 762 687 πατριάρχης,
781 652 829 678 καὶ
843 650 902 678 ἀντ’

113 694 196 722 αὑτοῦ
213 695 295 722 πάλιν
317 695 477 728 ἀναϐιϐάζει
491 696 593 723 Φώτιον
609 697 784 734 πατριάρχην
796 697 827 725 τὸ
842 697 902 725 δεύ-

112 749 192 777 τερον
218 740 300 768 αὐτοῦ
313 742 327 768 6
347 741 483 776 βασιλεύς.
502 742 580 769 Μετὰ
604 742 633 769 δὲ
661 741 747 770 ταῦτα
763 744 792 770 ἐν
809 743 903 779 ἐξορίᾳ

112 787 325 822 τελευτήσαντος
337 787 440 814 Φωτίου
456 789 627 824 πατριάρχου
643 789 763 825 άπετέοη
779 789 809 816 τὺ
823 789 902 824 σῶμα

113 833 198 860 αὑτοῦ
223 834 252 860 ἐν
282 835 350 869 μονῇ
378 835 412 869 τῇ
441 834 575 871 λεγομένῃ
595 835 644 863 τοῦ
666 836 798 872 Ἰερεμίου
814 836 844 864 ἐν
864 835 904 872 τῷ

112 879 328 916 Μαρδοσαγάρῃ,
343 879 426 916 οὔσης
441 880 573 917 πρότερον
583 881 728 917 καθολικῆς
743 882 902 918 ἐκκλησίας,

112 925 195 957 αὐτὸς
205 925 234 951 δὲ
247 925 349 957 Φώτιος
362 926 491 961 ἐποίησεν
506 926 590 962 αὐτὴν
608 928 691 963 μονὴν
702 929 872 963 γυναικείαν.

950 416 1026 452 poni,
1043 424 1075 444 ae
1094 417 1117 444 si
1135 416 1290 445 istiusmodi
1309 416 1412 445 fabrica
1438 417 1556 446 hostiam
1580 427 1610 446 se
1631 419 1748 447 oﬂerret

951 460 1017 488 Deo.

987 507 1032 535 l5.
1065 507 1198 543 Suscepta
1226 515 1293 536 vero
1317 516 1415 537 rursus
1438 509 1588 544 imperator
1612 509 1748 538 adversus

952 553 1104 582 lelitinem
1133 554 1320 590 expeditione,
1344 555 1439 583 multis
1461 556 1513 583 sub
1529 556 1625 591 iugum
1655 557 1748 585 missis

951 600 1101 636 multisque
1113 600 1187 629 felici
1198 605 1286 629 marte
1299 602 1417 637 peractis
1435 602 1540 637 prceliis
1551 610 1679 631 reversus
1692 608 1745 632 est.

955 650 958 653 ’
988 645 1033 674 16.
1055 646 1170 674 Moritur
1191 655 1258 675 vero
1285 647 1407 682 Ignatius
1428 647 1603 683 patriarcha;
1631 650 1747 685 ejusque

954 692 1015 720 loco
1026 701 1125 720 rursus
1139 693 1268 721 Photium
1279 692 1462 727 patriarcham
1478 693 1607 728 provehit
1618 693 1746 722 Basilius.

954 736 1052 764 Postea
1068 742 1160 765 autem
1178 743 1290 765 mortuo
1305 737 1333 765 in
1348 738 1446 766 exsilio
1468 738 1624 773 patriarcha
1635 739 1745 772 Photio.

953 782 1015 817 ejus
1038 782 1196 818 depositum
1229 783 1312 810 funus
1340 787 1383 811 est
1411 783 1440 811 in
1473 785 1643 812 monasterio
1672 785 1747 820 quod

954 829 1081 857 Jeremiae
1097 834 1198 857 vocant
1212 829 1239 856 in
1254 829 1458 865 Mardosagari;
1481 831 1554 865 quod
1576 836 1656 860 antea
1682 831 1747 859 uni-

955 873 1069 901 versalis
1084 874 1204 902 ecclesia
1224 879 1285 901 erat
1306 882 1338 902 ac
1353 875 1470 909 partecia
1481 876 1590 910 utrique
1605 875 1683 904 sexui
1696 876 1747 904 de-

956 918 1023 950 dita,
1033 919 1149 946 Photius
1161 927 1227 947 vero
1238 919 1403 947 feminarum
1414 920 1611 948 monasterium
1632 921 1747 951 fecerat.

150 971 193 1004 ιζ.
205 971 290 999 Πάλιν
304 972 332 998 δὲ
344 973 520 1007 ἐκστρατευει
533 974 547 1000 6
562 962 688 1008 βασιλεὺς
709 974 750 1006 είς
764 975 899 1011 Γερμανι-

992 965 1034 992 i7.
1063 965 1169 993 Rursus
1183 972 1249 993 vero
1271 973 1334 993 cum
1353 966 1477 993 exercitu
1500 967 1641 1002 profectus
1660 967 1748 1003 impe-

111 1019 189 1051 κίιν,
201 1019 247 1045 καὶ
261 1019 364 1054 ταύτην
373 1020 548 1055 ἐκπορθήσας
567 1021 615 1047 καὶ
624 1021 834 1060 ,αἰχμαλωτίσας
848 1022 901 1049 ὑπ-

112 1064 241 1100 έστρεψε.

149 1114 196 1146 ιη’.
210 1110 331 1147 Τελευτᾷ
347 1111 375 1139 δὲ
388 1112 595 1145 Κωνσταντῖνος
616 1115 630 1140 6
645 1113 702 1146 υἱὸς
728 1114 839 1150 Μιχαὴλ
853 1114 901 1150 βα-

113 1156 210 1189 σιλέως
227 1157 257 1190 ἐξ
269 1157 409 1190 Εὑδοκίας,
421 1158 459 1190 ὡς
473 1158 501 1185 δὲ
516 1159 605 1194 λόγος,
619 1160 678 1192 υίὸς
693 1160 835 1188 Βασιλείου
848 1170 854 1176 ·
872 1162 902 1188 ὅν

112 1202 199 1230 πολλὰ
225 1203 360 1239 ἐθρήνησε
378 1204 528 1238 Βασίλειος,
554 1205 640 1233 πολλὰ
663 1207 784 1242 στέργων
807 1207 899 1235 αὺτὰν.

111 1249 168 1277 Kal
180 1250 299 1286 ἐπετέθη
314 1250 345 1277 τὸ
358 1251 437 1287 σῶμα
448 1252 530 1279 αὑτοῦ
538 1253 566 1280 ἐν
580 1253 636 1285 τοῖς
653 1253 748 1289 τάφοις
763 1254 816 1281 τῶν
829 1254 903 1290 βασι-

111 1296 191 1324 λέων.

147 1341 189 1369 ιθ’.
214 1343 295 1378 Μαῖῳ
310 1342 334 1370 α’
349 1343 535 1378 ἐγκαινὶξεται
546 1345 594 1372 καὶ
609 1345 794 1381 ὲνθρονίζεται
811 1346 827 1382 ή
842 1346 901 1374 Νέα

111 1388 256 1424 ἐκκλησία,
282 1390 316 1425 ἢν
339 1389 446 1416 ἔκτισεν
465 1391 480 1417 6
503 1389 631 1426 βασιλεὺς
659 1392 707 1418 καὶ
731 1391 902 1420 ἐκαλλώπισε

111 1435 208 1471 κόσμῳ
223 1435 323 1472 πολλῷ,
351 1436 428 1472 παρὰ
449 1437 552 1464 Φωτίου
579 1438 762 1474 πατριάρχου,
789 1439 839 1466 τοῦ
854 1440 902 1476 βα-

112 1480 208 1513 σιλέως
219 1476 308 1517 λῶρὸν
327 1482 493 1518 φορέσαντος
507 1483 556 1510 καὶ
567 1484 700 1520 χρήματα
716 1484 802 1513 πολλὰ
810 1486 903 1519 δόντος

111 1527 159 1554 καὶ
174 1527 247 1554 Νέαν
262 1528 346 1564 αὗτὴν
361 1529 593 1564 ἐπονομάσαντος.

147 1571 182 1600 κ’.
201 1573 356 1609 ’Δπεστάλη
370 1574 399 1601 δὲ
415 1575 493 1611 παρὰ
521 1576 568 1603 τοῦ
595 1577 729 1613 βασιλέως
749 1579 902 1615 Προκόπιος

111 1617 359 1655 πρωτοϐεστιάριος
370 1621 440 1656 μετὰ
450 1622 560 1650 πάντων
575 1623 629 1650 τῶν
641 1624 756 1652 δυτικῶν
765 1625 901 1662 θεμάτων,
917 1631 939 1662 c

109 1662 189 1696 δντος
219 1665 373 1700 Εὐπραξίου
404 1668 593 1703 στρατηλάτου
624 1670 664 1702 εἰς
689 1671 827 1706 Σικελίαν,
854 1673 903 1700 καὶ

110 1712 150 1743 είς
167 1711 343 1748 Κεφαληνίαν
369 1714 416 1741 τοῦ
446 1715 634 1753 Μουσουλίκη,
650 1718 691 1750 είς
703 1718 732 1745 δὲ
744 1719 775 1746 τὸ
794 1719 903 1756 Δυρῥά-

109 1763 169 1790 χιον
195 1757 241 1783 τοῦ
260 1758 423 1795 Ῥαὸδούχου
445 1760 493 1787 καὶ
519 1761 549 1787 ἐν
575 1763 609 1798 τῇ
636 1763 837 1801 Πελοποννήσῳ
852 1765 901 1793 τοῦ

116 1802 240 1831 ὐνιάτου
265 1804 313 1831 καὶ
332 1805 378 1832 τοῦ
395 1805 589 1835 Ἀποστύππου
605 1817 613 1825 ’
648 1809 722 1842 ὅστις
748 1811 901 1847 Προκὸπιος

110 1849 211 1881 πολλὰς
231 1851 346 1886 πράξεις
357 1853 403 1879 καὶ
418 1853 605 1889 ἀνδραγαθίας
616 1856 806 1893 ἐργασάμενος
819 1859 902 1894 ἐσχά-

109 1903 164 1926 τως
185 1895 304 1931 πολέμου
330 1897 371 1933 [Ρ.
388 1898 451 1936 547]
474 1902 618 1934 γεγονότος
648 1902 696 1931 καὶ
722 1904 901 1940 προδοθέντας

106 1941 164 1968 ,ὑπὸ
174 1941 221 1968 τοῦ
241 1943 435 1979 ’Δποστύππης
443 1946 466 1962 ⁹⁹
479 1946 598 1982 ἐσφάγη.

145 1986 198 2015 κα’.
216 1989 295 2016 Λέων
320 1989 349 2018 δέ
362 1991 540 2028 όΣαλιδαρᾶς
568 1994 705 2030 συνοψίζιι
733 1996 828 2032 Φωτίῳ
847 2006 901 2024 πα-

108 2033 228 2069 τριάρχῃ
243 2034 381 2071 Θεόδωρον
412 2038 540 2074 μοναχὸν,
565 2040 785 2076 άρχιιπίσκοπον
801 2043 900 2079 Εὑχαῖ-

106 2079 174 2112 τῶν,
185 2079 222 2112 ὡς
239 2081 342 2117 εὐλαϐῆ
366 2083 413 2110 καὶ
430 2083 561 2112 ποιοῦντα
573 2086 706 2122 τεράστια
720 2088 768 2114 καὶ
780 2097 899 2126 προοραο

106 2125 195 2156 τικρν.
227 2126 329 2160 Φώτιος
342 2127 371 2155 δὲ
385 2127 481 2156 τοῦτον
498 2130 536 2166 τῷ
553 2130 660 2166 βασιλεῖ
686 2134 825 2169 μισιτεὺει
851 2125 898 2163 καὶ

108 2171 257 2206 συνοψίζει.
282 2173 329 2205 Εἰς
358 2173 557 2211 ὅνὸβασιλεὺς
570 2178 710 2213 ,ἀρεσθεὶς
739 2180 820 2217 (πρὸς
844 2182 898 2219 γὰρ

106 2218 157 2249 τὰς
184 2218 333 2254 ἐπιθυμίας
354 2221 437 2249 αὑτοῦ
459 2223 586 2260 διέκειτο)
613 2223 685 2261 εῖχεν
712 2226 759 2256 οὖν
771 2228 853 2256 αὐτὸν
868 2230 896 2257 ἐν

105 2264 176 2312 τιμῇ
202 2265 296 2301 πολλῇ.
316 2267 364 2299 ’ος
379 2267 538 2305 ἀθυμοῦντα
560 2271 608 2298 τὸν
632 2272 747 2307 βασιλέα
769 2276 894 2312 περὶτοῦ

105 2309 319 2346 τελευτήσαντος
347 2313 406 2341 υἱοῦ
432 2315 515 2343 αὑτοῦ
544 2317 749 2349 Κωνσταντινου
762 2341 771 2354 ,
801 2323 846 2351 διὰ
864 2324 896 2351 τὸ

106 2356 221 2392 φίλτρον
245 2358 313 2394 ὅπερ
344 2361 383 2392 τις
408 2361 491 2389 αὐτὸν
519 2361 603 2398 εἶχεν,
620 2366 796 2400 ἐπλάνα,καὶ
807 2370 889 2407 ἐπηγσ

106 2402 219 2453 γέλλετο
238 2404 322 2437 δείξαι
349 2405 439 2439 ζῶντα
453 2409 492 2444 τῷ
511 2409 633 2445 βασιλεῖ·
648 2413 662 2439 ὃ
678 2415 725 2441 καὶ
743 2402 875 2453 ἐποίησιν
887 2426 894 2434 ·

112 2448 228 2500 Ἕνγὰρ
239 2449 326 2500 λόχμη
337 2453 392 2480 τινὶ
404 2454 571 2493 διερχομένῳ
579 2458 618 2493 τῷ
627 2459 733 2494 βασιλεῖ
747 2448 895 2500 φάντασμα

107 2495 276 2545 ρυνήντησιν
301 2498 439 2534 ἔφιππον,
469 2504 674 2538 χρυσοΰφαντον
704 2495 892 2545 ἐνδεδυμένον,

105 2540 218 2592 {verast
239 2543 286 2570 τοῦ
311 2546 529 2577 Κωνσταντινου.
547 2552 580 2578 '0
595 2553 642 2581 καὶ
657 2540 809 2592 ὀφθαλμοῖς
822 2540 893 2588 εἶδεν

105 2586 152 2638 ita-1
170 2588 351 2623 περιπλακεὶς
379 2594 555 2630 κατεφίλησε.
578 2597 634 2624 Καὶ
657 2586 893 2638 γέγονάτος-ιὶφαιἐ

104 2632 178 2665 νοῦς,
205 2635 287 2663 αὑτὸν
319 2638 384 2665 [δεῖν
407 2640 592 2677 ὑπελάμϐανε,
620 2632 668 2672 καί
696 2632 734 2679 ib;
745 2649 776 2675 οὺ
789 2632 894 2678 πεπλά-

103 2686 195 2730 νηται.
226 2681 271 2730 Aab
298 2683 345 2730 καὶ
371 2685 456 2722 μονὴν
482 2688 572 2716 ἐκεῖσε
590 2691 691 2724 κτίσας
713 2694 893 2730 ἐπωνόμασεν

103 2724 190 2762 αὐτὴν
204 2727 251 2754 τοῦ
262 2729 340 2763 ἁγίου
356 2732 573 2764 Κωνσταντίνου.

102 2770 210 2824 affusus
231 2775 325 2804 oscula
341 2777 437 2813 dedit;
453 2783 527 2816 quod
552 2783 600 2811 ubi
622 2792 783 2821 evanuerat,
798 2788 887 2824 ipsum
907 2793 948 2820 sic

101 2819 147 2847 nis
163 2820 220 2849 ullo
236 2827 295 2850 astu
312 2824 476 2861 Obrepsisse.
492 2829 676 2863 Quamobrem
698 2835 781 2864 etiam
804 2844 964 2869 constructo

954 1016 1029 1039 rator
1050 1011 1078 1039 in
1105 1011 1318 1045 Germaniciam,
1351 1013 1397 1041 illa
1422 1016 1501 1048 capta
1524 1019 1554 1042 et
1576 1014 1628 1042 sub
1650 1015 1746 1051 jugum

953 1057 1037 1085 missa
1052 1065 1181 1086 reversus
1192 1063 1244 1086 est.

989 1101 1032 1129 18.
1059 1101 1174 1129 Moritur
1193 1101 1392 1131 Constantinus
1416 1102 1558 1133 Michaelis
1572 1105 1748 1140 imperatoria

953 1154 987 1174 ex
1001 1147 1123 1174 Eudocia
1134 1147 1218 1181 illius,
1236 1147 1380 1176 hominum
1399 1154 1491 1177 autem
1502 1159 1535 1179 ac
1548 1152 1623 1188 vulgi
1635 1161 1746 1181 rumore

954 1192 1026 1220 ﬁlius
1043 1192 1146 1220 Basilii.
1173 1194 1254 1221 Hunc
1269 1194 1389 1224 Basilius
1405 1196 1557 1232 plurimum
1580 1198 1662 1231 luxit.
1684 1207 1747 1227 cum

953 1237 1071 1265 multum
1099 1246 1163 1266 eum
1191 1239 1330 1274 diligeret.
1351 1236 1570 1278 Depositumque
1593 1248 1636 1271 est
1656 1244 1748 1280 ipsis-

954 1282 1036 1312 funus
1058 1285 1086 1312 in
1110 1285 1247 1320 sepulcris
1263 1293 1369 1322 regum.

989 1329 1072 1366 85.5
1099 1330 1142 1358 l9.
1167 1330 1297 1359 Calendis
1323 1332 1385 1360 Maii
1414 1332 1560 1362 dedicatur
1589 1335 1747 1371 divinisque

953 1376 1064 1411 publice
1078 1376 1416 1414 laudibusifrequentanda
1432 1374 1559 1416 aperitur
1572 1380 1647 1410 Nova
1658 1383 1747 1411 eccle-

953 1421 1004 1454 sia,
1026 1430 1106 1458 quam
1133 1423 1260 1452 condidit
1284 1424 1450 1460 imperator,
1473 1427 1616 1463 multaque
1635 1429 1745 1464 egregia

953 1467 1119 1503 supellectili
1141 1469 1259 1502 ornavit,
1284 1478 1300 1498 a
1319 1470 1420 1499 Photio
1436 1472 1604 1508 patriarcha,
1621 1479 1746 1509 gestante

954 1514 1044 1542 lorum
1062 1514 1230 1551 imperatore
1244 1516 1402 1554 multasque
1425 1519 1578 1554 elargiente
1601 1522 1745 1556 pecunias.

954 1568 987 1588 ac
1001 1561 1083 1588 Novae
1095 1562 1208 1590 nomine
1222 1561 1261 1590 illi
1274 1563 1373 1592 indito.

989 1606 1034 1634 20.
1050 1607 1149 1636 Missus
1164 1613 1257 1636 autem
1278 1613 1321 1638 est
1344 1609 1380 1638 ab
1398 1610 1565 1647 imperatore
1582 1614 1744 1650 Procopius.

954 1654 1184 1689 protovestiarius
1203 1663 1267 1683 cum
1283 1657 1416 1685 omnibus
1431 1658 1520 1694 copiis
1536 1667 1569 1688 ac
1588 1660 1746 1696 legionibus

953 1699 1184 1733 occidentalibus,
1200 1701 1331 1737 magistro
1351 1703 1458 1731 militiae
1468 1704 1590 1740 bellique
1608 1706 1679 1734 duce
1691 1707 1746 1734 Eu-

952 1746 1050 1780 praxio
1065 1745 1094 1773 in
1109 1746 1215 1781 Sicilia,
1227 1751 1255 1775 et
1267 1748 1295 1776 in
1308 1748 1476 1785 Cephalenia
1488 1750 1632 1786 Musulice,
1646 1753 1746 1790 Dyrra-

953 1791 1008 1819 chii
1021 1799 1088 1820 vero
1100 1793 1283 1827 Rhabducho,
1296 1794 1325 1823 in
1337 1795 1528 1831 Peloponneso
1537 1803 1631 1826 autem
1645 1799 1745 1829 Ortiato

952 1841 981 1864 et
992 1836 1169 1874 Apostyppo;
1188 1840 1340 1876 multisque
1355 1842 1491 1876 prmelare
1504 1851 1535 1870 ac
1550 1844 1649 1873 bellica
1664 1846 1745 1873 forti—

949 1880 1048 1910 tudine
1064 1883 1159 1919 gestis,
1176 1893 1259 1920 quem
1273 1886 1410 1919 dicebam,
1427 1888 1588 1924 Procopius,
1606 1890 1641 1918 ad
1654 1897 1745 1920 extre-

951 1934 1027 1954 mum
1043 1933 1170 1957 conserta
1197 1937 1287 1966 pugna
1304 1931 1462 1968 Apostyppe
1486 1934 1629 1969 proditore
1654 1943 1743 1965 caesus

951 1977 1003 2001 εει.

984 2018 1030 2046 21.
1046 2018 1133 2046 Porro
1150 2018 1206 2048 Leo
1219 2020 1358 2050 Salibaras
1378 2022 1556 2052 Theodorum
1573 2027 1740 2056 monachum

950 2064 1148 2092 Euchaitorum
1177 2066 1417 2103 archiepiscopum
1447 2070 1548 2099 Photio
1577 2072 1740 2108 patriarcha

949 2118 1042 2139 coram
1057 2111 1085 2139 in
1106 2117 1284 2148 conspectum
1305 2114 1429 2150 adducit,
1454 2118 1685 2155 commendatque
1711 2125 1740 2148 ut

950 2155 1038 2183 virum
1052 2156 1212 2192 religiosum
1225 2162 1255 2185 et
1271 2158 1419 2187 facientem
1435 2162 1559 2199 prodigia
1586 2171 1618 2192 ac
1633 2172 1741 2200 praeno—
1763 2159 1772 2169 ’

949 2201 1044 2230 scendi
1059 2202 1153 2231 futura
1172 2203 1338 2234 charismate
1362 2207 1518 2242 pmditum.
1537 2209 1652 2239 Photius
1673 2219 1740 2240 vero

949 2246 990 2275 illi
1003 2247 1037 2275 ad
1056 2247 1252 2284 imperatorem
1269 2249 1406 2279 admissor
1419 2252 1548 2288 etiicitur,
1565 2259 1594 2283 et
1615 2258 1646 2283 ut
1669 2264 1739 2292 prae-

911 2301 934 2329 υ
948 2301 996 2322 sen
1001 2293 1037 2321 tia
1048 2293 1253 2331 fruatur.Cujus
1263 2295 1414 2332 imperator
1424 2305 1567 2328 recreatus
1577 2309 1737 2337 congressu.

949 2339 1052 2375 quippe
1067 2348 1102 2367 ex
1128 2341 1208 2376 cujus
1224 2342 1407 2377 cupiditatum
1425 2344 1534 2373 ratione
1561 2353 1738 2384 comparatus

946 2389 1030 2418 esset,
1045 2385 1074 2413 in
1090 2386 1177 2414 multo
1188 2394 1252 2414 eum
1276 2387 1382 2417 honore
1398 2389 1526 2419 habebat.
1542 2391 1640 2421 Moesta
1654 2393 1738 2429 igitur

948 2431 1041 2459 animo
1062 2440 1126 2460 cum
1142 2429 1217 2460 esset
1233 2433 1385 2469 imperator
1410 2436 1459 2464 lilii
1488 2438 1531 2465 sui
1559 2438 1735 2468 Constantini

948 2484 1059 2511 occasu,
1079 2486 1137 2514 prae
1152 2478 1238 2506 nimia
1254 2478 1300 2507 illa
1317 2481 1420 2508 amoris
1435 2483 1461 2509 vi
1478 2483 1533 2518 qua
1553 2491 1616 2512 eum
1643 2492 1738 2521 prose-

947 2524 1095 2559 quehatur,
1120 2532 1216 2552 errore
1239 2525 1377 2554 seducens
1392 2528 1486 2556 vivum
1510 2530 1658 2564 pollicetur
1672 2539 1736 2560 eum

947 2575 976 2596 se
991 2568 1030 2596 illi
1044 2573 1236 2603 ostensurum;
1250 2570 1325 2607 quod
1339 2575 1367 2599 et
1382 2571 1456 2600 fecit.
1479 2573 1644 2603 Transeunti
1660 2576 1736 2604 enim

947 2613 976 2642 in
989 2614 1108 2650 quodam
1132 2615 1202 2644 saltu
1228 2616 1388 2652 imperatori
1415 2620 1577 2656 phantasma
1597 2623 1735 2659 quoddam

947 2666 980 2686 ac
1001 2664 1152 2695 spcctrum,
1174 2669 1248 2697 equo
1272 2662 1405 2698 insidens,
1429 2671 1556 2696 contexta
1577 2677 1645 2697 auro
1659 2670 1735 2698 chla-

948 2701 1039 2737 myde,
1056 2703 1084 2730 in
1104 2703 1279 2733 Constantini
1293 2707 1385 2741 specie
1398 2709 1482 2746 846
1497 2711 1643 2749 ipsumque
1661 2715 1736 2742 refe-

949 2756 1015 2776 rens
1033 2755 1228 2784 praesentatur,
1243 2753 1363 2789 ipsisque
1379 2758 1522 2792 conspexit
1543 2760 1642 2793 oculis,
1659 2768 1690 2788 ac
1710 2764 1738 2793 cl

966 2794 1068 2823 vidisse
1081 2797 1278 2827 arbitrabatur.
1297 2808 1346 2828 nec
1363 2802 1416 2830 sibi
1451 2803 1598 2839 quicquam
1630 2806 1735 2834 (immo-

998 2842 1035 2869 ibi
1052 2846 1220 2873 monasterio
1246 2847 1274 2875 S.
1298 2847 1468 2878 Constantini
1491 2851 1600 2880 titulum
1624 2853 1734 2883 indidit.

737 2927 852 2956 VARle
874 2929 1081 2960 ιεοτιοικεδ.

136 2960 160 2977 θ’
185 2961 363 3000 Ἀποστύππη
375 2966 386 2991 τ

223 3009 359 3044 Ρηιιοι..
375 3015 432 3045 Οτι.
449 3015 514 3047 CIX
