2009 3164
263 184 319 217 935

897 182 1059 215 GEORGII
1080 185 1251 218 MONACHI

1814 197 1855 231 936

259 249 324 270 nem
337 240 476 268 territans.
494 240 555 273 Quo
576 247 609 268 ex
626 245 749 276 tempore
764 240 881 277 Symeon
903 241 938 269 ad
955 241 1051 269 bellum

1110 243 1297 279 καταπλήξας.
1326 243 1460 280 Λυθείσης
1485 242 1531 272 οὖν
1545 245 1634 273 latet:
1648 248 1693 283 τῆς
1708 248 1804 286 είρήνης
1815 253 1854 279 Συ.

260 284 394 316 adversus
407 287 579 315 Christianos
593 294 653 314 sese
664 287 796 315 accinxit.

295 389 322 416 '7.
338 388 423 416 Porro
437 387 591 414 Alexander
605 394 732 422 pransus,
743 387 792 414 Dei
806 386 844 414 ira
857 386 982 414 immisso
994 387 1051 422 gla-

260 434 307 462 dio
324 433 495 465 vulneratus,
512 433 597 460 multa
614 433 639 460 ei
662 433 805 468 sanguinis
818 433 844 460 vi
864 441 879 460 e
893 434 1007 461 naribus
1020 428 1052 461 ac

261 477 397 514 pudendis
417 483 588 513 erumpente,
604 483 667 513 post
683 479 797 506 biduum
817 479 928 512 occidit,
947 480 1051 508 relictis

261 523 402 551 tutoribus
414 523 525 550 Nieolao
537 524 702 559 patriarcha,
718 525 860 560 Stephano
878 526 1009 562 magistro
1024 533 1051 555 et

258 569 364 598 Joanne
378 569 462 606 8¹1ἧΙ
473 570 569 603 Elada,
583 578 692 599 necnon
705 572 811 600 Joanne
833 577 982 601 rectore'et
995 573 1051 602 Eu-

261 615 365 651 thymio
374 619 403 643 et
415 615 542 643 Basilitze
550 620 578 644 et
586 616 792 652 Gabrielopulo,
806 617 920 646 dimisso
935 619 1051 654 imperio

259 660 441 691 Censtantino
455 663 559 698 nepoti,
572 662 673 690 Leonis
685 663 860 698 imperatoris
872 665 940 693 ﬁlio’.
953 665 1051 701 Sepul-

261 712 306 736 tus
319 713 360 737 est
375 708 530 736 Alexander
543 709 570 736 in
583 710 717 745 sepulcris
731 718 793 738 cum
809 717 887 746 patre
898 719 959 739 suo.

314 876 482 905 lMPERlUll
507 875 737 906 CONSTANTINI
763 876 887 906 LEONlS
905 878 995 906 FlLll.

296 945 322 972 Ι.
339 944 425 972 Ροιτο
434 943 641 976 Constantinus,
650 943 742 970 Leone
750 948 829 979 patre
837 943 973 971 exstincto
987 951 1050 970 cum

259 998 330 1026 puer
344 990 435 1017 adhuc
449 994 523 1017 esset
543 990 655 1025 (quippe
671 990 717 1025 qui
738 990 886 1024 septimum
901 990 990 1017 aetatis
1003 997 1052 1017 an-

260 1045 326 1065 num
341 1037 457 1072 ageret),
472 1037 508 1064 ab
521 1036 676 1064 Alexandro
695 1042 794 1072 patruo
813 1036 841 1064 in
858 1036 975 1071 imperio
989 1035 1053 1063 reli-

259 1086 322 1110 ctus
334 1082 386 1110 sub
406 1082 545 1109 tutoribus
558 1086 631 1109 erat.
648 1081 794 1116 Imperavit
809 1081 901 1116 itaque
915 1081 966 1109 sub
980 1085 1053 1108 tuto-

259 1128 339 1157 ribus
349 1136 411 1156 cum
430 1132 516 1156 matre
534 1131 639 1163 septem
657 1127 726 1155 alios
734 1135 834 1160 annos,
848 1134 911 1155 eum
928 1127 1053 1155 Romano

261 1182 328 1202 vero
356 1175 417 1210 ejus
441 1182 549 1206 socero,
574 1174 614 1202 illi
637 1174 790 1209 subjectus,
808 1174 877 1202 alios
895 1173 992 1209 viginti
1006 1181 1052 1201 sex

259 1228 347 1248 annos
361 1228 369 1254 ;
397 1221 472 1248 solus
488 1220 607 1255 denique
624 1220 771 1255 imperium
790 1220 862 1247 rexit
875 1227 963 1248 annos
974 1219 1054 1255 quin-

251 1265 361 1294 'decim.
376 1266 466 1301 Atque
482 1266 551 1294 adeo
564 1266 673 1301 imperii
686 1266 746 1301 ejus
756 1273 837 1293 omne
845 1270 954 1300 tempus
967 1272 1055 1293 anno-

259 1321 322 1342 rum
333 1313 455 1349 quinque
466 1321 549 1348 supra
557 1313 756 1348 quinquaginta
767 1313 857 1348 spatio
865 1313 1052 1341 concluditur.

260 1358 376 1394 Arrepta
392 1359 485 1394 itaque
504 1358 634 1387 Nicolaus
646 1358 803 1394 patriarcha
821 1358 891 1386 aulae
906 1362 1052 1394 potestate,

260 1409 294 1433 ut
303 1405 350 1440 qui
368 1405 426 1440 ipse
438 1408 513 1433 tutor
528 1412 590 1432 cum
606 1405 738 1440 magistro
750 1404 892 1440 Stephano
908 1409 937 1432 et
948 1404 1053 1433 Joanne

260 1450 356 1483 Elatia,
383 1451 444 1486 ipso
474 1450 578 1485 pariter
605 1451 747 1486 magistro,
777 1455 847 1484 erat,
872 1450 992 1486 publica
1012 1451 1054 1479 rel

259 1505 355 1526 curam
372 1497 502 1530 habebat,
522 1497 662 1533 rebusque
678 1497 713 1525 ad
737 1497 884 1533 imperium
904 1497 1054 1533 spectanti-

259 1543 314 1572 bus
328 1543 425 1572 sedulo
441 1543 566 1579 quotidie
584 1551 697 1579 operam
711 1543 842 1571 navabat.

295 1601 323 1628 2.
337 1601 384 1629 Sic
399 1600 484 1636 igitur
499 1599 607 1636 imperii
623 1599 707 1628 rebus
721 1600 889 1634 constitutis,
905 1608 1051 1636 procerum

260 1646 422 1682 quidam'ab
444 1646 513 1673 urbe
532 1646 606 1681 regia
624 1645 805 1674 Constantino
823 1646 891 1675 Duci
911 1647 1051 1682 legionum

261 1692 423 1725 domestico,
436 1697 467 1720 ut
484 1692 531 1727 qui
545 1700 607 1720 eum
627 1700 677 1720 ceu
695 1692 786 1719 virum
801 1692 898 1720 fortem
912 1698 941 1721 et
959 1697 1051 1723 catum

260 1738 403 1775 probeque
425 1738 546 1773 gerendo
561 1738 679 1774 imperio
692 1747 786 1774 parem
799 1747 971 1775 gnarumque
985 1739 1050 1768 dili-

261 1789 368 1821 gerent,
377 1785 459 1821 875
470 1789 499 1813 ut
509 1785 680 1821 ingrediatur
688 1785 863 1819 denuntiant,
873 1787 949 1814 nullo
956 1787 1051 1816 labore

261 1830 340 1859 urbis
354 1839 467 1866 compos
489 1831 598 1859 futurus
612 1835 640 1858 et
657 1831 683 1858 in
704 1839 734 1859 se
753 1839 845 1859 rerum
867 1833 1052 1861 translaturus

260 1885 407 1906 summam.
428 1877 454 1905 Is
484 1881 587 1909 autem,
615 1881 646 1903 ut
670 1877 717 1912 qui
738 1877 795 1914 jam
817 1884 881 1906 ante
905 1879 1051 1914 imperium

260 1923 411 1951 somniaret
433 1923 556 1957 serlique
575 1921 715 1950 desiderio
739 1931 772 1950 ac
796 1923 959 1952 diadematis
979 1932 1052 1952 nun-

261 1976 342 2004 quam
365 1976 419 1995 non
443 1971 583 2000 aestuaret.
609 1973 711 2003 quanta
736 1968 814 1997 licuit
843 1970 997 2003 celeritate,
1023 1971 1051 1999 in

261 2014 357 2042 urbem
377 2014 481 2041 involat
502 2021 565 2040 cum
581 2013 651 2041 lecta
672 2023 784 2043 suorum
804 2023 899 2047 manu.
919 2024 971 2044 nec
992 2016 1052 2052 ipsa

260 2059 415 2095 spernenda
425 2059 613 2093 multitudine,
627 2065 766 2096 noctuque
778 2069 827 2096 per
837 2061 977 2089 Michaelis
985 2069 1052 2098 pro-

261 2105 412 2133 tovestiarii
427 2105 499 2133 haud
518 2106 614 2141 procul
631 2106 665 2133 ab
678 2114 741 2134 arce
765 2107 864 2133 minori
877 2107 1052 2145 obscureque

261 2152 332 2179 ostio
349 2151 499 2186 ingressus,
520 2151 548 2178 in
565 2151 653 2178 soceri
670 2151 713 2179 sui
733 2151 860 2187 (ἔνθεοι-ε
883 2152 988 2181 aedibus
1011 2154 1053 2183 in-

261 2197 366 2225 somnis
379 2205 443 2224 cum
455 2197 538 2224 sociis
552 2197 712 2232 permansit.
728 2197 838 2226 Nicetas
851 2206 916 2227 vero
928 2207 944 2227 a
959 2207 1052 2228 secre-

261 2242 316 2275 tis,
342 2242 390 2277 qui
420 2247 513 2277 postea
541 2244 749 2278 protonotarius
778 2244 830 2272 fuit
845 2265 854 2278 ,
880 2244 1053 2275 Constantini

261 2286 410 2315 adventum
424 2286 606 2314 Constantino
619 2287 735 2322 patricio
749 2293 778 2316 et
790 2290 926 2319 monacho
938 2291 1051 2321 Eladico

261 2332 420 2364 nuntiavit;
435 2332 572 2369 amboqne
585 2333 682 2361 eadem
696 2340 776 2363 nocte
792 2336 825 2363 ad
840 2336 1050 2367 Constantinum

261 2376 364 2405 Ducem
388 2384 489 2405 venere
508 2386 516 2410 ;
542 2377 665 2413 initoque
686 2377 801 2408 COllSlllO
815 2400 822 2412 ,
843 2389 906 2410 cum
933 2383 1050 2411 necdum

262 2421 416 2456 diluxisset,
429 2422 477 2449 sed
494 2417 584 2450 adhuc
603 2424 724 2452 tenebrat
739 2431 842 2459 essent,
862 2434 924 2454 cum
946 2427 1052 2456 facibus

262 2467 436 2502 militumque
462 2476 517 2495 non
539 2469 592 2496 levi
617 2475 722 2497 armata
747 2479 828 2499 manu
848 2471 919 2500 Circi
942 2478 1050 2508 portam

263 2512 406 2545 invadunt,
417 2514 569 2550 faustisque
586 2516 830 2544 acclamationibus
840 2517 1049 2546 Constantinum

264 2563 294 2586 ut
308 2558 500 2593 imperatorem
520 2561 651 2588 salutant.
672 2561 712 2589 lbi
729 2562 788 2598 ejus
806 2563 903 2598 equiso
923 2571 938 2591 a
955 2565 1051 2599 praesi-

262 2604 369 2637 diariis,
388 2605 476 2640 iisque
490 2606 537 2640 qui
551 2607 623 2634 intra
644 2612 735 2643 portas
746 2613 835 2642 erant,
849 2609 942 2637 lancea
963 2615 1050 2638 trans-

262 2649 333 2677 ﬁxus
346 2650 486 2679 occubuit.

297 2707 324 2734 5.
349 2706 408 2735 Non
435 2707 572 2736 admissus
598 2709 690 2744 itaque
705 2709 903 2738 Constantinus
919 2711 966 2739 sed
981 2713 1048 2741 sub-

263 2755 364 2784 motus,
378 2752 453 2780 velut
465 2753 597 2780 daemonis
608 2754 749 2789 cujusdam
764 2754 853 2782 aﬂlatu
865 2755 945 2784 furiis
960 2762 1047 2790 actus,

263 2802 323 2826 nec,
342 2804 397 2830 quo
414 2797 523 2832 imperii
536 2805 630 2826 amore
642 2799 783 2833 agebatur.
808 2800 882 2828 sanis
897 2801 964 2828 satis
974 2810 1050 2829 men-

263 2841 298 2868 tis
324 2843 476 2871 rationibus
503 2845 530 2872 in
545 2845 656 2873 Circum
686 2853 715 2873 se
737 2846 826 2873 tristis
849 2847 981 2883 vultuque
1002 2848 1050 2876 dc-

265 2886 347 2912 misso
362 2888 490 2916 subducit
503 2911 509 2923 ,
536 2891 637 2923 malum
663 2899 744 2919 omen
761 2896 893 2927 reputans
910 2894 1049 2921 sublatum

1109 290 1183 323 μεὼν
1207 290 1434 326 παρεσκευάζετο
1448 292 1557 327 κινῆσαι
1575 293 1644 320 κατὰ
1654 293 1704 320 τῶν
1714 295 1855 329 Χριστιανῶν

1106 335 1188 362 ὅπλα.

1140 390 1173 425 ζ’.
1193 392 1368 429 Ἀλέξανδρος
1380 392 1408 419 δὲ
1417 394 1568 429 ἀριστήσας
1578 396 1623 422 καὶ
1635 396 1747 433 ῥομφαίᾳ
1757 398 1855 436 (linking

1104 438 1220 473 πληγεὶς
1233 439 1364 472 ἀνελθὼν,
1379 438 1495 474 αἵματος
1510 439 1607 467 πολλοῦ
1623 441 1654 468 ἐκ
1669 442 1719 468 τῶν
1732 444 1801 479 ῥινῶν
1820 446 1854 472 καὶ

1104 483 1157 509 τῶν
1171 483 1278 511 αἰδοίων
1291 485 1479 521 ἐκφερομένου
1497 485 1566 520 μετὰ
1591 486 1636 513 δύο
1657 486 1757 526 ῂμίρας
1770 490 1854 517 ἐτελεύ-

1104 537 1181 564 τησε,
1195 530 1353 557 καταλιπὼν
1368 530 1533 566 ἐπιτρόπους
1555 531 1686 559 Νικόλαον
1702 534 1855 571 πιτριάρχην,

1104 575 1240 609 Στέφανον
1253 576 1406 611 μάγιστρον
1418 577 1466 604 καὶ
1485 577 1612 614 Ἰωάννην
1631 577 1723 606 Ἐλαδᾶ
1732 581 1774 607 καὶ
1785 581 1856 609 Ἰωάν-

1091 611 1154 656 ’νην
1174 621 1306 657 ραίκτορα
1328 623 1376 649 καὶ
1390 623 1527 659 Εὖθὺμιον
1541 611 1595 651 καὶ⁷
1606 624 1651 650 τδν
1667 623 1809 661 Βασιλίτζην
1820 628 1856 654 καὶ

1103 665 1149 693 τὸν
1160 666 1407 703 Γαϐριηλόπουλον,
1425 669 1510 701 ἐάσας
1523 670 1573 705 τὴν
1585 669 1718 705 βασιλείαν
1737 671 1855 699 Κωνσταν-

1102 712 1169 749 τίνῳ
1182 713 1285 749 ἀνεψιῷ
1296 714 1390 746 αὑτοῦ.
1406 715 1457 751 υίῷ
1471 715 1585 748 Λέοντος
1599 716 1645 743 τοῦ
1661 717 1789 752 βασιλέως.
1806 719 1855 746 ’Λπ-

1103 757 1196 785 έθεντο
1208 758 1236 785 δὲ
1256 759 1430 796 Ἀλέξανδρον
1446 762 1475 788 ὲν
1491 762 1548 794 τοῖς
1563 763 1657 797 τάφοις
1682 764 1745 798 μετὰ
1764 763 1804 790 τοῦ
1817 773 1855 792 πα-

1103 803 1167 839 τρὸς
1184 805 1281 833 αὐτοῦ.

1121 881 1279 909 ΒΑΣΙΛΕΙΔ
1303 883 1578 912 ΚΩΝΣΤΑΝΤΙΝΟΥ
1602 885 1684 913 ΥΙΟΥ
1703 886 1843 915 ΛΕΟΝἸὉΣ.

1068 940 1088 967 Β
1138 948 1179 985 [Ρ.
1197 950 1259 987 565]
1277 950 1312 979 α’.
1325 952 1530 986 Κωνσταντῖνος
1557 950 1586 981 δὲ
1611 953 1659 982 τοῦ
1686 955 1778 991 πατρὸς
1791 955 1855 983 αὐτοῦ

1103 994 1315 1031 τελευτήσαντος
1328 998 1392 1030 παῖς
1408 997 1450 1024 ἔτι
1464 999 1607 1033 τυγχάνων
1619 999 1736 1035 (ἕϐδομον
1758 999 1803 1035 γὰρ
1813 998 1855 1035 εἶχε

1103 1041 1153 1075 τῆς
1167 1041 1276 1076 ἡλικίας
1292 1042 1363 1078 ἔτος)
1381 1044 1427 1069 ὑπ’
1448 1042 1624 1079 Ἀλεξάνδρου
1643 1044 1688 1071 τοῦ
1711 1045 1774 1072 Θειου
1794 1045 1855 1072 αὐτοῦ

1105 1086 1134 1112 έν
1146 1088 1179 1122 τῇ
1193 1087 1318 1125 βασιλείᾳ
1331 1089 1539 1122 καταλέλειπτο,
1558 1090 1612 1117 ὑπὸ
1625 1091 1770 1126 ὲπιτράπων
1782 1092 1854 1118 τελῶν.

1111 1131 1301 1161 Ἐϐασίλευσεν
1331 1133 1376 1161 οὖν
1389 1135 1436 1162 ἐπὶ
1450 1134 1504 1162 τῶν
1519 1135 1603 1162 αὑτοῦ
1621 1135 1768 1171 ἐπιτρόπων
1780 1138 1819 1164 σὺν
1831 1138 1856 1171 τῇ

1106 1177 1191 1214 μητρὶ
1205 1178 1288 1213 ἔτερα
1311 1178 1358 1215 ἔτη
1374 1179 1454 1213 ἑπτὰ,
1470 1179 1530 1216 ἃμα
1553 1180 1583 1208 δὲ
1606 1181 1734 1217 Ῥωμανῷ
1761 1182 1857 1218 πενθερῷ

1105 1223 1187 1251 αὑτοῦ
1200 1226 1229 1251 ὲν
1244 1225 1367 1261 ὑποταγῇ
1383 1225 1421 1252 ὣν
1430 1226 1512 1263 ἕτερα
1525 1226 1573 1263 ἔτη
1599 1227 1684 1254 εἴκοσι
1697 1227 1734 1260 ἓξ,
1751 1228 1856 1264 μονοκρά-

1104 1279 1160 1306 τωρ
1175 1270 1203 1297 δὲ
1222 1269 1269 1306 ἔτη
1281 1271 1441 1305 δεκαπέντε,
1457 1271 1496 1305 ὡς
1526 1270 1597 1300 εἶναι
1622 1273 1668 1301 τὸν
1683 1274 1763 1301 πάντα
1785 1273 1856 1309 χρόνον

1104 1316 1153 1350 τῆς
1166 1314 1304 1351 βασιλείας
1323 1317 1405 1345 αὑτοῦ
1421 1317 1469 1355 ἔτη
1482 1322 1530 1346 νε’.
1550 1319 1705 1354 Λαὸόμενος
1718 1317 1760 1346 οὖν
1771 1320 1810 1355 τῆς
1821 1319 1856 1346 τοῦ

1105 1361 1237 1390 παλατίου
1253 1363 1376 1396 ἔξουσίας
1388 1365 1402 1391 6
1416 1366 1595 1402 πατριάρχης
1609 1366 1747 1398 Νικόλαος,
1761 1366 1800 1393 ἅτε
1811 1367 1847 1393 liti

1104 1417 1204 1444 τροπος
1221 1410 1268 1438 καὶ
1281 1410 1362 1442 αὐτὸς
1377 1409 1415 1437 ὣν
1427 1411 1476 1438 σὺν
1489 1410 1527 1447 τῷ
1542 1412 1688 1448 μαγίστρῳ
1702 1413 1812 1448 Στιφάνῳ
1821 1411 1857 1439 tul

1104 1453 1143 1490 τῷ
1164 1455 1259 1492 Ἐλαδᾷ
1282 1456 1404 1494 Ἰωάννῃ,
1437 1457 1485 1484 καὶ
1499 1457 1577 1493 αὐτῷ
1603 1459 1748 1495 μαγίστρῳ,
1769 1459 1808 1492 τὴν
1820 1457 1855 1485 τοῦ

1104 1501 1194 1528 κοινοῦ
1210 1502 1340 1538 πρόνοιαν
1350 1503 1468 1531 ἐποιεῖτο
1485 1504 1533 1530 καὶ
1545 1504 1598 1539 τὴν
1614 1504 1738 1540 φροντίδα
1747 1504 1807 1540 εἶχεν
1816 1503 1856 1532 τῶν

1104 1547 1138 1582 τῇ
1158 1546 1282 1584 βασιλείᾳ
1295 1548 1450 1584 ἀνηκόντων
1464 1549 1639 1585 πραγμάτων
1651 1550 1785 1587 ὁσημέραι.

1066 1605 1088 1635 C
1139 1603 1173 1638 β’.
1197 1603 1241 1631 Ἐν
1256 1604 1362 1638 τούτοις
1377 1603 1425 1633 οὖν
1438 1606 1488 1642 τῆς
1500 1605 1642 1642 βασιλείας
1655 1607 1734 1643 οὔσης
1756 1606 1856 1643 δηλοῦται

1102 1649 1300 1686 Κωνσταντῑνῳ
1314 1651 1354 1687 τῷ
1373 1652 1466 1685 Δουκὶ,
1489 1652 1646 1689 δομεστίκῳ
1673 1652 1857 1689 ὑπάρχοπιτῶν

1103 1696 1218 1732 σχολῶν,
1231 1697 1307 1734 παρά
1329 1706 1411 1725 τινων
1437 1698 1492 1726 τῶν
1507 1699 1537 1726 ἰν
1553 1701 1589 1734 τῇ
1607 1699 1683 1727 πόλει
1707 1699 1856 1735 μεγιστάνων,

1102 1742 1251 1777 φιλούντων
1265 1743 1350 1772 αὑτὸν
1364 1743 1402 1777 ὡς
1414 1744 1538 1780 ἀνδρεῖον
1551 1745 1603 1773 καὶ
1613 1746 1721 1781 νουνεχῆ
1736 1746 1777 1772 καὶ
1787 1745 1856 1776 καλῶς

1102 1787 1249 1824 δυνάμενον
1264 1790 1313 1825 τὴν
1328 1789 1468 1825 βασιλείαν
1484 1790 1680 1827 διακυϐερνᾷν,
1693 1790 1807 1818 εἰσελθεῖν
1821 1790 1856 1816 καὶ

1102 1833 1204 1869 ταύτης
1234 1835 1358 1872 ὲγκρατῆ
1386 1836 1513 1870 γενέσθαι
1536 1837 1666 1872 ἀπονητί.
1689 1837 1716 1865 '0
1736 1837 1761 1863 δὲ
1772 1835 1856 1863 iuuat

1102 1880 1236 1916 πρότερον
1259 1881 1343 1917 αὐτὴν
1368 1882 1548 1918 ὀνειροπολῶν
1575 1884 1626 1910 καὶ
1647 1883 1693 1910 τοῦ
1708 1883 1807 1917 στέφους
1824 1881 1856 1908 ἀεὶ

1103 1926 1257 1962 ἐφιέμενος,
1272 1927 1309 1959 ὡς
1324 1925 1381 1963 εἶχε
1395 1928 1505 1963 τάχους,
1528 1929 1580 1964 τὴν
1607 1929 1790 1965 βασιλεύουσαν
1806 1935 1856 1954 κιτ-

1103 1971 1200 1999 έλαδεν
1215 1973 1274 2008 ἅμα
1286 1974 1342 2006 τοῖς
1369 1973 1419 2000 σὺν
1436 1974 1512 2010 αὑτῷ
1533 1975 1674 2011 ἱγκρίτοις
1701 1975 1790 2005 ίκανοῖς
1802 1972 1856 1999 οὖσι.

1102 2019 1158 2046 Καὶ
1168 2019 1265 2051 νυκτὸς
1277 2019 1322 2047 διὰ
1334 2020 1522 2056 παραπυλίδος
1533 2021 1666 2048 εἰσελθὼν
1685 2021 1730 2048 τοῦ
1745 2018 1857 2056 τριποδι-

1104 2065 1226 2101 στιαρίου
1240 2065 1361 2101 Μιχαὴλ,
1374 2065 1458 2101 οὔσης
1472 2067 1588 2102 πλησίον
1608 2067 1781 2104 ἀκροπόλεως,
1796 2067 1820 2092 ἐν
1828 2064 1857 2098 τῷ

1098 2111 1170 2146 ὀἴκῳ
1181 2110 1229 2137 τοῦ
1242 2110 1374 2146 πενθεροῦ
1386 2110 1470 2138 αὐτοῦ
1484 2112 1615 2148 Γρηγορᾶ
1636 2113 1734 2145 ἇῦπνος
1746 2111 1806 2148 μετὰ
1817 2110 1857 2137 τῶν

1104 2156 1237 2183 συνόντων
1252 2156 1327 2192 αὐτῷ
1352 2156 1514 2185 διετέλεσεν.
1533 2159 1660 2194 Νικὴτας
1677 2159 1706 2186 δὲ
1724 2157 1856 2193 ἁσηκρῆτις.

1103 2202 1118 2229 ὸ
1135 2202 1205 2237 μιτὰ
1229 2203 1315 2230 ταῦτα
1335 2203 1554 2238 πρωτονοτάριος
1581 2205 1715 2240 γεγονὼς,
1730 2204 1777 2240 τὴν
1796 2204 1856 2230 Κωνο

1104 2248 1244 2276 σταντίνου
1268 2248 1361 2282 ἄφιξιν
1386 2249 1426 2284 τῷ
1448 2250 1588 2286 πατρικίῳ
1618 2249 1802 2284 κωνσταντίνῳ
1822 2247 1858 2275 καὶ

1065 2283 1090 2313 Ῑ)
1104 2294 1213 2329 μοναχῷ
1231 2293 1270 2329 τῷ
1302 2283 1434 2330 Ἐλαδικῷ
1458 2283 1650 2331 κατεμήνυσεν
1660 2304 1668 2312 ·
1680 2296 1726 2324 καὶ
1745 2283 1817 2330 ipsa)
1832 2293 1858 2327 τῇ

1101 2339 1170 2375 αὐτῇ
1183 2339 1264 2366 νυκτὶ
1278 2339 1348 2375 προς
1371 2339 1417 2367 τὸν
1433 2341 1524 2369 Δοΰκα
1547 2342 1750 2370 Κωνσταντῖνσν
1765 2339 1857 2375 πρατέ-

1101 2393 1195 2413 νοντο·
1210 2385 1258 2412 καὶ
1272 2385 1371 2422 βουλὴν
1395 2387 1586 2422 ποιησάμενοι,
1607 2388 1686 2416 οὔπω
1707 2389 1752 2424 τῆς
1774 2385 1858 2422 ἡμέρας

1101 2431 1319 2467 καταλαϐούσης,
1330 2432 1387 2459 ἀλλ’
1404 2432 1446 2460 ἔτι
1466 2434 1576 2465 σκοτίας
1590 2433 1761 2469 obtinebant
1772 2429 1857 2466 λαμπά-

1102 2475 1154 2502 δων
1169 2478 1215 2503 καὶ
1227 2476 1274 2503 τοῦ
1285 2476 1351 2504 λαοῦ
1361 2477 1459 2505 πολλοῦ
1472 2478 1519 2506 καὶ
1530 2479 1621 2506 ὅπλων
1636 2480 1686 2515 τὴν
1695 2478 1740 2506 τοῦ
1753 2474 1857 2510 ἱπποδρό-

1105 2530 1156 2557 μου
1179 2522 1268 2558 πύλην
1294 2525 1547 2560 καταλαμϐάνουσι,
1574 2527 1772 2553 Κωνσταντίνον
1792 2523 1857 2556 εὐφη-

1105 2567 1219 2602 μοῦντες
1234 2567 1273 2600 ὡς
1295 2569 1417 2605 βασιλέα.
1446 2571 1531 2598 Ἔνθα
1549 2571 1582 2606 δὴ
1598 2573 1616 2599 ὸν
1624 2572 1718 2599 τούτου
1732 2567 1856 2602 ἱπποκόμκ

1103 2613 1261 2649 λογχευθεὶς
1281 2615 1357 2651 παρὰ
1366 2616 1420 2643 τῶν
1434 2617 1510 2648 hab;
1525 2617 1579 2645 τῶν
1595 2617 1642 2645 τοῦ
1656 2616 1808 2651 ἱπποδρόμου
1819 2621 1856 2639 πυ·

1103 2658 1156 2686 λῶν
1169 2660 1300 2696 ἀνῃρέθη.

1137 2715 1172 2750 γ’.
1182 2717 1228 2751 Μὴ
1234 2717 1338 2752 δεχθεὶς
1346 2716 1394 2746 οὖν
1402 2719 1612 2752 Κωνσταντῖνος.
1623 2719 1680 2746 ἀλλ’
1692 2715 1853 2752 ἁποσοϐηθεὶςν

1102 2760 1196 2796 ὥσπερ
1211 2761 1264 2788 ὑπό
1288 2771 1362 2794 τινος
1385 2763 1618 2799 ἐκδακχευόμενος
1633 2765 1753 2799 δαίμονος
1774 2761 1812 2788 καὶ
1826 2758 1853 2794 μὴ

1102 2806 1274 2840 ἐφεστηκότα
1291 2806 1360 2841 ἔχων
1388 2807 1434 2834 τὸν
1457 2808 1588 2843 λογισμὸν
1611 2808 1650 2844 τῷ
1673 2809 1720 2843 τῆς
1741 2804 1853 2842 βασιλείας

1104 2850 1193 2886 ἔρωτι,
1212 2853 1240 2878 ἐν
1254 2853 1292 2888 τῷ
1309 2853 1470 2889 ἱπποδρόμῳ
1480 2855 1656 2890 ὑπεχώρησεν
1672 2854 1776 2889 πυγνὸς
1789 2861 1811 2879 τε
1819 2851 1854 2877 xxi

1104 2897 1239 2933 κατηφὴς.
1267 2899 1351 2927 κακὸν
1368 2899 1462 2928 οιωνδν
1485 2900 1533 2936 τὴν
1548 2901 1594 2928 τοῦ
1611 2901 1757 2936 ἱπποκόμου
1779 2897 1852 2925 scivi:
