2009 3164
152 221 205 253 937

702 223 800 254 VlT/E
815 219 1094 252 RECENTIORUM
1110 223 1214 255 IMPP.

1728 227 1782 258 938

153 277 276 313 σφαγήν.
298 277 420 305 Ἐκεῖθεν
452 277 498 305 οὖν
531 277 747 313 εὐφημούμενος
769 275 836 314 ἦλθε
865 276 945 312 μέχρι

998 285 1065 306 nece
1080 280 1252 315 equisonem.
1266 280 1343 309 lllinc
1361 281 1454 316 itaque
1469 281 1567 309 faustis
1582 282 1789 310 acclamationi-

151 324 201 358 τῆς
211 323 363 358 λεγομένης
372 323 492 358 Χαλκῆς,
500 323 548 349 καὶ
559 323 582 338 ⁸⁸
592 323 636 349 διὰ
649 323 697 358 τῆς
712 323 828 358 Σιδηρᾶς
840 323 945 358 πόρτης

151 369 201 404 τῆς
210 370 295 402 αὐτῆς
308 369 417 404 Χαλκῆς
427 368 608 404 εἰσεληλυθὼς
621 369 702 404 μέχρι
714 369 769 396 τῶν
780 369 944 402 ὲξκουϐίτων

151 415 328 449 παρεγένετο.
351 415 380 440 '0
397 413 443 441 οὖν
462 416 614 450 μάγιστρος
641 415 769 450 Ἰωάννης
784 416 798 442 ὁ
830 416 945 448 Ἐλαδᾶς

151 462 269 496 ἐκλογὴν
285 460 328 497 [Ρ.
342 461 406 497 566]
423 461 478 487 τῶν
492 470 521 488 τε
533 462 582 496 τῆς
597 462 734 497 ἑταιρείας
750 462 797 488 καὶ
810 462 865 488 τῶν
882 462 945 488 ἐλα-

150 508 206 534 τῶν
220 507 404 542 ποιησάμενος
416 507 475 542 μεθ’
488 508 579 534 ὅπλων
591 507 704 540 τούτους
719 507 862 534 ἀπέστειλε
874 507 946 534 κατὰ

151 553 199 579 τοῦ
222 553 333 584 Δουκός.
361 553 510 580 Ἐλθόντων
538 552 584 580 οὖν
610 554 690 588 μέχρι
705 554 756 589 τῆς
770 554 879 589 Χαλκῆς
897 554 945 580 καὶ

153 600 273 634 πολέμου
283 599 430 631 συστάντος
445 599 538 626 πολλοὶ
552 599 581 632 ἐξ
592 600 758 634 ἀμφοτέρων
777 599 874 626 ἔπεσον
889 599 944 627 τῶν

153 646 258 682 μερῶν,
276 647 323 672 καὶ
336 646 463 673 τοσοῦτον
478 645 550 673 ὥστε
567 646 613 672 τὸν
628 645 710 673 τόπον
725 645 944 681 ὲκλιμνασθῆναι

150 692 190 726 τῷ
206 692 303 726 αἵματι
320 692 477 727 ποταμηδὺν
494 692 686 728 καταρῤέοντι,
706 691 839 727 Ἀνῃρέθη
852 691 881 718 δὲ
897 691 945 718 καὶ

150 738 294 774 Γῃγορᾶς
311 739 324 764 ὁ
342 738 399 769 tu;
414 737 461 764 τοῦ
488 738 587 769 Δουκὸς
600 739 648 765 καὶ
663 738 775 773 Μιχαὴλ
799 737 943 772 ἐξάδελφος

151 785 234 812 αὑτοῦ
250 785 297 811 κα¹ι
311 784 465 820 Κουρτικης
480 785 582 816 ἐκεῖνος
598 786 612 812 ὁ
623 786 652 818 ἐξ
669 785 829 820 Ἀρμενίων.

189 833 220 859 δ’.
235 831 326 858 Ταῦτα
338 832 351 858 ὁ
363 831 431 864 Δοὺξ
442 832 645 863 Κωνσταντῖνος
659 831 763 865 μαθὼν,
774 832 895 867 ταραχῆς
905 832 945 858 ὅτι

151 877 283 912 πλείστης
294 877 453 913 γενομένης,
463 879 509 904 τὸν
525 877 608 904 ῐππον
624 877 780 912 ἐξήλαυνεν.
801 878 830 904 '0
839 877 867 904 δὲ
884 876 946 910 ταῖς

150 925 242 951 ἐκεῖσε
254 924 479 960 ύπεστρωμέναις
489 924 666 964 ἐνολισθήσας
682 924 780 957 πλαξὶν
788 925 828 956 εἰς
840 924 893 959 γῆν
900 924 946 950 τὸν

151 972 287 1006 ἐπιϐάτην
301 953 460 998 κατέϐαλεν.
470 953 555 998 ἐπεὶ
563 971 592 998 δέ
607 953 825 1003 τιςαύτδνγκατα
900 972 946 1011 ὲρτ
961 953 983 981 Β

153 1018 288 1054 ριμμένον
304 1017 456 1044 κατέλαϐεν
490 1018 524 1052 (οἱ
542 1017 597 1053 γὰρ
613 1017 687 1045 ἄλλοι
713 1018 945 1053 διεσκεδάσθησαν

151 1064 293 1101 ἅπαντες),
308 1063 382 1098 ξίφει
396 1064 446 1100 τὴν
460 1063 556 1091 τούτου
569 1063 692 1100 ἀπέτεμε
704 1064 836 1100 κεφαλήν.

188 1159 220 1184 ε’.
243 1156 352 1182 Τούτων
369 1156 469 1188 οὕτως
495 1156 675 1183 τελεσθέντων
698 1156 840 1192 Γρηγορᾶς
861 1156 944 1191 μάγι-

152 1211 234 1238 στρος
252 1204 266 1229 ὸ
281 1203 377 1229 τούτου
402 1202 531 1239 πενθερὸς
543 1223 550 1235 ,
581 1203 650 1238 μετὰ
668 1203 783 1234 Λέοντος
796 1202 825 1229 ὃν
845 1202 944 1237 Χοιρο-

155 1248 283 1283 σφάκτην
296 1248 437 1283 ὠνόμαζον
447 1249 480 1282 ¹¹,
500 1251 533 1284 τῇ
547 1249 612 1284 ἁγίᾳ
628 1249 674 1275 τοῦ
689 1249 757 1275 Θεοῦ
770 1248 886 1283 Μεγάλῃ
900 1248 945 1274 ὲκ-

158 1295 259 1329 κλησίᾳ.
277 1295 461 1329 προσέφυγον,
479 1294 526 1326 οὒς
544 1295 591 1322 καὶ
618 1294 662 1330 βίᾳ
685 1294 790 1321 ἐκεῖθεν
818 1294 945 1321 ἀποσπά-

153 1347 251 1370 σαντες
265 1339 416 1373 ἁπέκειραν
432 1340 564 1374 μοναχοὺς
578 1340 607 1365 ὲν
615 1340 647 1374 τῇ
659 1339 714 1366 τῶν
726 1339 850 1366 Στουδίου
864 1340 943 1375 μονῇ.

153 1386 362 1412 Κωνσταντῖνον
376 1386 403 1412 δὲ
412 1385 458 1412 τὸν
474 1385 616 1412 Ἓλαδικὺν
629 1385 785 1422 βουνεύροις
796 1385 942 1420 τύψαντες,

152 1432 226 1467 ῥάκη
254 1440 282 1458 τε
301 1431 495 1466 περιϐαλόντες
511 1432 557 1458 καὶ
585 1432 638 1467 ὄνῳ
655 1431 880 1463 ὲπικαῦίσαντεςέ
900 1431 944 1458 διὰ

154 1478 241 1514 μέσης
265 1478 315 1513 τῆς
341 1478 446 1510 πόλεως
473 1477 687 1515 ὲθριάμϐευσαν,
711 1478 759 1505 καὶ
787 1478 816 1505 ὲν
836 1479 870 1514 τῇ
896 1478 944 1505 τοῦ

151 1524 297 1560 Δαλμάτου
324 1525 513 1558 ἀπαγαγόντες
529 1525 596 1560 μονῇ
613 1524 842 1558 ὲγκατάκλειστον
853 1525 887 1560 τῇ
902 1524 946 1551 λε-

151 1569 259 1605 γομένῃ
275 1569 414 1605 Καταδίκῃ
429 1569 609 1605 πεποιήκασι.
633 1569 737 1596 Λέοντα
747 1569 776 1596 δὲ
788 1569 833 1596 τὸν
850 1571 946 1597 Κατα-

151 1615 286 1650 καλίτζην
302 1614 348 1641 καὶ
366 1615 520 1641 Ἀϐεσαλὼν
535 1615 581 1642 τὸν
595 1614 642 1641 τοῦ
663 1615 790 1651 ’Δρωτρᾶ
807 1615 945 1650 ἐκτυφλώ-

154 1670 252 1693 σαντες
266 1661 359 1697 siuei;
375 1662 573 1698 παρέπεμψαν.
590 1663 797 1690 Κωνσταντῖνον
813 1663 841 1690 δὲ
858 1663 905 1690 τοῦ
922 1663 944 1679 ³³

153 1708 318 1743 Εὐλαμπῐου
345 1708 403 1734 υιδν
428 1708 477 1734 καὶ
493 1708 603 1744 ἐτέρους
619 1709 667 1735 σὺν
693 1708 768 1743 αὐτῷ
787 1708 916 1744 Θεόφιλος
931 1710 946 1736 ό

153 1755 281 1791 ὕπαρχος
304 1756 318 1781 ὁ
337 1754 385 1781 τοῦ
399 1754 548 1790 Λαμπύδου
567 1755 595 1781 ἐν
621 1756 655 1791 τῇ
668 1755 714 1781 τοῦ
732 1754 847 1782 ἱππικοῦ
864 1762 945 1790 σφεν-

150 1802 218 1838 δόνῃ
233 1802 304 1837 ξίφει
324 1803 473 1838 ἀπέτεμεν.
491 1803 529 1829 Οὐ
547 1802 652 1838 μικρῶς
663 1802 691 1829 δὲ
701 1801 944 1838 διερευνησάμενοι

151 1849 220 1884 περὶ
231 1849 338 1883 Νικήτα
352 1849 510 1884 ἀσηκρήτου
525 1849 573 1875 καὶ¹
585 1848 792 1875 Κωνσταντίνου
806 1847 945 1882 τοῦιΛιϐὸς

151 1895 203 1929 οὐχ
232 1891 311 1929 εὗρον
336 1895 435 1925 αὐτοὺς
463 1894 501 1926 ὡς
530 1894 724 1929 χρησαμένους
742 1895 826 1929 φυγῇ.
849 1893 902 1920 Τὸν
917 1893 945 1919 δὲ

151 1941 268 1974 Λὶγίδην
282 1940 386 1966 ἐκεῖνον
397 1940 517 1971 καὶτοὺς
530 1939 579 1966 σὺν
594 1939 680 1973 αὐτῷ,
698 1939 837 1974 ἀνδρείους
865 1938 946 1970 ὄντας

152 1987 202 2014 καὶ
220 1985 346 2018 πολλοὺς,
364 1985 417 2012 ἀπό
441 1993 471 2011 τε
497 1986 547 2020 τῆς
563 1986 592 2011 ὲν
611 1985 783 2020 Χρυσοπόλει
803 1984 946 2019 δαμάλεως

151 2033 203 2059 καὶ
234 2032 314 2067 μέχρι
333 2031 380 2059 τοῦ
408 2032 550 2059 Λευκάτου
577 2031 700 2067 διδύμοις
731 2031 820 2064 ξύλοις
841 2031 945 2062 πάντας

151 2079 376 2106 ἐνεσκολόπισαν.
395 2079 449 2105 Καὶ
477 2078 592 2110 πολλοὺς
619 2078 653 2104 ἂν
677 2077 732 2104 τῶν
745 2078 773 2104 ὲν
798 2077 868 2104 τέλει
884 2077 945 2103 τότε

151 2125 276 2159 ἀνηλεῶς
293 2125 340 2152 καὶ
353 2124 483 2156 ἀναιτίως
498 2125 523 2151 οἱ
538 2124 681 2160 λεγόμενοι
710 2119 785 2150 οὗτοι
801 2123 945 2158 ἐπίτροποι

152 2171 331 2204 ἀπέκτειναν,
352 2172 376 2198 εἰ
402 2171 438 2207 μή
463 2179 535 2202 τινες
556 2171 611 2197 τῶν
621 2169 756 2197 δικαστῶν
771 2170 884 2201 τούτους
894 2169 945 2204 τῆς

152 2218 250 2245 ἀδίκου
262 2218 351 2253 ὁρμῆς
366 2218 552 2253 ἀνεχαίτισαν,
566 2217 688 2248 εἰπόντες
703 2217 805 2248 αὐτοῖς,
824 2216 862 2246 ὡς
876 2217 946 2242 Παι-

151 2265 209 2297 δὸς
226 2264 313 2297 ὄντος
332 2263 386 2291 τοῦ
405 2263 571 2296 βασιλέως,
587 2263 650 2296 πῶς
664 2264 738 2290 ἄνευ
765 2262 821 2296 τῆς
839 2262 945 2289 κελεύ-

996 325 1049 353 bus
1061 328 1304 363 prosequentibus,
1320 329 1355 356 ad
1366 329 1495 357 Chalcem
1509 338 1596 365 usque
1612 331 1663 364 (sic
1676 330 1789 363 dictam)

996 372 1082 405 venit,
1103 381 1136 400 ac
1150 381 1200 409 per
1213 374 1329 403 Chalces
1344 375 1470 412 ejusdem
1492 376 1611 404 ferream
1625 383 1731 412 portam
1746 378 1787 404 in-

996 426 1108 454 gressus
1119 419 1153 447 ad
1167 421 1360 449 excubitorum
1387 430 1474 457 usque
1497 423 1642 450 stationem
1657 423 1788 457 prrvasit.

996 465 1126 500 Magister
1141 466 1233 501 itaque
1243 467 1363 495 Joannes
1374 467 1484 504 Eladas,
1507 476 1539 495 ex
1554 467 1694 496 fmderatis
1706 468 1789 504 876

996 511 1204 547 classiariisque
1228 513 1336 541 delectu
1357 503 1562 547 habito,’armis
1578 514 1728 542 instructos
1739 503 1790 542 ad;

996 565 1093 585 vcrsus
1111 558 1209 586 ducem
1230 559 1332 587 emisit.
1357 561 1481 593 Cumque
1500 560 1534 587 ad
1551 559 1680 587 Chalcem
1702 568 1773 595 usqu

995 603 1148 636 venissent.
1165 609 1348 640 consertaque
1364 606 1470 640 praelia,
1494 606 1574 633 multi
1599 606 1730 640 utrinque
1743 614 1774 632 ce
1791 615 1795 629 ι

996 649 1106 680 cidere;
1126 655 1258 686 tantaque
1271 652 1335 679 data
1352 657 1520 687 acceptaque
1532 655 1639 685 stragrs
1653 656 1705 683 est,
1723 656 1752 678 ut
1763 657 1790 679 et

997 697 1138 733 sanguinis
1159 698 1211 725 rivi
1234 698 1356 726 ﬂuminis
1370 699 1568 735 instagnarent.
1592 699 1707 726 Occisus
1725 707 1790 726 vero

996 748 1038 770 cst
1059 744 1195 780 Gregoras
1211 745 1296 773 Ducis
1312 745 1384 773 illius
1397 751 1425 773 et
1440 746 1555 774 Michael
1570 746 1630 781 ejus
1644 745 1790 773 consobri-
1824 764 1825 767 η

997 797 1059 823 nus,
1079 798 1131 817 nec
1148 799 1203 817 non
1221 791 1349 819 Curtices
1363 792 1522 819 Armenius.

1799 554 1804 571 Ι

1031 835 1058 862 4.
1074 835 1134 869 Quo
1144 837 1255 871 cognito
1264 836 1463 864 Constantinus
1478 838 1547 869 Dux,
1557 845 1589 864 ac
1598 844 1660 864 cum
1671 836 1789 864 maxima

997 884 1056 907 orta
1078 886 1153 908 esset
1177 881 1308 914 turbatio,
1338 889 1439 917 equum
1457 882 1578 917 impulit.
1599 882 1685 909 Porro
1701 890 1791 917 equus

998 926 1026 953 in
1042 926 1192 958 asseribus,
1223 927 1325 962 quibus
1349 927 1428 954 locus
1442 932 1599 954 constratus
1620 932 1689 960 erat,
1708 928 1791 955 colla-

997 981 1064 1009 psus
1080 982 1215 1002 sessorem
1231 974 1362 1002 excussit.
1379 974 1465 1008 Quem
1483 975 1541 1002 solo
1560 975 1668 1001 aliisum
1684 979 1712 1002 ct
1726 982 1790 1010 pro-

992 1020 1096 1055 jectum
1115 1021 1252 1056 quispiam
1277 1020 1421 1048 offendens
1451 1021 1508 1056 (alii
1532 1021 1604 1048 enim
1629 1028 1726 1048 omnes
1748 1021 1790 1048 di-

995 1066 1084 1100 spersi
1109 1073 1140 1093 ac
1162 1066 1288 1101 palantes
1304 1064 1404 1102 erant)
1427 1066 1488 1102 ejus
1517 1070 1601 1101 caput
1622 1065 1713 1101 gladio
1740 1066 1789 1093 ab-
1837 1079 1842 1083 -

996 1113 1089 1141 scidit.
1676 1112 1681 1118 ”

1031 1158 1058 1186 5.
1071 1158 1118 1186 His
1134 1159 1171 1186 ita
1188 1158 1308 1194 peractis
1320 1158 1456 1194 Gregoras
1467 1157 1685 1193 magistchucis
1698 1164 1788 1190 socer,

995 1212 1058 1232 cum
1073 1204 1166 1238 Leone
1182 1204 1227 1232 cui
1246 1203 1477 1239 Cht‘erosphactes
1491 1211 1602 1236 nomen,
1621 1203 1649 1230 in
1665 1207 1790 1230 sanctam

994 1249 1044 1277 Dei
1063 1249 1188 1284 Magnam
1205 1249 1350 1276 ecclesiam
1369 1248 1540 1283 confugere;
1557 1256 1627 1283 quos
1644 1252 1673 1275 et
1684 1248 1710 1275 vi
1726 1248 1790 1275 abs-

995 1299 1098 1323 tractos
1124 1295 1251 1323 monachi
1271 1296 1328 1322 ritu
1342 1295 1370 1322 in
1385 1294 1476 1323 Studii
1504 1294 1672 1322 monasterio
1690 1293 1790 1321 deton~

995 1343 1114 1370 derunt:
1133 1343 1346 1371 Constantinum
1363 1350 1429 1370 vero
1443 1342 1587 1369 Eladicum
1598 1341 1691 1369 nervis
1699 1340 1791 1368 bubu-

994 1389 1030 1416 lis
1044 1396 1157 1421 cacsum,
1177 1389 1334 1424 vilibusque
1351 1396 1384 1416 ac
1402 1388 1502 1416 laceris
1520 1387 1645 1415 vestibus
1661 1386 1790 1414 indutum

995 1435 1128 1475 asinoque
1146 1434 1307 1470 impositura
1322 1442 1371 1469 per
1392 1434 1512 1462 mediam
1527 1433 1625 1461 urbem
1640 1432 1789 1460 traducen—

996 1485 1048 1515 tes,
1065 1483 1093 1509 in
1114 1482 1244 1509 Dalmata:
1267 1480 1447 1513 monasterio,
1471 1479 1571 1508 inclusi
1590 1480 1657 1512 ritu,
1680 1477 1790 1506 carceri

996 1535 1075 1556 reum
1087 1527 1261 1555 addixerunt.
1280 1527 1400 1559 Leonem
1411 1534 1478 1554 vero
1485 1525 1681 1554 Catacalitzem
1691 1528 1718 1553 et
1733 1524 1791 1553 Ab-

997 1575 1120 1602 salonem
1137 1575 1243 1601 Arotrte
1260 1573 1347 1601 tilium
1360 1572 1513 1601 luminibus
1524 1573 1648 1607 privatos
1669 1571 1700 1599 in
1717 1571 1791 1600 exsto

962 1634 983 1663 ο
999 1621 1067 1648 lium
1080 1620 1227 1648 miserunt.
1240 1619 1452 1648 Constantinum
1461 1618 1599 1654 Eulampii
1610 1618 1697 1646 illium
1709 1617 1792 1646 alios-

1000 1675 1054 1702 que
1068 1674 1131 1694 cum
1150 1667 1197 1694 illo
1210 1665 1382 1701 Theophilus
1395 1663 1540 1701 praefectus
1554 1665 1588 1692 ad
1602 1664 1676 1693 Circi
1687 1667 1791 1692 metam

999 1712 1090 1748 gladio
1104 1712 1253 1740 truncavit.
1282 1711 1361 1739 Haud
1377 1712 1477 1747 exigua
1491 1711 1575 1747 87⁸1
1590 1710 1792 1746 perquisitione

999 1760 1070 1788 facta
1082 1759 1116 1787 de
1134 1760 1230 1788 Niceta
1243 1767 1259 1786 a
1272 1758 1387 1787 secretis
1408 1762 1437 1786 et
1452 1758 1486 1786 de
1506 1757 1689 1786 Constantino
1710 1756 1791 1790 Libe,

999 1806 1073 1834 haud
1087 1806 1191 1835 inventi
1207 1809 1282 1838 sunt,
1296 1809 1327 1832 ut
1339 1805 1386 1840 qui
1399 1805 1463 1840 fuga
1476 1804 1559 1833 saluti
1571 1804 1792 1832 consuluissent;

999 1852 1122 1887 Egidam
1147 1859 1213 1878 vero
1231 1851 1322 1878 virum
1347 1850 1529 1885 spectabilem
1556 1850 1714 1884 sociosque,
1743 1847 1793 1883 qui

999 1899 1094 1933 plures
1114 1904 1146 1923 ac
1171 1896 1224 1922 viri
1246 1895 1333 1922 fortes
1353 1898 1468 1927 essent,
1492 1902 1508 1921 a
1525 1893 1649 1925 Damali,
1674 1900 1735 1927 qua:
1749 1895 1793 1919 est

998 1941 1172 1977 Chrysopoli,
1189 1940 1223 1967 ad
1243 1940 1393 1967 Leucatam
1411 1946 1500 1974 usque
1517 1937 1603 1966 furcis
1613 1945 1711 1965 omnes
1727 1944 1792 1964 sus-

999 1988 1164 2024 penderunt.
1183 1987 1388 2020 Procerumque
1408 1985 1503 2020 plures
1521 1992 1554 2012 ac
1567 1983 1700 2011 senatorii
1713 1983 1791 2010 ordi-

999 2035 1043 2062 nis
1058 2033 1133 2061 viros
1151 2037 1217 2060 tunc
1242 2032 1376 2067 temporis
1397 2035 1505 2058 tutores
1525 2030 1570 2058 isti
1589 2029 1740 2058 crudeliter
1758 2037 1792 2057 ac

1000 2080 1109 2108 innoxie
1125 2079 1294 2115 perempturi
1309 2071 1397 2110 erant,
1423 2078 1476 2105 nisi
1487 2078 1612 2113 judicum
1628 2076 1740 2112 quidam
1755 2076 1790 2104 ab

999 2127 1100 2162 injusta
1115 2133 1163 2153 eos
1179 2124 1348 2160 grassatione
1362 2131 1394 2151 ac
1407 2123 1512 2158 impetu
1527 2123 1726 2155 retraxissent,
1742 2121 1792 2157 qui

999 2172 1144 2200 dicerent:
1171 2170 1240 2203 Quid
1259 2177 1320 2197 uera
1347 2177 1403 2204 vos,
1421 2170 1583 2205 imperatore
1597 2169 1683 2196 adhuc
1695 2176 1789 2203 puero,

999 2220 1107 2254 ejusque
1121 2218 1235 2253 injuasu,
1251 2216 1410 2252 ejuscemodi
1426 2219 1535 2252 patrare
1546 2215 1648 2242 audetis
1662 2215 1675 2242 1'
1696 2215 1792 2249 itaque

998 2265 1083 2293 Ducis
1110 2271 1221 2292 uxorem
1253 2263 1437 2290 dctondentes
1461 2262 1496 2290 ad
1522 2269 1588 2289 suas
1602 2261 1675 2289 rech
1695 2260 1721 2288 in
1741 2261 1793 2288 Pa-

151 2318 233 2343 σεως
246 2310 338 2338 αὑτοῦ
350 2309 478 2345 τολμᾶτε
488 2310 610 2337 τοιαῦτα
624 2309 859 2344 διαπράττεσθαι
869 2316 879 2340 ;
890 2308 944 2343 Τὴν

998 2309 1144 2346 plilagonia
1157 2309 1329 2345 ablegarunt,
1342 2308 1421 2343 cuius
1431 2311 1460 2336 et
1471 2307 1528 2335 [ilio
1543 2306 1685 2342 Stephano
1698 2305 1790 2333 virilia

151 2356 201 2383 τοῦ
219 2357 318 2388 Δουκος
332 2353 378 2383 οὖν
391 2357 507 2390 γυναῖκα
522 2355 717 2390 ἀποκείροντες
733 2356 772 2386 εἰς
782 2356 828 2381 τὴν
845 2356 873 2380 ὲν
891 2355 945 2380 Πα-

152 2403 289 2439 φλαγονίᾳ
308 2401 381 2429 οἷκον
398 2403 497 2438 ἑαυτῆς
514 2401 721 2435 ἐξαπέστειλαν,
740 2400 944 2434 εύνουχίσαντες

153 2450 204 2478 καὶ
215 2451 260 2476 τὸν
273 2450 330 2476 υἱὸν
345 2450 431 2484 αὐτῆς
445 2449 593 2483 Στέφανον.

198 2504 218 2527 ς
236 2493 269 2527 ζ’.
299 2495 447 2529 Αὐγούστῳ
465 2494 492 2521 δὲ
512 2494 577 2529 μηνὶ
591 2491 704 2528 Συμεὼν
724 2492 740 2518 ό
754 2491 908 2526 Βοὺλγαρος
921 2491 946 2506 ³⁸

152 2542 258 2576 ἄρχων,
282 2540 488 2577 ἐκστρατεύσας
524 2539 594 2566 κατὰ
623 2537 770 2573 Ῥωμαίων
798 2538 846 2564 σὺν
876 2537 946 2572 ὄχλῳ

153 2587 247 2622 πολλῷ
261 2587 308 2615 καὶ
325 2587 413 2623 βαρεῖ,
429 2585 580 2614 κατέλαϐεν
611 2584 662 2620 τὴν
685 2584 946 2611 Κωνσταντινούπο-

150 2637 209 2669 λιν,
224 2636 269 2662 καὶ
286 2635 317 2671 δὴ
337 2634 519 2671 περικαθίσας
534 2633 619 2668 αὐτὴν
645 2632 754 2668 χάρακα
784 2631 945 2666 περιέϐαλεν

152 2683 210 2711 ἀπὸ
235 2681 396 2717 Βλαχερνῶν
411 2681 557 2716 καὶμέχρι
580 2680 629 2714 τῆς
657 2677 808 2713 λεγομένης
833 2678 944 2713 Χρυσῆς

152 2729 272 2764 πόρτης,
288 2729 377 2755 ἐλπίσι
392 2727 530 2762 μετέωρος
544 2725 582 2753 ὣν
590 2725 709 2760 ἀπονητὶ
718 2724 824 2760 ταύτην
837 2724 945 2756 πάντως

154 2775 237 2802 ἑλεῖν.
260 2774 337 2801 Ἐπεὶ
353 2774 381 2800 δὲ
393 2773 442 2808 τήν
459 2781 487 2798 τε
502 2772 557 2798 τῶν
575 2772 672 2807 τοίχων
689 2770 730 2807 [Ρ.
749 2770 810 2806 567]
825 2770 945 2805 κατέμα-

153 2822 202 2848 Οεν
217 2820 370 2855 ὀχυρότητα
382 2820 431 2854 τήν
459 2827 488 2845 τε
511 2819 543 2844 ὲκ
558 2817 604 2844 τοῦ
621 2817 740 2851 πλήθους
754 2816 800 2842 καὶ
822 2815 876 2842 τῶν
893 2824 944 2841 πε-

154 2867 295 2902 τροϐόλων
321 2865 484 2900 ἀσφάλειαν,
503 2864 557 2890 τῶν
585 2863 704 2897 ἐλπίδωνΔ
725 2862 838 2897 σφαλεὶς
863 2863 891 2888 ἐν
906 2861 945 2897 τῷ

998 2357 1169 2384 ademerunt.

1035 2489 1095 2516 6—7.
1115 2488 1207 2516 Mense
1218 2487 1343 2522 Augusto
1363 2486 1482 2522 Symcon
1496 2485 1631 2520 Bulgaria:
1648 2485 1788 2520 princeps,

1000 2535 1178 2572 expeditione
1189 2533 1324 2561 adversus
1341 2534 1481 2561 Romanos
1496 2539 1559 2559 cum
1570 2539 1720 2559 numeroso
1736 2531 1791 2558 for-

1000 2583 1076 2618 tique
1093 2581 1217 2609 excreitu
1235 2585 1361 2615 suscepta
1376 2602 1382 2614 ,
1407 2580 1567 2615 Byzantium
1582 2578 1672 2613 petit;
1692 2577 1790 2604 obses-

1000 2637 1084 2664 saque
1102 2628 1181 2659 urbe,
1201 2627 1339 2661 ductoque
1354 2635 1369 2653 a
1383 2625 1541 2653 Blachernis
1558 2625 1591 2652 ad
1617 2629 1723 2659 portam
1744 2631 1789 2650 us-

998 2683 1064 2710 que,
1085 2675 1130 2701 cui
1150 2673 1249 2701 Aureae
1271 2681 1385 2705 nomen,
1404 2672 1486 2704 vallo,
1509 2671 1571 2706 eius
1588 2671 1701 2698 omnino
1715 2670 1788 2696 facili

999 2721 1110 2754 negotio
1129 2720 1254 2756 potiundi
1272 2728 1319 2755 spe
1343 2720 1431 2748 elatus
1454 2723 1523 2746 erat.
1556 2718 1704 2746 Enimvero
1724 2723 1789 2751 per-

1000 2772 1092 2803 specta
1106 2774 1247 2794 murorum
1265 2766 1393 2793 firmitate
1410 2765 1559 2802 populique
1576 2772 1607 2792 ac
1620 2768 1788 2790 armatorum

999 2812 1188 2845 multitudine,
1204 2820 1255 2839 nec
1266 2819 1319 2839 non
1333 2811 1494 2839 balistarnm
1508 2810 1597 2845 copia.
1609 2816 1657 2844 spe
1674 2808 1788 2836 frustra-

1002 2865 1064 2891 tus,
1085 2859 1118 2886 λι]
1146 2858 1319 2886 llebdomum
1346 2858 1418 2893 quod
1443 2861 1540 2884 vocant
1563 2863 1691 2884 reversus
1712 2854 1788 2890 pacis

800 2908 915 2935 VARI!
935 2905 1138 2935 [.ECTIONES.

189 2960 211 2976 ³⁸
225 2958 283 2995 καὶ]
300 2956 381 2993 ἦλθεν
395 2958 441 2983 καὶ
454 2956 484 2983 Ρ.
517 2955 536 2971 ³¹
557 2955 697 2989 ὠνόμαζεν
716 2955 743 2982 i‘.

320 3006 457 3036 PATKOL.
475 3003 533 3035 Gn.
552 3002 628 3034 CIX.

793 2955 813 2969 η
831 2954 892 2980 εδειῗ
936 2954 957 2969 ³³
975 2952 1163 2986 Βυλλταρίαέῖ

1527 2999 1563 3029 30
