2009 3164
233 216 286 248 M3

867 205 1027 237 GEORGII
1048 203 1222 235 MONACHI

1818 195 1868 229 ιιι

232 273 302 300 alius
317 270 523 302 conculcarent,
544 269 611 296 alios
634 268 728 295 hostes
745 265 925 302 perimerent,
948 268 1023 292 tanta

1091 269 1128 286 ων
1143 258 1390 294 συμπατουμένων,
1403 256 1456 283 τῶν
1470 255 1498 282 δὲ
1509 255 1563 282 ὑπὸ
1576 253 1630 281 τῶν
1642 253 1782 288 πολεμίων
1794 253 1868 280 ἀναι-

234 319 377 347 Ιιοιιτίηυιη
397 323 487 353 strage
506 321 607 351 quanta
634 322 683 342 nec
705 322 720 341 a
744 306 845 340 saeculo
862 311 957 339 audita
970 316 1022 338 est.

234 366 290 392 Leo
314 364 481 392 domesticus
507 364 534 390 in
563 360 752 388 Mesembriam
781 366 877 394 sospes
897 362 1025 392 receptus

234 415 288 438 cst.
304 409 498 445 Prmter882
507 409 576 436 alios
589 414 656 435 vero
672 407 700 434 in
716 413 814 442 pugna:
831 403 1025 440 congressione

236 462 351 485 necatus
368 461 410 483 est
423 455 620 483 Constantinus
638 452 704 480 Afer
719 457 748 479 et
766 452 887 479 Joannes
909 449 1023 484 Grapsol

237 504 337 538 aliique
356 502 511 530 officialium
528 507 730 536 procerumque
742 498 896 534 perplures.

274 550 316 576 lil.
343 549 439 576 Missus
462 548 552 575 fuerat
577 552 604 574 et
627 547 768 574 Romanus
782 545 913 580 patricius
930 544 1025 578 reique

238 595 341 622 navalis
370 593 536 628 drungarius
557 600 620 619 cum
646 591 721 619 omni
742 591 840 622 classe,
863 593 893 617 ut
907 587 1025 616 Danubii

238 642 331 668 littora
345 641 447 675 legeret
460 638 581 666 achoni
591 638 689 666 Phoceu
702 636 842 672 suppetias
859 635 928 662 iret:
947 635 1027 662 Joan-

239 694 289 713 nes
308 687 372 713 item
386 685 483 720 Bogas,
504 684 544 711 uti
560 683 664 710 dictum
680 687 731 714 est,
745 682 793 717 qui
804 681 964 709 Patzinacas
979 680 1028 707 ad-

239 734 363 761 duceret.
392 732 531 758 Bomanus
548 729 716 764 drungarius
729 728 755 755 in
767 727 902 755 mandatis
916 733 1029 761 accepe<

241 784 283 807 rat
297 783 325 805 ut
340 786 388 805 eos
399 777 546 805 adversum
563 776 695 811 Bulgaros
708 773 810 802 auxilio
822 773 930 800 futurus
944 771 1028 799 Leoni

242 826 340 854 l‘liocec
361 824 507 859 trajiceret.
527 822 675 856 Versisquc
700 821 739 847 eis
761 821 788 847 in
804 819 917 847 dissidia
932 818 1030 846 verbo-

242 879 358 907 rumque
370 869 561 898 contentiones
571 888 578 901 ,
595 868 720 895 videntes
735 867 895 894 Patziuaces
905 865 944 893 sic
958 865 1030 892 inter

289 917 429 946 discordes
445 920 527 951 atque
546 914 676 946 rixantes,
694 913 805 940 domum
825 911 942 939 rediere.

279 1051 323 1078 18.
346 1051 405 1078 lam
419 1057 485 1077 vero
501 1049 579 1076 (inito
595 1049 679 1078 bello,
705 1055 736 1074 ac
756 1046 952 1074 tumBomano
974 1049 1031 1070 tum

245 1098 316 1133 Baga
343 1096 372 1124 in
400 1095 496 1123 urbem
524 1095 654 1126 reversis,
675 1101 771 1121 eorum
791 1096 865 1119 mota
882 1098 964 1119 causa
978 1094 1030 1117 est.

243 1144 376 1179 Adeoque
402 1142 429 1170 in
457 1146 563 1170 tantum
585 1140 700 1169 Romani
717 1138 860 1174 drungarii
878 1137 1032 1174 periculum

246 1190 371 1218 adductm
387 1197 441 1222 res,
460 1187 657 1216 utamissionis
667 1186 802 1214 luminum
820 1193 901 1220 pccna
914 1184 953 1212 illi
976 1188 1033 1211 sta-

247 1243 305 1266 tuta
315 1238 361 1270 sit,
373 1237 448 1265 velut
461 1236 508 1271 qui
520 1235 685 1276 negligentia
699 1242 748 1261 seu
760 1233 854 1269 potius
869 1232 953 1260 animi
964 1239 1035 1267 .pra-

247 1283 383 1312 vitate'ac
403 1282 526 1317 nequitia
547 1281 708 1309 Patzinacas
727 1287 782 1307 non
808 1278 971 1314 traiecisset,
987 1276 1034 1305 sed

247 1339 276 1358 se
294 1330 376 1358 citius
392 1329 587 1360 subduxisset,
604 1335 636 1354 ac
649 1335 683 1354 ne
700 1326 837 1361 fugientes
850 1324 961 1360 quidem
979 1324 1033 1350 Ro-

249 1383 345 1405 manos
371 1376 398 1403 in
420 1375 539 1402 navibus
564 1373 725 1408 recepisset.
751 1373 790 1399 Ac
813 1371 850 1398 ita
870 1374 945 1398 certe
969 1370 1038 1398 luis-

206 1439 212 1445 -
248 1428 301 1456 set,
322 1422 376 1450 nisi
405 1420 586 1449 Constantino
612 1419 736 1455 Gongulo
762 1423 790 1446 et
814 1417 954 1452 Stephano
981 1424 1038 1444 ma-

248 1470 358 1505 gistro.
384 1476 438 1503 qua
461 1466 534 1503 apud
566 1467 716 1502 Augustam
744 1472 851 1493 summa
875 1463 1038 1492 auctoritate

249 1515 399 1551 pollebant,
417 1513 625 1541 connitentibus
636 1512 663 1540 in
676 1511 845 1540 contrarium
857 1510 911 1538 lata
926 1514 1039 1538 senten-

251 1563 287 1589 tia
300 1561 338 1589 illi
350 1569 427 1588 versa
441 1564 524 1588 esset.

286 1608 330 1635 l9.
356 1606 479 1642 Bulgaris
492 1610 585 1634 autent
601 1612 649 1640 per
663 1604 690 1632 id
708 1609 815 1639 tempus
831 1603 945 1631 victoria
960 1602 1041 1630 elatis

1081 307 1229 341 ρουμένων,
1244 305 1360 340 αἵματός
1378 313 1407 331 τε
1425 303 1502 338 χύσις
1521 302 1565 329 οἵα
1575 301 1606 334 ἔξ
1622 301 1721 332 αἰῶνος
1734 300 1787 327 οὐκ
1809 300 1868 334 ἐγέ-

1079 361 1149 380 νετο.
1174 352 1251 379 Λέων
1273 353 1287 378 ὁ
1312 350 1473 387 δομέστικος
1504 350 1534 376 ὲν
1559 346 1729 383 Μεσημϐρίᾳ
1753 346 1868 381 διεσώθη

1080 397 1182 433 φυγών.
1207 397 1331 432 Ἑσφάγη
1347 397 1376 423 δὲ
1399 395 1468 432 πρὸς
1488 396 1544 426 τοῖς
1560 393 1652 425 ἄλλοις
1666 393 1696 420 ἐν
1708 393 1742 428 τῇ
1759 391 1808 418 τοῦ
1822 400 1869 418 τοο-

1080 445 1164 480 λέμου
1184 444 1307 480 συμὸολῇ
1322 443 1370 470 καὶ
1387 442 1593 472 Κωνσταντῖνος
1609 440 1624 467 ὁ
1642 438 1698 474 Λὶψ
1714 438 1762 465 καὶ
1784 438 1870 464 Ἰωὰν-

1080 499 1129 526 νης
1144 491 1158 517 ὁ
1173 491 1289 526 Γράψων
1301 490 1347 517 καὶ
1358 489 1433 516 ἄλλοι
1444 488 1497 515 τῶν
1512 487 1651 522 ἀρχόντων
1666 485 1766 512 ἱκανοί.

1118 537 1162 570 ιζ’.
1181 537 1334 571 Ἀπεστάλη
1348 536 1376 562 δὲ
1403 535 1465 562 τότε
1490 534 1538 561 καὶ
1558 532 1702 568 Ῥωμανὺς
1728 529 1871 565 πατρίκιος

1082 583 1129 610 καὶ
1147 583 1329 618 δρουγγάριος
1347 581 1386 608 ὣν
1399 580 1454 608 τῶν
1468 580 1601 614 πλωῖμων
1623 578 1693 614 μετά
1706 576 1810 608 παντὸς
1826 575 1870 602 τοῦ

1082 628 1177 654 στόλου
1189 628 1217 654 ὲν
1228 627 1266 663 τῷ
1280 626 1419 661 Δανουὸίῳ
1436 624 1551 660 ποταμῷ
1568 623 1712 659 βοηθήσων
1727 621 1825 648 Λέοντι
1835 619 1871 654 τῷ

1081 674 1163 709 Φωκᾷ
1177 682 1183 688 ·
1204 673 1272 702 ἀλλὰ
1285 673 1332 699 καὶ
1353 673 1481 707 Ἰωάννης
1496 671 1510 696 ὁ
1528 671 1617 704 Βογᾶς
1632 669 1802 702 καταγαγεῖν
1817 666 1871 693 ιια-

1082 720 1223 753 τξίνακας,
1250 719 1287 751 ὡς
1310 718 1485 754 προείρηται,
1500 716 1694 746 κελευσθέντος
1713 714 1762 740 τοῦ
1781 713 1874 748 δρουγ-

1083 766 1180 802 γαρίου
1201 764 1343 800 Ῥωμανοῦ
1360 764 1525 800 διαπερᾶσαι
1538 762 1650 793 τούτους
1673 760 1746 787 κατὰ
1762 758 1875 792 Bouhi-

1085 821 1149 848 ρων,
1169 811 1240 838 ὥστε
1260 811 1442 846 συμμαχῆσαι
1457 811 1551 837 Λέοντι
1562 809 1655 844 Φωκᾷ.
1680 805 1824 842 Ῥωμανοῦ
1849 804 1874 830 δὶ

1084 858 1131 885 καὶ
1153 857 1278 884 Ἰωάννου
1297 856 1344 884 τοῦ
1359 857 1432 891 Βογᾶ
1452 858 1492 887 εἰς
1520 855 1612 892 ἔριδας
1637 854 1685 881 καὶ
1708 852 1874 886 λογομαχίας

1086 903 1220 937 ἐλθόντες,
1235 903 1353 938 ὁρῶντες
1367 903 1467 934 αὐτοὺς
1478 903 1504 929 οἱ
1525 901 1694 934 [Ιατζίνακοι
1711 899 1782 934 πρὸς
1798 896 1876 930 ἀλλή-

1085 951 1147 983 λους
1163 951 1380 987 διαμαχομένους
1401 950 1449 977 καὶ
1468 948 1665 982 στασιάζοντας
1692 944 1877 980 ὑπεχώρησαν

1084 998 1123 1030 εἰς
1135 997 1169 1024 τὰ
1187 997 1251 1024 ἴδια.

1121 1042 1166 1077 ιη’.
1190 1044 1244 1070 Τοῦ
1259 1043 1380 1079 πολέμου
1394 1042 1423 1069 δὲ
1448 1042 1499 1077 ἥδη
1514 1041 1591 1073 τέλος
1604 1038 1738 1070 λαὸόντος
1748 1037 1797 1063 καὶ
1815 1037 1878 1063 ὑπο-

1085 1090 1259 1126 στρεψάντων
1275 1090 1303 1115 ὲν
1328 1090 1362 1124 τῇ
1382 1088 1459 1115 πόλει
1478 1087 1524 1114 τοῦ
1552 1095 1581 1113 τε
1603 1084 1746 1121 Ῥωμαιθοῦ
1771 1082 1820 1110 καὶ
1833 1081 1876 1108 τοῦ

1086 1137 1168 1171 Βο-(Ξ,
1183 1136 1219 1163 τὰ
1240 1135 1298 1162 κατ’
1322 1135 1413 1162 αὐτῶν
1428 1134 1608 1170 ἐκινήθησαν,
1625 1133 1673 1160 καὶ
1697 1132 1737 1162 εἰς
1753 1129 1878 1157 τοσοῦτον

1085 1183 1207 1210 κίνδυνον
1232 1182 1278 1210 τὸν
1312 1181 1496 1218 δρουγγάριον
1518 1180 1662 1216 Ῥωμανδν
1694 1178 1879 1213 περιέστησαν

1085 1230 1156 1258 ὥστε
1172 1229 1411 1262 καταδικάζουσαν
1426 1228 1518 1264 ψῆφον
1535 1228 1701 1263 ἀνήνεγκαν,
1715 1225 1772 1251 τῶν
1782 1222 1879 1258 ὀφθαλ-

1088 1277 1146 1313 μῶν
1162 1276 1329 1312 στερηθῆναι
1353 1276 1391 1308 ὼς
1408 1275 1535 1313 ἀμελείᾳ,
1555 1274 1656 1310 μᾶλλον
1679 1273 1708 1299 δὲ
1726 1269 1879 1306 κακουργίᾳ

1089 1311 1126 1358 μὴ
1141 1311 1344 1357 διαπεράσαντα
1364 1321 1426 1353 τοὺς
1444 1311 1629 1352 Πατζινακας,
1648 1318 1706 1346 ἀλλ’
1736 1317 1880 1352 ὑποχωρή-

1089 1378 1174 1396 σαντα
1188 1368 1284 1403 τάχιον
1295 1370 1342 1395 καὶ
1360 1367 1429 1402 μηδὲ
1441 1367 1505 1398 τοὺς
1521 1366 1672 1401 φεύγοντας
1693 1364 1841 1400 Ῥωμαίων
1853 1363 1880 1388 ὲν

1088 1417 1145 1447 τοῖς
1162 1414 1265 1446 πλοίοις
1279 1414 1488 1449 ὑποδεξάμενον.
1508 1413 1562 1439 Καὶ
1580 1411 1661 1438 τοῦτο
1677 1411 1710 1438 ἂν
1727 1410 1750 1425 ³⁷
1766 1409 1883 1436 insuev-

1090 1462 1141 1496 θει,
1157 1463 1182 1488 εὶ
1195 1462 1234 1498 μὴ
1252 1461 1327 1497 παρὰ
1342 1460 1549 1488 Κωνσταντίνου
1565 1458 1703 1494 Γογγύλου
1717 1457 1766 1484 καὶ
1777 1455 1882 1490 Στεφά-

1090 1517 1136 1536 νου
1153 1508 1200 1535 τοῦ
1218 1508 1382 1543 μαγίστρου,
1402 1507 1440 1539 ὡς
1456 1505 1616 1541 δυναμένων
1629 1505 1705 1540 παρὰ
1722 1505 1758 1540 τῇ
1776 1503 1882 1537 Αὐγού-

1092 1563 1142 1590 στῃ
1156 1554 1252 1587 πολλὰ,
1268 1555 1302 1581 τὰ
1317 1555 1369 1588 τῆς
1381 1552 1532 1588 καταδίκης
1544 1552 1698 1587 ἀνετράπη.

1129 1599 1173 1636 [Ρ.
1187 1600 1251 1635 570]
1266 1599 1308 1627 ιϐ’.
1328 1600 1389 1626 Τῶν
1403 1599 1432 1626 δὲ
1449 1599 1614 1634 Βουλγάρων
1627 1596 1757 1633 τηνικάδε
1773 1597 1809 1632 τῇ
1823 1595 1884 1631 νίκῃ

250 1655 285 1682 ad
299 1654 440 1688 ipsamque
453 1652 550 1679 urbem
569 1650 792 1682 excurrentibus,
810 1657 939 1685 egressus
951 1648 978 1676 in
992 1655 1037 1676 eos

1092 1647 1320 1684 κατεπαρθέντων
1338 1647 1385 1674 καὶ
1400 1645 1660 1682 ἐκστρατευσάντων
1674 1644 1757 1679 μέχρι
1773 1643 1826 1677 τῆς
1839 1642 1885 1668 πάν

250 1705 293 1728 est
301 1700 356 1727 Leo
370 1699 508 1734 legionum
517 1697 686 1725 domesticus
695 1700 723 1723 et
732 1696 852 1724 Joannes
862 1695 945 1731 883
955 1695 1040 1723 hetae-

252 1745 371 1778 riarcha,
386 1744 524 1778 Ducisque
541 1743 614 1770 ﬁlius
630 1742 769 1774 Nicolaus,
790 1742 818 1768 in
844 1742 935 1769 locum
958 1748 1039 1776 quem

250 1793 408 1826 Catasyrtas
428 1794 538 1822 vocant,
562 1795 626 1816 cum
650 1787 809 1823 ingentibus
824 1786 928 1822 copiis;
943 1791 1041 1814 noctu-

252 1845 307 1873 que
328 1845 362 1864 ex
383 1835 534 1871 improviso
561 1833 733 1862 irruentibus
758 1833 786 1860 in
806 1841 854 1861 eos
871 1833 996 1868 Bulgaris
1009 1840 1041 1860 ac

253 1882 405 1911 domestico
413 1882 441 1909 in
453 1881 544 1917 mgam
557 1887 648 1912 verso,
660 1879 787 1907 Nicolaus
798 1879 881 1906 Ducis
893 1879 966 1906 ﬁlius
977 1886 1040 1906 cum

253 1929 315 1959 aliis
328 1929 424 1957 multis
436 1928 545 1957 occisus
560 1932 611 1956 est.

287 2022 332 2049 οο.
360 2021 523 2049 Theodorus
543 2021 636 2056 itaque
665 2020 842 2049 Constantini
865 2021 1043 2056 imperatoris

254 2067 428 2102 pmdagogus,
439 2067 650 2095 Constantinum
663 2067 851 2095 accubitorcm
863 2067 916 2095 hoc
924 2067 1043 2096 molien-

255 2118 310 2141 tem
328 2113 549 2141 animatlvertens
569 2117 600 2140 ut
616 2113 762 2148 imperium
779 2113 806 2141 in
826 2114 947 2142 Leonem
961 2122 1042 2142 suum

255 2167 288 2185 cx
302 2166 395 2186 sorore
419 2158 527 2187 amnem
543 2159 714 2191 transferret,
727 2159 907 2187 Constantino
925 2160 1044 2196 impera-

257 2204 309 2232 tori
325 2209 422 2232 auctor
442 2209 485 2232 cst
506 2209 536 2233 ut
549 2205 708 2233 Romanum
725 2205 906 2241 drungarium
921 2212 1044 2234 assumat

255 2250 333 2277 velut
345 2249 412 2277 olim
428 2249 516 2284 patris
533 2257 643 2277 servum
659 2250 808 2285 ingenuum
836 2251 966 2286 illiusque
980 2260 1044 2287 pro-

253 2303 338 2332 pensa
354 2295 495 2323 voluntate
505 2295 624 2324 amicum
638 2304 671 2324 ac
684 2297 849 2329 studiosum,
863 2302 894 2326 ut
908 2305 969 2325 cum
984 2299 1044 2334 ipso

255 2345 374 2372 maneat,
401 2345 550 2376 custosque
572 2346 601 2370 et
624 2342 725 2370 vindex
755 2347 837 2378 atque
859 2343 1001 2377 defensor,
1017 2344 1044 2371 in

254 2387 476 2421 quibusneeesse
486 2387 624 2420 habuerit,
642 2389 681 2417 illi
697 2389 821 2418 exsistat.
838 2390 876 2419 De
891 2391 936 2419 his
950 2391 1043 2427 itaque

254 2434 327 2462 haud
350 2441 413 2462 raro
437 2434 627 2471 interpellatus
645 2436 785 2464 Romanus
801 2437 945 2466 abnuerat.
968 2437 1042 2471 Qua-

254 2484 366 2515 propter
385 2479 582 2509 Constantinus
604 2481 662 2516 ipse
688 2482 840 2517 imperator
860 2471 1044 2519 littoras'pro-

254 2525 313 2560 pria
328 2533 410 2553 manu
428 2531 555 2554 cxaratas
585 2527 842 2563 subscriptioneque
855 2529 988 2561 ﬁrmatas,
1007 2530 1041 2558 ad

254 2578 318 2598 eum
334 2571 438 2602 mittit;
467 2571 569 2607 quibus
586 2572 632 2600 ille
655 2573 682 2600 in
708 2581 808 2601 manus
821 2574 952 2609 acceptis,
970 2575 1043 2602 Con-

254 2617 404 2645 stantinum
417 2618 603 2646 accubitorem
616 2619 731 2655 ejusque
747 2620 842 2648 aﬂines
851 2628 883 2648 ea
896 2628 926 2649 se
938 2628 1045 2657 aggres-

253 2671 350 2690 surum
367 2663 494 2691 cautione
508 2665 536 2692 in
553 2673 583 2692 se
598 2666 713 2700 recepit.

289 2711 335 2739 3L
362 2711 428 2746 Ejus
446 2710 539 2747 itaque
565 2712 605 2740 rei
623 2712 677 2740 late
704 2720 870 2750 pervagante
885 2715 968 2748 fama,
980 2724 1043 2744 cum

254 2758 398 2786 accubitor
414 2758 569 2786 Romanum
591 2763 702 2794 urgeret
717 2765 748 2787 ut
767 2768 829 2788 cum
853 2761 940 2790 classe
960 2762 1045 2797 proli-

254 2804 414 2836 ciscerctur,
440 2804 606 2832 causabatur
627 2805 672 2832 ille
688 2813 719 2833 ac
736 2806 883 2835 excusabat
897 2815 952 2835 non
963 2815 1045 2843 posse

257 2857 286 2875 se
311 2850 370 2877 vela
398 2851 488 2877 ventis
513 2851 577 2879 dare
593 2859 625 2879 ac
637 2852 814 2888 abnavigare,
830 2861 893 2881 cum
920 2855 1045 2882 nonduin

288 2941 310 2956 ετ
327 2939 369 2976 ἂν]
383 2940 433 2975 μὲν
448 2941 480 2968 ι).

1094 1695 1173 1726 λεως,
1189 1693 1302 1728 ἐξῆλθεν
1317 1693 1393 1720 Λέων
1411 1693 1425 1720 ὁ
1450 1691 1611 1728 δομέστικος
1635 1690 1691 1718 τῶν
1706 1689 1814 1726 σχολῶν
1839 1688 1884 1715 καὶ

1099 1740 1227 1776 Ἰωάννης
1239 1740 1432 1775 ὲταιρειάρχης
1448 1738 1494 1766 καὶ
1504 1738 1640 1769 Νικόλαος
1655 1738 1669 1764 ὁ
1683 1737 1741 1768 υῑὺς
1757 1736 1806 1763 τοῦ
1818 1737 1882 1762 Δου-

1094 1786 1142 1819 κὺς
1156 1787 1196 1818 εἰς
1206 1787 1302 1831 χῶρον
1313 1785 1444 1822 Θρᾳκῷον
1457 1785 1530 1813 οὕτω
1543 1785 1689 1821 λεγόμενον
1700 1782 1882 1818 Κατασύρτας

1095 1834 1154 1870 ἃμα
1184 1834 1304 1870 πλείστῳ
1323 1834 1381 1869 λαῷ
1406 1833 1477 1861 κατὰ
1493 1832 1668 1868 Βουλγάρων.
1692 1831 1734 1866 Τῇ
1755 1831 1784 1857 δὲ
1807 1831 1883 1857 νυκτὶ

1095 1882 1235 1917 ἀδοκήτως
1254 1882 1441 1909 ἐπιπεσόντων
1467 1880 1560 1911 αὐτοῖς
1575 1879 1628 1906 τῶν
1656 1877 1824 1913 Βουλγάρων
1838 1878 1884 1903 καὶ

1096 1928 1144 1955 τοῦ
1169 1927 1332 1963 δομεστικου
1356 1927 1490 1962 φυγόντος
1517 1926 1625 1961 ἐσφάγη
1644 1925 1779 1956 Νικόλαος
1794 1925 1809 1952 ὁ
1828 1924 1884 1956 υἱὸς

1095 1975 1143 2001 τοῦ
1158 1975 1258 2006 Δουκδς
1270 1975 1317 2000 καὶ
1333 1973 1428 2001 πολλοὶ
1437 1973 1526 2009 ἕτεροι
1544 1973 1605 2007 μετ’
1620 1970 1715 1998 αὐτοῦ.

1132 2019 1168 2048 κ’.
1182 2020 1320 2055 Θεόδωρος
1345 2019 1391 2047 οὖν
1413 2019 1426 2046 ό
1448 2018 1496 2045 τοῦ
1523 2017 1654 2054 βασιλέως
1677 2016 1883 2044 Κωνςταντίνου

1097 2065 1272 2100 παιδαγωγὸς
1299 2065 1371 2102 ὁρῶν
1396 2065 1602 2092 Κωνσταντίνον
1634 2063 1885 2099 παρακοιμώμενον

1097 2114 1137 2145 εὶς
1149 2113 1252 2139 Λέοντα
1266 2112 1312 2138 τὸν
1326 2111 1391 2138 ῐόιον
1417 2110 1543 2146 γαμΰρδν
1563 2110 1615 2144 τὴν
1633 2108 1776 2144 βασιλείαν
1793 2115 1886 2143 6:35:5-

1099 2158 1253 2194 ριζόμενον,
1271 2157 1393 2193 ὑπέθηκε
1407 2155 1606 2192 Κωνσταντίνῳ
1620 2155 1727 2191 βασιλεῖ
1748 2155 1885 2190 Ῥωμανδν

1097 2204 1278 2241 δρουγγάριον
1295 2203 1482 2240 προϐαλέσθαι
1497 2203 1533 2235 ὡς
1544 2203 1678 2238 πατρικὸν
1696 2201 1783 2229 αὐτοῦ
1797 2202 1886 2230 δοῦλον

1097 2252 1145 2278 καὶ
1165 2250 1262 2278 εὔνουν
1285 2250 1319 2277 τὰ
1344 2250 1414 2286 πρὸς
1431 2250 1522 2283 αὑτὸν,
1538 2250 1575 2282 ὼς
1592 2249 1625 2276 ἂν
1677 2248 1726 2275 σὺν
1740 2249 1828 2284 αὐτῷ,
1844 2249 1887 2274 καὶ

1098 2298 1288 2332 διαφυλάττειν
1315 2297 1407 2329 αὐτὸν,
1427 2297 1477 2324 καὶ
1490 2297 1519 2322 ὲν
1533 2294 1573 2327 οἷς
1588 2295 1621 2322 ἂν
1637 2295 1725 2322 δέοιτο
1746 2295 1886 2330 σύμμαχον

1061 2332 1084 2362 ί)
1098 2343 1171 2379 ἔχειν
1198 2343 1245 2370 καὶ
1272 2342 1378 2378 βοηθόν.
1395 2341 1529 2374 Πολλάκις
1548 2340 1594 2368 οὖν
1613 2341 1678 2376 περὶ
1692 2339 1790 2367 τούτου
1807 2340 1887 2374 λαλη-

1098 2389 1155 2421 Θεὶς
1179 2389 1320 2424 Ῥωμανὺς
1338 2388 1483 2415 ἀπείπατο.
1509 2387 1706 2424 Γραμματεῖον
1718 2384 1767 2413 οὖν
1780 2387 1795 2413 ό
1815 2386 1887 2420 βασι-

1097 2436 1160 2468 λεὺς
1188 2436 1394 2467 Κωνσταντῑνος
1421 2434 1575 2470 αὐτοχείρῳ
1600 2433 1773 2469 διαχαράξας
1798 2433 1885 2469 γραφῇ

1097 2482 1147 2510 καὶ
1175 2482 1324 2517 ὑπογραφῇ
1352 2480 1600 2516 διασφαλισάμενος
1623 2478 1788 2506 ἀπέστειλεν
1807 2478 1885 2513 αὐτῷ.

1097 2530 1188 2565 Ὅπερ
1203 2524 1282 2561 οὗτος
1298 2528 1346 2554 ἐπὶ
1375 2528 1470 2562 χεῖρας
1491 2525 1583 2553 λαὸὼν
1601 2525 1736 2560 ὑπέσχετο
1755 2525 1806 2562 τὴν
1823 2525 1886 2552 κατὰ

1097 2575 1145 2603 τοῦ
1164 2574 1414 2611 παρακοιμωμένου
1430 2573 1637 2601 Κωνσταντίνου
1658 2573 1706 2599 καὶ
1722 2573 1779 2600 τῶν
1791 2580 1885 2606 συγγι-

1098 2623 1151 2650 νῶν
1161 2621 1245 2649 αὑτοῦ
1259 2621 1384 2648 ἐπίθεσιν
1399 2617 1451 2648 ὦδε
1465 2619 1640 2656 ποιήσασθαι.

1134 2714 1186 2741 κα⁷.
1205 2714 1261 2749 Τῆς
1289 2712 1384 2748 φήμης
1406 2711 1452 2739 οὖν
1469 2720 1571 2747 ταυτης
1589 2711 1764 2747 διαθεούσης,
1782 2711 1885 2738 καὶτοῦ

1098 2759 1350 2797 παρακοιμωμένου
1390 2758 1599 2785 Κωνσταντινου
1631 2758 1884 2791 καταναγκάζοντος

1103 2806 1244 2841 Ῥωμανδν
1259 2804 1424 2840 ἀποκινῆσαι
1439 2804 1509 2840 μετά
1529 2804 1576 2830 τοῦ
1593 2803 1699 2836 στόλον,
1714 2804 1797 2836 αὐτὸς
1810 2812 1881 2839 προε-

1099 2853 1230 2890 φασὶξετο
1243 2852 1382 2885 ἀδυνάτως
1393 2851 1466 2888 ἔχειν
1478 2851 1523 2879 τοῦ
1539 2851 1672 2878 ἀποπλεῖν
1682 2851 1721 2887 μὴ
1735 2851 1785 2879 τοῦ
1798 2851 1880 2878 στόλοι

895 2913 1011 2941 νΑιιιΕ
1023 2913 1226 2943 LECTIONES.
