2009 3164
234 195 286 228 951

867 195 1028 226 GEORGII
1044 196 1216 227 MONACHI

1777 193 1867 232 .959.

232 259 332 279 manus
345 250 521 286 imperatoris
536 255 614 286 pater
627 251 687 286 ejus
711 251 751 279 rei
771 251 883 280 nomine
898 253 1019 289 indigna-

1079 252 1176 289 γνώμῃ
1196 253 1274 280 τοῦτο
1312 252 1511 288 πεποιηκότες,
1539 251 1579 283 ὡς
1602 248 1796 286 ἀγανακτῆσαι
1825 251 1868 278 ἐπὶ

231 303 277 326 tus
292 297 337 325 sit.

266 344 310 370 5|.
333 342 425 370 Hense
444 343 568 379 Augusto
582 343 697 371 detectae
718 343 893 373 Constantini
913 345 1022 373 Clema‘

231 389 292 421 lini,
308 388 420 416 Davidis
442 388 596 416 Camuliani
614 395 642 417 et
664 390 805 418 Michaelis
829 399 1021 427 mangarorum

229 435 368 463 curatoris
390 435 507 463 insidiae.
533 436 585 469 Qui
609 436 772 465 verberibus
789 437 907 470 subacti,
929 438 1022 465 bonis-

229 488 284 515 que
296 480 443 515 publicatis
460 489 509 516 per
525 481 643 509 mediam
660 483 758 511 urbem
773 491 872 518 pompa
887 484 1020 517 traducti.

228 526 327 553 exsilio
356 526 469 562 relegati
499 532 574 555 sunt.
595 528 739 556 Adductus
756 533 784 556 et
809 529 865 556 Leo
890 530 1022 565 magister

229 579 262 599 ac
280 573 420 608 legionum
447 573 618 602 domesticus
639 575 668 602 in
698 575 794 602 urbem
806 596 813 608 ,
831 576 961 611 muloque
980 577 1022 603 in-

229 618 323 646 sidens
350 619 508 654 ignominiae
533 628 616 648 causa
640 628 689 655 per
719 621 840 648 medium
856 622 947 649 forum
967 626 1022 649 tra-

191 668 193 670 ’
229 663 340 692 ductus.

265 722 360 750 32-35.
382 722 455 756 Quin
469 727 497 749 et
510 723 565 750 Zoe
583 724 702 759 Augusta
715 724 887 759 deprehensa
905 726 1020 753 Romani

230 765 292 793 vitae
325 773 374 801 per
398 767 475 794 cibos
506 767 658 796 medicatos
687 770 771 804 890
801 770 948 804 insidiari,
973 780 1022 807 per

230 810 409 840 Theocletem
435 812 542 840 servitii
572 813 711 841 notarium
738 815 897 843 instructos.
933 815 1022 849 Quare

229 855 303 884 hanc
332 864 444 892 quoque
467 857 529 885 aula
561 858 695 893 deiectam
718 859 802 894 inque
826 860 947 888 Petrium
976 861 1022 888 ab-

229 902 341 930 ductam
367 903 396 930 in
418 908 519 931 sanetae
545 905 707 940 Euphemia:
731 906 898 933 monasterio
923 906 1022 935 deton-

229 949 340 976 derunt.
475 930 517 931 HW
545 930 705 975 Ῠηῗή--ήηή
731 930 896 933 "qva-""-
924 930 1005 935 v‘wn
1037 930 1060 958 Β

264 1008 308 1035 54.
335 1007 468 1035 lnvitatos
486 1015 554 1036 vero
569 1008 603 1036 ad
619 1009 766 1044 prandium
788 1018 803 1037 a
815 1010 1021 1047 Theophylacto

228 1053 345 1088 patricio
363 1057 391 1081 et
410 1053 510 1080 stabuli
529 1054 630 1081 comite
655 1053 830 1081 Theodorum
847 1054 1021 1083 Constantini

227 1099 403 1134 imperatoris
411 1099 590 1135 paedagogum
601 1100 716 1136 ejusque
730 1099 844 1127 fratrem
857 1100 1020 1136 Symeonem

225 1146 370 1181 ingressus
382 1145 560 1173 excubiarum
580 1146 756 1181 drungarius,
773 1146 896 1174 Curcuas
912 1155 1020 1174 nuncu-

226 1194 319 1225 patus.
341 1197 404 1217 cum
420 1190 507 1217 multo
521 1190 662 1222 satellitio.
681 1197 806 1226 arreptos
821 1193 897 1219 velut
920 1193 1020 1221 adver-

226 1241 275 1261 sus
300 1234 453 1261 Romanum
477 1234 678 1268 machinantes,
700 1235 733 1263 ad
755 1235 896 1271 Opsiclnm
917 1237 946 1264 in
964 1237 1021 1264 suis

228 1280 353 1314 ipsorum
371 1280 541 1308 suburbanis
556 1281 701 1316 relegavit.

261 1380 305 1407 55.
346 1380 447 1408 Mensis
482 1381 655 1417 Septembris
680 1382 725 1409 die
756 1383 888 1418 vigesima
921 1388 1019 1419 quarta

226 1427 368 1454 Romanus
390 1427 506 1455 Caesaris
523 1428 642 1455 donatur
658 1428 813 1464 dignitate;
835 1431 936 1457 mensis
954 1439 1020 1458 vero

226 1472 385 1500 Decembris
403 1472 447 1500 die
462 1472 571 1500 decimo
596 1474 723 1508 septimo,
738 1474 880 1502 Dominica
895 1475 1018 1509 Patrum,

225 1525 287 1552 qum
309 1524 351 1546 est
374 1523 438 1545 ante
455 1519 586 1553 natalem,
606 1519 742 1554 imperiali
760 1525 904 1548 stemmate
919 1530 933 1549 a
946 1522 1018 1550 Con-

225 1564 346 1591 stantino
364 1564 530 1599 imperatore
543 1569 570 1593 et
585 1566 697 1594 Nicolao
719 1567 875 1601 patriarcha
889 1568 1017 1595 donatur.

226 1610 307 1638 Sexta
333 1611 425 1646 itaque
454 1612 588 1644 Januarii,
615 1621 676 1648 qum
700 1613 759 1640 dies
775 1621 852 1641 sacra
868 1615 1017 1642 Luminum

226 1662 278 1689 est,
308 1666 422 1685 uxorem
449 1666 527 1685 suam
551 1659 726 1686 Theodoram
754 1660 896 1695 Augustali
915 1669 1018 1688 corona

225 1703 329 1736 donat;
368 1704 431 1731 Maii
468 1713 533 1732 vero
561 1705 668 1732 decima
699 1706 837 1740 septima,
867 1706 1018 1734 indictione

225 1749 333 1784 quinta,
352 1749 569 1785 Christophorus
586 1751 701 1778 Romani
718 1752 791 1779 ﬁlius
808 1752 958 1787 imperator
974 1761 1018 1780 sa-

225 1795 340 1828 lutatur,
372 1803 405 1822 ac
433 1796 478 1823 die
502 1801 602 1831 quarto
627 1804 709 1832 supra
734 1798 894 1834 vigesimum
923 1800 950 1827 in
973 1799 1018 1827 die

226 1847 323 1870 sancto
334 1842 513 1870 Pentecostes
525 1851 540 1870 a
562 1843 743 1872 Constantino
757 1845 923 1880 imperatore
937 1853 1018 1872 coro-

225 1891 325 1920 natur;
351 1887 488 1922 amboquc
512 1888 539 1914 hi
564 1889 615 1916 soli
638 1889 666 1915 in
690 1897 721 1916 ea
748 1887 847 1925 pompa
872 1898 1018 1925 processe-

225 1938 302 1962 runt.

262 1980 321 2007 1-2.
345 1980 428 2008 Junio
445 1984 537 2008 autem
554 1989 660 2015 mense,
684 1983 835 2011 indictione
849 1988 956 2016 octava,
972 1983 1018 2011 die

224 2026 379 2059 Dominico,
408 2026 479 2054 faeta
506 2027 634 2056 Ecclesia:
651 2028 739 2056 unitio
762 2033 805 2057 est
828 2030 951 2057 Romano
970 2037 1019 2056 au-

225 2078 320 2107 ctore,
344 2074 469 2109 unitique
499 2080 563 2102 sunt
593 2083 707 2108 omnes,
733 2076 913 2111 metropolitae
934 2076 1015 2111 891

225 2120 330 2155 pariter
343 2127 376 2147 ac
389 2120 494 2154 clerici,
511 2121 559 2156 qui
579 2129 593 2148 a
609 2121 722 2149 Nicolao
736 2126 763 2149 et
777 2122 924 2157 Euthymio
938 2121 1017 2149 scissi

225 2166 375 2194 schismate
392 2171 482 2194 erant.

261 2222 287 2248 5.
313 2221 416 2248 Octava
445 2222 600 2255 Februarii,
628 2223 777 2260 indiclione
803 2231 885 2256 nona,
904 2224 1016 2251 mittens

225 2266 367 2293 Romanus
386 2266 556 2301 Stephanum
569 2267 729 2295 Calomariae
746 2267 843 2300 ﬁlium,
855 2268 934 2304 quasi
947 2268 1015 2296 ³1Υο-
1033 2281 1054 2308 ο

224 2311 290 2337 ctati
316 2318 395 2337 reum
420 2311 552 2346 imperii,
585 2312 612 2339 in
639 2312 769 2348 Antigoni
800 2313 919 2341 insulam
945 2313 1017 2341 exsi—

224 2356 262 2384 lio
286 2357 407 2392 relegat,
433 2358 619 2393 detondelque
644 2361 809 2387 monachum
836 2368 900 2387 cum
927 2360 1017 2387 Theo-

224 2403 315 2438 phane
338 2403 465 2431 Tichiota
482 2409 510 2432 et
527 2405 612 2433 Paulo
627 2405 860 2441 Orphanotropho
874 2406 950 2434 illius
964 2407 1014 2434 do—

223 2457 360 2479 ITICSUCIS.

259 2551 286 2578 4.
320 2551 460 2582 Romanus
472 2553 632 2589 imperator,
649 2556 764 2584 solemni
782 2557 817 2585 ad
835 2558 1014 2586 tribunalium

226 2605 370 2632 processu,
387 2600 495 2628 cunctis
510 2600 567 2628 illic
585 2602 746 2630 cohortibus
767 2611 828 2631 cum
849 2605 932 2633 armis
950 2613 1016 2634 con~

223 2643 353 2678 gregatis,
379 2645 571 2681 recensitoque
592 2648 716 2675 exercitu
745 2655 859 2684 repente
874 2651 1015 2679 Romanus

222 2695 251 2717 et
265 2689 465 2719 Constantinus
486 2692 614 2721 celeriter
638 2694 672 2722 ad
695 2696 827 2730 palatium
849 2698 1013 2726 redierunt:

222 2735 332 2765 delatus
359 2737 432 2765 enim
461 2737 594 2767 Arsenius
618 2748 633 2768 a
663 2740 756 2769 Leone
778 2743 838 2778 ejus
861 2742 964 2772 faltlulo
987 2749 1015 2772 et

223 2782 326 2810 Paulus
341 2785 508 2820 manglabita
525 2785 641 2814 insidias
656 2791 780 2822 struere;
795 2797 881 2824 quare
892 2791 1015 2819 verberi-

225 2825 276 2853 Ilus
301 2828 409 2856 subacti
435 2830 571 2865 bonisque
602 2831 748 2866 publicatis
777 2835 875 2862 exsilio
902 2836 1013 2872 relegati

224 2876 299 2898 sunt.
314 2873 377 2900 Erat
400 2879 465 2902 tunc
486 2877 712 2906 administranda:
727 2879 884 2914 reipublicae
906 2883 1014 2917 adjutor

225 2923 258 2945 ac
275 2918 402 2946 minister
422 2922 536 2951 intimus
551 2924 672 2952 Joannes
693 2926 837 2961 presbyter
863 2934 964 2957 rector.
988 2930 1013 2958 ls

1074 300 1161 335 τούτῳ
1177 299 1225 325 καὶ
1241 299 1286 325 τὸν
1304 297 1527 333 βασιλεοπάτωρα
1549 296 1700 332 Ῥωμανόν.

1112 344 1154 381 [Ρι
1171 344 1234 380 574]
1253 345 1304 372 λα’.
1325 343 1473 378 Αὐγούστῳ
1503 343 1530 369 δὲ
1552 344 1618 378 μηνὶ
1638 345 1819 380 κατεμηνύθη
1835 345 1868 372 τὰ

1075 391 1125 426 τῆς
1153 390 1300 426 ἔπιὸουλῆς
1328 389 1535 416 Κωνσταντίνου
1556 389 1605 416 τοῦ
1629 390 1808 425 κτηματινοῦ
1824 392 1868 418 καὶ

1076 436 1159 463 Δαῦὶδ
1185 436 1377 471 Καμουλιανοῦ
1405 436 1453 462 καὶ
1488 435 1598 471 Μιχαὴλ
1627 438 1803 472 κουράτωρος
1820 437 1869 463 τῶν

1077 482 1245 518 μαγγάνων·
1276 481 1324 509 καὶ
1353 481 1503 516 29:90am,-
1532 478 1606 508 οὗτοι
1622 483 1669 509 καὶ
1690 483 1869 517 δημευθέντες

1074 527 1118 555 διὰ
1135 526 1222 563 μέσης
1235 527 1342 562 διῆλθον
1353 528 1402 563 τῆς
1419 528 1523 558 πόλεως
1549 527 1596 554 καὶ
1619 528 1712 563 ὲξορίᾳ
1729 530 1870 564 παρεπέμ-

1075 574 1193 610 φθησαν.
1221 574 1344 608 Ἥγαγον
1358 573 1386 600 δὲ
1409 574 1457 600 καὶ
1485 574 1588 600 Λέοντα
1604 575 1755 610 μάγιστρον
1767 575 1815 601 καὶ
1829 575 1869 602 δο-

1077 622 1206 657 μέστικον
1233 621 1287 647 τῶν
1314 621 1418 656 σχολῶν
1443 622 1472 648 ἐν
1492 623 1526 657 τῇ
1551 621 1639 654 πόλει,
1649 623 1700 649 -καὶ
1717 622 1870 658 διῆλθεν,ὲν

1077 667 1147 702 μέσῃ
1163 668 1197 702 τῇ
1215 667 1305 702 ἀγορᾷ
1319 667 1424 703 ἡμιόνῳ
1439 666 1614 702 ἐφεζόμενος.

1111 722 1218 759 λβ’-λγ’.
1239 723 1384 759 Ἐφωράθη
1400 723 1428 750 δὲ
1449 724 1496 750 καὶ
1516 723 1576 759 Ζωὴ
1593 723 1738 758 Αὐγούστα
1752 724 1870 752 λὲπιδου-

1075 767 1191 794 λεύουοα
1214 767 1347 803 Ῥωμανῷ
1375 768 1419 795 διὰ
1445 769 1688 804 πεφαρμαγμένων
1718 768 1870 804 βρωμάτων

1075 815 1127 841 ὑπὸ
1144 814 1296 850 Θεοκλήτου
1314 814 1441 850 νοταριου
1463 815 1513 850 τῆς
1526 815 1680 850 ὑπουργίας
1704 818 1869 844 σκευασθέν-

1074 869 1139 888 των.
1153 861 1208 887 Καὶ
1233 860 1337 896 ταύτην
1362 860 1410 887 τοῦ
1426 860 1557 888 παλατὶου
1577 861 1814 892 καταϐιϐάζουσιν
1829 863 1872 889 καὶ

1075 907 1115 939 εἰς
1136 907 1167 933 τὸ
1186 907 1302 942 Πετριον
1331 907 1479 941 ἀπάγουσι,
1499 908 1532 944 τῇ
1557 909 1606 943 τῆς
1625 907 1707 942 ἁγίας
1725 908 1870 943 Eia-enisis;

1076 954 1146 988 μονῇ
1164 953 1378 988 άποκείραντες.

1107 1009 1154 1036 λδ’.
1170 1008 1351 1045 Προσεκλήθη
1366 1008 1394 1035 δὲ
1422 1009 1499 1045 παρὰ
1516 1008 1711 1044 Θεοφυλάκτου
1726 1010 1870 1045 πατρικίου

1072 1055 1120 1081 καὶ
1132 1055 1252 1091 κόμη-τος
1267 1055 1316 1082 τοῦ
1335 1055 1451 1082 στάῦλου
1473 1056 1513 1086 εὶς
1537 1055 1649 1090 ἄριστον
1665 1056 1679 1082 ὁ
1693 1055 1870 1090 παιδαγωγὸς

1071 1101 1278 1128 Κωνσταντινου
1288 1101 1420 1136 βασιλέως
1433 1100 1572 1136 Θεόδωρος
1583 1101 1630 1127 καὶ
1638 1101 1754 1136 Συμεὼν
1761 1102 1777 1128 ὁ
1790 1101 1870 1128 αὑτοῦ

1071 1146 1196 1182 ἀδελφός.
1219 1147 1380 1174 Ἐσθιόντων
1396 1144 1443 1174 οὖν
1474 1146 1599 1182 εἰσῆλθεν
1622 1147 1752 1182 Ἰωάννης
1775 1147 1872 1182 δρθυγ-

1071 1194 1167 1229 γάριος
1193 1193 1242 1229 τῆς
1269 1193 1365 1230 βίγλης
1394 1194 1408 1220 ὁ
1436 1192 1598 1228 Κουρκούας
1626 1193 1778 1228 λεγόμενος
1805 1194 1871 1228 μετά

1071 1239 1199 1266 πλείστου
1214 1239 1292 1272 λαοῦ,
1311 1240 1355 1266 καὶ
1374 1238 1486 1271 τούτους
1509 1239 1670 1275 ἀναρπάσας
1685 1241 1727 1271 εις
1742 1240 1774 1265 τὺ
1800 1239 1871 1274 Ὀψί-

1072 1294 1129 1312 κιον
1147 1285 1278 1320 ἐξώρισεν
1303 1286 1333 1312 ὲν
1347 1287 1404 1317 τοῖς
1428 1285 1519 1312 αὐτῶν
1541 1286 1717 1321 προαστείοις
1739 1285 1779 1318 ὠς
1802 1287 1870 1312 κατὰ

1070 1332 1117 1359 τοῦ
1141 1331 1282 1367 Ῥωμανοῦ
1303 1331 1488 1367 μελετῶντας,

1106 1389 1153 1416 λε’.
1173 1391 1288 1425 Εἰκοστῇ
1306 1390 1423 1426 τετάρτῃ
1449 1390 1496 1417 τοῦ
1521 1390 1711 1426 Σεπτεμϐρίου
1729 1391 1816 1426 μηνὸς
1832 1400 1870 1418 τι.

1072 1437 1157 1471 μᾶται
1183 1436 1322 1470 Ῥωμανὸς
1339 1438 1372 1472 τῇ
1389 1436 1436 1463 τοῦ
1455 1437 1596 1474 Καίσαρος
1607 1437 1682 1473 ἀξίᾳ,
1700 1438 1749 1464 καὶ
1762 1439 1870 1473 Δεκεμ-

1071 1482 1140 1518 ϐρίῳ
1153 1483 1219 1518 μηνὶ¹
1235 1483 1336 1518 δεκάτῃ
1352 1482 1454 1519 ἐϐδόμῃ
1473 1485 1504 1519 τῇ
1528 1483 1583 1510 τῶν
1599 1485 1730 1520 Πατέρων
1741 1485 1869 1520 κυριακῇ

1069 1528 1108 1563 τῷ
1119 1529 1168 1563 τῆς
1184 1528 1323 1563 βασιλείας
1338 1529 1468 1562 στέφεται
1485 1529 1632 1564 διαδήματι
1649 1530 1725 1565 παρὰ
1737 1530 1870 1565 βασιλέως

1071 1574 1274 1601 Κωνσταντινου
1284 1574 1410 1610 γαμόροῦ
1423 1575 1505 1602 αὑτοῦ
1519 1576 1566 1602 καὶ
1582 1576 1718 1603 Νικολάου
1732 1578 1869 1612 πατριάρ-

1072 1629 1138 1655 χου,
1171 1621 1216 1647 καὶ
1257 1621 1423 1656 Ἰανουαριου
1452 1625 1496 1653 ς’,
1531 1623 1565 1658 τῇ
1600 1623 1654 1648 τῶν
1687 1623 1773 1656 ἁγίων
1811 1623 1868 1649 M-

1071 1675 1125 1692 των
1140 1667 1244 1702 ἡμέρᾳ,
1275 1667 1368 1701 στέφει
1395 1667 1538 1702 Θεοδώραν
1554 1667 1604 1703 τὴν
1629 1670 1749 1703 γυναῖκα
1774 1668 1867 1695 αὑτοῦ.

1071 1711 1152 1746 Μαΐῳ
1162 1711 1190 1737 δὲ
1209 1712 1274 1746 μηνὶ
1291 1711 1334 1744 ιζ’,
1353 1712 1520 1745 ἰνδικτιῶνος
1534 1716 1566 1746 ε’,
1583 1714 1769 1750 Χριστοφόρος
1783 1715 1797 1740 ὁ
1812 1715 1868 1745 uie;

1077 1756 1218 1791 Ῥωμανοῦ
1249 1758 1448 1793 ἀναγορεύεται
1477 1759 1615 1794 βασιλεὺς,
1641 1760 1769 1795 στέφεται
1792 1761 1820 1787 δὲ
1835 1762 1866 1796 τῇ

1072 1803 1110 1829 κδ’
1125 1803 1171 1829 τοῦ
1187 1804 1270 1830 αὐτοῦ
1287 1805 1372 1839 μηνδς
1403 1805 1478 1840 παρὰ
1495 1806 1705 1833 Κωνπαντίνου
1721 1806 1865 1841 βασιλέως,

1071 1849 1103 1884 τῇ
1115 1849 1165 1883 τῆς
1183 1850 1262 1883 ἁγίας
1279 1850 1471 1885 Πεντηκοστῆς
1498 1851 1607 1887 ἡμέρᾳ·
1627 1852 1673 1878 καὶ
1694 1852 1769 1886 μόνοι
1794 1848 1866 1878 οὗτοι

1072 1895 1095 1921 oi
1108 1895 1154 1921 δύο
1169 1896 1198 1921 ὲν
1213 1896 1301 1932 ταύτῃ
1313 1897 1345 1932 τῇ
1363 1897 1523 1933 προελεύσει
1542 1897 1686 1934 προῆλθον.

1105 1986 1182 2021 α’-β’.
1200 1987 1300 2022 Ὶουνῑῳ
1313 1987 1341 2013 δὲ
1358 1987 1433 2022 μηνὶ,
1447 1987 1614 2019 ἔνδικτιῶνος
1632 1986 1667 2023 η’,
1686 1987 1780 2023 ἡμέρᾳ
1808 1987 1866 2013 Ku-

1073 2034 1165 2068 ριακῇ.
1182 2034 1198 2068 ἡ
1212 2033 1262 2068 τῆς
1288 2033 1452 2069 Ἐκκλησίας
1466 2034 1578 2068 γέγονεν
1591 2033 1689 2065 Evam;
1703 2034 1779 2069 παρὰ
1796 2034 1864 2061 Ῥω-

1073 2080 1169 2116 μανοῦ,
1183 2081 1311 2108 ἁπάντων
1325 2080 1495 2113 ἑνωθέντων,
1526 2080 1737 2116 μητροπολιτῶν
1760 2089 1789 2106 τε
1817 2080 1864 2107 καὶ

1071 2126 1222 2162 κληρικῶν,
1238 2126 1293 2152 τῶν
1310 2126 1364 2153 ἀπὺ
1376 2126 1513 2154 Νικολάου
1528 2126 1701 2161 πατριάρχου
1716 2127 1766 2152 καὶ
1776 2126 1864 2152 Εὐθυ-

1073 2172 1134 2207 μίου
1149 2171 1358 2207 διεσχισμένων.

1105 2233 1141 2264 γ’.
1165 2229 1260 2264 Ὀγδόῃ
1286 2229 1315 2255 δε
1340 2229 1517 2265 Φεόρουαρίῳ
1546 2230 1622 2265 μηνὶ,
1649 2229 1815 2260 ῐνόικτιῶνος
1830 2227 1862 2262 θ’,

1069 2275 1233 2308 ἀποστείλας
1257 2275 1397 2311 Ῥωμανδς
1422 2275 1465 2312 [Ρ.
1483 2275 1550 2312 575]
1571 2275 1730 2312 ὑπερορίζει
1750 2275 1796 2302 τὸν
1814 2276 1864 2310 μά-

1068 2330 1179 2356 γιστρον
1192 2321 1326 2355 Στέφανον
1346 2321 1391 2349 τὸν
1414 2323 1464 2356 τῆς
1480 2322 1660 2358 Καλομαρίας
1675 2322 1714 2353 εἰς
1729 2321 1779 2357 τὴν
1803 2322 1863 2347 Ἀν-

1067 2367 1175 2401 τιγόνου
1190 2367 1272 2402 νῆσον
1285 2367 1323 2399 ὡς
1334 2368 1384 2401 τῆς
1399 2368 1539 2403 βασιλείας
1554 2368 1678 2402 ἐφίεσθαι
1704 2376 1862 2403 κατηγορη-

1067 2412 1159 2443 θέντα.
1189 2413 1306 2448 μοναχὸν
1330 2414 1412 2441 αὐτὸν
1438 2414 1592 2449 ἀποκεερας
1629 2414 1688 2449 ἅμα
1730 2414 1862 2448 Θεοφάνει

1067 2459 1202 2496 Τειχιὼτῃ
1231 2460 1279 2487 καὶ
1307 2460 1406 2496 Παύλῳ
1439 2461 1671 2497 Ὀρφανοτρόφῳ,
1705 2460 1862 2496 ἀνθρώποις

1067 2507 1160 2535 αὐτοῦ.

1102 2564 1134 2592 δ’.
1153 2564 1281 2600 Ἐποίησε
1305 2565 1334 2592 δὲ
1353 2565 1494 2600 Ῥωμανδς
1518 2565 1645 2600 βασιλεὺς
1659 2565 1689 2591 ὲν
1705 2565 1743 2600 τῷ
1754 2564 1861 2600 191.600-

1067 2610 1149 2647 ναλιῳ
1163 2611 1323 2646 πρόκενσον,
1346 2611 1524 2646 συνηγμένων
1546 2611 1675 2638 ἁπάντων
1694 2612 1785 2637 ἐκεῖσε
1802 2609 1861 2645 μεῡ⁹

1066 2657 1166 2684 ὅπλων,
1179 2656 1233 2683 Τοῦ
1248 2657 1393 2692 ἀδνουμίου
1411 2657 1439 2683 δὲ
1465 2657 1613 2693 γενομένου
1637 2658 1771 2692 αἰφνίδιον
1792 2657 1859 2683 Ῥωο

1067 2702 1153 2738 μανὸς
1165 2702 1211 2729 καί
1227 2702 1434 2735 Κωνσταντίνος
1461 2703 1539 2739 τάχει
1563 2703 1653 2739 πολλῷ
1668 2704 1710 2735 εἰς
1725 2703 1757 2729 τὸ
1774 2702 1859 2729 παλά-

1065 2757 1122 2775 nov
1149 2748 1383 2784 ὑποστρέφουσιν*
1411 2749 1535 2785 ἐμηνύθη
1565 2749 1620 2784 γὰρ
1646 2749 1721 2784 παρὰ
1744 2748 1860 2778 Λέοντος

1066 2794 1211 2829 ἀνθρώπου
1246 2794 1293 2822 τοῦ
1330 2795 1469 2831 Ἀρσενίου
1495 2797 1512 2832 ή
1530 2796 1612 2823 αὑτοῦ
1641 2796 1688 2822 τοῦ
1717 2795 1858 2830 ’Δρσενὶου

1065 2840 1196 2876 ἐπιϐουλὴ
1222 2841 1269 2868 καὶ
1287 2841 1393 2868 Παύλου
1411 2843 1610 2877 μαγκλαῦίτου,
1632 2841 1657 2869 οἳ
1677 2841 1726 2869 καὶ
1740 2842 1858 2875 τυφθέν‹

1065 2895 1110 2917 τες
1125 2887 1171 2913 καὶ
1185 2886 1366 2922 δημευθέντες
1376 2887 1573 2923 ἑξωρίσϐησαν.
1584 2886 1639 2915 Ἦν
1654 2888 1683 2915 δὲ
1696 2888 1757 2914 τότε
1769 2896 1857 2922 παρα-

1064 2929 1235 2959 δυναστεύων
1253 2931 1268 2959 ὸ
1287 2932 1472 2970 πρεσσὺτερος
1492 2933 1617 2970 Ἰωάννης
1639 2935 1654 2961 ὀ
1669 2933 1806 2970 ραίκτωρ,
1828 2932 1856 2964 ὃς
