2009 3164
237 235 291 267 959

871 228 1031 258 GEORGII
1053 225 1224 258 MONACHI

1817 224 1868 256 960

236 289 331 323 reique
355 287 460 315 navalis
484 285 650 321 drungarius
676 288 789 319 repente
812 291 876 311 eum
898 289 1026 318 egressus

1093 291 1125 318 ης
1138 281 1282 317 πατρίκιος
1293 279 1341 307 καὶ
1356 278 1536 315 δρουγγάριος
1552 277 1600 305 τοῦ
1616 277 1753 312 πλωΐμου,
1769 280 1783 304 ὁ
1807 279 1866 323 ’ναξ

237 335 355 362 insulam
373 334 462 370 petiit,
484 332 568 368 898
581 335 762 365 consertaque
780 338 870 366 pugna
890 329 1029 364 Agareno-

237 389 298 408 rum
317 381 367 407 sub
387 388 421 407 eo
436 380 523 407 aciem
541 379 612 405 fudit
626 377 796 413 fugavitque.
811 377 871 411 lpse
894 375 1028 411 Tripolita

237 435 309 462 aegre
322 426 385 462 fuga
403 426 519 453 salutem
529 424 661 459 expediit.

275 515 318 542 l7.
337 513 429 541 Mense
448 511 615 547 Septembri,
641 511 794 538 indictione
817 510 948 542 secunda,
977 509 1029 544 Sy-

239 568 320 587 meon
336 559 470 595 Bulgaria:
488 559 618 594 princeps
634 566 696 586 cum
723 558 852 585 omnibus
870 557 957 592 copiis
978 556 1027 583 ad-

240 615 335 634 versus
363 606 524 642 Byzantium
552 605 693 640 profectus
725 610 767 632 est
791 614 797 631 :
825 611 858 631 ac
884 603 1030 630 Thraciam

239 655 351 690 quidem
373 659 401 681 et
423 653 609 680 Macedoniam
632 652 789 687 populatur,
806 651 953 679 succendit
964 658 1030 678 vero

240 702 333 728 omnia
348 705 377 728 et
391 700 500 731 evertit,
516 699 683 734 arboresque
701 698 828 726 succidit.
849 698 889 725 Ad
903 698 1031 725 Blacher-

240 755 289 774 nas
305 754 391 781 usque
411 754 472 773 cum
490 745 622 776 venisset,
642 745 783 772 Nicolaum
799 744 984 779 patriarcham
999 751 1031 770 ac

240 800 387 827 procerum
404 791 547 827 quosdam,
569 791 733 826 quibuscum
755 790 789 817 dc
806 797 872 825 pace
887 793 1029 822 tractaret,

241 838 274 865 ad
286 846 315 865 se
327 838 398 864 mitti
415 837 530 873 rogavit.
546 837 620 864 Datis
632 837 723 871 itaque
739 837 867 871 utrinque
887 836 1031 864 obsidibus

239 884 378 916 exierunt,
392 884 511 919 primum
526 883 637 918 quidem
651 883 818 918 patriarcha,
835 888 892 910 tmn
915 882 1029 909 Michael

241 930 373 965 patricius
383 934 564 965 cognomento
572 929 719 964 Stypioles,
728 933 756 955 et
770 928 890 956 Joannes
900 928 1032 964 mysticus

241 983 389 1010 rerumque
406 974 686 1002 administrandarum
701 974 859 1010 imperatori
877 975 986 1009 adjutor
999 981 1031 1002 ac

241 1023 369 1051 minisler
382 1022 572 1050 intimusJam
583 1022 655 1050 enim
668 1022 787 1050 Joannes
804 1026 895 1049 rector
906 1022 1031 1050 criminis

241 1069 349 1096 delatus
363 1069 434 1104 apud
449 1069 653 1104 imperatorem,
664 1068 854 1103 :egritudincm
866 1073 1031 1103 praetexens,

242 1115 305 1143 aula
333 1121 488 1143 excesserat
516 1120 598 1150 atque
621 1115 648 1142 in
673 1123 723 1142 suo
749 1116 927 1147 monasterio,
958 1115 1032 1150 quod

244 1160 317 1188 haud
335 1161 429 1196 procul
443 1161 601 1189 Galacrcnis
616 1165 668 1192 est,
685 1161 813 1188 monachi
833 1161 886 1188 ritu
901 1161 1033 1189 detonsus

243 1209 344 1236 fuerat.

280 1254 323 1281 18.
343 1254 435 1288 Legati
452 1254 535 1289 igitur
549 1262 612 1282 cum
624 1255 759 1290 Symeone
771 1255 804 1282 de
815 1262 881 1289 pace
895 1254 1035 1289 colloque-

245 1299 355 1327 hantur.
372 1299 491 1335 Symeon
506 1307 573 1327 vero
588 1300 642 1328 illis
662 1300 814 1334 repudiatis
835 1300 924 1334 ipsum
947 1300 1034 1334 impc-

246 1351 364 1374 ratorem
387 1346 481 1373 videre
500 1346 616 1381 ejusque
634 1354 782 1381 congressu
798 1345 852 1372 frui
868 1345 1034 1380 expetebat:

244 1396 321 1420 certo
333 1392 407 1419 enim
423 1392 513 1419 relatu
527 1392 561 1419 de
579 1391 639 1427 ejus
661 1391 809 1427 prudentia
824 1395 852 1418 et
872 1391 1035 1418 fortitudine

245 1431 603 1473 sapientiaque'aceeperat.
624 1439 753 1473 Pergrata
767 1445 799 1464 ea
814 1445 858 1464 res
873 1437 925 1464 fuit
936 1437 1036 1464 Roma-

245 1491 292 1516 no,
306 1485 408 1519 quippe
427 1485 474 1519 qui
490 1485 565 1519 pacis
583 1484 721 1511 desiderio
738 1483 885 1511 tenebatur
898 1490 930 1510 ac
945 1482 1037 1517 quoti-

246 1529 335 1556 dianis
352 1530 480 1564 utrinque
494 1530 615 1557 caedibus
631 1529 713 1557 linem
736 1529 880 1564 imponere
895 1528 1034 1556 studebat.

247 1575 330 1603 Mittit
348 1576 440 1611 itaque
453 1576 499 1611 qui
513 1576 546 1603 ad
564 1584 639 1603 mare
658 1577 685 1603 in
697 1575 830 1603 Cosmidii
844 1576 935 1603 littore
954 1575 1036 1602 tutis-

246 1621 344 1649 simam
361 1622 567 1649 exscensioncm
589 1626 738 1653 struerem,
752 1628 806 1655 quo
828 1620 890 1648 loco
910 1620 1037 1655 przetoria
1051 1629 1072 1658 ο

247 1667 326 1694 navis
337 1675 368 1694 ac
379 1667 499 1694 triremis
510 1667 670 1702 appellenda
682 1671 764 1693 esset.
777 1666 850 1693 Loco
863 1665 947 1701 igitur
958 1666 1038 1693 undi-

247 1721 300 1748 que
314 1714 493 1745 communito,
506 1713 589 1748 899
605 1713 632 1740 in
644 1713 734 1740 medio
747 1713 830 1747 jussit
844 1717 952 1747 septum
967 1711 1037 1744 ﬁeri,

247 1759 295 1786 ubi
332 1766 487 1786 sermonem
505 1759 631 1786 collaturi
658 1764 749 1786 erant.
764 1759 876 1786 inierint
907 1758 1036 1794 Symeon,

249 1804 334 1832 misso
347 1812 459 1831 suorum
475 1804 626 1838 manipulo,
640 1808 742 1832 sanctae
752 1805 800 1832 Dei
813 1804 961 1832 Genitricis
970 1809 1039 1832 tem-

249 1851 334 1886 plum,
349 1851 421 1885 quod
443 1851 470 1878 in
485 1851 555 1886 Pega
574 1855 626 1883 est,
644 1851 776 1884 incendit,
793 1858 824 1878 ac
842 1851 1039 1878 circumvicina

248 1905 364 1932 quaeque
383 1897 437 1933 igni
466 1897 595 1932 ferroque
621 1898 762 1930 vastavit;
786 1905 839 1932 qua
867 1905 896 1924 re
918 1897 1038 1924 alienum

249 1943 330 1978 plane
351 1951 365 1971 a
387 1951 454 1978 pace
472 1943 605 1979 prodebat
622 1943 756 1974 animum,
772 1950 897 1977 vanaque
906 1951 969 1970 eum
988 1943 1040 1970 im-

249 1994 402 2025 peratOrem
415 1997 462 2024 spe
480 1989 613 2018 deludere
629 1989 701 2017 haud
717 1989 866 2016 obscurum
879 1993 948 2016 erat.

286 2037 327 2064 l9.
343 2036 462 2064 Veniens
473 2041 564 2064 autem
582 2036 733 2070 imperator
748 2043 809 2063 cum
830 2035 942 2063 Nicolao
956 2035 1039 2070 patri-

249 2082 344 2114 archa,
365 2082 399 2109 ad
421 2086 547 2110 sanctum
573 2082 713 2117 ingressus
735 2081 868 2112 loculum,
885 2089 983 2109 manus
1005 2081 1039 2108 ad

249 2135 347 2163 preces
367 2128 500 2155 extendit.
517 2128 586 2155 Tum
604 2134 708 2163 pronus
724 2127 753 2154 in
769 2133 871 2154 terram
893 2126 1041 2162 procidens

250 2181 359 2200 sacrum
373 2173 493 2200 ubertim
509 2174 597 2200 solum
618 2172 684 2200 illud
697 2173 826 2208 laerymis
841 2172 957 2208 rigabat,
972 2172 1041 2200 inte-

251 2218 461 2245 meratissimam
470 2219 518 2245 Dei
532 2218 700 2245 Genitricem
712 2218 897 2246 obsecransut
909 2217 1040 2245 inﬂexum

250 2263 406 2297 durumque
431 2264 542 2299 tyranni
575 2263 741 2298 superbique
767 2263 912 2295 Svmeonis
944 2269 1040 2299 pectus

1080 313 1151 359 sive;
1167 313 1432 362 κατονομαζόμε-νος,
1447 313 1588 360 αίέρνιδίως
1605 325 1720 352 ἐπέθετο
1734 325 1809 360 αὑτῷ
1825 313 1867 353 καλ

1080 374 1129 410 τὴν
1150 375 1232 409 νῆσον
1248 372 1415 400 κατέλαόεν·
1433 371 1481 399 καὶ
1498 371 1620 406 πολέμου
1638 371 1791 405 γεγονότος,
1804 371 1867 398 Θεοῦ

1082 419 1214 456 συνεργίᾳ
1230 420 1255 446 οἱ
1273 419 1319 446 ὑπ’
1344 418 1426 446 αὑτὸν
1441 418 1590 454 τρέπονται
1610 417 1768 453 ’Λγαρηνοδη
1793 418 1855 451 μόνο

1053 462 1055 464 ’
1080 466 1109 493 δὲ
1125 466 1139 492 6
1156 464 1324 500 Τριπολίτης
1339 464 1413 499 φυγῇ
1425 462 1600 494 διασώζεται.

1116 510 1159 545 ιζ’.
1178 511 1357 547 Σεπτεμόρίῳ
1384 511 1412 537 δὲ
1427 510 1503 544 μηνὶ,
1521 508 1688 540 ινδικτιῶνος
1701 507 1736 544 β’,
1759 508 1871 544 Συμεὼν

1082 557 1133 594 [δὲ]
1146 559 1159 585 6
1183 558 1276 593 ἄρχων
1291 557 1334 593 [Ρ.
1350 556 1414 592 579]
1429 554 1600 589 Βουλγαρίας
1625 554 1781 589 πανστρατί
1803 553 1870 581 κατε

1081 603 1396 634 Κωνσταντινουπόλεως
1408 601 1596 638 ἐκστρατεύει,
1612 601 1661 628 καὶ
1672 600 1799 635 ληῖζεται
1823 601 1868 635 μὲν

1081 648 1193 684 Θρᾴκην
1207 657 1238 674 τε
1249 648 1296 675 καὶ
1311 647 1493 680 Μακεδονίαν,
1507 646 1656 682 ἐμπυρίζει
1668 646 1698 673 δὲ
1717 645 1807 673 πάντα
1827 645 1869 672 καὶ

1082 695 1266 729 καταστρέφει
1279 694 1327 721 καὶ
1341 693 1522 728 δενδροτομεῖ.
1538 693 1628 727 Μέχρι
1645 691 1810 727 Βλαχερνῶν
1826 700 1870 718 πα-

1083 739 1265 775 ραγενόμενος
1286 738 1457 774 ἐπεζήτησεν
1476 738 1499 754 ⁸¹
1521 737 1596 772 αὐτῷ
1619 737 1810 772 ἀποσταλῆναι
1828 738 1869 763 τὸν

1082 787 1256 822 πατριάρχην
1265 785 1400 813 Νικόλαον
1409 785 1455 812 καί
1465 793 1542 816 τινας
1550 785 1606 811 τῶν
1620 785 1793 819 μεγιστάνων
1804 783 1868 810 ὥστε

1082 835 1146 867 περὶ
1158 833 1271 868 εἰρήνης
1281 832 1373 862 αὐτοῖς
1387 832 1541 866 συντυχεῖν.
1559 830 1676 857 Ἔλαὸον
1689 830 1738 856 οὖν
1752 831 1869 866 ὁμήρους

1083 879 1147 914 παρ’
1159 879 1283 914 ἀλλήλων
1298 878 1459 914 ἀμφότεροι,
1476 878 1523 904 καὶ
1534 876 1645 913 ἐξῆλθον
1668 877 1804 912 πρότερον
1826 877 1870 912 μὲν

1081 926 1095 952 ὁ
1125 925 1314 960 πατριάρχης,
1340 922 1399 950 εἶτα
1420 923 1531 958 Μιχαὴλ
1548 922 1694 958 πατρίκιος
1711 923 1725 949 6
1741 931 1871 958 προσαγο-

1085 973 1229 1008 ρευόμενος
1249 971 1420 1005 Στυπιώτης,
1439 971 1487 997 καὶ
1510 970 1636 1005 Ἰωάννης
1649 970 1782 1004 μυστικὸς
1791 977 1820 996 τε
1828 969 1872 996 καὶ

1082 1017 1326 1052 παραδυναστεΰων
1337 1025 1343 1032 ·
1351 1016 1402 1052 ’ήδη
1414 1016 1468 1052 γὰρ
1476 1014 1603 1050 Ἰωάννης
1614 1015 1628 1041 6
1637 1014 1761 1050 ραίκτωρ
1768 1013 1873 1048 διαϐλη-

1082 1064 1139 1095 θεὶς
1150 1064 1218 1099 πρὸς
1234 1064 1279 1091 τὸν
1292 1063 1415 1098 βασιλέα,
1425 1061 1568 1089 ἀσθένειαν
1582 1059 1822 1096 προφασισάμενος
1832 1059 1873 1085 τοῦ

1084 1108 1215 1136 παλατίου
1229 1107 1409 1143 κατεληλύθει
1425 1107 1471 1134 καὶ
1486 1107 1515 1133 ἐν
1529 1107 1563 1142 τῇ
1575 1105 1661 1133 αὐτοῦ
1677 1106 1747 1141 μονῇ
1761 1104 1873 1138 πλησίον

1084 1155 1269 1191 Γαλακρηνῶν
1285 1154 1425 1190 ἀπεκάρη.

1123 1247 1166 1279 ιη’.
1185 1243 1217 1270 Οἱ
1233 1243 1281 1279 μὲν
1295 1242 1342 1269 οὖν
1358 1241 1427 1278 μετὰ
1441 1241 1554 1277 Συμεὼν
1575 1241 1640 1276 περὶ
1662 1240 1780 1275 εἰρήνης
1795 1240 1878 1267 διελὲ-

1084 1299 1176 1324 γοντο,
1190 1289 1204 1315 ὁ
1217 1289 1246 1315 δὲ
1263 1289 1361 1319 αὐτοὺς
1377 1287 1569 1322 ἀπεπέμψατο,
1583 1287 1666 1314 αὐτὸν
1685 1286 1714 1313 δὲ
1729 1287 1777 1313 τὸν
1807 1287 1879 1321 βασι-

1085 1337 1133 1362 λέα
1154 1335 1293 1369 Ῥωμανδν
1315 1334 1407 1369 ἐζήτει
1430 1332 1591 1361 θεάσασθαι.
1610 1333 1690 1368 Παρὰ
1720 1333 1831 1359 πολλῶν
1854 1333 1880 1359 δὲ

1086 1380 1317 1416 πεπληροφόρητο
1334 1380 1399 1416 περὶ
1423 1388 1452 1406 τε
1475 1378 1526 1412 τῆς
1547 1377 1630 1405 αὐτοῦ
1655 1379 1820 1414 φρονήσεως
1836 1380 1880 1404 καὶ

1087 1427 1200 1462 ἀνδρίας
1224 1426 1272 1453 καὶ
1296 1426 1346 1462 τῆς
1362 1425 1508 1457 συνέσεως.
1527 1425 1556 1452 Ὀ
1573 1425 1665 1451 τοίνυν
1683 1424 1815 1459 βασιλεὺς
1837 1424 1880 1450 ἐπὶ

1087 1473 1182 1500 τούτου
1196 1473 1300 1508 σφόδρα
1311 1471 1498 1507 ἠγαλλιάσατο
1508 1480 1514 1486 ·
1532 1471 1625 1497 ἐπόθει
1640 1471 1695 1505 γὰρ
1710 1471 1761 1505 τὴν
1771 1471 1880 1506 εἰρήνην

1087 1518 1136 1546 καὶ
1152 1518 1182 1544 τὸ
1200 1518 1297 1552 στῆναι
1324 1517 1374 1548 τὰς
1396 1516 1458 1543 καθ’
1477 1515 1596 1550 ἑκάστην
1613 1516 1802 1551 ἐγγινομένας
1831 1516 1880 1542 τῶν

1088 1564 1214 1599 αἱμάτων
1227 1563 1367 1598 ἐκχύσεις.
1385 1562 1561 1593 Ἀποστείλας
1571 1561 1618 1589 οὖν
1633 1563 1662 1589 ὲν
1676 1562 1715 1598 τῷ
1731 1562 1880 1596 Κοσμιδίου

1089 1610 1205 1645 αἰγιαλῷ
1231 1610 1432 1636 κατεσκεύασεν
1460 1610 1488 1636 ἐν
1506 1610 1539 1645 τῇ
1557 1609 1681 1645 Θαλάσσῃ
1701 1609 1881 1643 ὀχυρωτάτην

1089 1659 1234 1689 ἀπόϐασιν,
1248 1656 1318 1684 ὥστε
1331 1658 1380 1692 τὴν
1393 1656 1536 1692 βασιλικὴν
1549 1656 1667 1692 τριήρην
1682 1655 1881 1682 διεκπλέουσαν

1089 1705 1118 1730 ὲν
1142 1704 1212 1739 αὐτῇ
1241 1701 1484 1739 προσορμίζεσθαι.
1516 1701 1694 1737 Περιφράξας
1719 1701 1767 1728 οὖν
1800 1702 1881 1736 αὐτὴν

1090 1750 1222 1777 πάντοθεν
1230 1749 1402 1785 διατείχισμα
1417 1748 1500 1783 μέσον
1517 1747 1643 1782 γενέσθαι
1657 1747 1841 1782 προσέταξεν,
1855 1750 1881 1773 ἐν

1089 1794 1111 1832 ᾧ
1122 1798 1247 1833 ἀλλήλοις
1259 1796 1370 1832 ἔμελλον
1382 1796 1496 1831 ὁμιλεῖν.
1520 1794 1698 1826 Ἀποστείλας
1711 1794 1760 1821 οὖν
1771 1795 1881 1830 Συμεὼν

1089 1846 1135 1873 τὸν
1157 1845 1207 1880 τῆς
1233 1843 1385 1879 ὑπεραγίας
1397 1843 1531 1870 Θεοτόκου
1558 1842 1620 1868 ναὸν
1636 1841 1683 1868 τὸν
1698 1841 1729 1868 ἐν
1753 1843 1788 1877 τῇ
1805 1842 1881 1876 [limi

1090 1891 1240 1927 ἐνέπρησεν
1255 1889 1301 1916 καὶ
1327 1889 1362 1916 τὰ
1383 1889 1464 1924 πέριξ
1477 1888 1559 1915 αὑτοῦ
1571 1887 1733 1922 σύμπαντα,
1752 1887 1831 1921 δῆλος
1846 1886 1882 1913 ὣν

1090 1938 1215 1965 ἐντεῦθεν
1232 1937 1268 1972 μὴ
1285 1937 1334 1971 τὴν
1347 1936 1459 1971 εἰρήνην
1475 1933 1654 1967 ὲθέ).ων,ἀλλ’
1672 1933 1764 1960 ἐλπίσι
1783 1932 1884 1968 μετεώ-

1092 1993 1150 2020 ροις
1167 1983 1262 2011 τοῦτον
1277 1982 1431 2015 ἐξαπατῶν.
1568 2004 1576 2009 .

1129 2030 1172 2057 ιϐ’.
1201 2029 1430 2064 Παραγενόμενος
1444 2027 1472 2054 δὲ
1490 2028 1519 2054 ἐν
1541 2025 1709 2061 Βλαχέρναις
1726 2026 1741 2052 6
1759 2023 1884 2059 βασιλεὺς

1092 2077 1151 2112 ἅμα
1165 2075 1292 2110 Νικολάῳ
1306 2076 1346 2111 τῷ
1360 2075 1517 2110 πατριάρχῃ
1539 2074 1568 2100 ἐν
1581 2074 1615 2108 τῇ
1631 2073 1698 2108 ἁγίᾳ
1716 2071 1792 2107 σορῷ
1825 2072 1884 2097 sla-

1092 2122 1157 2158 ἦλθε
1171 2122 1219 2148 καὶ
1229 2121 1279 2153 τὰς
1294 2122 1388 2155 χεῖρας
1398 2120 1529 2152 ἐξέτεινεν
1542 2118 1581 2150 είς
1594 2117 1691 2153 εὐχὴν,
1709 2114 1770 2143 εἶτα
1779 2115 1884 2152 πρηνὴς

1093 2167 1183 2196 πεσὼν
1211 2167 1241 2194 τὸ
1267 2167 1346 2201 ἅγιον
1364 2165 1462 2200 ἔδαφος
1486 2165 1574 2191 ἐκεῖνο
1597 2165 1655 2195 τοῖς
1675 2162 1794 2197 δάκρυσι
1818 2169 1883 2187 κατ-

1094 2214 1205 2250 έϐρεχε,
1229 2213 1279 2246 τὴν
1311 2212 1500 2247 πανάχραντον
1525 2210 1657 2237 Θεοτόκον
1674 2208 1826 2236 ἀντιϐολῶν
1838 2207 1885 2241 τὴν

1093 2259 1208 2295 ἀκαμπῆ
1221 2259 1268 2286 κα)⁸
1278 2258 1439 2292 ἀμείλικτον
1455 2256 1502 2283 τοῦ
1523 2256 1658 2292 τυράννου
1675 2255 1725 2282 καὶ
1743 2253 1886 2289 (impegi-

250 2308 388 2337 emolliret
401 2313 429 2336 et
444 2309 477 2336 ad
492 2309 724 2344 pacisineundam
738 2309 915 2337 concordiam
928 2310 1037 2338 induce-

1092 2314 1138 2332 vou
1154 2304 1266 2340 Συμεὼν
1280 2303 1394 2339 καρδίαν
1419 2302 1536 2338 μαλάξαι
1556 2301 1591 2328 τὰ
1607 2301 1675 2337 πρὸς
1691 2300 1808 2335 εἰρήνην
1825 2308 1885 2325 συν-

251 2357 303 2382 ret.
325 2354 408 2382 Sacra
425 2355 509 2390 igitur
526 2360 647 2382 reserata
664 2356 756 2383 arcula
767 2375 774 2386 ,
794 2356 822 2382 in
838 2363 1042 2395 qua’veneran-

250 2400 317 2428 dum
332 2405 432 2429 sanctae
449 2401 495 2428 Dei
507 2401 654 2429 Genitricis
666 2402 818 2436 repositum
832 2402 972 2436 palliolum
987 2405 1040 2434 est,

250 2452 340 2479 eoque
366 2444 429 2472 inde
455 2445 603 2480 imperator
628 2444 748 2478 sublato,
782 2453 834 2473 nec
857 2445 938 2472 aliter
958 2452 1041 2479 quam

253 2489 367 2518 thorace
381 2491 512 2526 quodam,
529 2491 613 2519 nullis
633 2491 694 2518 telis
714 2491 821 2526 pervio,
841 2495 992 2526 assumpto,
1011 2497 1043 2518 ac

251 2544 333 2571 quam
346 2537 374 2564 in
388 2537 561 2564 immaculata
575 2537 773 2565 DeiGenitrice
786 2537 942 2568 collocarat.
959 2537 1044 2572 galetc

252 2581 350 2614 instar,
378 2582 432 2610 fide
458 2583 512 2610 sibi
537 2582 671 2616 adhibita,
700 2583 766 2610 tutis
788 2582 895 2610 scilicet
920 2581 1044 2609 munitus

253 2627 337 2654 armis
350 2634 428 2655 sacra
438 2628 497 2656 aede
508 2628 659 2664 egreditur.
675 2628 738 2656 Suis
750 2628 842 2663 itaque
853 2628 1002 2655 classiariis
1011 2636 1045 2655 ae

253 2673 386 2701 comitatu
401 2674 504 2709 ciypeis
530 2674 670 2709 armisque
691 2673 752 2701 aliis
776 2674 863 2709 probe
882 2674 1044 2705 instructus,

254 2720 282 2748 in
304 2719 395 2747 locum
417 2720 600 2748 constitutum
615 2728 680 2748 cum
693 2720 829 2756 Symeone
846 2724 980 2748 tractatus
995 2727 1045 2747 ve-

254 2766 295 2793 nit
308 2787 313 2793 .

289 2811 335 2839 20.
356 2812 434 2840 Feria
446 2813 541 2848 quinta
551 2817 622 2847 etat,
634 2821 698 2842 cum
714 2813 772 2842 haec
779 2817 854 2850 gesta
860 2817 935 2845 sunt,
943 2812 1045 2840 mensis

257 2857 420 2886 Novembris
428 2859 474 2888 die
489 2860 595 2888 decima
605 2867 690 2895 nona,
699 2860 770 2888 hora
777 2859 831 2888 diei
842 2861 950 2894 quarta.
965 2857 1048 2884 Venit.

1095 2352 1199 2379 θέσθαι.
1217 2351 1254 2377 Τὺ
1267 2350 1346 2385 ἆγιον
1360 2347 1407 2376 οὖν
1419 2349 1546 2376 κιϐώτιον
1560 2347 1759 2379 διανοίξαντες,
1779 2346 1845 2372 ἔνθα
1859 2345 1886 2371 τὸ

1095 2397 1195 2424 σεπτὸν
1202 2398 1252 2431 τῆς
1268 2395 1421 2431 ὑπεραγίας
1433 2395 1567 2422 Θεοτόκου
1586 2393 1885 2428 τεθησαύρισταιὼμο-

1095 2446 1201 2480 φόριον,
1215 2443 1264 2470 καὶ
1279 2443 1359 2470 τοῦτο
1373 2442 1478 2469 ἐκεῖθεν
1493 2442 1507 2468 6
1521 2440 1650 2476 βασιλεὺς
1661 2439 1828 2474 ἀνελόμενος
1842 2438 1885 2464 καὶ

1096 2491 1190 2526 ὥσπερ
1204 2489 1265 2516 τινὰ
1281 2489 1395 2524 Θώρακα
1404 2485 1588 2522 animum
1601 2485 1832 2522 περιὸαλόμενος,
1843 2484 1886 2510 καὶ

1095 2536 1146 2571 τὴν
1166 2535 1258 2562 πίστιν
1275 2534 1324 2570 τὴν
1347 2535 1388 2565 εἰς
1401 2534 1450 2568 τὴν
1464 2532 1582 2567 ἄμωμον
1603 2531 1737 2558 Θεοτόκον
1751 2528 1797 2557 οἷα
1812 2539 1886 2566 περι-

1097 2582 1249 2617 κεφαλαίαν
1259 2580 1322 2607 τινὰ
1337 2578 1527 2614 περιθέμενος,
1542 2578 1627 2610 ἔξεισι
1647 2577 1694 2604 τοῦ
1711 2577 1777 2604 ναοῦ
1796 2576 1886 2606 ὅπλοις

1097 2627 1231 2662 ἀσφαλέσι
1254 2623 1504 2661 περιφραξάμενος.
1532 2622 1573 2658 [Ρ.
1591 2621 1656 2657 580]
1681 2621 1734 2648 Τδν
1750 2622 1801 2647 σὺν
1817 2619 1887 2654 αὖτῷ

1095 2671 1142 2699 οὖν
1168 2670 1260 2698 στόλον
1284 2668 1380 2696 ἀσπίσι
1404 2677 1434 2694 τε
1448 2667 1496 2694 καὶ
1509 2666 1602 2698 ὅπλοις
1618 2665 1757 2700 ἀσφαλέσι
1774 2673 1888 2692 κατακο·

1097 2718 1206 2754 σμήσας
1219 2716 1264 2743 τὸν
1281 2715 1434 2751 ὡρισμένον
1448 2714 1530 2741 τόπον
1557 2712 1691 2739 κατέλαϐε
1710 2712 1887 2746 συνομιλῆσαι

1096 2763 1135 2800 τῷ
1145 2762 1270 2798 Συμεών.

1133 2809 1251 2844 Πέμπτη
1265 2804 1312 2834 οὖν
1326 2805 1417 2842 ἡμέρα
1431 2803 1466 2841 ἦν
1488 2805 1532 2831 ὅτε
1548 2802 1635 2831 ταῦτα
1650 2803 1775 2838 ἐγένετο,
1790 2802 1821 2829 ιϐ’
1842 2801 1887 2829 τοῦ

1101 2852 1254 2889 Νοεμόρίου
1268 2852 1363 2889 μηνδς,
1373 2851 1394 2878 δ’
1409 2850 1437 2877 δὲ
1451 2851 1500 2886 τῆς
1515 2849 1619 2885 ἡμέρας
1632 2846 1702 2884 ὥρα.
1718 2848 1888 2885 Παρεγένετο

904 2903 1020 2932 VARle
1037 2900 1237 2931 LECTIONES.

295 2951 315 2966 "
328 2950 500 2987 σπεζήτησεν
526 2954 556 2981 P.
