2009 3164
264 221 315 252 967

898 211 1060 243 GEORGII
1078 211 1250 243 MONACHI

1845 214 1895 248 968

267 275 385 305 triarcha
404 274 562 309 Stephanus
578 280 640 300 eum
660 271 829 306 Theophane
842 268 1059 305 protovestiario

1123 268 1286 304 πατριάρχης
1297 267 1432 302 Στέφανος
1446 268 1503 302 ἅμα
1513 267 1647 303 Θεοφάνει
1661 268 1683 284 ⁸³
1698 270 1898 304 πρωτοσεστισ·

265 328 294 351 et
311 322 394 351 Maria
405 320 600 354 Christophori
619 319 674 346 ﬁlis
693 318 880 352 universeque
897 319 1007 346 senatu,
1021 315 1056 342 ad

266 369 448 397 sanctissimae
472 367 520 394 Dei
544 365 693 393 Genitricis
707 365 740 391 ad
762 364 857 399 Pegas,
876 364 988 391 Petrum
1004 361 1058 388 Ma-

267 416 391 449 riamque
403 412 555 444 benedixit,
571 416 599 438 et
613 410 751 445 nuptiales
772 409 889 436 corailas
904 415 1000 435 eorum
1017 415 1059 434 ca-

267 461 373 496 pitibus
405 458 556 493 imposuit,
589 464 716 491 sponsam
748 456 831 491 906
858 453 1060 482 comitantibus

248 518 250 520 -
269 506 438 540 Theophane
460 503 675 539 protovestiario
695 507 722 529 et
743 501 862 536 Georgio
893 500 1058 528 Sursubulo.

268 553 404 580 lnstructa
419 559 487 578 vero
501 554 662 585 sumptuosa
677 557 710 577 ac
732 548 932 584 praemagniiica
953 554 1058 582 mensa,

269 598 431 632 cunctisque
442 597 475 624 ad
488 597 646 631 nuptiarum
658 596 791 623 solemnia
807 594 996 630 spectant-ibus
1006 593 1060 620 rite

269 644 468 678 splendideque
482 643 608 678 peractis,
628 642 812 676 Theophanes
831 639 1061 676 protovcstiarius

271 698 325 718 una
350 698 412 717 cum
432 689 516 716 Maria
539 688 732 722 Christophori
753 686 928 721 imperatoris
952 685 1007 712 ﬁlia
1032 685 1062 712 in

272 736 368 762 urbem
384 742 513 761 reversus
527 739 580 761 est.
598 733 693 760 Tertio
720 737 810 759 autem
836 740 851 759 a
867 731 972 766 nuptiis
991 731 1063 758 cele-

271 783 359 810 bratis
369 782 414 808 die
433 782 573 808 Romanus
591 781 740 814 imperator
759 779 787 806 in
798 779 933 813 Pegarum
946 784 1062 805 cxscen-

273 829 350 856 sione
367 827 540 863 magniﬁcum
556 826 661 862 paravit
674 825 842 857 convivium,
858 824 956 851 sericis
970 824 1063 851 aulaeis

273 875 426 903 convestita
451 874 589 901 machina.
614 873 673 905 Quo
696 872 757 899 loco
774 871 903 906 epulatus
923 870 1064 897 Romanus

274 921 425 956 imperator
438 928 500 947 cum
520 920 602 947 Petro
613 919 730 954 Bulgaro
746 925 852 945 necnon
882 915 1063 944 Constantino

274 974 376 1002 genero
394 974 427 993 ac
439 965 638 1000 Christophoro
657 965 722 992 ﬁlio.
744 964 871 999 Bulgaris
883 970 965 998 porro
981 961 1062 988 etiam

273 1017 356 1048 atque
368 1012 450 1040 etiam
462 1012 608 1040 obstinatis
618 1011 718 1038 animis
729 1010 919 1038 adnitentibus
931 1013 960 1036 ut
972 1008 1064 1043 priore

272 1061 335 1088 loco
358 1059 576 1094 Christophorus
603 1066 634 1086 ac
656 1063 714 1085 tum
737 1057 944 1090 ,Constantinus
967 1055 1066 1083 faustis

273 1106 412 1135 cminibus
424 1110 506 1140 atque
519 1105 635 1132 vocibus
650 1104 848 1139 imperatorum
864 1109 941 1129 more
957 1102 1065 1136 accipe-

275 1157 362 1183 I'ctur.
386 1159 482 1178 eorum
503 1151 646 1178 Romanus
669 1150 819 1184 imperator
834 1149 915 1176 enixe
937 1147 1066 1183 ﬂagitatis

273 1199 381 1229 annuit,
394 1206 426 1225 ac
437 1197 511 1232 quod
529 1197 666 1232 petierant
681 1196 796 1223 exstitit.

310 1244 403 1272 35-34.
431 1243 500 1270 Tum
527 1250 593 1270 vero
616 1241 746 1269 omnibus
769 1241 928 1275 nuptiarum
950 1240 1067 1275 expletis

275 1289 418 1318 solemniis
434 1293 461 1316 et
475 1288 592 1323 gaudiis,
612 1295 643 1315 ac
658 1295 721 1315 cum
736 1287 791 1322 jam
805 1287 891 1314 Maria
908 1295 970 1314 cum
985 1287 1068 1313 Petro

276 1336 335 1362 viro
343 1343 392 1362 suo
403 1335 429 1362 in
452 1334 607 1370 llulgariam
624 1338 696 1360 esset
716 1333 886 1368 profectura,
904 1332 937 1359 ad
956 1332 1068 1359 Hebdo-

276 1389 352 1408 mum
387 1388 474 1415 usque
493 1388 508 1407 a
532 1379 694 1415 parentibus
725 1387 780 1406 una
808 1387 870 1406 cum
901 1378 1068 1413 Theophane

277 1427 487 1462 protcvestiario
509 1426 667 1454 deducitur.
688 1426 785 1460 Ibique
808 1433 870 1454 cum
895 1425 977 1452 Petro
1000 1432 1068 1458 epu-

277 1476 336 1508 lati,
348 1475 422 1510 quod
449 1476 476 1502 in
493 1475 632 1502 discessus
656 1474 801 1509 procinctu
823 1479 893 1513 erat,
909 1474 1006 1509 puellae
1017 1473 1071 1500 cir—

278 1521 396 1549 cumfusi
424 1521 550 1556 copiosas
577 1520 860 1556 Iunduntlacrymas,
886 1523 1005 1554 quantas
1020 1526 1070 1553 par

278 1572 347 1599 erat,
355 1568 400 1602 qui
409 1567 573 1595 charissimo
585 1567 698 1602 pignore
707 1566 839 1593 continuo
847 1565 972 1601 privandi
980 1570 1069 1598 erant;

278 1616 467 1649 generumrjue
482 1620 563 1640 suum
582 1611 745 1644 exosculati,
761 1616 844 1646 atque
860 1612 920 1646 ejus
940 1611 1069 1638 manibus
1083 1621 1104 1651 ο

280 1659 405 1693 deposita
421 1657 474 1685 ﬁlia
489 1666 521 1685 ac
535 1657 701 1691 contradita,
722 1657 751 1684 in
763 1656 866 1691 regiam
881 1660 1069 1683 revertuntur.

280 1703 366 1730 Maria
380 1703 431 1730 viri
443 1703 553 1738 Bulgari
567 1703 695 1730 manibus
707 1701 818 1734 tradita,
834 1701 935 1735 gaudio
952 1701 1033 1735 mista
1045 1704 1073 1727 et

281 1748 404 1780 tristitia.
417 1747 444 1775 in
460 1748 616 1784 Bulgariam
628 1749 681 1775 iter
695 1747 826 1775 habebat.
843 1747 973 1773 Dolorem
987 1745 1071 1774 facie-

281 1794 328 1821 bat
343 1794 416 1829 quod
437 1794 635 1822 amantissimis
648 1794 821 1829 parentibus,
842 1793 923 1827 907
938 1792 1012 1827 quod
1028 1800 1074 1819 re-

281 1840 334 1876 giis
352 1840 468 1872 sedibus,
485 1840 559 1875 quod
577 1840 797 1868 necessariorum
813 1838 989 1873 amniumque
1007 1845 1075 1866 con-

282 1887 429 1914 suetudine
464 1886 683 1918 destituebatur;
710 1893 863 1920 rursusque
889 1884 989 1920 gaudio
1014 1888 1074 1912 erat

282 1933 355 1969 quod
372 1934 430 1960 viro
444 1933 501 1968 regi
516 1933 607 1960 locata
619 1932 859 1968 Bulgarorumque
877 1931 987 1959 domina
1002 1935 1075 1959 esset

282 1980 465 2008 consalutata.
483 1979 543 2006 Ibat
565 1979 658 2014 itaque
675 1978 835 2014 splendidas
850 1977 903 2006 sibi
926 1982 1075 2013 exportans

282 2035 351 2061 opes
360 2034 391 2054 ac
404 2026 576 2061 omnigenas,
587 2033 675 2061 eaque
687 2024 854 2061 supellectili
872 2024 1005 2052 instructa
1016 2031 1076 2058 qua:

283 2078 311 2101 et
326 2081 473 2101 numerum
487 2072 613 2101 excedat.
800 2074 803 2076 ’

320 2119 364 2148 55.
379 2120 456 2148 Tunc
468 2128 533 2148 vero
547 2119 631 2147 etiam
642 2127 657 2146 a
673 2118 801 2146 Melitene
814 2118 847 2145 ad
860 2118 1014 2145 Romanum
1026 2117 1078 2145 im-

284 2171 442 2201 peratorem
465 2166 546 2201 legati
567 2165 706 2193 advenere
726 2164 803 2199 pacis
823 2164 928 2193 hedera
944 2169 1079 2200 pactaque

285 2212 444 2239 offerentes.
456 2212 512 2239 Nec
526 2212 612 2239 multo
626 2215 688 2246 post
708 2211 792 2238 etiam
806 2211 952 2247 Apochaps
970 2211 1077 2239 Ameris

286 2264 382 2291 nepos,
400 2257 459 2291 ipse
479 2257 623 2284 Melitenes
644 2264 763 2291 amaras,
780 2265 832 2285 nec
846 2265 902 2284 non
927 2257 1076 2293 Aposalath

287 2302 389 2329 ducum
415 2302 627 2330 strenuissimus
648 2303 893 2338 nobilissimusque
911 2311 943 2331 ac
957 2304 1079 2338 locuple-

289 2347 422 2380 tissimus,
436 2356 469 2376 ex
492 2348 621 2377 Melitenc
631 2353 781 2382 venerunt;
799 2349 997 2385 magniﬁceque
1014 2357 1080 2376 eon-

287 2395 410 2422 venienti
428 2395 534 2423 honore
548 2403 581 2423 ac
606 2396 683 2424 cultu
705 2404 721 2424 ιι
736 2397 861 2424 Romano
877 2396 997 2431 suscepti
1016 2404 1080 2431 pcr-

288 2449 424 2476 cussoque
444 2441 521 2476 pacis
536 2441 641 2469 [cedere
661 2441 694 2469 ad
713 2450 764 2470 sua
783 2442 937 2469 redierunt.
958 2442 1080 2477 Indeque

288 2486 371 2514 sociis
393 2487 493 2514 adlecti
521 2495 553 2514 ac
575 2487 703 2515 foederati
724 2487 858 2515 adversus
884 2487 1000 2515 tribules
1017 2496 1082 2516 suos

288 2533 429 2567 Agarenos
443 2540 506 2559 cum
524 2533 655 2560 Romanis
672 2533 706 2560 ad
723 2533 795 2561 bella
819 2533 1080 2568 proﬁciscebantur,

289 2585 322 2605 ac
339 2578 472 2614 triumphi
498 2579 591 2614 specie
612 2587 674 2607 cum
691 2579 789 2606 iisdem
803 2579 927 2614 captivos
946 2587 1011 2607 suos
1032 2579 1084 2608 “du—

289 2627 384 2651 centes
402 2624 540 2658 (mirando
557 2632 622 2652 sane
645 2625 804 2660 spectaculo
831 2629 860 2652 et
871 2625 1007 2658 inaudito,
1032 2625 1081 2653 im-

289 2669 455 2704 piorumque
471 2669 670 2699 Saracenorum
687 2670 850 2698 aﬁlictarum
862 2677 956 2698 rerum
968 2671 1083 2707 indicio)

289 2716 389 2744 urbem
405 2716 644 2751 ingrediebantur.
668 2717 775 2744 Mortuo
797 2721 888 2745 autem
909 2717 1083 2752 Apochapso,

291 2762 352 2790 viro
367 2761 503 2797 prudente
518 2769 550 2790 ac
563 2762 698 2797 sapiente,
712 2762 906 2790 Melitenenses
920 2770 1014 2797 pacem
1029 2763 1086 2791 dis-

292 2809 409 2836 solvere.
429 2808 532 2836 lterum
556 2808 639 2845 igitur
654 2809 788 2837 adversus
806 2818 854 2837 eos
871 2810 1085 2845 proﬁciscuntur

290 2853 430 2888 legionum
446 2854 616 2883 domesticus
626 2855 746 2883 Joannes
757 2856 876 2883 Crocoas
890 2864 953 2883 cum
965 2856 1086 2892 cohorti-

1106 315 1159 350 ρίῳ
1185 315 1232 342 καὶ
1257 315 1352 350 Μαρίᾳ
1377 316 1410 350 τῇ
1439 315 1486 341 τοῦ
1509 314 1700 350 Χριστοφόρου
1719 315 1836 352 θυγατρὶ
1855 320 1899 346 καὶ

1109 361 1182 396 πάσῃ
1201 362 1232 396 τῇ
1251 360 1395 395 συγκλήτῳ
1409 361 1448 392 εἰς
1466 361 1512 387 τὸν
1525 361 1589 387 ναὲν
1603 361 1652 396 τῆς
1669 362 1824 397 ὑπεραγίας
1838 364 1898 392 Θεο-

1108 407 1188 433 τόκου
1206 407 1251 433 τὸν
1265 407 1313 441 τῆς
1328 407 1435 442 Πηγῆς.
1454 408 1501 433 καὶ
1517 407 1671 443 εὐλόγησαν
1689 408 1795 445 Πέτρον
1808 419 1836 436 τε
1856 413 1899 439 χαὶ

1109 451 1231 487 Μαρίαν,
1247 451 1294 478 καὶ
1309 453 1372 484 τοὺς
1387 453 1540 487 νυμφικοὺς
1564 453 1714 488 στεφάνους
1729 456 1791 487 ταῖς
1813 456 1899 483 αὐτῶν

1111 498 1251 534 ἐπέθηκαν
1277 500 1428 533 κεφαλαῖς,
1457 501 1722 536 πα-ρανυμφεύοντος
1751 502 1898 536 Θεοφάνους

1111 545 1365 581 πρωτοὸεστιαρὶου
1378 546 1424 573 καὶ
1433 546 1572 582 Γεωργίου
1585 547 1817 582 Σουρσουὸοὑλου.
1829 550 1899 584 Λαμ-

1112 592 1185 626 πρᾶς
1204 591 1232 617 δὲ
1257 593 1304 618 καὶ
1329 592 1491 624 πολυτελοῦς
1510 593 1653 626 γεγονυίας
1676 594 1832 629 τραπέζης,
1857 597 1898 622 χαὶ

1112 638 1220 665 πάντων
1235 638 1288 664 τῶν
1304 639 1466 674 εἰθισμένων
1483 641 1539 671 τοίς
1560 640 1659 674 γάμοις
1680 641 1900 676 φαιδρῶςὲπιτεο

1112 683 1271 715 λεσοέντων,
1290 684 1416 719 εἰσῆλθεν
1428 684 1569 720 Θεοφάνης
1586 686 1838 721 πρωτοὸεστιάριος
1847 687 1900 722 ἅμα

1112 731 1207 767 Μαρία
1219 733 1252 766 τῇ
1268 732 1385 767 θυγατρὶ
1399 733 1444 759 τοῦ
1467 732 1600 768 βασιλέως
1615 734 1806 770 Χριστοφόρου
1822 736 1851 761 ὲν
1871 736 1899 770 τῇ

1114 778 1201 804 πόλει.
1218 779 1257 813 Τῇ
1272 777 1292 805 δ’
1307 778 1335 805 δὲ
1346 779 1393 806 τοῦ
1408 780 1498 814 γάμου
1512 780 1604 816 ἡμέρᾳ
1617 781 1747 815 ἐποίησεν
1760 782 1774 807 ὁ
1785 781 1902 816 βασιλεὺς

1120 824 1260 858 Ῥωμανὸς
1276 825 1393 860 εὐωχίαν
1409 825 1540 861 λαμπρὰν
1557 827 1584 853 ὲν
1602 828 1634 862 τῇ
1649 827 1704 853 τῶν
1722 827 1823 862 Πηγῶν
1839 829 1901 854 ἀπο-

1115 870 1204 906 ϐάθρᾳ.
1219 870 1265 898 τοῦ
1279 871 1420 906 βασιλικοῦ
1434 873 1583 907 δρόμωνος,
1599 875 1813 909 περικοσμήσας
1825 875 1904 910 αὐτὴν

1115 917 1257 952 ὑφάσμασι
1283 921 1415 953 σηρικοῑς.
1438 919 1523 946 Ἔνθα
1546 921 1718 956 συνειστιάθη
1741 920 1904 955 Ῥωμανῦςὸ

1116 962 1242 998 βασιλεὺς
1258 965 1353 999 Πέτρῳ
1375 965 1522 1002 Βουλγάρῳ
1538 965 1597 1001 ἅμα
1613 967 1820 1003 Κωνσταντίνῳ
1837 977 1905 1003 γαμ-

1116 1009 1174 1044 6ρῷ
1188 1010 1234 1036 καὶ
1255 1010 1297 1046 [Ρ.
1315 1011 1378 1048 584]
1395 1012 1575 1048 Χριστοφόρῳ
1591 1013 1652 1048 υίῷ,
1670 1014 1731 1041 Τῶν
1750 1014 1778 1041 δὲ
1793 1015 1906 1048 Bouh-ci-

1118 1064 1170 1090 ρων
1186 1056 1312 1084 ἔνστασιν
1327 1058 1356 1084 οὺ
1377 1059 1479 1094 μικρὰν
1503 1060 1696 1095 ποιησαμένων
1717 1061 1857 1102 πρότερον
1867 1063 1906 1089 εἰο-

1116 1102 1288 1137 φημισθῆναι
1303 1104 1501 1140 Χριστοφόρον,
1517 1102 1568 1132 εἴθ’
1583 1105 1670 1138 οὕτως
1691 1107 1906 1139 Κωνσταντῑνον,

1116 1148 1209 1181 ὑπεῖξε
1226 1151 1259 1184 τῇ
1274 1150 1398 1177 ἔνο-τάσει
1412 1150 1514 1177 τούτων
1528 1152 1541 1178 ὁ
1555 1151 1683 1187 βασιλεὺς
1699 1152 1855 1189 Ῥωμανὸς,
1866 1154 1908 1180 καὶ

1116 1195 1229 1229 γέγονεν
1244 1197 1312 1231 ὅπερ
1389 1205 1479 1224 σαντο.

1153 1242 1255 1276 λγ’-λδ’.
1283 1242 1394 1275 Ἐπειδὴ
1405 1245 1432 1270 δὲ
1446 1245 1534 1272 πάντα
1553 1246 1587 1272 τὰ
1602 1246 1648 1272 ἐπὶ
1663 1247 1718 1277 τοῖς
1733 1246 1839 1280 γάμοις
1857 1255 1910 1272 συν-

1118 1290 1309 1325 ετελέσθησαν,
1331 1290 1429 1325 ἔμελλε
1445 1291 1473 1318 δὲ
1488 1291 1584 1327 Μαρία
1598 1292 1648 1327 ἤδη
1666 1292 1716 1327 τὴν
1740 1292 1812 1327 πρὸς
1834 1293 1909 1319 Βουλ-

1118 1337 1217 1370 γαρίαν
1234 1337 1282 1363 σὺν
1302 1338 1342 1373 τῷ
1361 1338 1441 1374 ἀνδρὶ
1459 1338 1544 1374 αὐτῆς
1566 1339 1661 1374 Πέτρῳ
1677 1339 1737 1366 ὁδὸν
1762 1340 1877 1371 ὁδεύειν,
1890 1340 1909 1366 εί

1119 1382 1221 1416 ταύτης
1239 1385 1329 1417 γονεῖς
1346 1384 1428 1420 μέχρι
1443 1385 1490 1411 τοῦ
1514 1385 1647 1420 Ἑϐδόμου
1665 1386 1835 1420 συνεξῆλθον
1849 1387 1911 1422 αὐτῇ

1120 1428 1177 1464 ἅμα
1200 1429 1333 1463 Θεοφάνει
1354 1431 1607 1467 πρωτοῦεστιαρίῳ,
1627 1432 1673 1458 καὶ
1690 1432 1912 1463 συνεστιαθέντες

1120 1475 1210 1501 ἐκεῖσε
1227 1476 1332 1512 Πέτρῳ,
1352 1477 1446 1513 ἐπειδὴ
1465 1476 1578 1512 ἔμελλεν
1592 1478 1736 1513 ἀπαίρειν,
1754 1479 1913 1513 περιχυθέν-

1120 1529 1166 1552 τες
1189 1522 1222 1557 τῇ
1248 1522 1364 1558 θυγατρὶ⁵
1380 1522 1427 1548 καὶ
1444 1522 1530 1549 πολλὰ
1546 1523 1730 1558 καταχέαντες
1745 1523 1856 1559 δάκρυα
1871 1523 1914 1550 καὶ

1121 1567 1171 1594 ὅσα
1197 1567 1271 1599 εἰκὸς
1302 1567 1349 1594 ἐπὶ
1379 1569 1508 1604 στερήσει
1535 1568 1690 1603 σπλάγχνου
1714 1570 1914 1604 περιποθήτου,

1121 1613 1165 1640 τόν
1178 1622 1207 1640 τε
1222 1613 1313 1640 αὑτων
1329 1614 1455 1650 γαμϐρὸν
1471 1615 1662 1650 ἀσπασάμενοι
1675 1615 1724 1642 καὶ
1739 1615 1845 1650 ταύτην
1859 1616 1916 1647 ταῖς

1124 1659 1205 1685 αὑτοῦ
1221 1659 1300 1694 χερσὶ
1308 1659 1494 1694 παραθέμενοι
1509 1660 1537 1692 έν
1549 1660 1605 1691 τοῖς
1621 1659 1769 1695 βασιλείοις
1785 1659 1916 1695 ὑπέστρε-

1123 1704 1187 1739 ψαν.
1204 1705 1299 1741 Μαρία
1313 1705 1342 1732 δὲ
1357 1705 1557 1742 Βουλγαρικαϊς
1573 1706 1759 1742 παραδοθεῖσα
1774 1706 1856 1742 χερσὶ
1871 1706 1915 1741 τὴν

1124 1752 1171 1779 ἐπὶ
1186 1752 1356 1787 Βουλγαρίαν
1371 1753 1466 1788 ἀπῄει,
1483 1753 1618 1788 χαίρουσά
1637 1761 1667 1779 τε
1684 1752 1744 1788 ἃμα
1759 1753 1808 1780 καὶ
1822 1753 1915 1779 λυπου-

1127 1799 1206 1834 μένη,
1237 1799 1396 1835 λυπουμένη
1430 1799 1482 1833 μὲν
1513 1799 1556 1834 ἐφ’
1583 1796 1624 1831 οἷς
1650 1800 1754 1833 γονέων
1784 1800 1915 1834 φιλτάτων

1126 1844 1272 1880 ἐστέρηται
1289 1844 1335 1870 καὶ
1351 1843 1497 1878 βασιλείων
1521 1843 1604 1870 οἴκων
1628 1843 1677 1870 καὶ
1695 1842 1844 1878 συνηθείας
1865 1842 1915 1868 τῶν

1126 1889 1201 1923 γένει
1215 1888 1433 1924 προσοικούντων
1447 1888 1481 1921 ⁸⁸,
1491 1888 1625 1923 χαίρουσα
1633 1887 1661 1914 δὲ
1673 1886 1711 1919 ὡς
1724 1886 1831 1922 βασιλεῖ
1839 1894 1917 1922 προσ-

1126 1935 1250 1971 ηρμόσθη
1274 1935 1351 1970 ἀνδρὶ
1374 1935 1422 1961 καὶ
1445 1934 1574 1961 δέσποινα
1588 1933 1754 1968 Βουλγάρων
1781 1941 1918 1968 προσηγο-

1128 1982 1223 2018 ρεύθη.
1235 1981 1344 2017 -Ἄπῄει
1366 1981 1457 2008 τοίνυν
1483 1980 1598 2008 πλοῦτον
1617 1979 1838 2014 ὲπικομιζομὲνη
1852 1979 1918 2013 λαμ-

1128 2029 1197 2063 πρὸν
1211 2029 1257 2055 καὶ
1274 2028 1432 2063 παντοδαπή
1449 2027 1495 2054 καὶ
1513 2026 1613 2063 σκευὴν
1628 2026 1832 2061 ἀναρίθμητον.

1163 2115 1211 2143 λε’.
1229 2116 1296 2143 Τότε
1312 2116 1340 2143 δὲ
1354 2116 1402 2143 καὶ
1416 2116 1548 2152 πρέσὸεις
1567 2116 1636 2151 πρὸς
1654 2115 1702 2142 τὸν
1717 2115 1834 2151 βασιλέα
1854 2115 1919 2141 Ῥω-

1130 2165 1216 2200 μανὺν
1244 2165 1275 2190 ὲκ
1299 2164 1348 2198 τῆς
1371 2163 1527 2199 Μελιτηνῆς
1548 2154 1750 2198 παρεγένοντο,
1778 2162 1921 2197 εἶρηνιιιὰ;

1130 2210 1246 2242 σπονδὰς
1261 2210 1306 2236 ἐπὶ
1319 2211 1350 2236 τὸ
1364 2210 1478 2244 ποιῆσαι
1501 2210 1596 2237 πάκτα
1611 2210 1794 2245 παρέχοντες,
1811 2209 1879 2236 Μετ’
1892 2209 1919 2235 οὗ

1131 2257 1198 2283 πολὺ
1209 2257 1238 2283 δὲ
1256 2257 1304 2283 καὶ
1324 2256 1447 2291 Ἀπόχαψ
1462 2257 1476 2283 ὁ
1492 2256 1539 2283 τοῦ
1567 2256 1658 2290 ’Λμερ
1671 2255 1794 2289 ἔγγονος,
1815 2255 1920 2290 ἁμηρειῐς

1098 2302 1116 2328 D
1131 2302 1169 2329 ὢν
1179 2301 1345 2337 Μελιτηνῆς,
1366 2303 1413 2328 καὶ
1428 2303 1442 2329 ὁ
1464 2301 1616 2328 Ἀποσαλὰθ
1631 2301 1800 2336 στρατηγὸς,
1818 2300 1921 2333 εὐγενέ-

1133 2357 1229 2379 στατος
1245 2348 1291 2374 καὶ
1307 2347 1434 2378 πλούσιος
1449 2347 1496 2379 ὢν,
1510 2349 1543 2374 ἐκ
1557 2346 1712 2381 Μελιτηνῆς
1730 2345 1920 2380 παρεγένοντο.

1139 2394 1349 2429 ’Δποδεχθέντες
1363 2393 1410 2420 οὖν
1426 2393 1552 2428 μεγάλως
1574 2393 1642 2428 μετὰ
1661 2392 1712 2427 τῆς
1732 2392 1922 2427 προσηκούσης

1133 2441 1217 2476 τιμῆς
1239 2440 1314 2476 παρὰ
1334 2440 1476 2475 Ῥωμανοῦ
1503 2441 1552 2467 καὶ
1579 2439 1714 2474 σύμφωνα
1737 2439 1854 2474 είρήνης
1870 2447 1922 2464 ποι-

1135 2487 1250 2522 ήσαντες
1270 2487 1446 2522 ὑπέστρεψαν
1470 2487 1510 2518 εἱς
1526 2485 1561 2512 τὰ
1578 2485 1642 2512 ἴδια,
1659 2485 1775 2511 Ἐκτοτε
1792 2484 1822 2511 δὲ
1839 2483 1922 2515 συνεξ-

1135 2533 1299 2569 εστράτευον
1311 2534 1366 2564 τοῖς
1374 2533 1518 2566 Ῥωμαίοις
1532 2532 1604 2558 κατὰ
1614 2531 1669 2558 τῶν
1684 2530 1838 2566 ὁμοφύλων
1850 2531 1924 2563 ’Δγσ-

1137 2580 1236 2616 ρηνῶν,
1251 2580 1280 2605 ἕν
1295 2589 1324 2606 τε
1339 2581 1395 2611 τοῖς
1409 2579 1552 2610 ἐπινικίοις
1563 2578 1777 2613 συνεισήρχοντο
1787 2578 1847 2609 τοῖς
1863 2577 1924 2603 Ῥιν

1138 2625 1229 2661 μαίοις
1252 2626 1281 2651 ὲν
1302 2627 1337 2660 τῇ
1363 2625 1447 2657 πόλει,
1464 2623 1655 2659 αἰχμαλώτους
1674 2623 1791 2657 ἄγοντες
1816 2623 1926 2656 Ἀγαρηο

1136 2672 1197 2704 νούς
1209 2680 1216 2688 ·
1235 2672 1303 2706 ὅπερ
1315 2669 1348 2706 ἧν
1364 2670 1520 2705 θαυμαστὸν
1539 2669 1586 2696 καὶ
1601 2668 1755 2704 παράδοξον
1769 2668 1872 2702 δεῖγμα
1882 2667 1925 2700 τῆς

1135 2719 1191 2745 τῶν
1204 2718 1293 2745 ἀθέων
1315 2716 1474 2752 Ἀγαρηνῶν
1490 2716 1649 2751 δυστυχίας.
1667 2715 1887 2749 Τελευτήσαντος
1903 2712 1926 2738 δὲ

1136 2765 1184 2792 τοῦ
1200 2764 1333 2799 Ἀπόχαψ,
1350 2764 1447 2799 ἀνδρὸς
1460 2763 1594 2800 φρονίμου
1609 2762 1657 2789 καὶ
1667 2761 1783 2788 συνετοῦ
1799 2760 1846 2787 καὶ
1854 2760 1926 2786 δυνα-

1137 2810 1196 2842 τοῦ,
1213 2810 1340 2837 διέλυσαν
1359 2810 1409 2845 τὴν
1425 2810 1538 2845 εἰρήνην
1553 2810 1578 2836 οι
1597 2809 1647 2844 τὴν
1662 2807 1825 2843 Μελιτηνὴν
1842 2814 1926 2833 13.10:-

1138 2855 1263 2888 κοῦντες.
1286 2857 1530 2892 Ἐκσιιρατεύουσιν
1557 2853 1603 2883 οὖν
1627 2854 1689 2882 κατ’
1712 2855 1807 2882 αὐτῶν
1827 2852 1927 2882 πάλικὴ

945 2903 1060 2932 VAIil/E
1081 2904 1281 2933 LELTIONES.

327 2945 350 2960 “'
368 2945 506 2982 Θεοδώρου
520 2948 551 2975 P.
591 2948 614 2964 ⁸⁵
630 2949 825 2985 προσηκόντων
841 2957 867 2985 p.
882 2949 934 2977 257
950 2949 977 2978 b.
