2009 3164
282 218 330 249 9'“
911 219 1068 250 GEORGII
1090 220 1263 251 MONACHI
1826 225 1867 256 972

281 273 361 301 lectio
376 273 518 305 habeatur,
534 272 586 299 hoc
602 277 629 300 ct
649 272 693 300 ille
711 274 866 307 praestabat,
885 274 937 301 sibi
961 275 1018 310 ipse
1037 279 1065 302 et

1085 278 1103 306 Α
1120 277 1250 311 ρατιθεὶς,
1266 276 1334 303 ὥστε
1360 275 1388 302 τὸ
1405 275 1454 310 μὲν
1480 275 1558 310 σῶμα
1579 276 1718 311 τρέφεσθαι
1733 279 1763 314 τῇ
1779 280 1867 316 συνήθει

281 319 404 346 οοηςνῖνὶε
417 318 553 353 duplicem
566 326 706 353 apponens
715 326 848 352 mensam,
860 324 889 346 ut
902 325 960 347 tum
967 328 1068 355 corpus

280 370 413 393 consueto
435 365 497 392 cibo
522 365 654 396 aleretur,
684 369 740 392 tum
764 366 855 392 anima
880 366 1068 394 doctrinarum

281 412 420 446 voluptate
432 411 629 439 obiectaretur.
639 411 746 444 Quibus
762 412 809 439 ille
821 412 968 448 diligenter
979 417 1068 441 atten-

280 456 348 483 deus
362 456 494 487 animum,
509 455 606 490 spiritu
617 456 718 484 mentis
729 461 922 492 compunctus,
935 458 1068 493 lacryma-

282 510 341 529 rum
358 503 431 537 large
447 501 537 528 fontes
551 501 706 530 emittebat.

314 548 397 582 910
417 547 462 574 59.
479 547 544 582 Ejus
562 555 628 574 vero
641 547 723 575 ﬁdem
738 556 802 584 erga
822 550 982 582 monachos,
998 558 1068 584 quos

280 594 433 628 prtesertim
461 593 593 621 sanctitas
618 601 651 622 ac
671 594 767 630 religio
789 595 878 623 claros
894 596 1067 627 reddiderat,

279 644 381 674 quanta
406 639 499 671 fuerit,
527 639 590 674 quis
614 639 702 674 possit
728 641 877 668 enarrare?
901 641 1002 668 Eorum
1020 649 1069 668 ne-

279 692 323 711 mo
348 685 376 711 in
396 688 574 719 conspectum
595 685 732 717 veniebat,
759 685 804 712 cui
824 689 902 713 actus
923 693 987 713 suos
1006 693 1069 713 eum

279 730 374 757 multis
399 730 526 765 lacrymis
550 739 606 758 non
630 735 790 766 exponeret.
814 731 881 759 Cum
903 737 994 759 autem
1017 732 1070 760 ﬁde

279 775 474 802 devotissimus
500 783 532 802 ac
557 783 662 803 summe
689 777 859 804 orthodoxus
885 782 967 810 esset,
995 778 1070 805 urbis

279 828 375 848 omnes
397 821 528 849 ecclesias
552 822 697 857 pellucidis
728 823 822 850 subtili
851 823 967 850 stamine
983 824 1070 859 peplis

277 874 479 901 eereorumque
495 874 527 893 ac
539 866 696 902 lampatlum
721 867 801 903 copia
816 867 959 902 splendide
987 875 1068 895 exur—

279 911 372 944 nabat,
398 919 430 938 ac
455 912 613 939 decorabat.
639 911 693 940 Sed
718 916 746 940 et
772 913 915 940 monachis
940 913 968 940 in
990 921 1070 941 mon-

279 957 363 988 tibus,
389 961 445 984 tum
467 965 565 993 nempe
589 957 704 994 Olympo
726 963 783 986 tum
807 958 931 994 Cymina,
945 963 974 987 et
987 967 1068 994 quem
1086 946 1107 973 Β

278 1007 379 1030 vocant
415 1004 524 1030 Petram
561 1011 692 1035 auream,
728 1007 758 1031 et
788 1004 920 1032 Barachei
957 1009 1068 1037 monte,

278 1050 356 1077 nullo
380 1057 501 1084 unquam
535 1054 659 1084 tempore
680 1049 790 1078 destitit
814 1058 905 1078 anima
933 1051 1069 1086 stipendia

278 1096 389 1123 mittere
413 1103 565 1130 eorumque
586 1103 630 1123 res
652 1103 750 1123 curare
777 1103 809 1123 ac
833 1097 874 1123 eis
893 1097 1067 1131 prospicere;

278 1141 382 1176 quique
407 1141 479 1169 inter
509 1141 571 1168 illos
594 1141 710 1169 actionis
736 1142 811 1170 cultu
838 1149 870 1169 ac
899 1142 1069 1177 contempla-

280 1187 355 1215 tione
382 1187 546 1222 speetabiles
570 1192 682 1220 essent,
710 1187 745 1215 ad
774 1195 804 1215 se
837 1195 993 1220 accersere,
1021 1195 1069 1215 eo-

279 1241 396 1269 rumque
411 1241 522 1269 precum
543 1233 673 1268 suﬂ‘ragia
686 1233 846 1268 decerpere.
865 1234 920 1262 Nec
931 1234 959 1261 id
976 1234 1067 1267 modo,

277 1279 327 1308 sed
356 1285 385 1307 et
406 1279 534 1314 religiosa
553 1279 752 1307 exercitatione
775 1279 900 1312 inclusis,
923 1283 951 1308 et
975 1280 1022 1315 qui
1039 1287 1069 1308 se

277 1325 482 1362 angustissimis
514 1325 663 1361 tuguriolis
698 1325 775 1353 velut
806 1332 916 1353 carcere
948 1325 1070 1354 abdidis-

278 1375 340 1398 sent
351 1391 359 1403 ,
375 1371 483 1398 cunctis
493 1370 612 1406 denique
624 1371 800 1399 monasteriis
816 1375 933 1400 statutas
945 1379 1069 1400 annonas

277 1417 489 1445 subministrare
511 1425 564 1444 non
595 1417 730 1445 cessabat.
755 1417 809 1445 Has
834 1418 910 1446 velut
932 1426 948 1446 e
974 1419 1069 1446 multis

278 1470 379 1496 paucas
395 1462 447 1489 viri
466 1462 583 1490 virtutes
603 1463 847 1498 eleemosynasque
868 1463 1068 1498 percurrimus.

313 1507 358 1535 40.
385 1507 468 1535 Petro
488 1512 582 1536 autem
613 1508 729 1544 Bulgaro
752 1509 871 1537 Joannes
896 1509 980 1537 frater
1006 1518 1068 1537 cum

277 1554 340 1581 aliis
366 1553 509 1589 Symeonis
542 1554 705 1588 proceribus
731 1555 832 1582 struxit
862 1555 984 1583 insidias.
1016 1555 1068 1583 De-

273 1598 424 1633 prehensis
444 1598 508 1630 illis,
526 1599 645 1626 Joannes
662 1599 774 1634 quidem
794 1600 957 1628 verberibus
973 1608 1069 1628 cmen-

278 1645 359 1672 datus
379 1645 406 1672 in
426 1653 537 1673 carcere
560 1645 732 1680 includitur;
754 1646 854 1681 reliqui
881 1646 988 1675 acerbis
1005 1655 1070 1683 sup-

277 1691 370 1726 pliciis
391 1691 497 1718 subacti
514 1695 588 1718 sunt.
614 1691 718 1719 llorum
735 1692 876 1719 Romanus
889 1692 1039 1728 imperator
1055 1702 1070 1721 ιι

278 1737 360 1765 Petro
389 1737 492 1765 certior
518 1737 606 1764 factus
629 1737 762 1766 Joannem
791 1739 959 1767 monachum
986 1739 1068 1775 911

279 1787 361 1815 (eum
379 1783 426 1818 qui
451 1788 541 1811 rector
563 1785 723 1819 exstiterat)
744 1785 843 1819 mittit,
861 1790 993 1821 prattextu
1007 1787 1071 1822 qui-

278 1829 341 1858 dem
365 1829 519 1857 rcdimcndi
545 1830 680 1866 captivos,
708 1838 738 1858 re
767 1831 825 1866 ipsa
848 1840 915 1859 vero
938 1838 970 1861 ut
988 1833 1071 1861 Joan-

278 1883 342 1904 nem
367 1880 478 1912 caperet
501 1881 529 1904 et
548 1876 708 1912 Byzantium
731 1877 863 1910 duceret;
887 1879 961 1913 quod
980 1884 1009 1907 et
1032 1880 1070 1907 ita

278 1923 403 1958 contigit.
428 1923 536 1959 Quippe
557 1931 620 1951 eum
643 1923 748 1952 Joanne
772 1932 870 1952 navem
895 1925 1036 1961 ingressus
1054 1933 1070 1953 a

279 1967 442 1996 Mesembria
464 1969 492 1995 in
515 1968 611 1996 urbem
635 1968 721 1996 venit.
746 1967 803 1996 Nec
822 1969 911 1997 multo
928 1974 992 2004 post
1006 1978 1071 2005 pro-

277 2014 349 2049 iecto
369 2013 497 2041 monachi
515 2013 624 2046 habitu,
643 2021 705 2041 cum
723 2014 818 2042 uxoris
842 2015 984 2050 amplexus
995 2024 1070 2051 qua}.

280 2064 372 2092 reret,
404 2060 556 2095 imperator
587 2059 626 2087 illi
654 2059 727 2088 mdes
756 2061 907 2095 assignavit
930 2062 1070 2097 multaque

279 2105 392 2134 omnino
412 2105 514 2140 praedia
541 2105 680 2138 contulit;
699 2113 812 2132 uxorem
830 2113 941 2143 quoque
963 2115 997 2134 ex
1019 2115 1070 2135 sua

279 2150 367 2185 ipsius
398 2150 626 2178 Armeniacorum
666 2149 754 2184 patria
784 2150 810 2177 ei
840 2150 957 2184 locavit,
988 2157 1070 2187 atque

279 2197 307 2224 in
321 2196 436 2224 Cesaris
446 2196 529 2223 domo
542 2195 743 2231 prmagniﬁce
756 2196 867 2231 nuptias
880 2197 958 2228 fecit.
972 2198 1069 2227 ducto-

279 2242 357 2270 ribus
377 2248 485 2276 sponsae
504 2240 705 2276 Christophoro
724 2241 890 2278 imperatore
914 2251 946 2271 ac
963 2243 1069 2274 Joanne

279 2286 416 2315 monacho
433 2290 586 2314 exrectore.

314 2377 362 2405 4|.
389 2375 491 2404 Mensis
511 2375 602 2404 Martii
623 2375 669 2407 die
694 2377 832 2411 secunda,
863 2379 911 2414 qui
938 2380 967 2408 in
998 2380 1067 2413 foro,

278 2421 416 2451 columnis
437 2421 494 2450 illic
512 2421 610 2449 ordine
634 2423 745 2456 erectis,
769 2422 905 2453 Cosmites
924 2425 1070 2461 impositus

278 2473 348 2501 erat,
375 2467 479 2496 decidit
501 2475 535 2496 ac
554 2468 630 2496 viros
652 2475 699 2496 sex
720 2468 831 2496 occidit.
858 2469 985 2506 Magnum
1000 2478 1069 2506 quo-

279 2523 333 2550 que
351 2522 382 2542 ac
401 2514 577 2542 formidabile
597 2514 626 2541 in
650 2514 702 2542 fori
719 2515 828 2550 porticu
853 2516 1002 2544 excitatum
1023 2517 1067 2545 in-

280 2559 418 2593 cendium,
436 2560 510 2588 haud
526 2561 622 2595 procul
647 2568 664 2588 a
687 2562 790 2596 templo
817 2567 918 2590 sanctae
933 2563 1066 2599 Deipare,

279 2605 350 2634 adeo
369 2610 398 2632 ut
412 2613 476 2641 pars
496 2605 542 2633 illa
563 2606 615 2634 fori
637 2614 719 2641 quam
735 2608 834 2635 eerarii
849 2613 877 2636 et
891 2617 974 2644 quam
988 2610 1068 2645 pelli-

281 2651 354 2679 tiarii
371 2651 491 2680 artiﬁces
507 2656 651 2687 occupant,
669 2653 703 2680 ad
717 2653 830 2682 Psichas
843 2662 930 2690 usque
947 2655 1002 2691 igni
1017 2656 1067 2684 ιιι)-

280 2703 388 2734 sumpta
410 2697 455 2726 sit.

316 2745 360 2773 42.
386 2744 509 2772 Mortuus
531 2749 622 2772 autem
648 2749 691 2772 est
710 2744 924 2782 Christophorus
950 2747 1071 2783 impera-

282 2794 324 2817 tor
343 2797 438 2818 mense
466 2790 603 2826 Augusto,
633 2790 782 2819 indictione
803 2798 918 2827 quarta,
947 2793 1071 2821 Romano

1120 324 1219 358 τροφῇ,
1243 322 1292 358 τὴν
1323 322 1350 348 δέ
1375 322 1463 356 ψυχὴν
1488 323 1521 358 τῇ
1556 322 1710 358 καταλλήλῳ
1726 324 1775 351 τῶν
1799 325 1866 360 λόγων

1121 369 1293 404 ἑπεντρυφᾷν
1319 368 1409 403 ἡδονῇ,
1432 364 1472 399 οἷς
1496 368 1599 399 ἐκεῖνος
1615 368 1743 403 ἐπιμελῶς
1756 371 1867 406 προσέχων

1122 415 1166 441 τὸν
1194 414 1256 441 νοῦν
1279 413 1460 441 κατενύσσετο
1481 414 1532 449 τὴν
1555 413 1642 450 ψυχὴν
1665 414 1710 441 καὶ
1727 416 1815 448 πολλὰς
1833 417 1867 444 δα-

1122 460 1215 495 κρύων
1229 460 1305 494 ἠφίει
1320 459 1422 494 πηγάς.

1156 545 1204 573 λον.
1220 546 1276 579 Τὴν
1295 546 1323 572 δέ
1338 547 1430 573 πίστιν
1450 547 1483 582 ῆν
1498 546 1631 581 ἐκέκτητο
1654 547 1717 582 πρὸς
1728 548 1818 580 πάντας
1831 550 1868 584 μὲν

1123 591 1270 626 μοναχοὺς,
1289 592 1407 626 μάλιστα
1420 593 1449 620 δὲ
1463 593 1525 624 τοὺς
1539 593 1586 619 ἐπὶ
1601 592 1734 628 ἁγιωσύνῃ
1741 593 1869 629 διαϐοήτους

1123 638 1169 665 καὶ
1196 638 1325 674 εὐλαϐείᾳ.
1353 638 1395 670 τίς
1416 638 1450 666 ἂν
1483 639 1664 674 διηγήσαιτος
1689 640 1742 666 Οὐκ
1767 640 1869 668 “cicaro

1122 683 1177 718 γάρ
1191 691 1257 710 ποτε
1274 683 1392 718 μοναχδν
1409 683 1511 725 ἀρετῆς
1533 684 1711 718 ἀντεχόμενον
1722 703 1729 714 .
1745 681 1811 718 ᾧτινι
1833 685 1869 717 τὰς

1122 727 1221 755 ἑαυτοῦ
1242 727 1355 763 πράξεις
1373 728 1422 755 σὺν
1435 728 1543 760 πολλοῖς
1559 728 1610 754 οὐκ
1625 728 1777 763 ἐξηγόρευσε
1792 729 1868 764 δάκρυε

1123 782 1175 801 σιν.
1194 773 1362 805 Πιστότατος
1371 774 1402 800 δὲ
1415 773 1453 800 ὢν
1472 773 1519 800 καὶ
1538 773 1737 810 ὀρθοδοξότατος
1747 773 1823 806 πάσας
1834 775 1869 807 τὰς

1121 820 1170 855 τῆς
1185 820 1289 851 πόλεως
1303 819 1453 855 ἐκκλησίας
1473 819 1585 851 πέπλοις
1596 819 1732 853 διαφανέσι
1743 819 1786 847 καὶ
1800 829 1870 854 φωτα-

1122 866 1236 901 γωγίαις
1259 866 1399 902 λαμπραῖς
1423 866 1590 900 κατεκόσμει
1617 866 1664 892 καὶ
1684 866 1868 902 κατεφαίὸρυδνεν.

1129 910 1208 938 Ἀλλὰ
1225 913 1272 938 καὶ
1285 912 1341 942 τοῖς
1355 911 1384 938 ὲν
1400 910 1454 941 τοῖς
1467 910 1543 945 ὃρεσι
1558 911 1694 945 μοναχοίς,
1707 910 1741 945 τῷ
1752 919 1776 936 τε
1795 910 1870 944 Ὀλύμ-

1125 967 1168 992 πῳ
1192 958 1240 984 καὶ
1257 957 1296 992 τῷ
1320 957 1437 992 Κυμηνᾷ
1453 957 1480 972 ⁸³
1492 956 1540 983 καὶ
1553 958 1587 992 τῇ
1608 957 1702 992 Χρυσῇ
1720 957 1870 991 κατονομαζο-

1126 1004 1196 1040 μένῃ
1211 1003 1301 1039 πέτρᾳ
1311 1002 1407 1038 καὶτῷ
1427 1002 1474 1030 τοῦ
1494 1003 1636 1038 Βαραχὲος
1646 1003 1668 1018 ⁸⁸
1685 1002 1748 1037 ὄρει,
1759 1003 1786 1028 οὐ
1797 1002 1870 1029 διέλει-

1124 1057 1175 1076 πεν
1188 1049 1312 1085 ἐτησίους
1328 1049 1410 1084 ρόγας
1421 1047 1626 1081 ἐξαποστέλλων
1638 1049 1682 1080 ⁸⁵⁸,
1695 1049 1738 1075 καὶ
1752 1049 1870 1083 φροντίζων

1123 1095 1227 1122 τούτων
1252 1095 1300 1122 καὶ
1322 1095 1530 1130 προνοούμενος,
1553 1095 1673 1126 καὶτοὺς
1686 1095 1829 1130 ὀνομαστοὺς
1837 1095 1870 1121 ἐπὶ

1125 1141 1222 1177 πράξει
1243 1141 1290 1167 καὶ
1313 1139 1416 1175 Dempta.
1440 1140 1678 1176 μετακαλούμενος
1701 1140 1736 1172 ὡς
1751 1139 1871 1172 αὑτὸν,ιαὶ

1123 1187 1177 1214 τῶν
1191 1185 1378 1221 εὒχῶναύτῶν
1388 1185 1438 1216 τὰς
1452 1185 1576 1220 εὐλογίας
1593 1184 1707 1220 τρυγῶν.
1720 1185 1754 1211 Οὐ
1769 1185 1833 1219 μόνον
1842 1184 1870 1217 δέ,

1123 1232 1191 1259 ἀλλὰ
1204 1232 1252 1259 καὶ
1268 1232 1324 1263 τοῖς
1334 1231 1380 1258 διὰ
1397 1231 1443 1258 τὸν
1454 1231 1521 1258 Θεὸν
1537 1230 1705 1265 ἐγκλείστοις
1723 1230 1765 1256 καὶ
1786 1230 1870 1260 tau-toil;

1123 1279 1152 1305 ἐν
1171 1279 1348 1310 στενωτάτοις
1362 1278 1449 1309 οῐκοις
1473 1277 1634 1313 καθιίρξασι
1649 1278 1693 1304 καὶ
1707 1277 1766 1303 πᾶσι
1781 1278 1825 1307 τοῖς
1838 1283 1871 1310 μο-

1123 1325 1281 1360 ναστηρίοις
1301 1324 1351 1356 τὰς
1379 1323 1504 1358 ἐτησίους
1516 1323 1617 1358 ρόγας.
1632 1323 1664 1354 ἃς
1681 1321 1835 1355 διετύπωσεν,
1848 1320 1869 1346 οὗ

1122 1372 1255 1399 διέλειπεν
1269 1370 1452 1406 ἐπιχορηγῶν.
1479 1369 1573 1397 Ταῦτα
1596 1369 1634 1401 ὡς
1664 1371 1695 1396 ἐκ
1709 1368 1801 1396 πολλῶν
1813 1368 1870 1401 ὀλίγα

1124 1417 1177 1445 τῶν
1195 1418 1317 1453 ἀπείρων
1328 1416 1412 1444 αὑτοῦ
1425 1416 1649 1453 κατορθωμάτων
1662 1415 1708 1442 καὶ
1719 1412 1870 1450 ἐλεημοσυνῶν

1124 1464 1308 1500 διεξήλθομεν.

1161 1514 1198 1545 μ’.
1225 1511 1321 1545 Πέτρῳ
1347 1509 1376 1536 δὲ
1391 1510 1430 1545 τῷ
1456 1508 1604 1544 Βουλγάρῳ
1618 1508 1725 1535 ἐπέθετο
1743 1506 1870 1541 Ἰωᾶννηςό

1123 1556 1237 1590 ἀδελφὸς
1265 1556 1347 1583 αὑτοῦ
1374 1555 1444 1591 μετὰ
1474 1555 1521 1582 καὶ
1543 1554 1646 1590 ἐτέρων
1672 1553 1822 1589 μεγιστάνων
1836 1551 1869 1578 τοῦ

1123 1601 1245 1637 Συμεών·
1263 1602 1309 1628 καὶ
1335 1601 1516 1637 φωραθέντων
1535 1600 1637 1627 αὐτῶν
1659 1600 1675 1627 ὁ
1699 1600 1745 1635 μιν
1775 1598 1870 1632 Ἰωάννης

1121 1648 1252 1674 τύπτεται
1269 1647 1316 1674 καὶ
1332 1646 1485 1681 ἑγκλείεται
1503 1646 1625 1681 φυλακῇ,
1638 1647 1662 1672 ei.
1678 1645 1706 1672 δέ
1726 1644 1801 1671 λοιποὶ
1809 1652 1870 1677 τιμω·

1123 1693 1194 1729 ρῑαις
1217 1692 1248 1719 οὐ
1262 1693 1322 1724 ταῖς
1340 1691 1486 1727 τυχούσαις
1506 1690 1717 1717 ὑποϐάλλονται.
1731 1689 1809 1722 Ταῦτα
1823 1687 1870 1722 δῆλα

1122 1738 1284 1773 ποιήσαντος
1299 1737 1402 1773 Πέτρου
1419 1736 1458 1772 τῷ
1473 1735 1578 1772 βασιλεῖ
1596 1735 1734 1771 Ῥωμανῷ,
1747 1733 1871 1761 ἀπέστειλεν

1122 1784 1136 1810 ὁ
1152 1783 1278 1819 βασιλεὺς
1294 1783 1339 1810 τὸν
1357 1783 1472 1818 μοναχὸν
1491 1782 1630 1818 Ἰωάννην,
1654 1781 1683 1814 ὃς
1699 1780 1806 1816 ἐγεγόνει
1821 1779 1866 1814 ῥαί-

1121 1838 1207 1865 κτωρ,
1231 1830 1367 1864 προφάσει
1384 1829 1433 1864 μὲν
1455 1828 1494 1860 ὼς
1518 1828 1684 1863 ποιήσασθαι
1707 1826 1817 1861 ἁλλάγιον
1834 1824 1871 1851 τῶν

1122 1876 1317 1912 κρατουμένων
1329 1874 1521 1911 αἰχμαλώτων,
1540 1876 1573 1910 τῇ
1600 1875 1629 1901 δὲ
1640 1873 1748 1910 ἀληθείᾳ
1760 1871 1871 1905 κατασχεῖν

1128 1922 1254 1957 Ἰωάννην
1267 1923 1315 1949 καὶ
1332 1922 1360 1948 ὲν
1377 1921 1666 1949 Κωνσταντινουπόλει
1683 1916 1871 1954 ἁγαγεῖν.Εἰσελ-

1122 1967 1176 1994 Θὼν
1188 1967 1241 2003 γὰρ
1261 1967 1319 2002 ἅμα
1331 1967 1370 2002 τῷ
1390 1966 1499 2002 Ἰωάννῃ
1513 1966 1542 1993 ἐν
1557 1966 1645 2002 πλοίῳ
1664 1966 1716 1993 ἀπὸ
1727 1962 1871 1999 Μεσημϐρίας

1121 2012 1205 2050 ἦλθεν
1213 2015 1243 2041 ἐν
1256 2016 1289 2050 τῇ
1307 2013 1395 2041 Mler
1413 2013 1461 2040 καὶ
1478 2013 1538 2048 μετ’
1553 2014 1586 2040 οὐ
1612 2013 1678 2040 πολὺ
1694 2012 1780 2039 τούτου
1797 2010 1821 2036 τὸ
1838 2017 1872 2043 μο-

1122 2060 1234 2097 ναχικὸν
1251 2060 1344 2096 σχῆμα
1358 2059 1562 2095 ἀποῤῥίψαντος
1591 2059 1638 2086 καὶ
1653 2060 1762 2093 γυναῖκα
1773 2055 1871 2090 ἐπιζητή-

1122 2116 1229 2140 σαντος,
1241 2107 1357 2135 δέδωκεν
1367 2107 1441 2143 αὑτῷ
1455 2109 1469 2134 ὁ
1487 2107 1618 2142 βασιλεὺς
1635 2106 1707 2134 οἶκον
1720 2105 1763 2132 καὶ
1774 2104 1871 2138 κτήματα

1121 2152 1269 2188 πάμπολλα
1291 2153 1339 2180 καὶ
1353 2154 1470 2188 γυναῖκα
1490 2154 1524 2180 ἐκ
1537 2155 1589 2189 τῆς
1608 2152 1692 2180 αὑτοῦ
1712 2150 1821 2186 πατρίδος
1836 2147 1870 2181 τῆς

1120 2199 1174 2226 τῶν
1192 2199 1378 2235 Ἀρμενιακῶν
1392 2199 1567 2235 ὁρμωμένην,
1589 2200 1679 2234 γάμον
1692 2206 1720 2224 τε
1732 2196 1837 2232 λαμπρὸν
1850 2193 1869 2218 ὲν

1120 2246 1154 2280 τῇ
1165 2245 1213 2272 τοῦ
1226 2245 1366 2282 Καίσαρος
1384 2245 1460 2281 οἰκίᾳ
1483 2245 1649 2281 πεποίηκεν,
1664 2242 1830 2280 Χριστοφόρου
1838 2239 1871 2274 βα-

1085 2293 1108 2320 D
1123 2291 1218 2322 σιλέως
1242 2292 1290 2319 καὶ
1317 2291 1442 2319 Ἰωάννου
1463 2291 1583 2328 μοναχοῦ
1594 2312 1603 2325 ,
1619 2291 1668 2318 τοῦ
1691 2289 1816 2325 γεγονότος
1829 2285 1871 2322 ῥαί-

1121 2346 1229 2374 κτορος,
1243 2339 1544 2374 παρανυμφευσάντων.

1158 2383 1201 2419 [Ρ.
1218 2383 1282 2420 587]
1302 2383 1358 2419 μα’.
1370 2383 1487 2419 Μαρτίῳ
1497 2383 1527 2410 δὲ
1543 2384 1610 2419 μηνὶ
1626 2382 1716 2419 ἡμέρᾳ
1732 2380 1752 2417 β’
1762 2377 1870 2414 κοσμήτιῑῧ

1122 2429 1221 2456 Επεσεν
1243 2429 1272 2455 ὲν
1291 2428 1331 2464 τῷ
1353 2429 1430 2464 φόρῳ
1444 2429 1476 2455 ἐκ
1492 2429 1546 2456 τῶν
1562 2428 1701 2464 στοιχηδὸν
1719 2420 1869 2460 ineptam"

1122 2474 1212 2501 ἐκεῖσε
1222 2472 1310 2500 κίοσιν
1317 2463 1516 2508 ἐπικειμένων,
1536 2474 1583 2500 καὶ
1593 2473 1749 2500 ἀπέκτεινεν
1756 2469 1835 2504 ἄνδρας
1842 2463 1868 2496 ς’-

1122 2520 1219 2554 Γέγονε
1230 2519 1261 2546 δὲ
1274 2519 1322 2547 καὶ
1334 2519 1498 2556 ἐμπρησμὸς
1513 2519 1600 2555 μέγας
1617 2519 1665 2546 καὶ
1677 2515 1782 2553 φοϐερὸς
1793 2515 1826 2545 εἰς
1837 2511 1869 2538 τδν

1122 2565 1170 2593 τοῦ
1184 2566 1267 2603 φόρου
1281 2565 1405 2601 ἐμδολον,
1423 2563 1537 2600 πλησίον
1551 2564 1598 2591 τοῦ
1614 2563 1679 2592 ναοῦ
1691 2564 1738 2599 τῆς
1750 2557 1868 2607 ὑπερατίαξ

1123 2610 1267 2644 Θιοτόκου,
1291 2611 1362 2639 ὥστε
1383 2611 1557 2646 κατακαῆναι
1575 2610 1610 2638 τά
1629 2618 1660 2637 τε
1675 2606 1827 2645 κηροπωλεῖα
1836 2610 1867 2630 καί

1123 2658 1158 2685 τὰ
1174 2658 1308 2694 γουνάρια
1325 2657 1373 2685 τοῦ
1389 2657 1473 2694 φόρου
1492 2657 1576 2693 μέχρι
1591 2656 1646 2683 τῶν
1664 2654 1761 2690 Ψιχῶν.

1157 2748 1213 2784 μβ’.
1235 2747 1410 2783 Ἐτελεύτησε
1432 2747 1460 2775 δέ
1475 2747 1662 2784 Χριστοφόρος
1682 2746 1696 2772 ὁ
1709 2741 1819 2780 βασιλεὺς
1829 2746 1865 2774 μησ

1123 2783 1167 2824 νὸς
1184 2793 1339 2827 Αὐγούστου
1356 2813 1363 2825 ,
1389 2783 1553 2824 ἰνδικτιῶνος
1580 2790 1615 2824 δ’,
1641 2789 1723 2817 πολλὰ
1745 2783 1863 2822 χοψαμένου

908 2852 1025 2881 ἾΛΒΙΑΞ
1042 2852 1244 2880 ιεετιυινιεε.

316 2894 468 2934 ξ-ᾕυμινᾷ
486 2903 513 2931 ρ.
524 2896 578 2924 259
591 2896 618 2924 d.
653 2897 675 2912 ιι
689 2896 841 2932 Βαραχαιου
860 2899 894 2925 ῆι.
917 2884 1068 2934 "rugam

1085 2907 1127 2932 nr,
1144 2899 1358 2932 ἐξαποστέλλειν.
1382 2899 1405 2916 ⁸³
1420 2899 1475 2926 imo
1492 2898 1547 2926 τῶν
1561 2898 1622 2929 τοῖς
1638 2905 1679 2923 στ.
1695 2886 1864 2933 ισταμέζιοιςα-

283 2936 309 2964 p.
320 2927 373 2956 260
388 2927 416 2956 dL

919 3057 938 3069 ἱ
