2009 3164
171 202 224 234 977

723 210 822 241 νΙΤΙΕ
843 210 1124 244 REGENTIORUM
1143 213 1248 245 IMPP.

1756 215 1811 247 97.8

169 268 244 293 ρουν,
268 260 329 292 τοὺς
348 260 375 286 δὲ
398 262 428 297 τῇ
459 263 494 297 γῇ
532 265 804 298 προσεπαττάλευον,
838 268 900 298 τοὺς
937 268 950 294 δ

1018 272 1099 295 terrae
1123 269 1313 304 conﬁgebant,
1337 270 1412 296 alios
1432 269 1507 296 velut
1528 268 1561 295 ad
1582 273 1681 295 metam
1704 276 1811 297 erectos

166 304 263 340 ὥοπερ
303 308 422 339 σκοποὺς
460 309 587 342 ἱστῶντες
616 311 704 345 βέλεσι
752 313 963 345 κατετόξευον·

168 351 249 382 ὅσους
287 352 316 378 δὲ
348 353 395 379 τοῦ
427 354 717 392 ἱερατικοῦτκλήρου
748 359 964 394 συνελάμϐανον,

166 396 281 423 ὄπισθεν
316 398 366 430 τὰς
398 402 495 436 χεῖρας
535 402 699 437 δεσμοῦντες
727 404 809 438 ἥλους
828 406 965 441 εσιδηροῦς

155 442 241 491 Ικατὰ
276 443 362 479 μέσης
407 446 456 480 τῆς
482 448 603 483 κεφαλῆς
634 448 724 475 αὐτῶν
752 450 963 485 κατεπήγνυον·

166 489 281 521 πολλούς
302 499 331 517 τε
358 492 453 525 ἁγίους
485 494 567 526 ναοὺς
587 494 625 529 τῷ
654 496 720 531 πυρὶ
748 497 962 532 παραδεδώκασι.

164 533 314 568 Χειμιῦνκ
334 536 362 562 δὲ
387 537 437 572 ἤδη
464 539 642 574 ἐνισταμένου
659 560 667 573 ,
699 542 745 568 καὶ
777 543 882 578 τροφῆς
910 545 963 571 ὰπ-

164 579 292 614 οροῦντες
313 603 321 615 ,
343 582 372 608 τό
402 592 431 609 τε
449 584 563 612 ἐπελθὸν
596 587 756 622 στράτευμα
781 588 897 621 δεδιότες
913 591 962 622 τάς

165 634 197 651 τε
219 627 428 663 ναυμαχοῦντας
453 631 588 666 τριήρεις,
606 632 802 661 ἐϐουλεύσαντο
822 635 856 660 τὰ
876 637 962 664 οἰκεῖοι

166 672 342 701 καταλαΰεῖν.
360 675 413 701 Καὶ
428 675 460 711 δὴ
471 676 563 704 λαθεῖν
581 677 625 704 τὸν
645 679 739 706 στόλον
752 680 960 714 σπουδάζοντες.

165 717 346 754 Σεπτεμόρῐῳ
362 721 438 756 μηνὶ,
466 725 496 748 ιε’
512 722 682 756 ίνδικτιῶνος
706 725 961 763 ἀντιπλεῦσαιηὼρ-

165 764 287 797 unum;
318 766 365 792 ἐπὶ
396 766 430 794 τὰ
458 767 578 804 Θρᾳκῷα
608 770 680 805 μέρη
711 772 786 806 παρὰ
807 773 960 808 Θεοφάνους

164 811 312 845 πατρικίου
337 813 543 850 ὑπηντήθησαν·
566 817 596 843 οὐ
623 817 678 853 γὰρ
703 814 798 846 ἔλαθον
813 820 864 856 τὴν
877 821 959 847 αὐτοῦ

142 855 397 894 ,ῆὲγρηγορωτάτην
416 861 463 887 καὶ
480 861 608 895 γενναίαν
626 862 725 899 ψυχήν.
738 864 825 896 Εὐθὺς
843 865 888 892 οὖν
899 866 958 893 δευ-

162 901 231 937 τέρα
245 906 383 940 ναυμαχία
398 907 574 941 συνάπτεται,
592 909 640 935 καὶ
652 909 767 937 πλεῖστα
781 911 861 945 πλοῖα
877 912 957 939 ἐπόν-

160 957 251 976 τωσεν
270 951 316 976 καὶ
339 952 455 984 πολλοὺς
476 950 580 981 τούτων
605 956 768 983 ἀπέκτεινεν
784 959 797 984 ὁ
812 959 956 994 εἰρημένος

161 994 245 1030 ἀνήρ.
273 996 373 1031 Ὀλίγοι
388 998 415 1025 δὲ
428 1000 499 1034 μετὰ
512 1001 566 1028 τῶν
584 1002 683 1029 πλοίων
696 1004 895 1038 περισωθέντες
912 1006 957 1032 καὶ

160 1040 192 1066 ὲν
214 1042 246 1076 τῇ
264 1041 315 1076 τῆς
343 1043 444 1078 Κοίλης
465 1047 662 1081 περιπεσόντες
678 1049 748 1084 ἀκτῇ
767 1050 862 1082 νυκτὸς
880 1051 958 1077 ἐπελ-

159 1085 262 1121 θούσης
277 1087 388 1122 ἔφυγον.
402 1090 543 1126 Θεοφάνης
554 1093 582 1119 δὲ
595 1095 609 1120 ὁ
630 1095 776 1129 πατρίκιος
794 1096 863 1130 μετὰ
878 1096 956 1132 νίκης

158 1131 289 1166 λαμπρᾶς
310 1134 357 1160 καὶ
372 1134 426 1162 τῶν
445 1137 581 1170 μεγίστων
604 1139 775 1175 ὑπέστρεψεν
796 1141 953 1176 τροπαίων,

157 1178 207 1203 καὶ
220 1178 337 1214 ἐντίμως
350 1182 397 1207 καὶ
412 1182 631 1218 μεγαλοπρεπῶς
647 1185 782 1221 ὑπεδέχθη
803 1187 851 1213 καὶ
866 1196 954 1223 παρα-

157 1223 331 1260 κοιμώμενος
354 1227 485 1263 ἐτιμήθη.

196 1360 239 1395 [Ρ.
258 1360 321 1396 590]
337 1361 387 1397 νβ’.
424 1362 501 1390 Ἐπεὶ
530 1364 558 1391 δὲ
579 1366 593 1392 ὀ
609 1366 703 1402 ῥηθεὶς
726 1367 854 1405 Ἰωάννης
872 1371 953 1405 μάγι-

155 1415 240 1441 στρος
253 1408 267 1434 ό
281 1409 410 1444 Κροκόας
429 1410 541 1446 ἄριστός
557 1421 599 1445 τις
612 1413 723 1448 ἐγένετο
744 1416 779 1442 τὰ
801 1416 949 1453 πολεμικὰ,

155 1453 246 1480 πολλὰ
257 1463 285 1480 τε
300 1455 346 1482 καὶ
356 1456 465 1491 μεγάλα
478 1457 612 1494 ἀνέστησε
626 1460 756 1495 τρόπαια,
769 1463 817 1490 καὶ
832 1464 867 1491 τὰ
886 1464 952 1492 Ῥω-

156 1500 246 1533 μαϊκὰ
267 1501 418 1530 ἐπλάτυνεν
433 1503 505 1540 ὅρια,
526 1505 657 1545 πλείστας
672 1516 702 1534 τε
718 1508 811 1541 πόλεις
833 1510 952 1546 ἐπόρθη-

155 1553 205 1571 σεν
228 1546 282 1574 τῶν
301 1547 471 1584 Ἀγαρηνῶνν
492 1550 537 1577 διὰ
558 1552 587 1578 δὲ
611 1552 641 1579 τδ
657 1555 808 1589 περιφανὲς
831 1558 881 1591 τῆς
905 1558 951 1584 τοῦ

153 1591 254 1627 ἀνδρὸς
280 1593 380 1629 ἀρετῆς
398 1595 538 1632 ἠϐουλήθη
559 1598 573 1624 ὁ
593 1597 722 1633 βασιλεὺς
748 1600 888 1636 Ῥωμανὸς
912 1604 951 1635 εἰς

153 1636 203 1663 τὸν
219 1638 317 1666 ἑαυτοῦ
330 1639 442 1674 ἔγγονον
463 1639 615 1677 Ῥωμανὸν,
636 1642 681 1671 τὸν
696 1645 729 1672 ἐκ
743 1645 790 1672 τοῦ
808 1647 952 1674 Κωνστανη

151 1682 230 1710 τίνου
253 1684 300 1711 τοῦ
319 1685 379 1712 υἱοῦ
403 1686 498 1719 αὑτοῦ,
514 1688 564 1723 τὴν
581 1688 676 1716 τούτου
691 1690 830 1727 θυγατέρα
845 1693 950 1720 ἀναλα-

153 1728 227 1757 σεϊν.
240 1729 339 1757 Φθόνου
356 1731 384 1759 δὲ
397 1731 471 1768 αὐτῷ
479 1733 528 1769 τῆς
542 1735 672 1771 τοιαύτης
687 1736 780 1764 ἕνεκεν
795 1739 951 1773 ὑποθέσεως

154 1775 235 1812 παρὰ
245 1776 300 1803 τῶν
315 1777 419 1806 λοιπῶν
432 1778 566 1815 βασιλέων
587 1782 744 1816 κινηθέντος
754 1784 884 1813 ἐκπίπτει
898 1787 949 1822 τῆς

151 1822 255 1857 ἀρχῆς,
276 1823 436 1859 δομέστικος
460 1825 490 1853 δὲ
515 1827 741 1857 ἁντικαθίσταται
767 1831 781 1856 ὁ
804 1832 950 1868 πατρίκιος

150 1868 325 1915 Πανθήριος,
348 1873 484 1907 συγγενὴς
525 1873 564 1901 ὢν
601 1875 648 1901 τοῦ
683 1875 816 1911 βασιλέως
842 1878 949 1915 Ῥωμαο

149 1923 210 1942 νου.

187 1959 238 1995 νγ’.
276 1959 453 1995 Ἰνδικτιῶνος
482 1963 518 1998 α’,
549 1964 698 2001 Ἀπριλλίῳ
726 1968 803 2003 μηνὶ,
828 1968 948 2005 ἐπῆλθον

148 2006 234 2034 πάλιν
258 2007 284 2033 oi
306 2007 423 2043 Τοῦρκοι
446 2009 517 2044 μετὰ
535 2010 667 2045 πλείστης
697 2012 850 2048 δυνάμεως.
875 2015 905 2041 '0
919 2016 947 2042 δὲ

148 2052 298 2087 πατρίκιος
324 2053 467 2090 Θεοφάνης
497 2057 512 2083 ὁ
546 2058 799 2094 παρακοιμώμενος
831 2060 947 2094 ἐξελθὼν

148 2099 269 2131 σπονδὰς
280 2100 423 2135 εἰρηνικὰς
439 2102 551 2138 ἐποίησε
565 2104 623 2137 μετ’
641 2104 742 2139 αὐτῶν,
754 2106 878 2142 ὁμήρους
891 2108 946 2135 τῶν

147 2145 281 2179 ἐμφανῶν
300 2145 514 2182 ὰναλαϐὀμενος·
535 2147 564 2181 ἐξ
588 2146 618 2177 οὗ
645 2151 692 2177 καὶ
705 2151 805 2188 συνέὸη
820 2154 866 2180 ἐπὶ
883 2155 945 2191 χρό-

147 2198 207 2223 νοις
222 2189 243 2217 ε¹
255 2191 306 2228 τὴν
319 2192 433 2231 εἰρήνην
448 2193 676 2230 διαφυλαχθῆναι.

965 1622 987 1650 C

1017 313 1173 347 jaculorum
1197 314 1284 342 imbre
1303 314 1480 349 impetebant.
1497 314 1638 348 Quotquot
1649 313 1732 350 916
1746 324 1811 343 vero

1019 360 1196 394 sacerdotalis
1216 369 1248 389 ac
1270 361 1406 388 clericalis
1426 361 1533 388 militiae
1551 360 1809 395 deprehendcbant,

1019 405 1052 432 iis
1071 411 1144 433 retro
1156 398 1262 435 .vinctis
1279 407 1407 434 manibus
1424 415 1473 442 per
1490 407 1611 434 medium
1624 411 1705 442 caput
1718 407 1811 435 clavos

1018 452 1123 480 ferreos
1149 453 1307 489 adigebant.
1338 454 1435 481 Multas
1457 462 1600 481 sacrarum
1620 454 1721 481 aedium
1744 455 1810 482 sub-

1014 498 1086 532 jecta
1116 499 1223 526 ﬂamma
1249 500 1472 528 combusserunt.
1498 500 1645 535 Ingruente
1668 504 1734 528 'vero
1753 502 1811 536 jam

1017 544 1125 577 hieme,
1146 550 1174 572 ct.
1199 553 1261 573 cum
1283 553 1330 573 eos
1351 546 1524 574 necessarius
1547 550 1716 574 commeatus
1738 546 1806 574 deﬁ-

1016 596 1109 623 ceret,
1138 591 1202 618 dum
1236 596 1308 619 terra
1337 593 1475 620 exercitus
1504 593 1532 620 in
1560 601 1588 621 se
1617 593 1749 628 impetum
1777 601 1808 621 ac

1015 635 1111 663 navale
1130 637 1262 671 praelium
1289 638 1400 670 timent,
1428 638 1539 665 domum
1571 638 1673 666 reverti
1703 639 1807 666 consti-

1015 685 1138 711 tuerunt.
1162 683 1202 711 Ac
1226 691 1291 711 sane
1325 675 1440 712 classem
1471 685 1557 712 latere
1585 685 1651 712 dum
1680 686 1804 717 student,

1014 735 1109 756 mense
1131 728 1304 764 Septembre,
1333 731 1484 759 indictione
1509 732 1605 766 quinta
1634 731 1752 766 decima,
1771 733 1804 760 ad

1014 774 1139 802 Thraciae
1164 781 1261 810 portus
1290 771 1468 805 transfretare
1498 778 1634 813 aggressi,
1662 787 1743 813 quem
1763 779 1804 806 di-

1012 820 1119 853 cebam,
1147 820 1343 855 Theophanem
1369 822 1514 856 patricium
1542 823 1650 850 obviam
1671 823 1803 851 habuere.

1011 866 1106 900 Neque
1141 867 1214 893 enim
1252 867 1304 894 viri
1336 868 1546 894 solertissimum
1581 877 1611 895 ac
1645 869 1803 904 pervigilem

1011 912 1133 939 animum
1166 920 1275 948 unaque
1317 913 1500 941 fortissimum
1540 915 1707 942 fefellerunt.
1743 915 1804 943 Mox

1010 957 1094 993 igitur
1118 958 1224 986 navalis
1245 958 1338 986 denuo
1367 967 1458 994 pugna
1485 961 1685 994 committitur;
1715 961 1804 996 pluri—

1009 1012 1115 1039 nmque
1143 1005 1264 1032 hostium
1288 1005 1440 1033 submersa:
1464 1014 1568 1039 naves,
1596 1006 1675 1034 multi
1699 1007 1802 1048 occisi.

1007 1051 1066 1084 cjus
1103 1051 1203 1082 Marte,
1234 1059 1315 1086 quem
1349 1052 1494 1084 dicebam,
1523 1053 1584 1079 viri.
1623 1052 1706 1080 Pauci
1740 1060 1802 1081 cum

1007 1096 1123 1123 navibus
1144 1097 1214 1124 cladi
1239 1098 1370 1125 subducti
1392 1099 1475 1133 inque
1496 1097 1588 1126 Ctelcs
1610 1107 1739 1134 asperum
1756 1098 1802 1126 lit-

1008 1145 1051 1168 tus
1071 1142 1157 1168 evecti
1183 1142 1329 1177 ingruente
1350 1148 1429 1170 nocte
1451 1144 1514 1179 luga
1537 1150 1695 1172 evaserunt.
1714 1143 1802 1172 Theo.

1006 1186 1112 1221 phancs
1126 1195 1193 1214 vero
1215 1188 1351 1222 patricius
1373 1196 1435 1215 cum
1462 1189 1561 1224 insigni
1582 1190 1699 1217 victoria
1716 1191 1802 1217 maxi-

1005 1233 1112 1268 misque
1151 1235 1261 1269 tropaeis
1307 1242 1435 1263 reversus
1470 1235 1624 1264 honoriﬁce
1666 1244 1698 1264 ac
1742 1244 1802 1264 ma-

1004 1280 1103 1314 gniﬁce
1133 1282 1297 1316 suscipitur.
1333 1290 1364 1309 ac
1394 1283 1563 1310 accubitoris
1593 1283 1725 1319 dignitate
1751 1293 1796 1312 or-

1005 1330 1098 1354 natur.

1041 1372 1085 1400 52.
1110 1372 1180 1406 Quia
1199 1381 1264 1400 vero
1293 1373 1383 1402 dictus
1405 1375 1526 1403 Joannes
1538 1376 1668 1411 magister
1681 1375 1800 1404 Crocoal

1004 1420 1235 1454 praestantissima
1265 1421 1371 1449 virtute
1397 1421 1471 1449 bello
1496 1422 1630 1455 fulserat,
1658 1416 1799 1461 multaque

1003 1474 1036 1493 ac
1060 1474 1159 1502 magna
1186 1462 1315 1495 erexerat
1344 1473 1461 1503 tropaea,
1492 1473 1575 1504 atque
1601 1470 1717 1499 Romani
1744 1470 1797 1498 im-

1004 1511 1073 1545 perii
1101 1510 1170 1539 ﬁnes
1196 1512 1252 1540 late
1275 1513 1445 1547 protulerat,
1478 1514 1668 1550 plurimasque
1697 1516 1800 1550 Λευε-

1004 1564 1104 1584 uorum
1129 1557 1213 1585 urbes
1241 1559 1557 1595 everterat,.quodque
1586 1554 1639 1588 viri
1667 1555 1798 1589 illustris-

1004 1601 1073 1630 sima
1103 1603 1193 1632 virtus
1222 1609 1313 1637 esset,
1345 1605 1514 1640 cogitaverat
1544 1606 1686 1634 Romanus
1708 1608 1797 1643 impe-

1005 1652 1081 1676 rator
1097 1650 1180 1685 917
1213 1655 1245 1679 ut
1277 1652 1338 1687 ejus
1364 1652 1451 1680 ﬁlium
1484 1653 1608 1680 Romano
1640 1655 1732 1689 nepoti
1763 1663 1797 1683 ex

1003 1694 1186 1724 Constantino
1209 1697 1265 1724 ﬁlio
1288 1706 1401 1725 uxorem
1420 1699 1578 1728 ascisceret.
1594 1699 1716 1731 Conﬂata
1730 1709 1797 1729 vero

1004 1741 1069 1770 hinc
1093 1742 1155 1771 viro
1184 1743 1358 1778 reliquorum
1381 1744 1568 1780 Augustorum
1595 1746 1709 1779 invidia,
1739 1746 1797 1774 olli-

1003 1788 1046 1815 cio
1067 1793 1204 1817 movetur.
1222 1789 1309 1826 Hujus
1331 1799 1415 1826 porro
1432 1792 1493 1820 loco
1506 1792 1676 1821 domesticus
1692 1795 1794 1823 consti—

1002 1835 1091 1862 tuitur
1112 1836 1278 1864 Pantherius
1300 1837 1451 1872 patricius,
1479 1838 1596 1867 Romani
1620 1839 1797 1875 imperatoris

1002 1880 1186 1916 propinquus.

1036 1965 1081 1993 55.
1110 1966 1264 1996 lndictionc
1290 1968 1398 2003 prima,
1432 1977 1526 1997 mense
1559 1969 1665 2005 Aprili,
1697 1980 1795 2001 rursus

1002 2013 1084 2041 Turci
1111 2021 1173 2041 cum
1208 2014 1366 2049 ingentibus
1400 2015 1488 2050 copiis
1521 2012 1652 2044 Romanae
1680 2016 1794 2046 ditionis

1000 2059 1070 2087 ﬁnes
1093 2059 1265 2087 invaserunt.
1295 2060 1428 2096 Egressus
1450 2067 1517 2088 vero
1540 2060 1722 2096 Theophanes
1746 2070 1794 2098 pa-

988 2106 1098 2143 tricius
1124 2106 1274 2134 accubitor,
1301 2106 1377 2141 pacis
1407 2113 1470 2134 cum
1491 2107 1531 2135 eis
1563 2106 1653 2134 foedus
1679 2115 1794 2142 percus—

1000 2151 1036 2178 sit
1074 2150 1195 2185 acceptis
1214 2150 1359 2178 obsidibus
1382 2158 1415 2178 ex
1440 2151 1648 2179 illustrioribus.
1668 2149 1792 2187 Hincquc

999 2197 1067 2224 adeo
1083 2197 1198 2234 contigit
1214 2196 1242 2223 in
1260 2205 1348 2225 annos
1362 2197 1484 2233 quinque
1501 2205 1594 2233 pacem
1613 2198 1792 2237 induciasqttc

997 2250 1113 2270 SCTVIII‘I.

185 2279 231 2307 νδ’.
244 2280 380 2317 Δευτέρας
395 2282 424 2309 δὲ
442 2282 610 2315 ίνδικτιῶνος
626 2285 640 2311 ὁ
656 2286 786 2320 βασιλεὺς
807 2288 946 2325 Ῥωμανὸς

1037 2288 1080 2315 54.
1112 2287 1238 2316 Secunda
1266 2296 1350 2324 porro
1384 2288 1537 2317 indictione
1566 2288 1709 2317 Romanus
1742 2290 1792 2318 im-

147 2326 305 2361 Πασχάλιον
333 2329 582 2364 πρωτοσπαθάριον
610 2332 657 2357 καὶ
680 2335 833 2369 στρατηγὸν
848 2337 945 2372 Λογγι-

146 2370 265 2412 σαρδιας
285 2372 354 2408 πρὸς
378 2373 424 2414 τὸν
453 2374 526 2409 ρῆγα
552 2376 693 2411 Φραγγίας
711 2377 837 2413 Οὕγουνα
862 2370 946 2416 ωεξ-

145 2417 305 2450 απέστειλε,
332 2417 381 2454 τὴν
407 2419 491 2447 αὑτοῦ
516 2420 654 2458 θυγατέρα
670 2424 807 2459 ἐπιζητῶν
820 2427 860 2459 είς
875 2428 943 2464 νύμ-

145 2471 203 2497 φην
225 2461 357 2500 Ῥωμανῷ
371 2464 409 2501 τῷ
425 2465 475 2501 υἱῷ
491 2465 538 2494 τοῦ
555 2468 682 2503 γαμϐροῦ
694 2469 776 2497 αὑτοῦ
794 2461 941 2501 Κωνσταν-

142 2510 233 2535 τίνου·
267 2510 301 2545 ἢν
334 2513 381 2538 καὶ
412 2511 557 2540 ἀναλαϐὼν
582 2515 596 2541 ὀ
623 2515 769 2551 εἰρημένος
787 2517 943 2554 Πασχάλιος

145 2555 219 2590 μετὰ
239 2555 354 2584 πλούτου
375 2558 475 2585 πολλοῦ
496 2559 524 2585 ὲν
535 2561 568 2595 τῇ
587 2561 663 2588 πόλει
682 2562 831 2598 ἀνήγαγεν.
844 2565 943 2601 Γέγονε

143 2602 176 2629 δὲ
202 2602 216 2628 ὀ
230 2603 319 2649 γάμος
335 2604 519 2642 Σεπτεμϐρίῳ
538 2606 604 2643 μηνὶ
622 2608 788 2642 ἰνδικτιῶνος
802 2614 837 2646 γ’.
853 2613 943 2649 Ζήσα-

145 2657 183 2674 σα
196 2648 244 2684 ἐτη
256 2648 286 2682 ε’,
303 2650 481 2686 ἐτελεύτησεν
496 2653 524 2678 ὲν
535 2654 595 2685 ταῖς
608 2653 727 2690 ἡμέραις
741 2656 792 2692 τῆς
806 2648 942 2694 αὐτοκρα-

143 2694 241 2729 τορίας
258 2695 463 2724 Κωνσταντίνου
486 2696 534 2726 τοῦ
556 2699 643 2735 αὐτῆς
670 2700 814 2738 πενθεροῦ.

182 2784 228 2813 νε’.
258 2786 372 2824 ’Ᾱνὲμου
400 2789 429 2816 δὲ
452 2789 542 2826 βιαίου
565 2792 668 2828 σφόδρα
694 2794 938 2827 καταπνεύσαντος

143 2832 308 2869 Δεκεμϐρίῳ
331 2836 407 2869 μηνὶ,
429 2836 453 2862 ot
476 2836 617 2873 λεγόμενοι
639 2839 668 2867 ἐν
688 2839 725 2876 τῷ
740 2840 843 2876 ἱππικῷ
856 2840 937 2876 δῆμοι

1000 2341 1112 2371 perator
1141 2335 1314 2364 Paschalium
1343 2336 1596 2371 protospatharium
1622 2344 1654 2363 ac
1683 2336 1790 2372 Longo-

998 2381 1103 2415 bardi:e
1118 2381 1216 2409 ducem
1239 2380 1273 2408 ad
1295 2380 1437 2416 Hugonem
1452 2381 1530 2409 misit
1549 2381 1671 2408 Francia:
1686 2390 1787 2418 regem,

998 2428 1058 2463 ejus
1087 2427 1171 2454 ﬁliam
1201 2424 1327 2453 Romano
1353 2426 1525 2453 Constantini
1548 2427 1643 2460 generi
1667 2427 1710 2454 sui
1733 2427 1789 2454 ﬁlio

997 2481 1126 2508 sponsam
1152 2471 1319 2507 exquirens;
1348 2478 1431 2507 quam
1459 2476 1488 2499 et
1515 2479 1674 2504 assumens,
1706 2479 1788 2507 quem

995 2520 1071 2551 dixi,
1105 2517 1264 2546 Paschalius
1292 2525 1356 2545 cum
1386 2517 1470 2545 multa
1505 2517 1674 2551 supellectile
1704 2522 1786 2553 atque

995 2566 1095 2601 opibus
1130 2565 1160 2594 in
1199 2564 1296 2591 urbem
1335 2562 1454 2590 induxit.
1495 2561 1646 2590 Celebrata‘,
1670 2564 1784 2598 nuptiae,

995 2620 1090 2640 mense
1116 2609 1291 2647 Septembri,
1324 2608 1476 2637 indictione
1510 2609 1599 2637 tertia.
1627 2609 1701 2638 Vixit
1724 2619 1785 2638 cum

993 2657 1055 2684 viro
1091 2663 1179 2684 annos
1217 2656 1364 2691 quinque;
1401 2659 1516 2689 tumque
1552 2654 1622 2682 vivis
1659 2662 1785 2690 CXCHIle

994 2709 1056 2736 est,
1088 2710 1150 2730 cum
1185 2701 1383 2729 Constantinus
1411 2700 1484 2728 illius
1515 2707 1593 2728 socer
1627 2701 1684 2736 ipse
1713 2707 1785 2728 sum-

994 2755 1055 2774 mus
1075 2746 1226 2781 imperator
1247 2749 1320 2773 esset
1335 2753 1461 2780 unusque
1481 2753 1574 2773 rerum
1588 2746 1736 2781 potiretur.

1029 2793 1073 2821 55.
1103 2792 1195 2820 Mense
1224 2795 1315 2819 autem
1341 2791 1503 2824 Decembri,
1531 2791 1622 2819 valido
1648 2791 1784 2818 concitato

993 2844 1075 2869 vento
1087 2844 1168 2874 atquc
1184 2838 1304 2871 turbine,
1327 2836 1411 2874 918
1425 2838 1472 2873 qui
1491 2837 1518 2864 in
1531 2836 1591 2865 l‘oro
1614 2846 1648 2865 ex
1667 2838 1784 2865 advorso

799 2887 915 2917 VARIE
931 2888 1133 2918 LECTIONES.

182 2929 206 2945 ⁸⁸
222 2929 337 2965 οὗγωνα
351 2938 378 2966 p.
393 2930 445 2959 267
460 2932 487 2959 d.
