2009 3164
257 209 311 242 979

901 208 1063 241 GEORGII
1079 210 1255 242 MONACHI

1847 209 1898 241 980

257 270 327 305 regii
345 267 406 297 solii
424 268 510 297 erecti
526 271 607 302 sunt,
626 269 666 296 sic
685 268 764 301 dicti,
780 267 854 296 demi
872 273 1052 302 corruerunt,

1111 271 1268 303 κατέπεσον,
1277 270 1302 298 οἳ
1317 267 1484 301 ἀπεναντίας
1499 267 1546 295 τοῦ
1561 267 1702 304 βασιλικοῦ
1711 267 1808 303 θρόνου
1819 269 1882 303 ὲτύτ
1892 283 1899 288 -

255 315 453 351 subiectosque
473 314 575 350 gradus
598 319 626 342 et
641 320 784 343 marmora
797 319 825 343 et
841 315 1056 343 intercolumnia

256 361 460 389 contriverunt.
489 361 562 388 Anni
589 365 682 389 autem
708 366 836 389 vertente
863 362 986 394 circulo,
1007 370 1056 390 eo-

257 407 321 436 dem
334 408 395 443 ipso
412 415 518 440 mense,
541 407 698 436 Romanum
716 408 914 444 imperatorem
931 409 992 444 ejus
1009 398 1057 436 filii

257 454 321 482 aula
342 453 515 490 deiecerunt.

292 500 337 528 56.
363 500 505 528 Edessena
528 504 621 528 autem
638 500 766 533 civitate,
791 500 820 528 in
833 508 886 536 qua
906 500 1058 529 venerandi

256 546 361 575 Christi
386 546 491 581 efﬁgies
527 546 615 575 linteo
640 554 772 582 expressa
796 551 872 580 erat,
898 554 914 574 a
933 546 1059 574 Romano

257 593 382 621 exercitu
414 593 528 620 obsessa
562 597 591 621 et
617 593 652 620 ad
680 597 820 621 extremas
847 593 988 629 angustias
1015 600 1060 620 re-

258 639 339 668 dacta
360 640 498 667 miserunt
520 639 651 675 oppidani
668 639 703 667 ad
724 639 880 667 Romanum
905 640 1057 675 imperato-

259 693 318 713 rem
343 688 471 713 oratores
502 690 634 721 rogantes
670 685 740 713 solvi
775 686 969 718 obsidionem,
998 685 1059 721 ejus

258 731 384 758 muneris
403 730 498 765 gratiae
515 738 624 757 sacram
638 729 742 758 Christi
768 730 809 759 sic
823 738 981 766 expressam
999 730 1058 757 eﬂi-

259 777 332 812 giem
350 783 380 815 se
393 776 508 804 daturos
526 776 660 811 polliciti;
678 777 921 813 hujusque-ipsius
935 776 1059 804 muneris

261 822 350 850 vicem
375 830 410 850 ex
436 821 495 851 suis
516 822 626 850 vinctos
651 822 817 850 illustriores
838 822 961 858 recipere
983 825 1060 857 pete-

261 870 347 902 bant,
368 869 500 904 bullaque
525 876 608 896 aurea
634 876 696 897 eam
717 869 758 897 eis
779 869 904 904 praestari
927 867 1010 895 ﬁdem
1028 871 1059 894 ut

259 923 316 942 non
334 915 453 950 amplius
473 915 604 942 Romanae
617 916 704 950 copia:
728 915 898 943 Edessenam
917 914 1059 950 regionem

259 961 447 989 devastarent.
468 960 546 994 Quod
568 965 596 989 et
617 960 722 988 factum
736 965 788 988 est.
805 961 886 988 Missa
902 960 994 994 itaque
1012 967 1053 986 sa.
1070 953 1092 983 Β

259 1015 306 1049 cra
320 1006 409 1042 efﬁgie
420 1014 451 1034 ac
464 1006 586 1040 sudario,
597 1007 709 1041 jamque
720 1005 795 1033 haud
806 1005 902 1041 procul
916 1004 1056 1041 Byzantio,

259 1053 444 1089 Theophanes
472 1053 608 1088 patricius
636 1057 665 1080 et
699 1052 844 1080 accubitor
874 1051 908 1078 ad
935 1051 1058 1086 Sagarim

259 1099 377 1127 ﬂuvium
397 1105 526 1134 egressus
550 1105 613 1126 cum
638 1105 783 1126 cereorum
806 1097 951 1132 splendido
973 1104 1056 1131 appa-

262 1148 323 1171 ratu
354 1150 533 1179 congruoque
565 1143 643 1171 cultu
672 1147 700 1171 et
729 1142 846 1170 canticis
876 1142 915 1169 illi
948 1141 1058 1169 obviam

261 1189 413 1225 processit;
435 1189 594 1224 mensisque
611 1188 726 1224 Augusti
750 1189 847 1224 quinta
870 1188 976 1216 decima
996 1196 1058 1215 cum

260 1236 309 1263 illo
335 1236 363 1263 in
386 1236 484 1263 urbem
505 1236 630 1268 intravit,
659 1235 828 1270 imperatore
851 1234 880 1262 in
897 1234 1059 1262 Blachernis

260 1282 424 1315 constituto,
445 1282 493 1310 ubi
506 1287 536 1309 et
553 1281 673 1317 efﬁgiem
689 1281 789 1309 devote
807 1281 941 1309 adoravit.
956 1280 1059 1308 Postri-

260 1330 306 1357 die
319 1337 387 1357 vero
401 1329 435 1356 ad
454 1329 574 1356 Auream
590 1334 699 1364 portam
713 1328 841 1356 exierunt
858 1332 916 1355 tum
938 1328 1058 1362 impera-

260 1376 329 1403 toris
342 1375 399 1403 duo
423 1375 484 1406 ﬁlii,
501 1374 659 1410 Stephanus
674 1379 702 1402 et
716 1374 926 1407 Constantinus,
943 1378 1001 1401 tum
1024 1373 1059 1401 il—

259 1422 315 1450 lius
329 1429 415 1457 gener
435 1420 636 1449 Constantinus
659 1420 744 1456 919
767 1428 831 1447 cum
852 1419 1059 1455 Thcophylacto

260 1467 440 1504 patriarcha,
464 1467 615 1502 debitaque
640 1466 746 1494 honore
769 1471 927 1501 susceptum
950 1473 1058 1493 sacrum

260 1515 376 1550 pignus,
395 1513 529 1541 universo
544 1516 641 1540 senatu
662 1517 805 1547 praeeunte
823 1510 997 1546 maiimaque
1013 1518 1060 1538 ce-

261 1568 372 1589 rcorum
385 1564 468 1595 atque
483 1559 642 1595 lampadum
655 1559 723 1587 silva
737 1559 916 1594 praelucente,
935 1558 1059 1592 adusque

261 1611 363 1635 sancta:
385 1607 435 1634 Dei
459 1606 603 1641 sapientia
624 1605 757 1640 templum
779 1605 898 1640 pedibus
917 1603 1058 1635 detulere,

260 1658 343 1688 atque
357 1652 414 1680 illic
424 1651 587 1679 ador-alioue
600 1651 774 1686 mysticoque
786 1650 861 1678 cultu
874 1655 1018 1684 acceptum
1030 1648 1058 1675 in

259 1699 394 1733 palatium
408 1698 540 1725 intulere.

297 1744 343 1770 57.
355 1743 405 1771 His
419 1750 488 1770 vero
509 1743 609 1770 diebus
621 1747 774 1770 monstrum
788 1742 927 1777 quoddam
942 1750 974 1770 ac
991 1750 1058 1778 por-

259 1794 369 1817 tentum
394 1789 588 1816 Armeniacum
602 1789 629 1816 in
643 1788 740 1816 urbem
756 1788 896 1816 invectum
910 1793 962 1821 est,
979 1789 1058 1824 pueri

259 1836 366 1864 scilicet
379 1836 435 1863 duo
443 1835 624 1868 cohaerentes,
637 1843 693 1862 uno
701 1839 780 1862 utero
791 1834 883 1867 effusi,
895 1835 955 1862 aliis
969 1842 1056 1862 mem-

258 1882 317 1910 bris
331 1881 462 1910 omnibus
476 1881 602 1916 corporis
627 1881 737 1916 integri,
754 1889 769 1908 a
799 1881 947 1908 ventriculi
965 1885 1056 1909 tamen

258 1937 308 1957 ore
322 1932 351 1957 et
368 1929 442 1956 intra
459 1928 561 1964 pubem
579 1928 651 1962 inter;
666 1935 695 1955 se
717 1927 852 1961 concreti,
869 1933 951 1963 atque
973 1928 1057 1955 vulti-

258 1976 311 2004 bus
325 1974 461 2003 obversis.
483 1974 517 2002 [-li
531 1973 578 2002 diu
594 1973 622 2001 in
648 1974 718 2001 urbe
734 1973 852 2005 versati;
867 1981 901 2001 ac
917 1981 979 2001 cum
996 1982 1056 2001 om-

258 2029 309 2049 nes
324 2029 375 2049 ceu
391 2021 513 2049 immane
530 2019 669 2055 quoddam
687 2023 848 2055 portentum
874 2019 962 2046 oculis
974 2027 1057 2047 usur-

258 2071 368 2104 parent,
380 2067 523 2094 Romanus
539 2066 691 2101 imperator
714 2065 790 2092 velut
802 2065 903 2092 malum
917 2064 1055 2100 quoddam

259 2123 342 2142 omen
354 2121 387 2142 ea
402 2113 517 2149 expulit.
535 2112 603 2140 Cum
618 2116 711 2139 autem
731 2113 807 2139 solus
827 2111 882 2146 jam
896 2109 1054 2138 Constanti-

259 2168 314 2187 nus
325 2166 418 2186 rerum
431 2157 580 2193 potiretur,
596 2156 696 2183 iterum
711 2156 826 2192 ingressi
845 2160 919 2184 sunt.
931 2156 993 2184 Uno
1005 2164 1055 2184 au-

260 2210 317 2232 tem
331 2212 366 2231 ex
378 2204 420 2231 eis
434 2207 555 2235 mortuo,
572 2201 653 2237 periti
684 2201 797 2237 quidam
815 2202 916 2230 medici
932 2202 1055 2230 cohmre-

261 2254 387 2279 scentem
402 2254 558 2277 emortuam
584 2253 689 2284 partem
707 2248 801 2276 subtili
827 2253 886 2276 arte
912 2252 1053 2284 putavere,

1110 325 1209 351 χανον,
1228 316 1275 342 xui.
1304 314 1469 351 συνέτριψαν
1494 314 1529 342 τά
1553 323 1583 341 τε
1607 314 1786 341 ὑποκάτωθεν
1813 315 1900 341 αὐτῶν

1110 362 1199 399 βάθρα
1215 362 1263 389 καὶ
1277 362 1312 390 τὰ
1330 362 1432 397 στήθεα
1452 361 1598 397 λεγόμενα.
1617 360 1722 395 Χρόνου
1736 359 1766 386 δὲ
1787 369 1899 396 mpm).

1109 407 1273 439 κλεύσαντος
1287 406 1328 442 τῷ
1347 406 1423 442 αὐτῷ
1436 407 1503 442 μηνὶ
1518 406 1565 433 τὸν
1587 405 1703 441 βασιλέα
1724 404 1866 440 Ῥωμανὸν
1877 406 1900 432 οἱ

1110 455 1163 481 υῐοὶ
1180 454 1264 481 αὑτοῦ
1279 453 1327 481 τοῦ
1345 449 1668 487 παλατίουκατήγαγον.

1145 503 1201 533 νς’.
1215 500 1272 534 Τῆς
1288 499 1318 526 δὲ
1334 499 1441 530 πόλεως
1463 499 1587 534 Ἐδέσης,
1598 499 1628 525 έν
1678 497 1767 525 τὺτοῦ
1784 497 1902 533 Χριστοῦ

1109 546 1200 582 τίμιον
1224 547 1372 582 ἐκμαγεῖον
1399 545 1542 579 ἀπέκειτο,
1569 545 1647 581 παρὰ
1674 545 1722 573 τοῦ
1747 545 1902 581 Ῥωμαϊκοῦ

1110 593 1347 629 πολιορκουμένης
1375 592 1583 629 στρατεύματος
1597 593 1645 620 καὶ
1660 593 1701 624 είς
1720 593 1848 629 ἀνάγκην
1861 601 1904 628 με-

1109 639 1207 675 γίστην
1226 640 1452 676 περιισταμένης,
1471 640 1636 667 ἀπέστειλαν
1659 639 1684 666 οἱ
1706 639 1812 674 ταύτης
1835 640 1904 674 οἰκή-

1108 692 1189 719 τορες
1205 684 1274 719 πρὸς
1289 685 1336 712 τὸν
1351 684 1466 719 βασιλέα
1485 684 1627 720 Ῥωμανδν
1643 684 1904 720 διαπρεσϐευόμενοι

1108 730 1158 765 τὴν
1169 729 1329 766 πολιορκίαν
1347 730 1474 766 λυθῆναι,
1488 729 1519 756 τὸ
1533 728 1580 756 τοῦ
1590 730 1710 764 Χριστοῦ
1727 729 1806 764 ἅγιον
1821 729 1905 764 ἐκμα-

1109 776 1184 809 γεῖον
1198 776 1333 812 παρέχειν
1352 775 1595 811 ¹ἐπαγγειλάμενοι.
1616 775 1703 810 ’Υπὲρ
1715 777 1767 810 τῆς
1777 775 1905 810 τοιαύτης

1110 821 1138 849 δὲ
1153 822 1266 858 χάριτος
1281 822 1410 859 δεσμίους
1435 822 1573 858 ᾐτήσαντο
1582 821 1638 849 τῶν
1650 821 1782 857 ἐμφανῶν
1805 820 1905 847 ἀπολα-

1110 869 1179 903 ϐεῖν,
1195 869 1382 906 χρυσόσουλλά
1392 877 1421 895 τε
1439 868 1533 895 λαϐεῖν
1550 868 1620 896 ὥστε
1635 867 1684 904 τὴν
1695 867 1804 895 τούτων
1816 866 1906 903 χώραν

1112 916 1212 951 μηκέτι
1235 916 1312 951 παρὰ
1333 916 1382 943 τοῦ
1408 915 1553 951 Ῥωμαίων
1578 914 1696 950 στρατοῦ
1721 914 1880 949 ληῖζεσθαι·
1894 913 1907 940 ὃ

1106 963 1139 997 δὴ
1156 962 1199 998 [Ρ.
1231 961 1294 998 591]
1317 963 1365 989 καὶ
1379 962 1502 997 γέγονεν.
1529 960 1582 988 Τοῦ
1612 960 1640 988 δὲ
1660 960 1740 995 ἁγίου
1757 960 1906 996 ἐκμαγείου

1110 1008 1314 1040 ἀποσταλέντος
1329 1008 1376 1036 καὶ
1389 1008 1439 1044 ήδη
1452 1009 1485 1043 τῇ
1499 1006 1786 1035 Κωνσταντινουπόλει
1797 1006 1908 1041 πλησιά-

1110 1062 1217 1088 σαντος,
1239 1054 1406 1090 Θεοφάνηςὸ
1419 1053 1564 1088 πατρίκιος
1585 1053 1632 1080 καὶ
1656 1051 1906 1088 παρακοιμώμενος

1110 1101 1138 1128 ὲν
1154 1100 1192 1136 τῷ
1212 1099 1326 1136 ποταμῷ
1344 1100 1480 1136 Σαγγάρῳ
1503 1097 1620 1131 ἐξελθὼν
1645 1099 1804 1134 ὑπήντησεν
1836 1097 1906 1131 αὐτῷ

1111 1145 1182 1180 μετὰ
1193 1145 1377 1181 φωταγωγίας
1397 1145 1445 1171 καὶ
1463 1144 1514 1180 τῆς
1532 1143 1647 1179 δεούσης
1660 1143 1745 1179 τιμῆς
1775 1142 1825 1169 καὶ
1844 1142 1907 1176 ὕμν-

1109 1192 1202 1226 ῳδίαςι
1219 1192 1274 1218 Καὶ
1286 1193 1319 1228 τῇ
1335 1191 1365 1218 ιε’
1381 1191 1429 1218 τοῦ
1445 1190 1602 1225 Αὐγούστου
1625 1190 1710 1225 μηνὸς
1724 1189 1775 1216 σὺν
1789 1189 1868 1224 αὐτῷ
1880 1190 1906 1215 ἐν

1109 1238 1142 1272 τῇ
1156 1237 1232 1264 πόλει
1248 1236 1385 1272 εἰσῆλθον,
1397 1235 1444 1263 τοῦ
1462 1235 1593 1271 βασιλέως
1604 1235 1633 1261 ὲν
1646 1233 1817 1270 Βλαχέρναις
1832 1233 1906 1264 όντος

1111 1285 1193 1311 κάκεῖ
1211 1284 1279 1311 αὐτὸ
1299 1283 1553 1320 προσκυνήσαντος.
1576 1282 1615 1318 Τῇ
1631 1281 1661 1308 δὲ
1679 1281 1815 1316 ἐπαύριον
1834 1280 1906 1314 ἐξῆλ-

1110 1331 1156 1358 θον
1175 1332 1205 1358 ὲν
1218 1332 1250 1366 τῇ
1262 1330 1358 1366 Χρυσῇ
1379 1330 1469 1366 πόρτῃ
1481 1329 1510 1356 οἵ
1523 1337 1552 1355 τε
1566 1328 1614 1355 τοῦ
1636 1328 1772 1363 βασιλέως
1787 1327 1838 1353 δύο
1858 1326 1907 1352 υἱοὶ

1111 1377 1249 1412 Στέφανός
1263 1385 1293 1403 τε
1309 1377 1356 1404 καὶ
1370 1376 1577 1407 Κωνσταντῖνος
1592 1375 1639 1401 καὶ⁸
1653 1374 1668 1400 ό
1682 1373 1760 1409 γαμό
1766 1373 1810 1408 ρος
1826 1372 1907 1400 αὑτοῦ

1110 1424 1318 1455 Κωνσταντῖνος
1340 1422 1390 1450 σὺν
1407 1422 1448 1458 τῷ
1466 1421 1626 1458 πατριάρχῃ
1644 1419 1845 1454 Θεοφυλάκτῳ·
1864 1418 1907 1445 καὶ

1113 1471 1182 1507 μετὰ
1204 1471 1255 1506 τῆς
1280 1468 1396 1504 δεούσης
1420 1468 1501 1495 τοῦτο
1529 1467 1711 1498 ἀναλαϐόντες
1738 1465 1838 1500 τιμῆς,
1861 1464 1907 1498 τῆς

1112 1517 1265 1552 συγκλήτου
1280 1516 1371 1550 πάσης
1387 1513 1631 1550 προπορευομένης
1651 1513 1698 1539 καὶ
1724 1511 1906 1547 φωταγωγῐας

1113 1562 1246 1598 μεγίστης
1271 1560 1459 1596 προαγούσης,
1489 1559 1570 1594 μέχρι
1595 1557 1642 1584 τοῦ
1669 1556 1748 1591 ἁγίου
1766 1556 1837 1582 ναοῦ
1861 1555 1907 1589 τῆς

1119 1609 1213 1644 Ἀγίας
1228 1607 1274 1635 τοῦ
1287 1608 1356 1634 Θεοῦ
1369 1606 1471 1642 Σοφίας
1488 1605 1558 1641 πεζῇ
1573 1604 1745 1639 διεκόμισαν,
1762 1602 1812 1629 καὶ
1828 1609 1907 1637 προτ-

1113 1653 1231 1689 κυνηθὲν
1251 1653 1341 1680 ἐκεῖσε
1355 1652 1384 1679 ὲν
1398 1651 1438 1686 τῷ
1453 1650 1579 1685 παλατίῳ
1595 1649 1745 1684 ἀνήγαγον.

1146 1744 1194 1776 νζ¹.
1215 1743 1260 1769 ‘Ev
1287 1741 1402 1773 ταύταις
1430 1739 1459 1767 δὲ
1485 1741 1545 1771 ταῖς
1571 1739 1689 1774 ἡμέραις
1716 1736 1867 1772 ’Δρμένιόν
1883 1744 1907 1762 τι

1109 1791 1191 1826 τέρας
1208 1790 1241 1824 τῇ
1256 1789 1332 1815 πόλει
1349 1787 1535 1823 ἐπεδήμησεν,
1554 1786 1649 1816 παῖδες
1674 1785 1813 1819 συμφυεῖς
1828 1783 1907 1818 age:-

1110 1844 1153 1868 νες
1169 1837 1201 1862 ὲκ
1218 1836 1284 1870 μιᾶς
1297 1834 1475 1870 προελθόντες
1489 1832 1620 1867 γαστρὸς,
1638 1830 1704 1858 σῶοι
1728 1830 1780 1865 μὲν
1795 1829 1845 1856 καὶ
1860 1829 1906 1864 ἄρ-

1108 1891 1162 1909 τιοι
1175 1882 1266 1909 πάντα
1276 1881 1310 1908 τὰ
1327 1879 1395 1916 μέλη
1412 1879 1460 1905 τοῦ
1476 1877 1614 1913 σώματος,
1631 1875 1686 1903 ἀπὺ
1698 1876 1729 1902 δὶ
1739 1875 1789 1902 τοῦ
1803 1875 1905 1910 στόμα-

1109 1938 1154 1962 τος
1167 1929 1218 1963 τῆς
1237 1927 1356 1963 γαστρὸς
1376 1927 1423 1952 καὶ
1438 1925 1521 1961 μέχρι
1544 1924 1599 1951 τῶν
1623 1922 1821 1957 ὑπογαστρίων
1837 1930 1905 1955 συμ-

1109 1975 1263 2010 πεφυκότες
1290 1974 1337 2001 καὶ
1362 1973 1488 2008 ἀλλήλοις
1505 1971 1676 2007 ὑπάρχοντες
1688 1968 1904 2004 ἀντιπρόσωποι.

1109 2022 1141 2049 Οἳ
1155 2022 1202 2048 ἐπὶ
1226 2021 1352 2048 πλεῖστον
1379 2021 1412 2056 τῇ
1441 2019 1518 2046 πόλει
1540 2016 1776 2052 ἐνδιατρίψαντες,
1792 2017 1842 2042 καὶ
1856 2015 1905 2041 ὑπὸ

1109 2069 1219 2096 πάντων
1232 2067 1269 2099 ὡς
1284 2066 1402 2098 ἐξαίσιόν
1417 2074 1444 2093 τι
1458 2066 1540 2101 τέρας
1563 2063 1709 2099 ὁρώμενοι,
1736 2063 1789 2096 τῆς
1804 2062 1905 2092 πόλεως

1107 2115 1143 2146 ὡς
1157 2113 1275 2149 πονηρός
1287 2122 1329 2145 τις
1346 2113 1442 2144 οἱωνος
1455 2111 1638 2146 ἐξηλάθησαν.
1669 2109 1733 2135 Ἐπὶ
1747 2108 1779 2135 δὲ
1795 2108 1846 2143 τῆς
1860 2116 1904 2142 μοι

1108 2159 1286 2194 νοκρατορίας
1314 2156 1522 2184 Κωνσταντινου
1539 2155 1621 2182 πάλιν
1644 2153 1810 2189 είσήλθοσαν
1822 2162 1829 2168 ·
1845 2155 1904 2180 ἐπεὶ

1107 2204 1135 2231 δὲ
1145 2205 1160 2230 ὀ
1175 2203 1267 2239 ἔτερος
1282 2203 1373 2229 αὐτῶν
1396 2201 1548 2236 ἐτεθνήκει,
1576 2199 1665 2235 ἰατροί
1686 2207 1762 2231 τινες
1778 2199 1904 2234 ἔμπειροι

1106 2251 1138 2277 τὸ
1155 2248 1409 2294 συγκεκολλημένον
1436 2248 1520 2283 μέρος
1534 2246 1661 2281 διέτεμον
1676 2245 1799 2281 εὐφυῶς,
1819 2245 1906 2272 ἐλπίδι

259 2296 321 2323 fore
342 2299 485 2330 sperantes
502 2298 533 2321 ut
552 2293 600 2321 illo
617 2293 740 2321 remedio
751 2293 821 2321 alter
838 2294 983 2322 incolumis
999 2302 1056 2322 ser-

1111 2296 1156 2324 τοῠ
1171 2296 1218 2323 τὸν
1235 2295 1328 2330 ἕτερον
1351 2291 1494 2330 ζήσεσθαι,
1510 2293 1539 2325 ὃς
1567 2293 1641 2327 τρεῖς
1655 2291 1765 2327 ἡμέρας
1783 2291 1904 2322 ἐπιδιοξις

259 2346 373 2370 varetur
383 2351 392 2375 ;
403 2340 451 2377 qui
463 2345 553 2369 tamen
570 2340 628 2376 ipse
640 2340 732 2368 triduo
748 2346 888 2376 superstes
898 2342 977 2370 obiit.

288 2388 334 2416 58.
353 2389 495 2416 Romanus
510 2394 596 2423 porro
609 2386 772 2422 imperator,
788 2387 828 2414 uti
841 2395 856 2415 a
871 2388 952 2416 nobis
968 2388 996 2415 in
1009 2396 1055 2416 su-

258 2433 419 2471 perioribus
442 2433 546 2461 dictum
562 2436 616 2466 est,
637 2440 700 2460 cum
716 2440 780 2468 erga
797 2433 946 2461 monachos
961 2441 1057 2462 omnes

259 2481 341 2509 ﬁdem
372 2479 519 2516 plurimam
543 2479 660 2507 haberet
674 2479 835 2515 cultumque
850 2479 884 2507 iis
899 2480 1055 2514 adhiberet,

258 2535 316 2563 prae
332 2527 448 2563 reliquis
461 2531 552 2555 tamen
564 2526 723 2562 eximieque
737 2525 864 2562 Sergium
881 2526 971 2554 virum
998 2535 1057 2555 mo-

259 2572 367 2601 nastica
383 2573 559 2602 institutione
570 2573 736 2608 praeclarum
746 2572 920 2601 observabat.
934 2573 1001 2601 Erat
1012 2574 1057 2603 hic

258 2618 382 2655 magistri
405 2618 511 2647 Cosme
525 2618 611 2647 frater
627 2619 710 2654 920
724 2618 813 2646 Photii
833 2620 996 2654 patriarchae
1009 2629 1057 2649 ne-

257 2674 321 2703 pos,
337 2665 424 2693 animi
453 2665 626 2702 ingenuitate
655 2673 737 2701 quam
765 2666 868 2694 carnali
894 2668 1057 2703 cognatione

257 2713 391 2743 nobilior.
408 2713 449 2742 Ad
463 2721 598 2742 summam
618 2713 693 2740 enim
707 2713 840 2742 virtutem
855 2714 1054 2751 scientiamque

258 2765 395 2794 evaserat,
409 2765 439 2788 ut
452 2768 503 2789 nec
516 2764 577 2788 utra
592 2764 735 2795 praestaret
760 2761 879 2788 discerni
895 2761 976 2790 facile
991 2771 1055 2797 pos-

259 2812 319 2839 set;
347 2807 388 2835 sic
416 2806 548 2834 nimirum
575 2810 705 2834 accurate
731 2807 861 2842 omnique
885 2808 1054 2843 perfectione

259 2856 407 2887 utramque
423 2853 591 2880 cxcoluerat.
611 2852 738 2880 Florcbat
755 2853 782 2880 in
795 2861 827 2881 eo
844 2854 916 2882 inlcr
930 2856 982 2883 alia
999 2856 1055 2885 dis-

1062 2360 1065 2363 -
1109 2343 1296 2378 ἐτελεύτησεν.

1144 2393 1196 2426 νη⁸.
1220 2389 1250 2417 '0
1265 2391 1294 2417 δὲ
1317 2389 1456 2425 Ῥωμανὺς
1478 2390 1492 2416 ὁ
1514 2388 1653 2424 βασιλεὺς,
1670 2388 1706 2420 ὡς
1723 2388 1855 2423 ἀνωτέρω
1868 2387 1904 2412 zi-

1110 2446 1201 2474 ρηται,
1217 2438 1247 2465 ὲν
1261 2437 1344 2464 πᾶσιν
1357 2437 1485 2471 μοναχοῖς
1503 2435 1595 2462 πίστιν
1617 2435 1751 2470 ἐκέκτητο
1775 2434 1901 2470 ἄμετρον,

1108 2485 1294 2520 διαφερόντως
1304 2484 1332 2510 δὲ
1345 2483 1428 2519 ἐτίμα
1438 2483 1486 2510 καὶ
1498 2481 1681 2517 ὑπερεσέὸετο
1693 2481 1809 2516 Σέργιον
1820 2480 1865 2506 τὸν
1877 2480 1903 2505 ὲν

1111 2533 1258 2568 μονασταῖς
1269 2530 1471 2566 διαλάμποντα,
1496 2529 1527 2561 ὃς
1542 2528 1657 2563 ἀδελφὸς
1684 2529 1737 2559 μὲν
1759 2527 1810 2554 τοῦ
1826 2526 1903 2562 μαγί-

1110 2587 1191 2615 στρου
1219 2579 1326 2613 ὑπῆρχε
1351 2577 1462 2612 Κοσμᾶ,
1490 2575 1600 2611 ἀνεψιὸς
1628 2574 1657 2601 δὲ
1668 2574 1717 2601 τοῦ
1732 2573 1903 2610 πατριάρχου

1108 2624 1211 2652 Φωτίου
1224 2633 1230 2640 ·
1260 2623 1293 2661 ὃν,
1315 2623 1395 2650 πλέον
1410 2623 1461 2658 τῆς
1477 2622 1614 2659 σαρκικῆς
1628 2620 1827 2655 εὑσυγγενείας
1839 2620 1863 2635 ⁸⁸
1888 2620 1903 2653 ἡ

1109 2672 1179 2699 κατὰ
1191 2670 1279 2706 ψυχὴν
1303 2670 1385 2706 ἐτίμα
1396 2669 1530 2704 εὐγένεια.
1556 2667 1670 2704 ’Δρετῆς
1692 2667 1749 2702 γὰρ
1763 2668 1805 2699 εἰς
1820 2666 1902 2700 ἄκρον

1109 2719 1156 2745 καὶ
1169 2717 1297 2752 γνώσεως
1319 2717 1430 2753 ἤλασεν,
1458 2716 1496 2748 ὡς
1521 2714 1649 2750 δυσχερὲς
1668 2712 1741 2741 εἶναι
1754 2712 1903 2747 διακρίνειν

1109 2765 1217 2800 ποτέρῳ
1231 2763 1332 2799 μᾶλλον
1347 2763 1534 2790 ἐπλεονέκτει⁸
1547 2761 1634 2792 οὕτως
1644 2761 1688 2792 είς
1702 2760 1790 2797 ἄκρον
1806 2759 1901 2785 exui-

1110 2820 1160 2847 ραν
1174 2811 1336 2846 ἐξήσκησεν.
1360 2809 1492 2844 Ἐπήνθει
1508 2817 1538 2835 τε
1555 2807 1630 2844 αὑτῷ
1649 2807 1720 2842 πρὸς
1736 2807 1794 2838 τοῖς
1811 2805 1903 2834 ἄλλοις

1109 2857 1156 2884 καὶ
1172 2856 1203 2883 τὺ
1213 2857 1261 2891 τῆς
1278 2856 1442 2892 διακρίσεως
1469 2855 1591 2892 χάρισμα
1608 2853 1654 2881 καὶ
1676 2853 1706 2880 τὸ
1735 2853 1828 2889 χᾲριίν
1857 2849 1903 2877 τοῦ

901 2902 1016 2932 νΑΙὶΙᾸΕ
1031 2904 1236 2934 LECTIONES.

294 2944 315 2963 ⁵⁵
334 2947 490 2980 συγγενείας
504 2955 530 2982 p.
545 2949 597 2976 269
619 2949 646 2976 b.
