2009 3164
209 179 260 214 981

753 180 852 210 VITIE
874 178 1151 210 RECENTIOHUM
1178 177 1280 210 IMPP.

1756 162 1761 167 ’
1781 180 1836 212 982

209 238 291 273 ἤθους
307 235 353 264 καὶ
364 235 394 262 τὸ
405 235 515 272 μέτριον
525 235 572 262 τοῦ
583 235 766 271 φρονήματος.
777 235 814 261 Οὺ
826 235 880 270 γὰρ
890 235 995 261 ἀνέσπα

1059 234 1178 262 :retionis
1206 234 1308 261 donum
1338 241 1498 268 Inomtnque
1516 231 1614 270 gratia;
1646 231 1730 264 animi
1741 245 1839 266 sensus

206 285 258 315 τὰς
272 283 355 319 ὀφρῦς
367 283 404 314 ῶς
416 284 440 310 oi
454 283 501 309 νῦν
529 283 618 317 σοφοὶ,
635 282 694 309 οὐδὲ
720 281 829 314 ἀλαζών
845 291 886 313 τις
909 282 996 308 tum

208 329 255 355 καὶ
269 329 454 364 ὑπερήφανος,
469 328 538 355 ἀλλὰ
545 328 591 354 τὸν
603 328 682 362 λόγον
698 327 748 364 μὲν
759 326 816 363 εἷχε
830 328 996 364 γλυκύτερον

210 374 318 409 μέλιτος
333 374 531 408 ἀποστάζοντα,
543 374 574 401 τὺ
593 372 658 410 ἦθος
673 374 701 400 δὲ
720 375 818 407 πάγιον
833 374 881 400 καὶ
899 374 996 401 σταθε-

195 429 198 458 ε
209 419 265 454 ρον,
284 418 326 455 |P.
341 420 405 456 592]
418 421 545 448 ταπεινὸν
556 420 584 447 δὲ
595 421 625 447 τδ
639 421 778 456 φρόνημα,
794 420 895 447 Τοῦτον
907 420 939 455 δὴ
951 420 996 446 τὸν

195 459 330 499 Ιἀοίδιμον
342 465 522 498 ἀδιαλείπτως
546 466 606 502 μεθ’
624 466 723 493 ἑαυτοῦ
739 463 812 501 εἶχεν
827 466 842 492 6
859 466 995 501 βασιλεὺς,

207 511 307 538 κανόνα
319 511 402 542 ὅντως
412 511 459 538 καὶ
474 511 598 547 στάθμην
611 511 656 538 τὸν
670 506 752 538 αὐτοῦ
768 511 826 546 βίον
840 511 884 538 ἀεὶ
900 511 996 546 ῥυθμί-

207 557 298 589 ζοντα.
317 557 364 588 ⁸ος
384 557 469 584 πολλὰ
494 557 611 593 παρῄνει
634 557 673 593 τῷ
692 557 799 592 βασιλεῖ
822 557 877 584 τῶν
894 556 997 584 παίδων

205 603 395 638 ἐπιμελεῖσθαι
421 596 471 631 καί
496 604 534 639 μὴ
549 604 732 636 ἀπαιδεύτους
751 604 800 638 ὲᾷν
811 604 852 635 εἰς
864 603 997 639 πονηρίαν

206 647 392 681 ἑκκλίνοντας,
410 649 447 684 μή
461 656 527 675 ¹ιτιιτε
544 649 644 680 αὐτοὺς
659 647 742 675 πάθοι
757 649 788 675 τὸ
798 648 846 675 τοῦ
868 648 938 681 Ἠλὶ,
955 657 997 675 τι-

207 688 366 729 μωρίανὶκ
381 692 433 728 τῆς
452 693 507 721 τῶν
522 694 626 721 παίδων
648 693 824 729 παρανομίας
839 693 962 725 ἐκτίσας.

243 827 291 856 νθ’.
315 828 424 864 Ἐπειδὴ
452 828 480 856 δὲ
507 828 552 855 τοῦ
580 828 712 856 παλατῐου
737 829 832 856 τοῦτον
848 830 874 856 οἱ
905 829 998 861 παῖδες

207 874 364 909 κατήγαγον
384 874 431 901 καὶ
446 875 475 900 ἐν
487 876 519 910 τῇ
539 874 640 910 Πρώτῃ
655 875 730 910 νήσῳ
752 874 896 910 ἐξώρισαν,
917 874 998 901 πάλιν

1048 279 1192 306 modestia.
1216 279 1318 314 Neque'
1337 279 1412 306 enim
1440 279 1585 314 supercilia
1607 282 1773 316 attrahebat,
1798 284 1839 312 uti

1047 328 1185 353 nostrates
1197 325 1335 360 sapientes
1350 325 1377 352 in
1396 332 1471 352 more
1490 326 1609 360 positum
1626 328 1737 361 habent,
1751 338 1841 365 neque

1048 378 1113 398 vero
1127 375 1301 406 arrogantem
1315 378 1347 398 ac
1358 371 1508 406 superbum
1529 372 1701 407 praeferebat,
1719 376 1765 403 sed
1782 385 1841 404 scr-

1048 424 1093 444 mo
1106 417 1144 444 illi
1157 417 1237 444 melle
1248 417 1358 445 dulcior
1379 426 1412 445 ex
1425 426 1473 446 ore
1485 419 1614 447 stillabat.
1630 420 1720 448 Firma
1738 421 1843 450 indoles

1049 470 1080 490 ac
1095 468 1244 496 constans;
1275 471 1374 491 sensus
1392 465 1476 492 animi
1498 466 1640 494 modestus
1662 475 1694 494 ac
1719 467 1841 495 humilis.

1048 507 1126 536 Hune
1142 509 1233 544 itaque
1248 510 1338 536 virum
1359 510 1489 546 inclytum
1513 511 1661 547 imperator
1678 521 1731 541 una
1749 521 1843 541 secum

1048 555 1180 582 continuo
1193 555 1320 587 habebat.
1337 555 1370 583 ad
1386 557 1465 592 cujus
1480 556 1605 585 normam
1621 561 1704 593 atque
1721 560 1843 594 regulam

1047 600 1111 628 vitae
1124 607 1180 628 suae
1205 601 1326 628 rationes
1343 608 1531 637 componeret.
1553 603 1680 632 Monebat
1695 605 1741 632 ille
1758 607 1844 634 serio-

1049 654 1104 681 que
1132 647 1297 675 hortabatur
1319 653 1350 676 ut
1374 648 1525 676 liberorum
1551 658 1645 679 curam
1670 657 1772 686 ageret,
1794 661 1844 680 nec

1050 692 1269 728 indisciplinatos
1286 694 1320 721 ad
1336 695 1489 730 nequitiam
1507 696 1648 724 declinare
1680 698 1794 730 sineret.
1810 708 1844 726 ne

1049 738 1122 766 idem
1138 743 1219 774 atque
1237 739 1296 767 Heli
1313 740 1353 768 illi
1367 741 1516 775 accideret,
1528 751 1560 770 ac
1574 743 1725 771 liberorum
1738 745 1845 779 piacula

1050 786 1109 820 ipse
1124 786 1230 819 lueret;
1246 787 1320 822 quod
1331 792 1359 815 et
1376 788 1413 816 ita
1430 789 1540 818 accidit.

1089 831 1133 858 59.
1151 831 1235 864 Quod‘
1243 839 1308 859 vero
1319 832 1382 860 aula
1393 833 1530 869 dej’eetum
1546 834 1625 862 liberi
1642 835 1668 862 in
1680 835 1788 862 Protem
1806 844 1846 862 m-

1050 877 1136 904 sulam
1148 877 1349 912 relegaverant,
1365 877 1439 906 hunc
1456 888 1552 907 rursus
1570 881 1754 908 calamitatem
1777 881 1846 908 sola-

205 919 302 946 τοῦτον
316 917 373 954 εῐχε
388 919 444 946 τῶν
458 919 604 954 συμφορῶν
620 919 794 954 παραμύθιον
810 919 922 946 καὶτῶν
940 919 997 946 θλί-

1059 922 1120 949 ium
1134 931 1165 950 ac
1175 916 1625 960 aerumnarum,angustiarumque
1642 926 1703 953 lene
1719 927 1844 959 levamen

205 968 280 1003 ψεων
295 968 465 995 ἀκεσώδυνον
480 969 637 1004 φάρμακον.
653 965 688 1004 ᾯ
703 968 786 1002 συνῆν
809 969 869 995 τότε
887 969 933 994 καὶ
945 969 998 994 Ilo-

206 1013 336 1046 λύευκτος
354 1014 470 1050 μοναχδς
484 1014 693 1046 εὐλαὸέστατος,
710 1014 756 1041 καὶ
768 1014 848 1046 αὐτὸς
860 1014 894 1040 τὰ
906 1015 998 1041 είκότα

209 1060 468 1096 παραμυθούμενον
488 1060 518 1091 ὃς
538 1060 585 1087 τοῦ
614 1061 784 1096 πατριάρχου
807 1060 998 1095 Θεοφυλάκτου

208 1106 421 1142 τελευτήσαντος
442 1106 616 1143 πατριάρχης
631 1106 678 1132 ἐπὶ
693 1106 741 1132 τοῦ
757 1106 890 1140 βασιλέως
920 1107 999 1134 Κων-

209 1153 350 1180 σταντὶνου
367 1154 572 1190 προχειρίζεται
586 1155 732 1181 Κωνσταντ
738 1163 793 1181 ινου
798 1154 911 1186 πόλεως.

247 1243 279 1275 ξ’.
303 1243 380 1270 Ἐπεὶ
401 1243 428 1271 δὲ
456 1244 563 1276 πολλοῖς
578 1246 689 1281 τρόποις
701 1245 824 1280 βούλεται
842 1246 856 1272 ὀ
870 1245 935 1276 Θεὸς
949 1244 1002 1271 σώ-

211 1288 269 1320 ζειν
280 1289 327 1316 τὸν
339 1290 491 1324 ἄνθρωπον,
503 1291 676 1327 συνεχώρησε
689 1291 737 1318 καὶ
748 1291 792 1318 τὸν
801 1291 913 1327 βασιλέα
934 1291 1001 1318 Ῥω⁴

213 1335 298 1370 μανὸν
310 1335 435 1372 ἀδοκήτῳ
457 1339 617 1373 περιπεσεῖν
634 1338 773 1373 συμφορᾷ,
800 1337 844 1364 ἵνα
866 1337 901 1364 δι’
916 1338 1002 1372 αὐτῆς

214 1382 409 1417 σωφρονισθείς
423 1383 536 1411 καὶτῶν
550 1384 659 1411 οίκείων
673 1385 702 1410 ὲν
721 1384 896 1419 συναισθήσει
912 1392 1002 1419 παρα-

214 1429 370 1463 πτωμάτων
386 1429 530 1465 γενόμενος
545 1431 682 1465 σωτηρίας
697 1430 810 1466 ἀξιωθῇ.
827 1429 1002 1466 Συνεχώρησε

212 1473 268 1508 γὰρ
294 1474 480 1510 ὲπαναστῆναι
504 1474 579 1509 αὐτῷ
596 1475 641 1501 τὸν
667 1474 724 1502 υἱὸν
743 1475 826 1502 αὐτοῦ
857 1475 1002 1509 Στέφανον.

213 1519 307 1556 ὥσπερ
323 1520 388 1547 ποτὲ
421 1520 574 1548 Ἀϐεσαλὼν
593 1521 729 1556 ἐπανέστη
754 1520 793 1556 τῷ
810 1521 903 1556 οἰκείῳ
922 1521 1004 1556 πατρὶ

213 1565 253 1601 τῷ
266 1566 359 1593 Δαὸίδ.
375 1563 542 1602 Συμϐούλοις
556 1565 603 1594 οὖν
616 1564 694 1600 οὗτος
710 1567 778 1602 πρὸς
800 1567 879 1594 τοῦτο
901 1567 1011 1603 χρησά-.

1050 968 1177 996 habebat.
1187 969 1289 996 Aderat
1299 970 1381 997 etiam
1390 971 1493 1005 pariter
1501 971 1665 1007 Polyeuetus
1676 972 1847 1004 reverendis—

1050 1013 1138 1041 simus
1163 1014 1327 1047 monachus,
1342 1015 1387 1050 qui
1405 1016 1463 1050 ipse
1486 1017 1601 1051 perinde
1618 1026 1649 1044 ac
1668 1024 1751 1052 quem
1773 1017 1848 1046 dice-

1052 1059 1124 1092 bam,
1141 1059 1264 1095 Sergius,
1288 1061 1396 1089 adversi
1409 1070 1489 1090 casus
1504 1064 1657 1091 molestiam
1682 1064 1849 1092 convenien-

1052 1108 1094 1132 ter
1122 1109 1241 1140 aptequc
1269 1106 1402 1134 leniebat.
1440 1108 1490 1135 llic
1520 1113 1614 1143 postea
1641 1109 1847 1146 Theophylaeto

1052 1150 1180 1178 humanis
1190 1157 1319 1187 exempto
1331 1161 1345 1180 a
1358 1153 1538 1182 Constantino
1553 1155 1719 1190 imperatore
1731 1156 1848 1191 patriar-
1882 1182 1887 1187 ,

1052 1196 1103 1223 cha
1115 1201 1263 1231 provectus
1277 1203 1329 1226 est.

1086 1242 1166 1277 921
1197 1242 1240 1270 60.
1269 1243 1497 1279 Quandoquidem
1526 1250 1618 1273 autem
1651 1246 1725 1275 Deus
1752 1247 1848 1276 multis

1053 1287 1143 1315 modis
1163 1288 1279 1316 salutem
1297 1288 1402 1317 homini
1419 1294 1550 1325 pnestare
1567 1291 1722 1323 constituit,
1745 1292 1847 1320 Roma—

1054 1341 1119 1360 num
1137 1333 1334 1369 imperatorem
1352 1336 1423 1363 citra
1438 1344 1549 1364 omnem
1567 1338 1801 1373 exspectationem
1818 1339 1848 1366 in

1054 1379 1241 1407 calamitatem
1257 1381 1381 1409 incidere
1396 1382 1536 1417 permisit,
1553 1387 1583 1410 ut
1601 1383 1624 1411 is
1640 1383 1685 1411 illa
1699 1384 1848 1420 castigatus

1057 1432 1089 1452 ac
1106 1425 1139 1452 de
1153 1425 1307 1460 superioris
1332 1426 1394 1454 vitae
1411 1427 1522 1455 delictis
1546 1428 1709 1456 admonitus
1731 1429 1846 1457 salutem

1055 1476 1282 1506 consequeretur.
1299 1472 1428 1500 Permisit
1438 1480 1558 1508 namque
1574 1473 1744 1509 Stephanum
1760 1475 1847 1503 tilium

1057 1515 1084 1542 in
1112 1523 1176 1543 eum
1196 1516 1351 1552 insurgere,
1380 1517 1420 1544 uti
1456 1518 1523 1545 olim
1553 1518 1682 1546 Absalom
1708 1520 1737 1548 in
1763 1521 1847 1548 Davi-

1057 1561 1119 1588 dem
1163 1566 1271 1596 patrem
1308 1570 1400 1591 suum.
1427 1563 1541 1592 Mariani
1566 1564 1658 1599 itaque
1684 1567 1851 1594 exmonachi:

215 1620 295 1646 μενος
308 1612 347 1648 τῷ
359 1621 389 1639 τε
404 1613 460 1640 ἀπὸ
473 1614 598 1649 μοναχῶν
609 1613 742 1650 Μαριανῷ
755 1613 803 1641 καὶ
814 1602 953 1648 Βασιλείῳγ
965 1613 1003 1648 τῷ

1059 1608 1157 1644 Argiri,
1188 1609 1337 1645 Basiliique
1363 1611 1578 1646 protospatharii
1603 1612 1758 1645 Petinacis,
1781 1621 1848 1641 nee-

215 1657 455 1693 πρωτοτπαοαρίῳ
482 1657 521 1693 τῷ
551 1659 705 1695 Πετεινάκῃ
738 1659 785 1685 καὶ
810 1657 939 1694 Μανουὴλ
967 1658 1006 1693 τῷ

215 1702 368 1739 Κουρτίκῃ,
382 1704 541 1731 συνειδότων
553 1704 627 1739 αὐτῷ
636 1705 683 1731 καὶ
697 1704 751 1731 τῶν
762 1704 850 1732 ἄλλων
862 1704 1004 1740 βασιλέων,

213 1749 308 1776 τοῢτον
339 1750 386 1776 τοῦ
415 1750 548 1778 παλατίου
575 1751 669 1783 κακῶς
697 1752 837 1786 κατήγαγε
854 1753 902 1779 καὶ
920 1752 949 1778 ὲν
972 1753 1004 1788 τῇ

215 1795 315 1832 Πρώτη
333 1796 408 1833 νήσῳ
422 1796 547 1833 ἔξορίπας
557 1798 648 1833 ἔκειρε
662 1798 787 1833 μοναχόν.

250 1840 286 1867 α’.
306 1841 473 1878 ’Υπελείφθη
496 1842 544 1869 οὖν
569 1842 748 1878 αὐτοκράτωρ
774 1843 977 1874 Κωνσταντῖνος
991 1843 1006 1868 ὸ

214 1886 311 1913 ¹ιούτου
323 1887 448 1922 γαμϐρός
457 1895 465 1903 ’
475 1887 505 1919 ὃς
518 1889 677 1923 παραυτίκα
688 1888 794 1922 Βάρδαν
807 1887 853 1914 τὸν
863 1887 911 1914 τοῦ
925 1889 1007 1916 Φωκᾶ

216 1933 249 1967 τῇ
261 1931 307 1958 τοῦ
325 1932 476 1968 μαγίστρου
496 1932 561 1968 ἀξίᾳ
590 1933 726 1967 τιμήσας,
751 1932 839 1968 χρόνῳ
855 1932 944 1968 πολλῷ
958 1933 1007 1968 τὴν

216 1980 246 2004 ἐν
263 1977 391 2013 πολέμοις
407 1978 589 2014 ἀνδραγαθίαν
607 1977 824 2013 ἐπιδειξάμενον,
847 1979 1007 2014 δομέστικον

216 2025 271 2052 τίν)
285 2025 388 2061 σχολῶν
401 2025 616 2061 προχειρίζεται,
629 2023 687 2052 εἷτα
697 2025 848 2058 Βασίλειον,
860 2023 882 2061 ᾧ
893 2026 1008 2063 ἐπίκλην

218 2073 397 2108 Πετεινάκης,
409 2072 554 2107 πατρίκιον
575 2072 621 2099 καὶ
637 2073 724 2107 μέγαν
740 2072 944 2108 ἑταιρειάρχην.
962 2074 1007 2109 Τῷ

217 2118 245 2145 δὲ
261 2119 307 2145 τοῦ
325 2119 418 2153 γένους
432 2119 487 2146 τῶν
506 2119 647 2154 ’Δργυρῶν
672 2118 806 2154 Μαριανῷ
823 2118 858 2145 τὰ
873 2120 1008 2155 μοναχικὰ

218 2165 355 2198 ἀποδύσας
370 2166 515 2201 πατρίκιον
526 2165 573 2193 καὶ
584 2166 692 2202 κόμητα
706 2165 754 2192 τοῦ
766 2165 883 2193 στάθλου
893 2167 1009 2202 πεποίη-

219 2213 277 2244 κεν,
287 2212 417 2244 ὡσαύτως
432 2213 479 2239 καὶ
490 2212 619 2249 Μανουὴλ
633 2212 678 2239 τὸν
692 2212 839 2247 λεγόμενον
854 2213 1008 2249 Κουρτίκην

1056 1662 1110 1682 non
1136 1655 1270 1683 Manuelis
1294 1655 1416 1684 Curticis
1446 1656 1569 1686 consiliis
1594 1658 1708 1692 abusus,
1731 1660 1850 1688 consciis

1056 1701 1139 1727 etiam
1147 1700 1264 1736 reliquis
1273 1701 1499 1736 imperatoribus,
1512 1707 1620 1737 patrem
1635 1704 1696 1732 aula
1704 1712 1847 1740 perperam

1056 1744 1225 1779 deturbavit,
1241 1745 1325 1782 inque
1341 1747 1423 1775 Prote
1443 1747 1533 1775 insula
1549 1748 1700 1784 relegatum
1719 1750 1849 1779 monachi

1056 1790 1110 1817 ritu
1128 1790 1265 1818 detondit.

1093 1836 1118 1862 1.
1136 1836 1335 1865 Constantinus
1349 1838 1444 1873 itaque
1461 1838 1578 1867 Romani
1601 1848 1686 1876 gener
1700 1841 1850 1877 imperator

1058 1881 1171 1908 relictus
1184 1886 1236 1909 est.
1253 1882 1428 1911 lseonfestim
1442 1884 1561 1912 Bardam
1575 1885 1674 1913 Phocea
1689 1886 1776 1914 ﬁliuni
1792 1895 1850 1915 ma—

1058 1927 1134 1961 gistri
1147 1926 1280 1962 dignitate
1295 1932 1418 1961 auctum,
1438 1929 1541 1965 quippe
1563 1931 1637 1966 longi
1655 1933 1789 1966 temporis
1799 1940 1848 1960 e1-

1058 1972 1196 2007 perientia
1222 1972 1330 2002 bellicis
1351 1973 1522 2002 facinoribus
1546 1976 1619 2004 clara
1641 1978 1742 2012 saepius
1768 1978 1851 2006 laude

1058 2017 1183 2045 functum
1208 2022 1291 2053 atque
1317 2019 1476 2054 probatum,
1503 2020 1641 2056 legionum
1667 2021 1851 2051 domesticum

1058 2062 1191 2098 praefecit.
1216 2063 1286 2091 Tum
1310 2064 1452 2097 Basilium,
1468 2066 1513 2093 cui
1529 2074 1680 2102 cognomen
1694 2068 1849 2102 Petinaces.

1059 2109 1204 2144 patricium
1219 2115 1294 2138 creat
1315 2119 1347 2138 ac
1362 2119 1491 2147 magnum
1514 2113 1731 2142 hetaeriarcham.
1751 2115 1851 2144 Maria-

1058 2163 1125 2182 num
1142 2155 1312 2191 Argyrorum
1341 2157 1428 2192 stirpe
1457 2162 1558 2192 satum,
1582 2159 1708 2188 detracto
1721 2161 1852 2190 monachi

1059 2201 1156 2228 habitu
1178 2201 1288 2236 patricii
1304 2202 1465 2231 decoratum
1481 2203 1586 2237 infulis,
1602 2206 1734 2234 comitem
1748 2207 1851 2235 stabuli

219 2259 363 2294 πατρίκιον
388 2259 435 2286 καὶ
462 2259 644 2294 δρουγγάριον
672 2259 722 2293 τῆς
753 2259 866 2294 βίγλης·
884 2259 1003 2291 οὕστινας

1061 2248 1135 2276 facit.
1149 2249 1281 2278 Similiter
1296 2258 1406 2286 quoque
1421 2251 1574 2280 Manuelem
1595 2252 1701 2280 dictum
1711 2252 1853 2282 Curticetn

220 2306 294 2340 τρεῖς
304 2305 334 2332 οὺ
353 2305 422 2340 μετὰ
438 2304 521 2332 πολὺν
546 2305 641 2340 χρόνον
653 2305 670 2340 ή
693 2305 739 2332 τοῦ
753 2305 821 2331 Θεοῦ
837 2305 929 2332 δικαία
947 2305 1009 2340 κρί-

222 2359 276 2382 σις,
294 2350 336 2386 [Ρ.
352 2349 417 2386 595]
430 2350 468 2381 ὡς
481 2350 520 2381 είς
535 2348 653 2384 Χριστὸν
668 2349 772 2384 Κυρίου
789 2349 1010 2385 παροινήσαντας

223 2397 270 2423 καὶ
280 2397 375 2432 χεῖρας
385 2395 488 2427 ἀδίκως
498 2395 690 2428 ἐπιϐαλόντας,
701 2396 750 2430 τῆς
763 2394 903 2430 βασιλείας
914 2395 1012 2430 ὀρεγο-

225 2442 338 2478 μένους,
358 2441 508 2477 μετῆλθεν·
523 2442 570 2467 ἐπὶ
579 2440 743 2468 καθοσιώσει
757 2440 812 2476 γὰρ
825 2440 1013 2475 καταληφθέν-

222 2497 268 2520 τες
285 2488 416 2523 ἑκάτερος
428 2487 518 2514 αὐτῶν
538 2487 666 2522 οἰκτίστῳ
691 2486 798 2521 θανάτῳ
811 2485 841 2512 τὸ
859 2485 908 2522 ζῇν
924 2485 1011 2522 ἀπέρ-

225 2535 321 2570 ρηξαν.
338 2534 379 2561 Τὰ
396 2531 426 2560 δέ
436 2534 502 2569 περὶ
521 2532 611 2560 αὐτῶν
625 2532 781 2568 πλατύτερά
794 2540 824 2558 τε
839 2531 888 2559 καὶ
902 2531 1015 2568 ἐπεξερ-

224 2578 416 2614 γαστικώτερα
442 2579 472 2605 ἐν
496 2579 530 2613 τῇ
549 2577 743 2614 προηγουμένη
754 2577 885 2613 ἐξηγήσει
899 2577 1014 2612 ἐκθήσο-

227 2634 285 2662 μαι.

263 2713 386 2749 β’.Μετὰ
402 2714 430 2740 δὲ
459 2717 485 2749 μ’
505 2713 621 2749 ἡμέρας,
644 2714 678 2748 τῇ
707 2712 746 2744 κζ’
772 2713 819 2739 τοῦ
849 2712 1015 2748 Ἰανουαρίου

232 2760 326 2796 μηνὸς,
342 2759 517 2791 ὑποπτεύσας
532 2760 735 2791 Κωνσταντῖνος
751 2759 797 2785 τὴν
824 2759 886 2786 τότε
905 2759 1018 2794 βασιλέα

231 2807 367 2840 Στέφανον
387 2805 434 2832 καὶ
448 2805 652 2832 Κωνσταντῖνον
678 2805 723 2831 τὺν
739 2804 852 2839 ἀδελφὸν
880 2804 964 2831 αὐτοῦ
981 2805 1017 2839 μή

231 2861 297 2880 state
312 2852 373 2880 κατ’
384 2852 467 2879 αὑτοῦ
479 2851 513 2878 τὰ
522 2852 603 2887 ὅμοια
621 2850 789 2886 πράξωνται,
809 2852 855 2878 καὶ
870 2850 1019 2885 λογισάμε-

232 2908 288 2933 νος,
298 2900 366 2935 ὅπερ
380 2896 415 2934 ἦν
429 2898 512 2931 εἰκὸς,
528 2899 569 2926 ὅτι
582 2899 606 2926 εἰ
619 2897 664 2926 τοῦ
683 2898 747 2926 ἰδίου
766 2898 866 2934 πατρὸς
883 2897 934 2924 οὐκ
945 2897 1019 2931 ἐφεί-

1061 2295 1208 2331 patricium
1230 2301 1259 2324 et
1282 2297 1462 2325 excubiarum
1485 2298 1680 2334 drungarium;
1705 2307 1776 2335 quos
1797 2304 1854 2328 tres

1062 2341 1146 2374 viros,
1162 2342 1239 2369 brevi
1256 2342 1402 2378 interiecto
1428 2347 1563 2379 tempore,
1576 2345 1650 2380 iusta
1665 2345 1714 2373 Dei
1729 2346 1797 2374 ultio
1812 2346 1855 2373 in—

1063 2393 1157 2415 secuta
1169 2393 1221 2420 est,
1246 2388 1320 2423 quod
1337 2388 1366 2416 in
1391 2388 1532 2417 Christum
1559 2390 1664 2417 domini
1690 2391 1853 2419 debacchati

1063 2437 1157 2461 essent
1171 2440 1205 2460 ac
1226 2433 1320 2468 inique
1337 2433 1365 2460 in
1381 2441 1445 2461 eum
1470 2442 1568 2462 manus
1596 2435 1764 2470 iniecissent,
1791 2445 1855 2464 cum

1065 2477 1172 2505 scilicet
1186 2477 1341 2512 imperandi
1361 2478 1447 2506 libido
1465 2487 1514 2507 eos
1525 2479 1692 2508 incessisset.
1705 2480 1855 2517 Maiestatis

1065 2524 1139 2551 enim
1159 2523 1199 2550 rei
1222 2523 1304 2558 922
1329 2525 1433 2559 peracti
1459 2524 1616 2552 miserando
1638 2533 1753 2561 prorsus
1780 2528 1856 2556 exitu

1067 2570 1164 2597 horum
1181 2569 1300 2605 quilibet
1314 2570 1399 2596 vitam
1414 2570 1664 2600 tiniere.Czeterum
1677 2581 1738 2609 qua:
1748 2574 1781 2602 ad
1796 2575 1857 2603 illos

1067 2620 1191 2651 spectant
1210 2615 1299 2643 fusius
1311 2616 1510 2652 operosiusque
1528 2625 1673 2653 exsequar,
1687 2620 1732 2648 ubi
1745 2629 1778 2648 ex
1791 2629 1858 2657 pro-

1067 2663 1141 2691 fesso
1153 2671 1210 2690 rem
1227 2657 1287 2690 sum
1301 2667 1472 2691 narraturus.

1103 2710 1130 2736 2.
1149 2710 1216 2737 l’ost
1240 2708 1300 2736 dies
1323 2709 1514 2745 quadraginta,
1541 2711 1665 2739 Januarii
1695 2714 1796 2741 mensis
1813 2714 1858 2741 die

1069 2756 1187 2791 septimo
1205 2763 1289 2790 supra
1300 2755 1474 2791 vigesimum,
1491 2762 1635 2792 suspectos
1663 2759 1769 2787 habens
1784 2759 1858 2788 Con-

1071 2802 1212 2831 stantinus
1223 2801 1393 2837 Stephanum
1407 2803 1601 2838 imperatorem
1615 2805 1729 2840 ejusque
1745 2805 1858 2834 fratrem

1071 2847 1291 2880 Constantinum,
1324 2855 1359 2875 ne
1389 2847 1500 2882 quando
1527 2848 1554 2875 in
1585 2856 1614 2875 se
1644 2857 1754 2885 quoque
1783 2851 1859 2886 paria

1072 2885 1257 2927 attentarent;
1273 2901 1304 2922 ac
1317 2901 1410 2922 secum
1435 2898 1575 2930 reputans,
1592 2896 1666 2931 quod
1688 2901 1715 2924 et
1727 2905 1775 2932 par
1789 2902 1859 2928 erat.
