2009 3164
185 222 237 254 989
912 223 1080 255 NOTITIA.
1761 229 1815 261 999

188 299 951 310 ..ι-Ψ...-

534 346 858 428 PBIEFdTIO
895 379 1109 428 CAROLI
1148 381 1327 435 .LACHl

674 346 858 428 nmo
895 379 1109 428 CAROLI
1148 381 1463 435 .LACHMANI

837 470 894 503 (Ed.
904 471 987 496 Bona.
1004 471 1061 497 anni
1074 471 1157 505 185$).

218 607 329 638 Genesii
343 607 468 636 historia
479 608 566 636 codex
583 612 655 635 unus
664 611 754 636 exstat
764 607 926 642 Lipsiensis,
941 607 1104 643 paginarum
1115 607 1160 640 77.
1175 607 1274 635 formae
1294 607 1430 641 maximat,
1444 607 1531 636 editio
1547 607 1613 636 item
1629 616 1682 636 una
1696 608 1812 641 Veneta,

183 661 210 680 ι.
230 650 310 684 1753,
327 652 372 680 cui
389 651 484 679 addita
503 655 546 679 est
559 651 599 679 St.
621 651 743 687 Bergieri
762 652 954 686 interpretatio
979 652 1077 679 Latina
1089 656 1117 679 et
1134 652 1279 680 annotatio
1295 650 1368 688 (vid.
1385 652 1496 680 Fabric.
1522 652 1651 684 Harlesii,
1681 653 1736 680 vol.
1753 653 1813 685 VII,

183 705 214 732 p.
226 695 305 732 552).
325 695 390 723 Mihi
406 699 507 731 praeter
524 695 714 731 apographum
730 695 862 723 editionis
887 695 999 723 Veneta;
1020 696 1227 731 imperitissime
1259 695 1362 724 factum
1381 696 1489 724 traditae
1506 701 1571 724 sunt
1585 696 1616 726 E.
1631 696 1768 725 Wunderi
1779 697 1812 725 ν.

183 740 226 768 Cl.
242 739 351 767 schedae
364 739 466 774 quibus
480 738 631 767 editionem
646 746 709 766 cum
725 738 820 768 codice
833 746 931 774 magna
950 739 1093 775 diligentia
1108 740 1238 767 contulit.
1256 740 1313 768 Hac
1324 740 1474 768 collatione
1488 741 1526 768 ita
1538 748 1605 769 usus
1621 748 1693 774 sum,
1711 741 1813 768 utedi-

184 782 270 810 tionis
284 783 394 810 Veneta:
412 790 522 811 errores
534 789 600 809 raro
612 782 766 810 indicarem
780 781 836 817 (V),
849 782 999 817 plerosque
1018 783 1109 819 (erant
1132 787 1225 811 autem
1250 791 1320 818 pene
1346 784 1503 818 innumeri)
1529 784 1612 812 tacite
1638 784 1813 820 corrigerem.

182 828 274 856 Verba
281 828 425 863 scriptoris
439 827 506 855 satis
514 831 642 855 accurate
655 827 788 859 distinxi,
802 828 953 855 emendare
967 834 1026 854 non
1038 827 1108 855 satis
1121 827 1201 862 potui
1213 834 1225 855 εν
1235 827 1329 854 curavi
1348 831 1439 854 tamen
1451 831 1482 855 ut
1493 828 1696 856 emendationis
1710 828 1814 856 instru-

183 877 307 901 mentum
318 876 443 907 paratum
460 876 544 900 esset.
566 872 660 907 Itaque
671 871 776 898 codicis
792 871 947 906 Lipsiensis
958 871 1126 905 scripturam
1141 870 1197 905 (L),
1212 871 1322 905 quoties
1338 870 1373 897 ab
1387 878 1420 898 ea
1439 871 1625 899 recedendum
1651 879 1713 899 esse
1735 871 1814 899 vide-

185 920 274 949 retur,
292 923 326 944 ει
342 915 466 943 editione
482 915 588 943 Veneta
622 914 666 942 vel
694 922 728 942 ex
753 914 889 942 Wunderi
911 914 1024 942 schedia
1043 914 1174 941 annotavi
1198 923 1205 940 :
1226 914 1435 942 emendationes
1457 914 1590 950 Bergieri,
1616 915 1639 942 si
1658 915 1816 950 probabiles

183 964 288 993 essent,
309 960 421 987 nomine
432 960 493 995 ejus
513 958 653 986 interdum
671 957 719 985 sed
739 965 802 985 raro
818 958 928 993 adjecto
944 957 997 993 (Β),
1019 958 1064 986 vel
1079 959 1177 993 recepi
1195 958 1239 985 vel
1259 958 1475 986 commemoravi
1493 966 1591 986 :meas
1611 959 1679 986 tanti
1701 967 1757 987 non
1773 960 1814 987 fa-

183 1004 240 1037 cio,
255 1007 313 1031 uta
328 1003 512 1039 Bergierianis
533 1002 743 1037 distinguendas
768 1002 907 1029 duxerim.
932 1001 1030 1029 Neutri
1051 1005 1178 1029 nostrum
1198 1001 1330 1037 iniuriam
1356 1001 1455 1029 fecerit
1473 1002 1522 1037 qui
1546 1003 1638 1029 omnia
1665 1003 1693 1030 in
1714 1003 1816 1038 quibus

189 1049 249 1075 haec
257 1047 346 1075 editio
364 1054 380 1075 a
393 1047 491 1075 codice
503 1046 598 1074 differt
609 1045 740 1081 Bergiero
752 1045 924 1080 ascripserit.
938 1044 1026 1080 Hujus
1035 1045 1256 1077 emendationes,
1277 1052 1346 1080 quas
1362 1045 1474 1082 quidem
1492 1053 1571 1074 veras
1596 1053 1657 1074 esse
1674 1051 1814 1081 putarem,

184 1091 280 1119 curavi
294 1098 328 1118 ne
344 1091 446 1118 iterum
462 1091 490 1118 in
501 1091 561 1126 ejus
574 1089 802 1117 annotationibus
821 1093 993 1124 ponerentur
1010 1098 1017 1116 :
1032 1089 1227 1117 annotationes
1238 1093 1353 1117 caeteras
1371 1093 1478 1117 tantum
1504 1097 1561 1117 non
1587 1098 1685 1118 omnes
1711 1091 1813 1118 retinui

183 1139 213 1162 et
225 1139 359 1170 quantum
376 1135 436 1162 ﬁeri
452 1134 544 1169 potuit
563 1133 708 1161 emendavi
724 1142 732 1160 :
747 1137 827 1160 erant
846 1133 920 1160 enim
935 1133 1172 1169 negligentissime
1200 1140 1349 1168 expressae.
1370 1133 1472 1160 Earnm
1497 1141 1562 1168 pars
1586 1134 1637 1161 sub
1666 1138 1743 1162 textu
1772 1134 1815 1161 vel

184 1179 415 1214 interpretatione
432 1178 530 1206 Latina
541 1178 633 1213 posita
647 1182 708 1205 erat
725 1185 733 1204 :
753 1177 804 1205 bas
819 1177 852 1204 ad
866 1177 927 1205 loca
941 1185 992 1205 sua
1004 1177 1149 1210 revocavi;
1170 1176 1428 1212 interpretationem
1442 1177 1561 1211 correxi,
1575 1177 1623 1206 sed
1638 1181 1669 1205 ut
1681 1178 1748 1206 satis
1763 1178 1815 1205 ha-

184 1225 279 1251 berem
292 1223 359 1250 vitia
374 1223 500 1257 graviora
514 1222 624 1249 tollere.

220 1267 320 1295 Libros
335 1266 446 1294 Genesii
460 1275 523 1293 cum
544 1266 671 1300 plerique
686 1265 732 1300 qui
753 1265 788 1292 de
800 1273 834 1292 eo
847 1265 933 1292 locuti
958 1269 1022 1292 sunt
1045 1265 1169 1300 quinque
1186 1273 1247 1292 esse
1273 1265 1406 1298 dixerint,
1438 1266 1580 1293 sciendum
1601 1270 1643 1293 est
1669 1273 1731 1292 eum
1751 1274 1816 1292 sane

183 1312 305 1347 quinque
320 1311 459 1346 βασιλείας
481 1315 665 1345 pertractassc
680 1331 687 1342 ,
707 1308 757 1337 sed
778 1317 793 1336 a
815 1309 946 1336 Michaele
970 1309 1004 1336 ad
1022 1309 1155 1337 Basilium
1172 1310 1277 1345 p.115,
1299 1310 1336 1337 ita
1356 1309 1529 1337 transiluisse
1559 1314 1588 1337 ut
1607 1310 1681 1337 illius
1709 1310 1816 1337 obitum

183 1361 213 1383 et
233 1363 324 1383 mores
353 1362 439 1390 prope
454 1355 608 1387 omitteret,
638 1361 693 1381 non
716 1354 812 1381 eadem
839 1353 948 1381 ratione
976 1361 1059 1388 quam
1085 1354 1113 1380 in
1138 1354 1229 1382 tribus
1257 1354 1397 1389 prioribus
1421 1359 1449 1381 ct
1475 1354 1502 1380 in
1527 1355 1587 1389 ipso
1613 1354 1713 1381 Basilio
1739 1361 1817 1382 secu-

185 1408 230 1428 tus
247 1404 299 1428 est.

219 1444 356 1472 Caeterum
376 1443 486 1471 Genesii
513 1450 614 1470 nomen
628 1442 719 1471 codici
739 1440 876 1477 Lipsiensi
893 1441 1037 1476 praefixum
1060 1447 1123 1468 esse
1152 1439 1272 1466 traditur
1302 1448 1308 1466 ε
1336 1440 1473 1475 Joseplius
1497 1440 1633 1467 Genesius
1663 1444 1755 1467 utrum
1782 1440 1816 1467 ab

184 1489 293 1516 Joanne
314 1487 432 1523 Seylitza
448 1488 539 1514 dictus
564 1487 659 1518 fuerit,
690 1486 844 1514 dubitatur.
871 1486 924 1513 Sed
953 1486 979 1512 in
1011 1485 1064 1512 ﬁne
1094 1483 1199 1511 codicis
1218 1483 1370 1519 Lipsiensis
1390 1484 1448 1511 haec
1479 1484 1580 1518 scripta
1605 1488 1725 1516 exstant,
1757 1491 1818 1518 quin

183 1540 218 1559 ex
243 1532 366 1560 editione
384 1532 486 1559 Veneta
514 1532 560 1567 (p.
578 1532 629 1565 ϐῆ)
653 1531 783 1563 exhibeo,
800 1530 853 1557 nisi
879 1530 953 1565 quod
969 1529 1008 1556 ibi
1022 1529 1123 1556 legitur
1140 1528 1262 1560 Λοῐστος,
1280 1528 1340 1561 sed,
1364 1533 1395 1556 ut
1420 1527 1579 1555 Wunderus
1608 1532 1737 1561 testatur,
1761 1535 1817 1555 nou

185 1580 271 1605 recte.

895 1645 932 1671 Ab
947 1644 1002 1670 alia
1019 1652 1109 1670 manu.

681 1700 793 1731 Λοῖσοος
806 1700 877 1735 ἀνὴρ
891 1701 1002 1734 ἄριστος
1018 1700 1056 1730 ὡς
1074 1698 1129 1733 ἐγὼ
1144 1700 1240 1734 κρίνω,

680 1736 816 1770 Γεωργίου
831 1744 872 1766 τε,
890 1736 973 1770 φημὶ,
995 1735 1042 1761 καὶ
1056 1735 1221 1768 Θεοφάνους,

685 1771 745 1796 Τῶν
760 1771 963 1805 χρονογράῳωιι.
979 1770 1066 1804 Τῆσδε
1088 1772 1137 1804 τῆς
1153 1770 1244 1804 βίϐλου
1258 1770 1348 1804 Πάτερ

687 1806 813 1841 Ἰωάννης
828 1815 868 1832 σοι
885 1805 996 1838 ταύτης,
1011 1805 1070 1839 φίλε
1088 1805 1234 1841 δῃμόνων,

684 1841 712 1863 'n
728 1840 782 1865 τῶν
792 1839 939 1875 Ἲπροέδρων
954 1841 1072 1875 πρῶτφς.
1091 1839 1159 1875 sua:
1173 1841 1220 1865 καὶ
1236 1839 1320 1874 Oti-tr];

684 1874 888 1909 Διοκαισαρείας
902 1876 949 1908 τῆς
970 1874 1152 1908 Ἀναζάρὸης.

796 1941 840 1967 ΟΛ
845 1941 976 1967 ΥΜΠΙΟΣ
1000 1942 1021 1966 0
1053 1940 1193 1967 ΟΛΥΜΟΣ

681 1998 889 2039 Mammas
906 1997 1007 2039 βρῶσές
1021 1997 1122 2039 ἐρυέων
1134 1997 1183 2039 ἐστι

676 2035 724 2065 Ὃς
738 2033 869 2067 ὲξέκοψας
880 2035 908 2058 ὲν
921 2034 992 2066 ἀρχῇ
1010 2033 1058 2063 τὰς
1077 2033 1236 2067 μεμϐράνας

674 2070 727 2096 Καὶ
745 2068 839 2103 κέρδος
854 2068 932 2102 ἔσχες
946 2068 1048 2101 πλῆρες
1065 2067 1246 2103 κακοῆρυλίας

670 2104 724 2130 Τοῦ
738 2102 867 2138 γράφέως
879 2104 928 2138 τὴν
947 2103 1041 2137 κλῆσιν
1051 2102 1228 2136 ἐξιφανέσας.

569 2177 604 2205 Ab
621 2176 676 2203 alia
689 2183 782 2206 manu,
797 2174 895 2209 partim
908 2179 978 2204 ante,
996 2177 1094 2208 parlmt
1108 2177 1165 2208 past
1179 2174 1300 2200 ultimam
1315 2174 1424 2201 lincunt.

674 2234 744 2272 Ἐἷῲ
760 2233 787 2260 δὲ
804 2232 985 2272 ἀνεπλήρωεα
997 2231 1031 2257 τὰ
1041 2231 1234 2272 ξξκεκσζμμενᾳ
1269 2266 1273 2272 ι
1323 2267 1328 2272 Ι

707 2266 798 2303 Γέρων
812 2268 938 2302 πενιχρὸς
951 2266 1120 2300 Θευπολίτης
1135 2266 1248 2300 Συμεών
1265 2266 1410 2302 (scriptum
1424 2267 1516 2302 σομε),

223 2332 297 2360 Idem
321 2331 477 2358 Wunderus
498 2330 566 2358 alios
595 2329 677 2356 etiam
704 2337 801 2356 versus
826 2328 935 2355 additos
959 2335 1018 2354 esse
1050 2327 1150 2359 refert,
1179 2327 1226 2354 sed
1253 2327 1290 2354 ita
1317 2327 1435 2361 scriptos
1458 2331 1488 2354 ut
1518 2327 1626 2362 singula
1650 2327 1733 2355 verba
1759 2326 1812 2361 legi

188 2383 245 2404 non
262 2375 376 2411 possint.
