2009 3164
146 187 215 221 1001

829 186 963 218 REGUM
981 186 1054 216 LIB.
1070 185 1094 216 I.

1702 183 1770 216 1002

147 243 203 275 πὰς
217 242 380 279 διενήργητο
407 242 474 279 (48).
492 243 571 275 Ἦτις
592 242 674 275 ὀξέως
701 242 730 268 ἐν
750 242 842 277 χωρίῳ
851 242 872 257 ⁵⁵
899 241 935 268 λι-

991 240 1162 276 operabatur.
1192 239 1256 273 Quae
1280 239 1372 267 statim
1387 242 1470 279 atque
1488 239 1515 266 in
1533 239 1624 267 locum
1647 241 1695 276 qui
1715 241 1769 269 Bu-

145 288 223 323 θίνῳ,
239 287 254 314 ὃ
275 287 331 324 (49)
350 288 507 315 Βουκολέων
533 286 786 324 προσαγορεύεται,
811 295 933 322 προσχω-

146 333 235 370 ροῦσα
249 334 418 370 διαπρυσίως
435 334 528 369 φωνὴν
554 334 700 369 ἐκεκράγει
717 333 785 369 πρὸς
802 333 931 369 βασιλέα·

149 389 159 406 ε
182 379 317 412 Κάτελθε,
344 380 469 412 κάτελοε,
500 379 638 416 ὑποχώρει
661 380 715 407 τῶν
740 379 899 414 ἀλλοτρίων.
921 388 930 404 ›

147 424 202 452 Τοῦ
220 424 285 459 γοῦν
312 425 435 452 τοιούτου
455 426 693 461 προσφωνήματος
708 425 837 457 πολλάκις
852 424 934 451 ἐκλα-

147 470 277 506 ληθέντος
300 472 315 498 6
340 472 477 507 βασιλεὺς
485 472 600 503 εἰκότως
614 471 802 505 καταπλαγείς
815 471 864 498 κα).
881 471 932 497 οὐκ

147 516 259 543 ἔλαττον
275 517 444 552 ὑποπτήξας,
469 517 667 551 κοινολογεῖται
684 516 740 552 (50)
758 525 789 543 πε
795 515 822 551 ρ¹ι
839 516 934 543 τούτου

147 563 270 598 Θεοδίτῳ
285 563 562 598 σπαοαροκανδιδάτῳ
580 562 635 599 (51)
646 563 693 590 κα).
703 563 796 598 οἰκείῳ
811 562 933 598 γνωστῷ,

146 608 188 643 τῷ
202 608 253 643 υίῷ
264 609 373 644 Μιχαὴλ
388 609 533 644 πατρικίου
548 609 595 636 τοῦ
611 609 678 644 πρὸς
692 609 787 644 γένους
801 609 935 644 Μελισση-

147 654 206 687 νοῦ,
224 652 254 682 οὗ
270 655 301 682 τὸ
316 654 439 690 εὔφημον
454 655 633 692 Κασσιτηρᾶς
642 656 795 691 διηκούετο,
806 655 844 688 ὡς
855 656 935 692 εἴπερ

147 701 298 736 ὲγκάτοχον
310 702 422 737 γένηται
441 702 471 728 τὸ
486 701 614 737 κοράσιον
640 702 707 738 (52),
730 701 759 728 ἔν
782 711 836 729 τινι
852 711 937 729 κατα-

148 748 225 782 σχεῖν
242 748 351 779 πάντως
377 748 451 783 οίκίᾳ
469 748 516 775 κα).
528 748 716 783 διερευνᾶσθαι
735 749 781 775 κα).
796 747 852 784 (55)
867 749 935 784 φρά-

148 793 209 824 ζ.ιν
223 793 293 825 τινος
313 793 383 828 αὕτη
400 794 519 830 ὑπάρχει
533 795 550 830 ἡ
573 795 648 822 οίκία
670 795 717 822 καὶ
731 795 827 821 τούτου
842 795 935 821 ὁποῖον

148 839 180 865 τὸ
195 838 335 875 γνώριμον
363 839 430 876 (54).
451 841 506 876 Τῆς
528 841 556 867 δὲ
581 840 794 876 ὰνακαλυψάσης
811 841 859 876 τὴν
874 841 934 867 ἐπι-

987 287 1085 315 coleon
1101 287 1202 314 dicitur
1211 286 1383 318 accessisset,
1395 286 1466 313 clara
1488 293 1556 314 voce
1582 287 1717 316 clamabat
1735 289 1770 316 ad

989 331 1209 367 imperatorem:
1236 341 1244 356 ι
1272 330 1424 364 Descende,
1453 331 1502 365 ιι
1527 330 1674 365 descende,
1704 333 1771 360 cede

987 380 1094 407 alienis.
1111 390 1120 406 ›
1138 378 1279 415 Ejusmodi
1295 378 1504 413 compellatione
1515 377 1615 412 saepius
1629 377 1772 405 enuntiata

989 426 1139 461 imperator
1161 426 1261 454 merito
1281 425 1431 452 exterritus
1451 432 1502 451 nec
1516 423 1694 452 mediocriter
1709 431 1775 451 con-

988 477 1128 500 sternatus
1145 473 1312 508 colloquitur
1329 480 1391 500 cum
1405 471 1548 499 Theodoto
1569 471 1773 506 spathariorum

989 519 1147 553 candidato,
1177 519 1275 547 intimo
1300 518 1430 546 familiari
1459 525 1521 550 suo,
1552 517 1609 544 filio
1634 517 1775 544 Michaelis

989 565 1109 600 patricii,
1120 565 1231 601 generis
1242 564 1393 597 Melisseni,
1411 564 1456 592 cui
1479 568 1694 598 cognomentum
1714 566 1774 589 erat

988 611 1150 645 Cassiteras,
1164 616 1194 638 ut
1218 611 1265 638 ubi
1285 610 1380 639 furere
1395 610 1512 645 coeperit
1528 609 1618 645 puella
1643 608 1671 636 in
1682 608 1774 643 aliqua

989 657 1072 685 domo
1091 658 1205 685 omnino
1224 657 1392 690 detineatur,
1418 657 1670 692 interrogeturque,
1688 659 1721 683 ιιι
1732 655 1775 682 in-

989 703 1063 730 dicet
1073 703 1158 738 ,cujus
1170 710 1202 730 ea
1218 703 1254 730 sit
1269 702 1368 730 domus
1383 706 1412 729 et
1427 709 1553 737 quamam
1569 701 1646 729 illius
1660 701 1696 728 sit
1711 708 1776 736 pro-

990 749 1048 784 pria
1063 754 1137 776 nota.
1151 749 1216 782 Qua:
1228 757 1290 777 cum
1301 749 1451 778 detexisset
1465 756 1566 776 nomen
1584 749 1730 784 quaesitum
1747 752 1776 776 et

990 799 1082 821 notam
1098 795 1246 830 propriam,
1266 795 1348 830 jussit
1360 803 1424 823 eum
1441 799 1565 830 tempore
1578 798 1735 830 opportuno
1747 795 1775 823 in

989 849 1081 869 arcem
1098 842 1185 874 abire,
1203 842 1250 869 ubi
1269 842 1295 870 ei
1312 842 1456 870 occursuri
1471 847 1565 870 essent
1580 842 1636 870 duo
1651 843 1716 876 viri,
1741 851 1776 871 ex

148 884 321 921 ζητουμένην
344 886 440 921 κλῆσιν
467 887 514 913 καὶ
529 887 703 923 χαρακτῆρα,
733 886 936 922 προτρέψασθαι

991 889 1090 924 quibus
1103 888 1126 916 is
1140 889 1187 924 qui
1205 889 1279 916 mulo
1302 888 1437 916 insideret
1450 888 1659 924 imperatorium
1676 889 1776 918 solium

148 939 182 965 γε
191 931 214 947 ⁸ο
228 931 284 968 (55)
311 932 384 967 αὺτῷ
401 933 537 969 εὐκαίρως
562 933 634 959 κατὰ
659 932 709 968 τὴν
724 933 872 968 ἀκρόπολιν
888 933 939 967 ἀφ-

149 977 266 1012 ῖχθαι“,
280 977 340 1004 καθ’
353 979 386 1013 ἢν
407 979 578 1014 συγκυρῆσαι
598 978 645 1005 δύο
658 978 759 1013 ἄνδρας
775 977 843 1014 (56),
859 977 889 1010 ἐξ
901 975 938 1005 ὦν

149 1024 264 1059 ἡμιόνου
290 1025 304 1051 6
325 1025 459 1060 ἐπιϐάτης
484 1024 522 1060 τῷ
537 1024 670 1060 βασιλικῷ
697 1024 783 1060 ορόνῳ
808 1024 938 1060 ὀχηματί-

151 1078 235 1097 σειεν.
263 1070 317 1097 Καὶ
329 1070 364 1098 τὰ
380 1071 430 1106 μὲν
455 1072 504 1106 τῆς
532 1070 709 1105 ἐξεστηκυίας
725 1069 849 1104 τοιαῦτα,
865 1070 900 1096 τὰ
910 1070 939 1097 δὲ

149 1115 202 1152 τῆς
215 1116 261 1144 τοῦ
277 1116 409 1152 βασιλέως
432 1117 578 1153 ἀκριϐείας
596 1117 652 1153 (57)
668 1116 739 1144 κατὰ
753 1117 782 1144 τὸ
798 1117 873 1148 εἰκὸς
890 1117 940 1143 ὲπο

151 1161 421 1199 εξεργαστικώτερα,
452 1162 496 1190 οἶα
527 1164 592 1199 περὶ
613 1164 664 1198 τῆς
689 1163 771 1190 αὑτοῦ
797 1163 939 1198 βασιλείας

151 1209 382 1244 ὲμμεριμνῶντος
396 1208 463 1245 (58).
482 1209 719 1246 Ἀκριϐολογηθεὶς
733 1209 787 1245 γὰρ
803 1209 858 1255 (ὄρ)
875 1209 940 1244 παρ’

151 1254 239 1281 αὑτοῦ
261 1255 275 1280 6
296 1254 424 1286 Θεόδοτος
440 1256 598 1291 ἀπηνήνατο
618 1255 656 1290 μὴ
675 1255 824 1288 ἐγνωκέναι
838 1253 940 1290 ’μηδὲν

150 1299 207 1325 τῶν
229 1299 305 1335 παρὰ
326 1300 375 1334 τῆς
402 1300 543 1332 Πυθωνίας
552 1300 574 1316 δ’
588 1299 835 1336 ῳληναφουμένων·
851 1298 940 1326 ἀπιὼν

152 1345 184 1372 δὲ
206 1345 275 1380 πρὸς
303 1345 348 1373 τὸν
365 1346 545 1381 διωρισμένον
570 1345 658 1382 χῶρον
688 1345 726 1377 ὡς
743 1345 942 1381 προδιήγγελτο

153 1391 297 1423 ἐθεάσατο,
323 1391 372 1418 καὶ
398 1391 445 1417 τὸν
468 1391 554 1426 ἄνδρα
569 1391 626 1427 (60)
643 1390 864 1426 προσλαϐόμενος
883 1390 941 1425 ἅμα

153 1436 230 1471 αὖτῷ
244 1435 354 1464 ἄπεισιν
377 1437 406 1463 ὲν
419 1436 459 1471 τῷ
473 1436 530 1472 ναῷ
543 1436 651 1463 Παύλου
666 1436 713 1462 τοῦ
727 1436 890 1466 ἀποστόλου.
912 1437 941 1462 ἐν

153 1481 232 1520 ᾧπερ
247 1483 373 1520 ὀρφανῶν
399 1485 433 1511 τὰ
457 1484 526 1519 πρὸς
544 1483 705 1518 ἁποτροφὴν
718 1483 896 1518 τεταμίευται
908 1483 939 1511 ⁸³.

154 1530 211 1556 Καὶ
235 1530 325 1557 ἐκεῖσε
342 1530 490 1566 συνθήκαις
514 1529 646 1565 ἀλλήλους
674 1529 940 1565 κατεγγυησάμενοι,

989 943 1194 963 conscensurus
1218 939 1302 963 esset.
1330 935 1369 963 Ac
1380 935 1416 962 de
1429 939 1527 963 emota;
1547 934 1659 970 quidem
1674 935 1778 964 mentis

989 981 1081 1017 puella
1096 988 1140 1009 res
1155 981 1192 1008 ita
1208 981 1291 1009 habet
1304 990 1311 1008 :
1327 981 1503 1016 imperatoris
1516 986 1608 1009 autem
1619 981 1776 1016 iniquisitio

990 1028 1090 1055 merito
1103 1027 1155 1055 fuit
1170 1028 1317 1059 curiosior.
1345 1032 1443 1063 utpote
1458 1027 1492 1055 de
1508 1027 1624 1062 imperio
1651 1028 1776 1057 solliciti.

989 1074 1178 1109 Interrogatus
1201 1073 1274 1101 enim
1300 1073 1335 1101 ab
1362 1081 1395 1101 eo
1426 1074 1584 1102 Theodotus
1617 1074 1775 1109 diligenter,

990 1121 1100 1156 negavit
1114 1128 1143 1148 se
1158 1120 1309 1156 quidquam
1323 1120 1475 1156 intelligere
1490 1128 1585 1148 eorum
1599 1128 1659 1156 qua:
1674 1121 1776 1156 Pytho-

990 1165 1052 1192 nica
1067 1169 1218 1201 nugarclur
1231 1175 1238 1192 :
1256 1172 1350 1192 verum
1365 1164 1434 1192 abiit
1454 1164 1481 1191 in
1493 1165 1660 1199 praeﬁnitum
1673 1164 1776 1197 locum.

993 1215 1022 1238 ut
1045 1215 1215 1245 prmceptum
1228 1210 1330 1243 fuerat,
1343 1214 1372 1238 et
1384 1210 1528 1245 spectavit.
1553 1211 1643 1245 Atque
1667 1209 1778 1238 homine

990 1261 1142 1291 assumpto.
1154 1257 1213 1284 abit
1229 1264 1283 1284 una
1298 1264 1361 1284 cum
1374 1264 1408 1284 eo
1420 1256 1448 1283 in
1464 1256 1597 1291 templum
1620 1256 1697 1284 Pauli
1710 1264 1778 1291 apo-

991 1301 1065 1333 stoli,
1082 1301 1128 1329 ubi
1143 1301 1330 1336 orphanorum
1348 1301 1478 1329 alimenta
1490 1305 1676 1329 asservantur.
1690 1301 1779 1336 Atque

992 1347 1030 1374 ibi
1042 1351 1188 1382 postquam
1210 1347 1355 1375 conventis
1368 1352 1397 1375 et
1415 1346 1504 1382 pactis
1517 1354 1578 1374 sese
1595 1347 1780 1374 constrinxis—

991 1398 1063 1424 sent,
1078 1401 1162 1421 ausus
1177 1397 1220 1421 est
1235 1393 1321 1421 Leoni
1334 1393 1397 1421 talia
1411 1393 1504 1420 dicere
1521 1401 1528 1420 :
1549 1402 1558 1418 ι
1576 1393 1615 1420 Ex
1630 1393 1724 1420 divina
1740 1393 1781 1420 vi-

992 1438 1070 1466 sione
1084 1439 1118 1466 de
1132 1443 1158 1467 te
1174 1439 1242 1467 mihi
1259 1439 1368 1475 cognita
1382 1443 1446 1466 sunt
1460 1438 1588 1471 maxima,
1612 1446 1673 1474 quae
1696 1439 1780 1467 etiam

993 1490 1126 1513 eventura
1143 1490 1228 1518 sunt;
1249 1485 1323 1514 unde
1332 1484 1380 1513 lict
1391 1490 1421 1513 ut
1434 1485 1619 1513 Romanorum
1633 1485 1781 1521 imperium

992 1538 1129 1566 capessas.
1149 1542 1158 1558 ι

154 1575 252 1610 θαρῤεἶ
269 1574 324 1610 (Gl)
353 1575 421 1609 πρὸς
445 1575 490 1601 τὸν
505 1574 608 1602 Λέοντα
634 1575 647 1601 6
673 1574 799 1606 Θεόδοτος
825 1573 939 1601 τοιαῦτα
962 1575 1034 1610 ὲρεῖν
1056 1576 1128 1612 (62),
1153 1578 1191 1608 ὡς
1213 1587 1222 1603 ι
1242 1577 1290 1604 Ἐκ
1307 1577 1381 1610 θείας
1404 1578 1528 1613 ὁράσεως
1556 1579 1622 1614 περὶ
1652 1578 1699 1606 σοῦ
1737 1586 1783 1614 μοι

155 1622 316 1655 διέγνωσται
362 1620 479 1655 μέγιστά
507 1629 537 1646 τε
565 1621 612 1647 καὶ
633 1619 839 1655 ἀποϐησόμενα,
862 1619 896 1647 δι’
921 1617 959 1647 ὦν
976 1621 1027 1656 τῆς
1059 1621 1204 1658 Ῥωμαίων
1234 1623 1344 1655 πάντως
1380 1623 1530 1659 ἡγεμονίας
1547 1623 1570 1641 ⁸³

156 1678 233 1701 σειας
246 1668 313 1704 (65).
327 1677 336 1694 ι

1629 1626 1782 1660 μεταποιή-

191 1716 400 1752 Συμϐεϐηκότος
412 1715 467 1750 (64)
488 1715 516 1742 δὲ
535 1714 655 1750 πολέμου
677 1715 779 1751 μεταξὺ
796 1715 938 1750 Ῥωμαίων

1030 1716 1082 1750 12
1098 1715 1165 1743 Orto
1178 1719 1269 1742 autem
1283 1715 1354 1743 bello
1370 1715 1442 1743 inter
1456 1715 1595 1744 Romanos
1623 1721 1651 1745 et
1682 1717 1783 1754 Bulga-

155 1765 204 1793 κα).
219 1763 393 1798 Βουλγάρων,
408 1764 455 1790 καὶ
469 1762 516 1790 τοῦ
530 1762 578 1798 μὲν
592 1761 682 1788 αὐτῶν
695 1761 818 1798 ἀρχηγοῦ
833 1761 944 1797 Κρούμ‹

156 1817 209 1843 μου
224 1808 375 1843 φάσκοντος
389 1806 561 1834 ἀναδίδοσθαι
576 1806 598 1823 ⁸⁸
616 1806 672 1842 (65)
692 1807 754 1838 τοὺς
769 1806 945 1842 προσφυγόνο

155 1863 206 1886 τας
220 1853 396 1888 Βουλγάρων,
406 1852 537 1884 ὡσαύτως
550 1851 579 1878 δὲ
593 1852 641 1879 καὶ
655 1851 810 1886 Ῥωμαίων,
824 1851 870 1878 ἐπὶ
883 1851 945 1878 τού-

153 1908 212 1932 τοις
239 1900 254 1926 6
278 1899 404 1934 βασιλεὺς
429 1897 587 1933 συμϐαίνων
612 1896 657 1933 ἦν,
674 1897 726 1924 κάν
752 1898 810 1928 τοῖς
835 1897 944 1930 πολλοῖς

154 1945 212 1972 τῶν
230 1944 402 1980 μεγιστάνων
415 1944 432 1979 ὴ
445 1942 557 1978 τοιαύτη
575 1942 676 1976 γνῶσις
687 1942 747 1969 λίαν
759 1943 944 1976 ὲστασιάζετοέ

156 1991 208 2026 οὺχ
220 1989 320 2025 ἥκιστα
334 1989 362 2016 δὲ
372 1988 420 2015 καὶ
428 1988 583 2023 Θεοκτίστῳ
597 1988 740 2023 μαγίστρῳ
749 1988 821 2023 (66)·
834 1988 898 2024 παρ’
907 1985 944 2016 ὧν

132 2042 136 2050 '
157 2035 338 2071 ἀσυμφωνίας
364 2033 588 2070 συντελεσθείσης
606 2034 676 2070 πρὸς
697 2034 872 2070 ἐναντιότητα
890 2043 945 2070 χω-

158 2083 252 2120 ροῦσιν
277 2083 438 2119 ἀμφότεροι.
465 2082 693 2118 Ἐκστρατεύουσι
716 2081 861 2117 τοιγαροῦν
876 2081 945 2108 Ῥω-

159 2129 235 2166 μαῖοι
246 2138 277 2156 τε
292 2129 340 2157 καὶ
355 2129 504 2165 Βούλγαροι
519 2129 580 2156 κατ’
587 2128 719 2164 ἀλλήλων,
730 2128 777 2156 καὶ
790 2127 945 2164 πολεμικῆς

996 1770 1052 1794 ros,
1066 1766 1149 1797 atque
1163 1761 1278 1789 istorum
1297 1761 1367 1790 duce
1385 1761 1515 1790 Crummo
1532 1762 1688 1798 postulante
1703 1764 1784 1793 reddi

996 1808 1178 1844 Bulgarorum
1207 1807 1373 1843 transfugas,
1394 1808 1522 1836 similiter
1539 1813 1568 1836 et
1586 1809 1783 1843 Romanorum.

996 1854 1023 1881 in
1040 1862 1073 1881 ea
1087 1854 1237 1889 imperator
1251 1853 1451 1886 consentiebat,
1466 1853 1518 1881 etsi
1535 1861 1551 1880 a
1568 1854 1708 1889 plerisque
1725 1862 1786 1883 ma—

997 1902 1110 1933 gnatum
1131 1898 1178 1925 illa
1200 1899 1260 1934 ejus
1288 1898 1425 1926 sententia
1456 1897 1535 1925 valde
1559 1898 1783 1934 impugnabatur,

998 1944 1135 1980 praecipue
1149 1951 1164 1970 a
1178 1943 1338 1972 Theoctisto
1351 1942 1492 1978 magistro.
1508 1943 1531 1971 A
1558 1943 1660 1978 quibus
1683 1944 1785 1980 reiecta

998 1989 1181 2018 conventione
1199 1990 1228 2017 in
1243 1988 1358 2016 dissidia
1386 1988 1490 2016 abeunt
1509 1989 1631 2024 utrique.
1656 1989 1786 2017 Educnnt

998 2035 1091 2070 itaque
1102 2034 1240 2061 exercitus
1256 2032 1372 2060 Romani
1385 2037 1414 2060 et
1429 2033 1550 2069 Bulgari,
1569 2033 1697 2069 factoque
1717 2041 1785 2062 Con-

998 2088 1081 2108 cursu
1094 2079 1192 2107 bellico
1207 2080 1326 2107 vincitur
1346 2087 1460 2114 prorsus
1485 2079 1625 2108 Romanus
1636 2081 1785 2114 exercitus,

998 2127 1091 2154 divina
1109 2127 1295 2165 providentia,
1310 2131 1340 2153 ut
1368 2125 1489 2159 videtur,
1507 2126 1588 2154 aliter
1613 2127 1723 2156 volente
1740 2135 1785 2155 res

792 2185 910 2213 VARle
940 2184 1141 2213 LEC'IIONES.

187 2247 211 2263 ³⁹
225 2246 305 2282 χώρῳ
329 2246 359 2273 L.
384 2280 399 2282 _
415 2246 439 2262 ⁸ο
454 2244 498 2281 γε]
509 2253 538 2272 τε
555 2244 586 2272 L.
631 2245 652 2263 δ’
678 2243 800 2280 ὁφῆχθαι
831 2243 861 2272 L.

155 2282 179 2299 ⁸³
193 2280 368 2310 ἀποδίδοσθαι
383 2280 413 2308 Β.

921 2245 943 2261 ⁸³
969 2243 1099 2276 πυθονίας
1126 2243 1156 2270 L.

1213 2242 1237 2259 "
1249 2242 1423 2278 τεταμείεται
1450 2241 1480 2268 L.
1517 2241 1542 2258 “
1566 2241 1729 2277 ἡγεμονείας
1755 2242 1787 2270 L.

749 2323 875 2352 STEPH.
897 2324 1067 2353 BERGLERI
1079 2323 1147 2352 ΝΟΤ
1153 2323 1198 2352 Αἰ.

191 2375 247 2412 (ιδ)
260 2375 324 2403 Haec
338 2375 419 2412 aliter
431 2377 516 2408 atque
529 2373 613 2412 aliter
626 2371 708 2399 Cont.
723 2380 751 2407 p.
768 2372 812 2399 14.
824 2372 948 2400 Zonaras
962 2374 987 2404 ι)

154 2419 183 2448 p.
195 2408 214 2448 ’ί
221 2411 341 2448 ξομες..
355 2409 499 2448 βυᾱτειιυε
511 2416 539 2443 p.
549 2408 624 2448 _485.

190 2446 248 2481 (L9)
261 2441 458 2481 Ita-scriptum,
476 2441 532 2471 non
547 2443 587 2481 6;,
599 2450 651 2470 nec
718 2441 860 2481 Cedrenus
884 2442 903 2469 l.
919 2449 946 2470 c.

153 2477 290 2509 ratioriem
309 2477 428 2509 nominis
454 2478 579 2514 exponit,
596 2485 657 2514 quae
673 2477 783 2514 inepta»
794 2477 914 2514 videtur.
932 2482 936 2506 ε

203 2516 260 2551 (50)
275 2517 431 2577 [gon-0.1....
445 2512 612 2548 διήκούετο.
624 2512 767 2540 Cedrenus
776 2512 797 2539 l.
812 2520 838 2539 c.
850 2513 947 2539 eadem

203 2558 215 2577 ε
230 2558 278 2577 ver
298 2558 323 2577 a.

153 2551 215 2579 fere
230 2551 323 2578 verba.

189 2585 245 2622 (51)
260 2585 475 2622 Spathariorunr
488 2582 660 2622 candidatus.
674 2581 714 2622 éd
733 2581 807 2609 hunc
819 2579 949 2610 Theodo‘

154 2617 295 2659 tun]__suq'[.
310 2620 433 2659 epistolae
441 2618 547 2659 aliquot
561 2617 662 2659 lihotii.
678 2617 831 2659 ﬁgimus.

189 2657 246 2718 (152)
272 2651 347 2718 Hace
357 2655 441 2682 etiam
458 2651 540 2681 aliter
568 2652 649 2680 Cont.
678 2653 722 2680 16.
737 2651 808 2679 Ζοη.’
830 2659 858 2687 p.
881 2652 941 2680 151.

189 2702 192 2716 ε
215 2698 278 2718 r.n.
352 2710 358 2717 .

152 2691 238 2719 Cedr.
250 2698 278 2725 p.
295 2691 358 2718 486.

153 2761 160 2767 η
265 2725 440 2767 Mallenrhoc
456 2724 504 2767 καὶ
520 2723 597 2760 [ante
613 2721 740 2758 φράζειν]
754 2722 874 2750 abesset.
898 2723 942 2750 Sic

152 2759 357 2794 intelligeretur
368 2760 405 2792 ὡς
418 2759 543 2794 φράζειν.

198 2768 243 2788 eui
283 2768 357 2788 retur
368 2769 405 2792 ως
418 2768 543 2794 φραςειν.

198 2768 294 2834 5έ)ῗιε
306 2795 484 2834 scr._mallem
501 2793 656 2834 γνώρισμα.
677 2830 687 2834 _
740 2829 750 2834 _
838 2828 844 2834 _

196 2829 242 2865 55)
255 2831 292 2857 Τι
308 2831 406 2857 melius
414 2830 571 2857 abesset.—-
578 2829 727 2865 Ἀφῆχθαι.
740 2829 778 2858 Ita
791 2829 936 2864 scriptum,

150 2864 215 2895 cum
227 2865 343 2894 deberet
358 2865 482 2900 ἀφῖχθαι,
495 2867 543 2891 aut
555 2864 737 2898 ἀφικνεῖσθαι.

182 2875 215 2894 tm
227 2874 343 2894 acueret
358 2874 406 2900 αφι
425 2874 482 2897 vat,
495 2874 543 2891 aut
555 2874 566 2890 α

182 2902 239 2938 (56)
256 2901 391 2936 Loquitur
407 2874 452 2927 iiic
465 2900 566 2933 int-pte.

258 2949 391 2978 ΡΑτιιοιη
415 2946 474 2976 ϐα.
498 2946 578 2976 (nx.

1038 2373 1095 2407 (57)
1114 2372 1210 2400 Potius
1225 2371 1414 2407 ἁκριϐᾠσεως.

1050 2407 1095 2439 58)
1109 2407 1228 2434 Cedren.
1241 2415 1268 2441 p.
1285 2406 1346 2434 486.
1361 2407 1429 2434 Zon.
1446 2414 1475 2441 p.
1494 2406 1557 2434 151.

1048 2442 1093 2475 59)
1108 2442 1167 2469 Non
1183 2446 1306 2476 apparet.
1319 2442 1387 2476 quid
1404 2441 1450 2468 hic
1470 2442 1526 2476 γὰρ
1539 2441 1630 2469 faciat.
1647 2455 1681 2476 -ε-
1695 2441 1734 2468 fta
1759 2447 1787 2469 et

1001 2475 1060 2512 ipse
1087 2477 1146 2505 hzec
1165 2475 1268 2508 narrat,
1288 2480 1318 2504 ut
1331 2475 1389 2503 'vix
1412 2475 1527 2512 intelligi
1543 2476 1639 2511 possit.
1654 2475 1786 2505 Versicne

1001 2517 1093 2540 tamen
1105 2512 1164 2546 juvi
1182 2519 1304 2540 sensum.

1037 2547 1094 2582 (60)
1106 2545 1111 2546 ⁷
1122 2547 1233 2582 Nempe
1248 2546 1379 2574 Leonem.
1405 2546 1480 2582 Sym.
1499 2545 1574 2582 Log.
1602 2553 1630 2580 p.
1645 2546 1701 2582 405
1714 2554 1720 2572 :
1735 2546 1787 2582 Τὸν

998 2581 1101 2609 Λέοντα
1112 2581 1333 2618 προσλαϐόμενος
1344 2581 1546 2616 duretam)!th
1561 2581 1617 2616 ναῷ
1629 2581 1675 2608 τοῦ
1695 2581 1786 2616 ’Δγίου

999 2617 1116 2644 Παύλου.
1131 2621 1187 2644 etc.

1024 2617 1116 2648 αὑλου.
1131 2621 1187 2644 etc.

1035 2652 1092 2688 (6t)
1102 2652 1176 2688 Male
1188 2651 1261 2688 apud
1276 2651 1395 2688 Logoth.
1412 2651 1535 2688 θαρρεῖν.

1031 2687 1087 2720 (62)
1099 2687 1169 2715 Male
1179 2686 1297 2723 verbum
1307 2686 1360 2714 fut.
1374 2691 1458 2722 temp.
1469 2686 1503 2714 'h.
1517 2686 1535 2714 l.
1549 2687 1681 2723 positum.

1030 2722 1086 2758 (63)
1102 2723 1141 2758 [ta
1157 2723 1232 2750 clare
1245 2722 1390 2758 scriptum.

1101 2757 1254 2804 ged‘r'enti‘s,
1271 2756 1375 2804 p.'€86,
1393 2757 1440 2785 ubi
1453 2761 1518 2804 apta
1532 2761 1574 2785 est
1596 2756 1735 2785 transitio.
1749 2756 1787 2785 De

995 2793 1140 2837 “selecti?
1154 2793 1301 2837 Neam-
1311 2793 1345 2834 ,ι-

1028 2828 1170 2868 (§§)@on.
1187 2836 1215 2868 p.
1231 2827 1299 2868 126,_
1311 2828 1338 2855 in
1351 2828 1421 2868 fine.
1441 2827 1554 2856 Contin.
1570 2835 1597 2868 p.
1618 2827 1644 2856 8.

1024 2863 1126 2907 (66)
1141 2871 1156 2906 a
1170 2864 1338 2899 patriarcha.
1351 2863 1414 2892 Vid.
1429 2867 1535 2891 auctor.
1553 2863 1600 2890 cit.

1552 2942 1589 2974 32
