2023 3165
140 257 251 293 Μιχαὴλ
262 256 405 293 ἐγκρατῶς
424 256 589 294 διατίθησιν.
612 259 668 294 (05)
683 259 776 291 Οὐδεὶς
786 259 813 286 δὲ
827 261 881 287 τῶν
904 261 933 294 ἐξ
949 263 969 292 Α

148 303 295 338 ’Λνατολῆς
307 303 481 339 ὡρμημένων
491 303 706 339 ἁπελιμπάνετο,
713 305 773 332 οὐδὲ
779 307 828 341 τῆς
836 307 932 334 Ἐσπέο

141 358 194 383 ρας
208 349 306 384 αὐτῆς,
320 349 351 375 οὐ
365 349 420 376 τῶν
436 349 465 383 ἐξ
481 350 568 377 ἐθνῶν
590 351 745 386 ἐπηλύδων,
777 353 828 380 οὐκ
851 354 932 380 αὐτο-

141 393 256 428 χθόνων.
284 394 315 420 οὐ
349 394 552 428 γειτονούντων,
572 396 602 422 οὺ
617 395 667 431 τῆς
682 396 811 431 δουλικῆς
835 398 932 432 μοίρας

139 440 204 465 ὅσον
220 439 242 454 ³⁸
255 439 346 474 παρῆν
361 439 568 474 μισοδέσποτον,
591 441 639 476 οὐχ
666 441 821 477 ὁλοκλήρων
833 442 931 475 ὲθνῶν,

139 485 212 512 κατὰ
230 485 376 521 διαφόρως
389 487 503 521 καιροὺς
517 486 541 513 οἳ
560 487 610 514 οὐκ
632 487 708 523 αὐτῷ
719 489 931 524 προσερρὑσαν

140 533 189 558 καὶ
205 531 375 564 συνείποντο,
392 532 417 558 οί
433 532 483 567 μὲν
494 533 566 560 κατὰ
579 533 642 568 γῆν,
655 534 680 559 οί
692 533 721 560 δὲ
733 534 804 560 κατὰ
829 534 931 561 θάλασ-

141 584 202 607 σαν,
223 576 276 611 νέῳ
296 575 384 611 Ξέρξῃ
411 577 464 603 κάν
490 577 652 612 ὁμοπίστοις
677 578 861 614 ἁναφανέντι,
893 580 930 611 ὡς

139 621 268 649 ἐντεῦθεν
282 621 330 649 καὶ
344 622 434 649 πάντα
450 622 485 650 τὰ
501 623 609 658 θέματα
633 625 682 651 σὺν
694 626 751 656 τοῖς
765 634 796 652 στ
802 627 931 661 parmai;

140 667 302 694 σπένδεσθαι
316 667 404 702 τούτῳ
420 668 587 702 συνέῦαινεν,
602 669 659 705 (64)
677 669 818 698 Ὀλϐιανοῦ
837 671 930 706 μόνου,

138 713 187 740 τοῦ
205 713 260 740 τῶν
277 713 466 749 Ἀρμενιακῶν
481 715 712 750 στρατηγοῦντος,
724 716 838 749 τούτους
853 726 931 753 περι-

138 760 225 790 votat;
251 759 406 792 ὲπιπειθετς
435 760 564 795 ἄγοντος,
591 762 639 789 καὶ
669 763 820 790 Κατάκυλα
833 764 856 780 ³⁸
883 763 930 790 τοῦ

145 804 266 838 Ὀψικίου
282 804 320 840 τῷ
339 805 444 840 βασιλεῖ
455 807 566 842 Μιχαὴλ
580 815 612 842 γε
630 810 852 845 προσκειμένων.
875 811 930 838 Καὶ

137 850 266 877 τοσοῦτον
281 851 501 885 ὲπολνπλασίαζε
519 852 550 880 τὸ
568 854 670 889 πλῆθος
691 856 761 883 κατὰ
786 856 840 883 τῶν
867 858 931 893 ὀμο-

138 895 241 931 φύλων,
268 896 339 923 ὥστε
354 897 408 932 (ϐὕ)
435 898 561 929 καὶτοὺς
583 899 761 935 Σαρακηνοὺς
784 902 929 935 ἐπ’ἀδείας

137 941 270 969 λαϐέσθαι
288 942 336 970 καὶ
354 943 443 975 πάσας
460 944 559 979 νήσους
576 934 629 972 καὶ)
650 945 743 981 χώρας
764 934 928 982 χαταληΐζεξ
945 934 965 961 Β

138 986 213 1018 σθαι.
233 987 280 1014 καὶ
309 986 434 1021 καθέξειν
452 989 520 1021 ὅλως
545 989 643 1022 αὐτὰς,
663 990 688 1017 εί
703 991 741 1027 μὴ
752 991 775 1007 ³⁸
789 992 846 1027 (06)
860 993 929 1028 μετὰ

137 1032 228 1059 ταῦτα
239 1032 346 1064 τούτοις
359 1033 404 1060 διὰ
424 1033 524 1069 πολλῆς
539 1035 634 1070 φήμης
662 1036 899 1071 ἀνανταγώνιστος
915 1040 929 1065 ὁ

136 1077 241 1112 θωμᾶς
265 1078 425 1105 ἁνεδέδεκτο
439 1079 473 1106 ³⁷.
489 1080 528 1105 Δι’
548 1079 562 1106 ὃ
587 1081 634 1107 καὶ
649 1082 778 1116 πειρᾶται
793 1083 862 1118 πρὸς
879 1084 928 1110 αὒ-

135 1124 201 1155 τοὺς
228 1123 430 1159 κηρυκεύεσθαι
450 1125 544 1160 τρόπῳ
570 1125 677 1162 τοιῷδε,
696 1127 751 1163 (67)
764 1129 928 1164 πανούργως

136 1169 298 1201 ὲνδελεὰσας
319 1169 388 1205 ὅπερ
416 1171 509 1202 αὐτοῖς
550 1171 681 1207 βουλητὸν
711 1173 873 1209 ἠσμενίζετο
895 1177 927 1212 τῇ

135 1215 244 1242 ἐκείνου
259 1216 421 1251 παμπληθεῖ
434 1217 550 1253 δυνάμει
566 1219 794 1254 καταπλαγεῖσιν.
806 1222 928 1258 Διαπέμ-

136 1261 272 1288 πεταιοῖω
283 1262 353 1297 πρὸς
362 1262 461 1295 αὐτοὺς
475 1264 586 1300 είρήνην
597 1265 829 1302 ἀνακαλούμενος,
838 1268 928 1303 πολλῷ

135 1306 166 1333 δὲ
182 1307 282 1341 μᾶλλον
298 1308 485 1344 συνασπισμὸν
502 1309 570 1345 (68),
584 1312 634 1345 τῆς
657 1311 802 1347 βασιλικῆς
819 1314 929 1346 ἀνθέξε-

137 1352 200 1379 σθαι
230 1353 431 1386 ἀποπτὼσεως.
456 1356 577 1382 Ποιεῖται
602 1357 693 1384 τοίνυν
721 1359 837 1391 σπονδὰς
868 1360 927 1396 μετ’

143 1397 314 1434 ’Δγαρηνῶν,
344 1399 448 1434 εἰδήσει
466 1400 513 1428 τοῦ
542 1402 633 1428 αὐτῶν
660 1403 795 1439 ἀρχηγοῦ,
822 1406 926 1432 ἀναδεῖ-

135 1451 182 1470 ται
195 1443 251 1479 (69)
263 1445 360 1479 στέφος
377 1445 513 1481 βασίλειον
539 1448 615 1483 παρὰ
632 1449 680 1475 τοῦ
693 1450 844 1486 ἀρχιερέως
867 1452 927 1479 Ἀν-

135 1490 254 1524 τιοχείας
288 1490 361 1523 Ἰὼϐ,
392 1489 452 1519 εἶτα
479 1492 538 1528 μετ’
563 1493 722 1530 ’Λγαρηνῶν
737 1496 807 1530 (70),
830 1496 925 1530 Ἰνδῶν,

135 1535 303 1568 Αἰγυπτίων,
321 1535 481 1572 Ἀσσυρίων,
499 1538 608 1573 Μήδων,
646 1539 789 1573 Ἀὃασίων,
813 1542 924 1578 Ζηχῶν,

143 1581 268 1634 ἓϐήρων,
290 1581 475 1634 ίςαῦεἰρωνδθ.
490 1585 628 1619 Σκλάὸων,
644 1585 762 1619 Οὓννων,
775 1588 927 1623 Βανδήλων,
941 1602 963 1634 C

136 1626 238 1660 Γετῶν,
255 1628 302 1654 καὶ
331 1629 389 1655 ὅσοι
403 1630 452 1663 τῆς
470 1631 610 1663 Μάνεντος
630 1632 774 1668 βδελυρίας
788 1636 925 1672 μετεῖχον,

134 1672 233 1705 Λαζῶν
247 1681 277 1700 τε
287 1673 335 1700 καὶ
343 1674 475 1708 Ἀλανῶν,
489 1676 602 1704 Χάλδων
610 1686 639 1705 τε
652 1679 698 1706 καὶ¹
706 1679 868 1715 Ἀρμενίων,
879 1683 926 1709 καὶ

134 1719 240 1754 ἑτέρων
261 1719 397 1747 παντοίων
423 1721 508 1748 ὲονῶν
534 1723 755 1761 πολυθρύλλητον
784 1735 926 1763 πανστρα-

135 1764 197 1790 τιὰν
234 1765 551 1801 στρατοπεδευσάμενος,
575 1769 683 1805 ἁπάσης
705 1772 755 1806 τῆς
783 1772 926 1808 ’Λνατολῆς

135 1811 312 1845 ἐκυρίευσεν,
328 1812 384 1848 (71)
402 1812 558 1841 τελευταῖον
571 1816 666 1851 μέρεσι
689 1819 745 1849 τοῖς
762 1819 833 1845 κατὰ
853 1820 926 1855 θρᾴ-

135 1865 188 1890 κην
215 1858 447 1893 προσεμπελὰσας
475 1859 532 1894 (72)
554 1859 692 1889 ὲλεπολεῖν
726 1863 756 1889 τὸ
778 1864 925 1896 Βυζάντιον

135 1902 296 1935 ἐκϐιάζεται
321 1903 451 1930 ἱππεῦσιν
475 1904 601 1937 εὑόπλοις
623 1906 670 1932 καὶ
701 1908 925 1942 πετροϐολισταίς

134 1946 192 1976 τοῖς
208 1945 260 1971 ὑπὸ
272 1946 294 1961 ²⁹
308 1947 387 1981 χεῖρα
406 1947 462 1981 (75)
481 1946 586 1979 πεζοῖς,
606 1949 664 1984 (74)
691 1949 732 1977 ἔτι
748 1952 794 1978 καὶ
811 1953 923 1987 σφενδο-

133 1991 240 2022 νισταίς
258 1999 289 2025 γε
307 1992 355 2018 καὶ
369 1991 533 2026 πελτασταῖς
548 1993 680 2029 ἀμέτροις
691 1996 923 2033 ὲπιρωννύμενος,

134 2035 251 2070 προσέτι
265 2036 318 2071 μὴν
335 2037 382 2063 καὶ
397 2037 616 2074 πολιορκητικοίς
632 2040 683 2066 οὐκ
703 2040 807 2076 ὀλίγοις
833 2045 925 2079 τεχνά-

135 2090 221 2116 σμασι
248 2084 462 2118 κρατυνόμενος.
493 2084 562 2111 Μεθ’
574 2081 613 2112 ὧν
638 2086 768 2119 πολλάκις
780 2089 837 2120 τοῖς
863 2090 923 2116 κατ’

134 2128 250 2163 ἧπειρον
259 2128 362 2164 τείχεσι
402 2129 567 2165 προσϐαλὼν
597 2131 738 2167 ἄπρακτος
772 2133 924 2171 ἀποκρούε-

133 2182 191 2206 ται,
219 2174 275 2211 (75)
307 2175 354 2202 τοῦ
380 2175 521 2210 βασιλικοῦ
549 2177 646 2210 παιδὸς
673 2178 805 2214 Θεοφίλου
832 2181 924 2214 αὐτοῖς

134 2219 258 2252 ἐπιόντος
271 2221 319 2248 καὶ
334 2222 566 2258 διαγωνιζομένου
580 2224 616 2250 τὰ
640 2224 770 2259 μάλιστα,
783 2226 840 2263 (76)
855 2228 924 2256 ἀλλὰ

135 2265 192 2301 μὴν
208 2266 255 2293 καὶ
269 2266 317 2294 τοῦ
330 2268 434 2303 πατρὸς
446 2268 556 2304 Μιχαὴλ
571 2269 628 2296 ἔσθ’
644 2269 690 2297 ὅτε
707 2271 864 2306 ὑπεξιόντος
875 2276 923 2303 καὶ
940 2283 961 2311 υ

133 2312 190 2343 τοῖς
205 2313 378 2345 ὑπεναντίοις
389 2314 580 2350 ἐπιτιθεμένου
590 2315 758 2353 αὐτόχειρος.
774 2319 924 2354 (77),⁴Ὀθεν

133 2357 286 2393 ἀμηχανῶν
301 2359 315 2385 ό
331 2359 434 2395 Θωμᾶς
445 2359 494 2388 καὶ
505 2361 553 2387 ἐπὶ
567 2362 723 2397 ναυμαχίαν
742 2365 918 2401 προέρχεται,

810 204 946 236 REGUM
967 205 1038 236 LIB.
1061 206 1103 236 ΙῙ.

986 261 1195 296 relinquebatur
1207 268 1296 296 neque
1310 269 1343 288 ex
1358 261 1592 295 Occidentalibus,
1611 271 1664 291 non
1678 271 1712 291 ex
1728 265 1777 292 ad-

983 307 1062 335 venis
1085 307 1243 342 quisquam,
1265 315 1319 334 non
1338 315 1372 334 ex
1385 307 1531 343 indigenis,
1550 316 1605 336 non
1617 317 1651 336 ex
1667 310 1776 343 vicinis,

982 361 1038 381 non
1062 361 1095 381 es
1119 353 1154 381 iis
1172 353 1220 388 qui
1243 354 1353 381 servilis
1375 353 1552 386 conditionis,
1571 354 1593 381 si
1619 355 1666 390 qui
1688 361 1780 384 essent

982 399 1103 427 dominis
1120 399 1234 433 infensi,
1254 399 1321 435 quin
1336 400 1455 427 diversis
1477 400 1649 435 temporibus
1666 401 1699 428 ad
1715 409 1779 429 eum
1830 430 1833 432 ,

982 445 1156 473 conﬂuerent
1182 453 1302 481 eumque
1333 451 1517 481 sequerentur
1540 450 1612 474 terra
1644 448 1778 482 marique,

982 499 1085 519 novum
1108 492 1226 519 Xerxem
1243 493 1315 519 inter
1336 500 1401 519 suos
1417 492 1561 524 habitum;
1580 498 1611 520 ut
1633 498 1778 528 propterea

982 538 1075 566 omnia
1099 539 1220 566 themata
1247 543 1276 566 et
1300 546 1398 566 eorum
1421 539 1506 566 duces
1521 547 1583 576 cum
1608 547 1642 566 eo
1655 540 1779 574 pacisce-

983 590 1090 617 rentur,
1109 585 1226 613 Olbiano
1254 586 1323 618 solo,
1341 586 1389 621 qui
1415 591 1474 613 eral.
1495 585 1687 613 Armeniorum
1711 587 1778 620 dux,

983 631 1026 658 his
1037 639 1086 658 sua
1113 631 1167 667 33
1188 632 1301 659 solertia
1315 632 1460 667 m0rigeris
1474 635 1580 663 utente,
1594 638 1645 659 nuc
1659 639 1713 659 non
1729 632 1780 659 Ca-

983 678 1070 712 tacyla
1089 677 1191 711 Opsicii
1209 677 1338 712 praelecto
1356 678 1424 710 suis,
1442 682 1472 705 ut
1485 685 1548 706 cum
1571 678 1704 706 Michaele
1725 678 1778 705 im-

981 726 1108 756 peratore
1135 727 1290 750 manerent.
1305 722 1343 750 Ac
1358 726 1433 750 tanta
1451 723 1620 750 incrementa
1634 722 1708 758 capit
1728 731 1778 758 ap-

981 772 1093 802 paratus
1115 768 1180 795 belli
1202 768 1302 799 civilis.
1328 773 1359 796 ut
1383 769 1470 796 etiam
1491 769 1619 796 Saraceni
1645 769 1779 796 auderent

981 813 1086 841 insulas
1101 821 1198 842 omnes
1220 818 1249 841 et
1272 815 1401 849 regiones
1424 815 1552 850 populari
1578 820 1607 842 et
1630 822 1777 849 occupare.

980 864 1009 887 et
1021 860 1136 888 omnino
1148 868 1196 887 ens
1207 860 1330 888 habituri
1340 860 1468 893 fuissent,
1481 861 1534 888 nisi
1548 865 1643 896 postea
1655 861 1776 888 Thomas

976 906 1027 933 phis
1063 911 1178 941 propter
1203 914 1329 942 magnam
1359 907 1459 934 famam
1483 908 1571 943 major
1602 908 1677 935 visus
1702 911 1778 935 esstt

980 959 1061 987 quam
1079 956 1109 979 ut
1121 954 1147 980 ei
1165 961 1195 981 se
1221 960 1364 988 opponere
1385 957 1508 988 possent.
1524 953 1604 987 Quod
1628 954 1687 989 ipse
1714 961 1777 981 sen-

980 998 1052 1025 tiens
1073 1002 1189 1025 conatur
1206 1007 1268 1026 cum
1285 999 1327 1026 eis
1338 1007 1387 1034 per
1401 999 1504 1034 legatos
1520 1007 1611 1034 age-re,
1630 1000 1677 1027 tali
1693 1000 1776 1027 modo

979 1049 1070 1072 astute
1087 1053 1137 1073 eos
1151 1045 1279 1073 inescans
1294 1051 1325 1073 ut
1340 1051 1507 1080 proponeret
1523 1046 1596 1081 quod
1610 1047 1662 1081 ipsi
1675 1047 1778 1074 vellent

978 1094 1006 1117 et
1034 1095 1178 1126 cuperent,
1206 1091 1366 1127 ingentibus
1395 1092 1457 1127 ejus
1485 1092 1573 1127 copiis
1599 1097 1627 1119 et
1655 1091 1777 1127 potentia

978 1136 1160 1166 consternati.
1181 1137 1264 1164 Mittit
1290 1137 1375 1173 igitur
1400 1138 1434 1165 ad
1461 1145 1511 1165 eos
1533 1146 1630 1172 pacem
1661 1142 1776 1173 petens»

979 1180 1064 1208 immo
1075 1181 1168 1216 potius
1178 1182 1350 1212 societatem.
1367 1188 1398 1210 ut
1411 1182 1613 1210 auxiliarentur
1627 1183 1777 1210 rebellibus

979 1226 1164 1261 imperatoris.
1183 1227 1278 1262 Itaque
1293 1227 1383 1256 fuadus
1398 1229 1474 1263 pacis
1490 1229 1542 1256 init.
1556 1237 1619 1256 cum
1633 1229 1775 1264 Agarenis’

979 1273 1083 1300 sciente
1095 1273 1166 1301 duce
1182 1274 1304 1305 illorum.
1316 1279 1467 1302 coronatur
1479 1283 1494 1302 a
1506 1276 1666 1310 patriarcha
1682 1277 1778 1303 Διιιίοε

978 1318 1048 1345 cbiaa
1062 1318 1143 1351 Jobo,
1161 1318 1261 1346 deinde
1273 1327 1336 1346 cum
1359 1319 1493 1354 Agarenis
1506 1340 1512 1350 ,
1528 1320 1612 1351 Indis.
1629 1320 1774 1356 Egyptiis,

979 1365 1110 1400 Assyriis,
1129 1365 1227 1397 Medis,
1251 1365 1376 1396 Ahasiis,
1396 1365 1511 1398 Zechis,
1532 1365 1634 1398 lberis,
1657 1366 1775 1399 Cabiris,

979 1410 1095 1443 Sclavis,
1113 1410 1228 1443 llunnis,
1245 1411 1385 1444 Vandalis,
1402 1411 1490 1443 Getis,
1505 1419 1531 1439 et
1551 1412 1681 1440 omnibus
1694 1417 1777 1447 qunt-

978 1463 1047 1492 quot
1058 1458 1092 1485 dc
1119 1457 1256 1485 Manentis
1277 1457 1460 1486 abominabili
1488 1463 1562 1486 secta
1582 1463 1671 1491 erant,
1697 1459 1776 1487 Lazis

979 1502 1044 1530 item
1065 1506 1093 1529 et
1106 1501 1211 1534 Alanis,
1229 1509 1281 1530 nec
1291 1510 1347 1530 non
1362 1502 1476 1531 Chaldis
1487 1507 1516 1530 et
1536 1503 1684 1536 Armeniis,
1698 1504 1773 1531 aliis-

978 1554 1032 1581 que
1046 1546 1137 1574 omnis
1148 1547 1260 1582 generis
1272 1547 1440 1580 nationibus,
1453 1548 1602 1576 multarum
1617 1548 1774 1583 linguarum

979 1593 1101 1620 exercitu
1117 1593 1244 1625 collecto,
1265 1601 1376 1621 omnem
1393 1593 1534 1622 Orientem
1554 1594 1582 1621 in
1601 1601 1678 1621 suam
1698 1599 1776 1629 pote-

976 1642 1076 1667 statem
1089 1638 1210 1674 redegit;
1228 1643 1377 1673 postremo,
1391 1645 1534 1674 postquam
1550 1639 1676 1674 partibus
1689 1639 1776 1666 Thra—

976 1685 1026 1712 cias
1043 1684 1300 1720 appropinquasset.
1313 1685 1476 1720 Byzantium
1493 1692 1629 1719 occupare
1645 1684 1671 1711 vi
1687 1691 1771 1711 cuna-

977 1734 1032 1762 tur,
1048 1730 1188 1765 equitibus
1213 1730 1284 1758 bene
1307 1730 1422 1758 armatis
1436 1735 1464 1758 et
1481 1730 1603 1765 lapidum
1620 1730 1774 1765 jactorihus

975 1776 1162 1811 pedestribus,
1177 1776 1366 1804 funditoribus
1379 1777 1445 1804 item
1461 1781 1489 1804 et
1510 1776 1628 1803 scutatis
1643 1775 1773 1802 innume—

976 1821 1014 1848 ris
1039 1821 1118 1849 valde
1139 1822 1299 1854 roboratus,
1322 1822 1437 1856 insuper
1461 1825 1489 1848 οι
1512 1821 1648 1848 machinis
1668 1820 1775 1848 bellicis

975 1867 1195 1895 obsidionalibus
1227 1867 1283 1903 34
1308 1875 1365 1895 non
1389 1867 1487 1902 paucis
1514 1866 1678 1894 instructus.
1702 1866 1771 1893 Cum

975 1912 1076 1946 quibus
1098 1913 1200 1940 mtenia
1224 1912 1303 1940 urbis
1327 1920 1424 1940 versus
1445 1912 1582 1940 orientem
1607 1919 1770 1946 aggressus,

975 1965 1007 1984 re
1032 1957 1135 1985 infecta
1163 1958 1318 1992 repellitur,
1339 1957 1514 1992 imperatoris
1536 1957 1592 1984 ﬁlio
1616 1957 1772 1992 Theophilo

975 2001 1065 2030 ineas
1081 2002 1214 2037 impetum
1239 2002 1356 2031 faciente
1378 2007 1407 2031 et
1428 2010 1511 2038 quam
1537 2002 1655 2030 maxime
1683 2002 1772 2036 depu-

974 2053 1085 2082 gnante,
1099 2056 1161 2076 cum
1172 2048 1294 2076 subinde
1304 2053 1332 2076 et
1345 2052 1423 2084 pater
1436 2049 1497 2084 ejus
1516 2048 1631 2076 Michael
1645 2055 1772 2084 egressus

975 2093 1117 2122 invaderet
1140 2093 1314 2122 adversarios
1333 2093 1448 2129 proprio
1473 2093 1568 2121 Marte.
1583 2092 1661 2122 Unde
1684 2093 1712 2120 in
1725 2101 1773 2121 ³η-

975 2139 1063 2175 gustia
1079 2139 1258 2172 constitutus,
1271 2140 1304 2169 ad
1323 2140 1419 2171 navale
1443 2140 1568 2175 prmlium
1585 2139 1770 2175 progreditur,

975 2185 1113 2220 ingentem
1150 2185 1323 2221 navigiorum
1355 2193 1504 2215 numerum
1530 2192 1625 2213 secum
1654 2185 1770 2214 ducens.

976 2230 1064 2265 Atque
1081 2230 1119 2258 ibi
1135 2231 1231 2259 itidem
1248 2232 1319 2261 male
1335 2239 1392 2259 rem
1409 2231 1500 2267 gerit:
1517 2231 1563 2259 illa
1586 2230 1659 2258 enim
1677 2231 1770 2258 omnia

976 2275 1075 2305 bellico
1100 2277 1164 2312 igne
1183 2283 1344 2314 consumpta
1359 2279 1446 2306 fuere.
1460 2277 1546 2313 Cujus
1574 2277 1684 2313 quidem
1698 2278 1769 2313 ignis

976 2323 1139 2351 conﬁciendi
1166 2324 1366 2359 propemodum
1394 2324 1450 2358 jam
1478 2323 1595 2352 scientia
1627 2323 1769 2358 deperdita

975 2367 1076 2402 fuerat,
1103 2374 1168 2397 tunc
1186 2374 1278 2397 autem
1301 2370 1341 2397 sic
1364 2369 1456 2398 denuo
1477 2373 1586 2405 reperta
1600 2378 1608 2397 :
1622 2369 1769 2397 Callinicus

784 2423 900 2452 VARUE
928 2425 1134 2456 LECTlONES.

145 2479 150 2487 '
163 2476 256 2513 "ﬁam!
271 2474 367 2513 περῆν
382 2476 414 2504 Β.

132 2511 163 2543 Β,
179 2511 233 2538 ἀπὸ
246 2510 276 2538 1,.

464 2477 486 2493 ³⁵
506 2477 688 2505 κατακύλαῑι.
721 2479 744 2495 ³⁸
761 2479 811 2517 μὴ]
819 2482 865 2509 καὶ
884 2481 907 2509 L
962 2483 985 2499 ³⁷
996 2484 1155 2512 ἀνεδέδοκτο
1167 2485 1200 2514 1...
1239 2486 1261 2502 ³⁸
1277 2484 1434 2522 Καὸείρων]
1452 2483 1584 2521 Σαόήρων
1594 2483 1625 2512 L.
1662 2485 1684 2500 ”
1716 2485 1768 2511 ὑπὸ

685 2558 807 2587 STEPH.
837 2559 1010 2590 BERGLERI
1050 2564 1165 2592 ΝΟΤίΕ.

168 2603 224 2640 (βᾷ)
238 2603 320 2640 (lout.
342 2611 369 2638 p.
384 2604 430 2634 54,
447 2604 530 2640 Cedr.
547 2613 575 2640 p.
591 2604 654 2633 500.

168 2638 226 2676 (6!)
244 2638 325 2676 gout.
343 2647 372 2674 p.
391 2639 439 2676 δι,
451 2639 533 2676 Gedr.
549 2638 581 2676 Vp.
598 2640 661 2676 500,
675 2640 743 2668 Ζοιι.
764 2649 792 2675 p.
805 2641 870 2669 157.

247 2673 328 2703 Cont.
345 2673 386 2709 'p.
407 2675 452 2707 35,
471 2673 562 2703 Cedr.‘
584 2683 612 2710 p.
635 2675 687 2704 500
713 2676 741 2703 in
764 2673 829 2709 line.
855 2676 924 2706 Zon.

153 2731 159 2736 .
179 2718 240 2737 ἰῢο-

131 2718 159 2745 μ
170 2718 240 2780 (16%).
249 2744 385 2780 Loquitur
401 2753 542 2780 perverse.

169 2779 225 2816 (ei)
239 2779 320 2816 Qedi.
335 2789 362 2816 p.
378 2779 441 2808 θοι.

177 2815 224 2852 βξ)
238 2815 319 2852 Qont.
332 2815 369 2850 η).
386 2816 431 2848 35,
448 2817 615 2852 συμμαχίαν.

177 2849 321 2887 damni.
342 2849 445 2887 755,7
472 2849 519 2879 ubi
545 2849 645 2879 Ἰακώὸ
672 2860 722 2887 pro
750 2853 821 2886 Ίώσ,
839 2853 923 2882 Cetlr.

129 2894 158 2916 ι).
172 2885 258 2922 ζδρι,
268 2886 316 2914 ubi
338 2885 409 2913 Ἰὼϐ.
430 2886 497 2914 Zon.
512 2895 540 2922 p.
563 2887 625 2917 l56.
643 2885 690 2915 ubi
709 2887 778 2915 Ἰώσ.

166 2919 224 2957 (70)
239 2920 318 2950 Cont.
334 2929 360 2956 p.
376 2921 420 2955 55,
436 2919 520 2950 (ἶσαι-ξ
533 2930 558 2957 p.
573 2923 634 2950 50L

1010 2610 1067 2645 (ιι)
1081 2591 1164 2638 ὸὲξιτ.
1182 2619 1209 2646 ρ.
1234 2611 1297 2639 5m.
1339 2591 1343 2598 ’

1010 2645 1067 2683 (7g)
1084 2646 1195 2683 Quntin.
1217 2654 1244 2680 p.
1268 2646 1351 2683 ὕϐρει
1371 2646 1504 2683 577plene
1521 2651 1549 2674 et
1568 2647 1690 2683 copiose.

1010 2681 1066 2716 (75)
1085 2680 1196 2719 Gentio.
1210 2688 1271 2717 pag.
1290 2682 1323 2709 57
1339 2685 1367 2709 et
1382 2680 1431 2715 58}
1447 2681 1565 2710 Cedren.
1581 2680 1611 2719 pf
1623 2683 1692 2716 503;
1710 2683 1766 2712 Zo-

973 2716 1163 2783 “iniam”.
1179 2759 1205 2786 ρ.
1227 2752 1271 2783 ss,
1284 2751 1366 2780 Cedr.
1382 2759 1410 2787 p.
1424 2752 1485 2779 502.

1013 2787 1068 2820 (75)
1085 2787 1167 2815 Cont.
1193 2795 1220 2822 p.
1243 2787 1286 2822 38,
1307 2787 1390 2816 Cedr.
1415 2796 1442 2822 p.
1470 2787 1523 2815 505
1547 2793 1574 2816 et
1598 2788 1670 2821 505;
1695 2788 1763 2818 Ζοιι.

975 2829 1003 2856 p.
1019 2822 1079 2849 l58.

1011 2857 1066 2893 (76)
1080 2857 1163 2893 Com.
1179 2866 1205 2893 p.
1219 2857 1263 2885 28.

1009 2892 1065 2927 (77)
1078 2892 1145 2920 Zon.
1165 2892 1191 2928 p.
1209 2894 1267 2921 157.
