2023 3165
126 194 193 227 1333

787 188 923 218 HEGUM
937 189 1008 218 LIB.
1031 188 1071 218 ΙΙ.

1673 187 1741 219 1034

125 249 216 284 ἀνδρὸς
241 246 330 279 ἑάλω,
357 247 390 283 ἢν
420 246 536 273 ὑπέθετο
565 244 793 280 καταπρᾶξασθαι
817 243 906 279 τούτῳ

963 252 1023 272 reus
1039 244 1091 271 fuit
1115 244 1214 286 factus,
1241 244 1275 285 ad
1290 244 1363 278 quod
1389 245 1601 279 perpetrandum
1620 246 1745 275 hortatus

124 293 275 329 Νικηφόρος
298 293 312 319 6
333 293 483 328 τηνικαῦτα
512 292 542 318 τδ
567 291 721 326 βασιλεύειν
751 289 905 325 λαχὼν,τῷ

125 339 247 376 Βαρδάνῃ
263 338 416 373 βασκαίνων
433 338 477 364 διὰ
495 337 544 373 τὴν
573 336 728 372 προσοῦσαν
751 337 906 369 καλοκαγα-

125 385 183 412 θίαν
193 382 403 418 αὐτῷ·φεύγων
415 383 443 409 δὲ
457 382 507 417 τὴν
522 382 568 408 ἐπὶ
576 383 609 417 τῇ
626 381 735 416 μοιχείᾳ.
750 379 905 415 ὁίκην(9ί),

124 432 156 467 ἣν
173 428 398 465 καταπράξασθαι
418 428 468 463 μὲν
484 427 629 463 ἐπειράθη,
644 424 693 453 οὐκ
721 427 760 458 εἰς
777 426 857 461 ἔργον
878 426 907 452 δὲ

125 476 225 511 πῳέὸη
242 476 308 511 (9‘2),
337 476 376 506 είς
398 474 498 509 Συρίαν
511 474 626 508 ἀπέδρα.
651 473 707 499 Καὶ
720 472 827 507 πρῶτον
857 471 907 506 μὲν

124 521 172 557 τὴν
189 522 228 552 είς
252 520 369 556 Χριστὸν
393 520 542 554 ὲξήρνηται
573 518 677 549 πίστιν,
690 518 737 545 καὶ
754 517 848 552 χρόνον
861 525 908 543 συ-

125 568 185 604 χνδν
196 567 225 592 ἐν
243 566 334 597 αὐτοῖς
353 565 496 601 διατρίψας
507 565 574 600 (93),
591 563 657 590 ὡσεὶ
670 563 689 589 ε’
706 563 753 590 καὶ
768 561 791 589 κ’
805 563 907 597 παρελ-

125 612 255 646 κυσθῆναι
266 612 418 644 ἐνιαυτοὺς,
430 611 515 646 ψευδῆ
539 611 632 646 φήμην
648 609 737 645 ἑαυτῷ
754 609 908 644 περιποιεῖ-

125 666 168 684 ται
182 658 238 692 (9-5)
254 658 460 684 Κωνσταντίνον
478 654 546 683 εἶναι
564 656 645 683 αὑτὸν
660 655 855 690 εἰσηγούμενος
863 655 909 680 τὸν

125 704 238 734 Λέοντος
265 703 313 729 καὶ
347 703 474 738 Εἰρήνης.
507 699 591 733 Οὗτος
609 701 637 728 δὲ
652 701 708 737 (95)
729 701 782 736 ἄρα
795 700 839 727 διὰ
860 699 909 735 τὴν

127 749 277 785 μοχθηρίαν
293 749 348 775 τῶν
363 748 472 784 τρόπων
485 748 553 783 μετὰ
570 747 626 774 τῶν
640 747 788 783 ὀφθαλμῶν
803 747 850 774 καὶ
859 746 909 781 τῆς

125 795 264 830 βασιλείας
287 795 432 831 ἐστέρηται
456 795 504 822 καὶ
529 794 558 826 ἐξ
580 794 733 830 ἀνθρώπων
762 794 908 828 ἠφάνισται

125 841 191 874 μετὰ
210 839 300 874 βραχὺ
312 840 360 874 τῆς
373 840 546 872 ἐκπτώσεως,
568 840 615 866 καὶ
631 840 645 866 6
667 839 743 866 τοῦδε
764 838 860 873 νεκρὸς
882 838 910 864 ἐν

125 894 177 912 τινι
204 885 340 920 κατετέθη
370 885 443 920 σορῷ
467 886 527 912 τότε
548 885 602 911 τῶν
626 887 654 912 ὲν
676 886 708 920 τῇ
732 884 910 920 βασιλευούσῃ

957 293 1022 318 eum
1052 289 1142 317 fuerat
1169 290 1340 325 Nieephorus
1361 290 1409 318 illo
1433 295 1557 326 tempore
1586 292 1743 326 imperator,

957 336 1075 364 Dardani
1099 336 1224 364 invidens
1245 341 1357 372 propter
1383 337 1492 364 insitam
1518 337 1543 364 ei
1567 337 1744 372 probitatem.

959 376 1032 412 Reus
1055 387 1145 411 autem
1165 383 1253 411 factus
1272 383 1386 411 crimine
1404 382 1543 416 adulterii,
1558 384 1630 418 quod
1650 392 1747 419 perpc-

960 435 1030 457 trare
1059 431 1170 465 quidem
1194 434 1309 456 conatus
1329 429 1427 461 fuerat,
1445 429 1493 457 sed
1518 430 1545 456 in
1576 435 1666 465 actum
1690 439 1747 458 non

959 476 1115 508 devenerat,
1129 477 1157 504 in
1174 476 1279 511 Syriam
1301 476 1432 510 profugit.
1445 476 1484 503 Ac
1497 477 1615 511 primum
1634 478 1746 512 quidem

958 520 1040 548 ﬁdem
1055 521 1083 547 in
1100 520 1237 548 Christum
1248 520 1394 556 abnegavit
1407 529 1413 547 :
1428 520 1491 548 dein
1506 529 1568 548 cum
1584 522 1649 549 satis
1665 522 1747 558 longo

959 565 1081 601 tempore
1099 565 1172 593 inter
1185 566 1260 601 ipsos
1284 566 1445 598 habitasset,
1465 566 1565 601 elapsis
1580 567 1635 602 jam
1648 567 1746 602 viginti

959 613 1080 647 quinque
1095 613 1184 645 annis,
1195 612 1289 639 falsam
1302 612 1400 639 famam
1411 612 1462 639 sibi
1473 612 1600 647 acquirit,
1610 612 1746 640 Constan-

960 658 1047 686 tinum
1055 664 1084 684 se
1091 665 1150 684 esse
1159 656 1298 689 dictitans,
1309 657 1385 684 illum
1399 657 1500 684 Leonis
1509 661 1536 684 et
1545 657 1638 685 lrenes
1647 657 1745 685 ﬁlium.

959 702 993 730 At
1010 702 1034 730 is
1054 703 1166 738 propter
1182 710 1288 730 morum
1300 703 1503 738 improbitatem
1516 703 1641 730 etoculis
1651 709 1678 731 et
1696 704 1747 731 im-

960 749 1037 783 perio
1054 749 1168 776 orbatus
1190 747 1288 780 fuerat,
1314 757 1346 776 ac
1369 757 1424 776 non
1446 749 1532 776 multo
1545 755 1616 784 post,
1639 755 1668 777 ut
1695 750 1747 777 im-

960 793 1039 828 perio
1066 792 1215 826 exciderat,
1239 801 1254 820 e
1276 794 1367 820 medio
1397 794 1521 821 sublatus
1544 788 1607 827 l‘uit,
1633 795 1749 823 cadaver

961 842 1053 865 autent
1069 838 1124 874 36
1144 839 1204 874 ejus
1219 839 1310 866 loculo
1330 838 1488 873 impositum
1510 840 1536 866 in
1558 841 1676 875 quodam
1698 849 1748 869 au-

963 884 1061 920 gustali
1095 884 1277 919 imperatoria:
1303 884 1391 912 urbis.
1423 881 1476 913 lste
1505 893 1571 913 vero
1600 887 1749 915 sceleratus

125 931 271 965 σεμνείων.
300 931 370 957 Ἀλλ’
383 931 429 965 ὅγε
455 931 626 966 παλαμναῖος
650 928 729 962 οὗτος
745 931 814 966 ἀνὴρ
842 930 911 966 μετὰ

963 929 1044 956 homo
1067 937 1128 957 cum
1148 930 1220 964 apud
1234 930 1384 957 Saracenos
1404 930 1520 963 viveret,
1544 931 1750 965 pollicitationi-

123 973 293 1011 Σαρακηνῶν
309 975 407 1009 διαζῶν
420 973 491 1012 ἶ96),
510 975 672 1011 ὑποσχέσεσι
698 976 810 1007 τούτους
830 976 909 1003 ὲτὲαί-

125 1021 198 1055 ρει⁸⁶
213 1020 370 1056 λαμπραῖς,
399 1021 436 1052 ὠς
452 1021 570 1056 ὑποτελῆ
596 1022 720 1056 ποιήσειν
745 1022 836 1054 αὐτοῖς
860 1023 911 1057 τὴν

128 1065 276 1101 Ῥωμαίων
286 1067 384 1101 ἀρχὴν,
402 1067 425 1093 εί
441 1069 489 1093 καὶ
502 1068 631 1102 χρήματα
650 1067 729 1094 ἱκανὰ
757 1068 802 1094 καὶ¹
830 1076 910 1104 στρα-

121 1112 167 1138 τδν
197 1113 352 1148 ἀξιόχρεων
376 1113 445 1139 δοῖεν
469 1113 538 1148 πρὸς
552 1113 583 1139 τὸ
602 1113 682 1148 ἔργον
699 1113 782 1148 αὐτῷ.
800 1114 855 1140 Καὶ
879 1114 911 1149 δὴ

120 1155 175 1181 τῶν
186 1156 362 1190 αἰτουμένων
379 1156 467 1191 τυχὼν
485 1157 662 1192 ὲκστρατεύει
679 1158 750 1184 κατᾶ
770 1157 912 1192 Ῥωμαίων

121 1201 216 1233 εὐθὺς,
233 1202 391 1228 ποιεῖταιδὲ
403 1202 450 1228 καὶ
464 1202 509 1228 διὰ
518 1202 548 1228 τὸ
561 1202 674 1237 μέγεθος
690 1203 745 1238 (97)
759 1203 812 1230 τῶν
824 1204 913 1238 ἐγχει-

122 1248 270 1283 ρουμένων
279 1248 335 1274 υίὸν
348 1247 503 1282 ἀνθρώπιον
516 1257 542 1274 τι
556 1248 759 1284 μιξοϐάρϐαρον
774 1249 911 1284 εὑρηκὼς,

122 1295 191 1329 μετὰ
208 1294 265 1328 τῆς
290 1293 408 1329 ψυχικῆς
423 1293 480 1330 (98)
501 1294 670 1330 φαυλότητος
689 1295 737 1320 καὶ
762 1294 855 1326 ἀνοίας
872 1294 913 1321 ἔτι

119 1341 151 1377 δὴ
163 1341 213 1368 καὶ
226 1341 401 1376 δυσμορφίαν
411 1341 535 1375 σώματος
546 1341 694 1376 δυστυχοῠν
706 1341 751 1368 καὶ
764 1340 850 1368 τᾶλλα
858 1341 913 1369 τῶν

118 1387 218 1414 τούτου
229 1396 236 1403 ·
255 1387 269 1413 ὃ
280 1386 311 1422 δὴ
319 1387 341 1402 ⁵⁷
352 1387 399 1413 καὶ
410 1387 598 1413 Κωνστάντιον
606 1387 748 1422 ἐπιτρέπει
762 1386 912 1420 καλεῖσθαι,

119 1431 282 1468 ἁπόμοιράν
294 1440 324 1458 τε
337 1432 426 1466 τούτῳ
452 1432 619 1468 Σαρακηνῶν
637 1432 840 1468 στρατεύματος
852 1433 915 1464 δοὺς

119 1479 169 1505 σὺν
183 1478 267 1513 αὐτῷ
277 1478 316 1509 εἰς
329 1478 363 1504 τὰ
383 1478 526 1513 Ῥωμαίων
541 1479 678 1506 εἰσϐάλλει
704 1479 769 1515 ἤθη.
784 1479 859 1506 Λέων
885 1478 914 1506 δὲ

119 1523 180 1550 τότε
192 1523 298 1558 καιροῦ
319 1523 422 1550 τούτων
447 1521 481 1559 ἦν
497 1523 633 1558 βασιλεὺς,
651 1525 666 1551 6
683 1524 772 1560 Βάρδα
794 1525 843 1559 μὲν
866 1524 914 1551 τοῦ

119 1569 276 1604 πατρικίου
291 1568 361 1601 υἱὸς,
379 1568 407 1602 ἐξ
426 1569 577 1604 ’Δρμενίων
590 1570 619 1596 δὲ
640 1569 766 1605 κατάγων
779 1570 808 1596 τὸ
825 1571 913 1603 γένος·
926 1589 948 1618 c

118 1615 150 1642 οὐ
177 1614 342 1649 πολυωρίας
367 1615 396 1641 δὲ
420 1615 541 1647 ἀξιώσας
562 1616 592 1642 τὸ
623 1616 738 1650 ὲπιφυὲν
768 1616 913 1652 Ῥωμαίοις

119 1662 207 1689 κακὴν
236 1660 308 1697 (99),
343 1660 487 1695 σχεδιὰσας
516 1661 545 1688 δὲ
577 1661 678 1697 πλῆθος
712 1662 914 1698 στρατεύματος

120 1707 211 1743 βραχὺ
219 1706 245 1723 ⁸⁸
256 1707 303 1733 καὶ
311 1706 486 1741 καθηγεμόνα
500 1707 669 1743 στρατιώτην
682 1708 805 1744 μᾶλλονῆ
817 1717 915 1744 στρατ-

119 1753 189 1787 ηγὸν
220 1751 376 1786 ἐπιστήσας
406 1751 478 1777 κατὰ
504 1751 590 1787 Θωμᾶ
617 1753 787 1780 ἀποστέλλει,
803 1755 857 1781 Καὶ
882 1753 914 1791 δὴ

119 1797 176 1824 τῶν
206 1796 425 1831 στρατευμάτων
449 1797 611 1833 ἀμφοτέρων
628 1799 820 1834 συμπεσόντων
835 1800 917 1835 ἀλλή-

118 1843 178 1874 λοις
199 1841 278 1870 κατά
289 1850 316 1868 τι
329 1842 385 1868 τῶν
401 1842 430 1868 ἐν
441 1843 475 1877 τῇ
492 1843 530 1877 ἕῳ
544 1842 662 1878 χωρίων,
678 1844 771 1870 πταίει
787 1845 836 1879 μὲν
847 1846 861 1871 6
871 1845 917 1872 τοῦ

121 1888 264 1922 βασιλέως
302 1886 415 1922 στρατὸς
452 1888 500 1913 καὶ
526 1889 566 1918 εἰς
593 1889 682 1923 φυγὴν
705 1889 850 1924 τρέπεται·
875 1891 919 1917 ἐπ’

117 1934 220 1966 ἀδείας
237 1931 277 1967 (1)
302 1931 330 1958 δὲ
353 1933 368 1959 6
389 1932 547 1966 ἀποστάτης
565 1934 709 1968 γενόμενος
736 1935 823 1962 πάντα
851 1936 920 1971 πρὸς

117 1981 278 2015 ἀνίσχοντα
292 1978 368 2014 ἥλιον
380 1979 520 2014 ἐπιτρέχει
540 1980 669 2016 καὶπρὸς
689 1980 749 2016 βίαν
772 1982 806 2008 τὰ
823 1982 919 2009 ἑαυτοῦ

118 2027 251 2053 ποιεῖται
269 2025 388 2059 φρονεῖν.

156 2073 199 2100 οὐ
213 2070 287 2098 πολὺ
314 2071 342 2097 δὲ
375 2071 406 2097 τὸ
428 2072 457 2097 ὲν
475 2071 550 2106 μέσῳ
562 2072 612 2107 (Ξ),
634 2073 683 2100 καὶ
698 2073 808 2109 Μιχαὴλ
822 2074 922 2102 Λέοντα

118 2119 240 2155 φονεύει
253 2117 302 2144 καὶ
320 2117 370 2152 τὴν
386 2116 524 2152 βασιλείαν
551 2119 701 2154 ἐκδέχεται.
726 2120 755 2146 '0
767 2120 795 2147 δέ
808 2128 840 2155 γε
858 2129 922 2147 στα-

119 2168 250 2201 σιάρχης
267 2163 380 2199 Θωμᾶς,
405 2164 444 2196 ὼς
460 2164 497 2200 μὴ
519 2165 658 2201 ἀρκούσης
685 2166 759 2201 αὐτῷ
777 2167 827 2202 τῆς
852 2169 921 2194 κατὰ

117 2212 176 2247 γῆν
199 2208 384 2244 ἐπικρατείας
417 2209 511 2244 σχεδὸν
533 2210 652 2246 ἀπάσης,
677 2212 726 2248 ἤδη
741 2212 772 2238 τὸ
796 2213 921 2239 ναυτικὸν

962 974 1013 1002 bus
1036 974 1102 1004 istos
1119 975 1287 1007 sollicitavit,
1304 983 1332 1003 se
1350 976 1524 1003 tributarium
1545 976 1599 1004 illis
1612 976 1748 1004 facturum

962 1020 1148 1048 Romanorum
1175 1021 1332 1055 imperium,
1355 1021 1377 1048 si
1401 1026 1429 1049 et
1450 1022 1591 1056 pecunias,
1616 1027 1748 1057 quantum

963 1064 1040 1097 satis,
1057 1068 1084 1092 et
1099 1065 1251 1092 exercitum
1273 1065 1403 1093 idoneum
1426 1066 1459 1093 ad
1479 1074 1538 1093 eam
1559 1074 1616 1094 rem
1640 1068 1665 1094 ei
1682 1076 1751 1102 pra:—

962 1109 1055 1138 beant.
1078 1110 1111 1137 Et
1133 1119 1198 1138 ecce
1222 1111 1316 1146 petitis
1336 1111 1440 1146 potitus
1465 1119 1528 1139 mox
1548 1112 1750 1147 expeditionem

963 1154 1079 1189 suscipit
1101 1155 1128 1182 in
1151 1155 1307 1183 Romanos:
1322 1156 1435 1190 adoptat
1457 1155 1537 1183 etiam
1564 1163 1675 1192 propter
1692 1166 1750 1185 ma-

963 1199 1134 1234 gnitudinem
1151 1207 1244 1226 rerum
1267 1205 1468 1235 susceptarum,
1482 1201 1567 1228 filium
1587 1202 1752 1231 homuncio-

962 1252 1026 1272 nem
1052 1245 1199 1280 quemdam
1223 1246 1440 1273 semibarbarum
1456 1249 1563 1279 nactds,
1583 1255 1645 1275 cum
1667 1251 1751 1278 animi

963 1291 1139 1326 improbitate
1154 1296 1182 1319 et
1196 1292 1316 1319 amentia
1338 1292 1420 1319 etiam
1443 1292 1566 1327 corporis
1580 1297 1608 1320 et
1623 1293 1753 1322 deformi-

964 1341 1019 1365 tate
1028 1342 1056 1365 et
1064 1338 1170 1365 caeteris
1184 1338 1363 1371 laborantem,
1373 1344 1455 1373 atque
1470 1337 1660 1367 Constantium
1674 1341 1753 1376 jubet

964 1383 1110 1418 appellari,
1137 1390 1256 1417 cumque
1281 1387 1387 1418 partem
1411 1383 1435 1410 ei
1453 1382 1653 1411 Saracenorum
1674 1393 1754 1412 exer-

964 1428 1035 1456 citus
1047 1428 1215 1461 tradidisset,
1233 1436 1295 1456 cum
1311 1429 1357 1456 illo
1374 1429 1401 1455 in
1417 1429 1602 1456 Romanorum
1619 1430 1752 1458 ditionem

965 1475 1096 1510 impetum
1120 1475 1194 1502 facit.
1215 1474 1270 1502 Leo
1292 1476 1338 1502 illo
1358 1479 1481 1510 tempore
1509 1480 1570 1503 erat
1594 1476 1753 1511 imperator,

965 1521 1060 1549 Barda:
1082 1521 1194 1556 quidem
1216 1521 1322 1556 patricii
1345 1520 1428 1554 ﬁlius,
1444 1522 1491 1549 sed
1507 1529 1593 1556 genus
1607 1522 1711 1551 ducens
1722 1532 1754 1551 ex

966 1569 1113 1596 Armeniis.
1132 1569 1199 1597 Cum
1214 1573 1304 1597 autem
1319 1569 1364 1596 hic
1378 1575 1433 1597 non
1446 1577 1542 1604 magna
1563 1577 1626 1597 cura
1642 1571 1753 1606 dignum

963 1606 1133 1643 existimaret
1158 1615 1305 1642 imminens
1329 1615 1460 1642 Romanis
1484 1615 1595 1648 malum,
1615 1620 1756 1652 extempo-

962 1662 1012 1689 rali
1037 1670 1120 1697 opera
1148 1662 1259 1697 collegit
1277 1664 1423 1689 numerum
1450 1662 1591 1697 copiarum
1614 1663 1753 1698 exiguum.

963 1707 1148 1742 impositoque
1162 1707 1202 1735 eis
1222 1708 1303 1741 duce,
1320 1711 1368 1734 aut
1392 1707 1517 1743 gregario
1540 1708 1633 1743 potius
1655 1709 1753 1736 milite!

964 1762 1045 1789 quam
1058 1754 1138 1787 duce,
1156 1757 1251 1781 contra
1265 1754 1397 1781 Thomam
1413 1754 1497 1781 misit.
1518 1753 1551 1781 At
1566 1756 1756 1783 concurrenti-

966 1800 1019 1828 bus
1035 1801 1165 1834 utrinque
1184 1799 1351 1827 exercitibus
1372 1799 1443 1834 apud
1460 1799 1590 1834 oppidum
1619 1801 1757 1834 quoddam

967 1847 994 1874 in
1011 1845 1133 1877 Oriente,
1151 1845 1273 1872 vincitur
1285 1845 1460 1879 imperatoris
1474 1845 1610 1871 exercitus
1626 1849 1707 1880 atque
1729 1846 1757 1873 in

968 1891 1058 1925 fugam
1080 1889 1206 1917 vertitur.
1222 1889 1346 1924 Cumque
1363 1889 1421 1916 sine
1437 1893 1512 1916 metu
1530 1894 1603 1916 esset
1620 1889 1757 1923 desertor,

968 1945 1018 1972 per
1034 1940 1119 1963 totum
1132 1934 1272 1962 Orientem
1287 1934 1464 1969 grassabatur
1478 1941 1628 1968 omnesque
1640 1935 1666 1962 vi
1678 1943 1758 1971 coge—

969 1983 1016 2010 bat
1032 1988 1217 2023 suarumcsse
1230 1981 1358 2015 partium.

1006 2074 1062 2102 Nec
1090 2073 1177 2100 multo
1200 2073 1347 2108 interiecto
1372 2076 1495 2108 tempore
1522 2072 1636 2100 Michael
1667 2072 1760 2099 Leone

970 2120 1117 2148 interfecto
1133 2119 1278 2154 imperium
1296 2118 1422 2154 suscipit.
1440 2118 1572 2154 Princeps
1585 2123 1675 2146 autem
1687 2119 1759 2146 sedi-

971 2167 1054 2195 tionis
1072 2167 1201 2197 Thomas,
1220 2169 1250 2193 ut
1266 2165 1310 2193 cui
1327 2174 1381 2192 non
1393 2170 1465 2192 esset
1486 2166 1552 2193 satis
1566 2165 1619 2201 37
1635 2165 1760 2193 oblinere

971 2217 1073 2240 terram
1092 2211 1149 2239 fere
1173 2219 1294 2242 omnem.
1307 2211 1389 2238 etiam
1406 2218 1463 2238 rem
1487 2211 1625 2238 nauticam
1650 2211 1760 2238 univcr-

117 2258 201 2286 ἂπαν
215 2256 250 2282 τὸ
262 2255 314 2281 ὑπὸ
334 2253 486 2289 Ῥωμαίους
508 2254 537 2281 6v
549 2255 598 2291 (5),
615 2256 685 2291 πλὴν
704 2257 749 2283 τοῦ
779 2258 913 2292 βασιλικοὶ

972 2266 1029 2286 sam
1049 2259 1246 2291 Romanorum,
1261 2261 1375 2292 excepta
1395 2257 1482 2284 classe
1497 2256 1542 2284 illa
1557 2264 1618 2292 quae
1640 2257 1760 2291 impera-

117 2303 290 2339 κληθέντος,
303 2300 486 2333 ὑποποιεῖται,
498 2301 545 2328 καὶ
563 2301 629 2333 ναῦς
650 2304 778 2335 πλείστας
792 2303 830 2339 (4)
852 2313 917 2330 ναυ-

116 2348 263 2384 πηγήσας
290 2344 387 2379 ἑτέρας
402 2344 475 2371 σίτου
490 2353 520 2371 τε
547 2347 750 2381 παραπομποὺς
767 2349 812 2374 καὶ
828 2348 919 2376 ἵππων

116 2395 170 2426 τάς
187 2401 223 2420 τε
240 2391 484 2426 πολεμιστηρίους,
502 2391 603 2423 ταύτας
622 2393 692 2419 κατὰ
703 2393 805 2420 Δέσὸον
817 2394 922 2420 κελεύει

971 2304 1041 2332 toria
1058 2303 1212 2336 dicebatur,
1234 2303 1262 2330 in
1283 2310 1359 2330 suam
1384 2307 1547 2337 potestatem
1574 2302 1689 2338 redegit,
1711 2311 1761 2330 na-

972 2358 1075 2385 vesque
1096 2350 1230 2385 plurimas
1258 2348 1407 2376 fabricatus
1428 2349 1495 2376 alias
1521 2349 1613 2376 tritico
1631 2353 1660 2376 et
1682 2349 1761 2384 equis

973 2394 1128 2429 portandis,
1144 2394 1257 2422 bellicas
1279 2394 1356 2426 item,
1371 2393 1443 2428 apud
1464 2393 1583 2421 Lesbum
1601 2398 1761 2428 exspectare

772 2440 890 2469 νΑιιιιΕ
905 2441 1109 2469 LECTIONES.

161 2488 188 2504 “
206 2486 321 2519 τούτοις
338 2486 442 2522 ἐξαίρει
456 2485 487 2514 L.
525 2486 546 2502 ⁸⁷
561 2485 606 2522 δὴ]
619 2486 648 2514 δὲ
662 2486 693 2515 L.
726 2488 748 2504 ⁸⁸
769 2488 798 2515 οὺ
818 2489 903 2523 βραχὺ
921 2489 952 2516 L.

716 2534 837 2563 STEPH.
855 2535 1027 2565 BERGLERI
1048 2537 1165 2565 NO'I'AL

170 2583 223 2617 9i)
242 2581 325 2609 Cedr.
341 2590 369 2617 p.
381 2581 444 2614 £99,
457 2581 536 2617 Cont.
547 2589 582 2617 Vp.
600 2582 644 2609 35.

170 2619 223 2653 92)
241 2616 398 2656 SymLLog.
412 2625 440 2652 p.
462 2616 637 2656 612,9eorg.
655 2617 774 2656 Mon._p._
790 2618 851 2646 5H.
868 2618 925 2656 “sed

115 2652 274 2694 Cain.qu
292 2653 337 2685 '55,
352 2652 420 2694 πρὸς
438 2653 500 2683 τοὺς
517 2652 546 2685 ἐξ
561 2652 662 2688 Ἅγαρ,
679 2657 707 2680 et
720 2653 799 2682 Cedr.
817 2661 845 2688 p.
861 2653 924 2686 499,

117 2690 196 2725 πρὸς
214 2689 406 2725 νἰξγαρηνούξτ

158 2720 224 2793 (95)
239 2720 365 2758 (Σθηί.’ρ.
384 2722 429 2753 55,
442 2720 523 2749 Cedr.
536 2729 564 2757 p.
580 2723 641 2751 499.

158 2760 212 2793 (9-5
245 2757 327 2793 Contr.
343 2765 372 2792 p.
398 2756 449 2793 55,7
462 2756 544 2793 (ξεάι-ἐ
561 2765 587 2792 p.
603 2759 641 2786 49!

158 2756 372 2806 (94)“22nt'ip:
394 2756 544 2806 ἔδυ
557 2758 753 2806 ρ.“1,9ξ);ΑΖοη.
773 2758 873 2806 phiae
895 2766 922 2785 in

117 2791 191 2823 ﬁne.
215 2791 296 2828 Sym.
312 2791 421 2854 L638).
437 2791 623 2831 412;.Ge’org.
640 2793 712 2821 Mon.
729 2802 756 2837 ρ.
772 2791 832 2821 5H.

158 2829 223 2866 (95)
258 2828 359 2866 Nempe
405 2831 575 2854 onstantmus
603 2836 694 2856 verus.
720 2830 800 2858 Lont.
825 2837 852 2864 p.
876 2829 920 2862 '53,

116 2863 211 2894 Cedr.
231 2871 263 2898 p.
282 2863 343 2890 499.

157 2901 223 2935 (96)
242 2897 325 2925 Cont.
340 2905 366 2932 p.
384 2897 428 2929 55,
444 2895 523 2924 Cedr.
540 2904 566 2930 p.
582 2897 642 2926 499.

284 2944 421 2974 Ρλτιιοι.
447 2941 506 2972 Gn.
531 2942 612 2974 CIX.

1012 2585 1069 2620 (97)
1083 2585 1164 2612 Cont.
1183 2593 1209 2620 p.
1225 2585 1269 2616 55.
1289 2584 1356 2612 Zon.
1369 2591 1397 2618 p.
1413 2583 1476 2610 157.

1010 2621 1065 2656 (98)
1086 2620 1165 2656 Qont.
1182 2628 1208 2655 p.
1223 2620 1267 2656 ὃὸ,

1012 2652 1171 2690 (99)(Ξοηι.
1182 2652 1216 2690 ἰλ
1233 2655 1277 2687 55,
1289 2654 1374 2682 Cedr.
1390 2662 1417 2689 p.
1437 2652 1498 2681 50!.

1012 2687 1051 2726 (l)
1067 2689 1150 2726 Cedr.
1171 2687 1340 2726 ρῖγὸοιλυὶιὶ
1362 2687 1453 2726 ἀδείας
1471 2687 1569 2726 iulia).
1628 2722 1671 2726 η-
1702 2722 1714 2726 υ

1011 2721 1049 2760 (~23
1063 2725 1143 2753 Cont.
1160 2721 1188 2760 p'.
1205 2725 1250 2755 55,
1263 2725 1333 2752 Zon.
1348 2732 1375 2760 p.
1394 2724 1456 2755 456,
1472 2721 1553 2760 Cedr.
1578 2722 1684 2760 p.499.
1700 2721 1763 2750 500.

1013 2757 1052 2795 (ὅ)
1068 2760 1121 2787 Alii
1139 2757 1245 2787 addunt
1266 2757 1717 2795 etiam.imperatoriam’classem:
1734 2761 1764 2784 ut

976 2792 1058 2833 cedri.
1072 2795 1177 2833 p._5_0|,
1194 2800 1222 2822 et
1233 2795 1300 2833 Zgn:
1313 2803 1340 2830 p.
1359 2792 1465 2833 137‘,_ct
1475 2792 1554 2820 Cont.
1566 2801 1593 2828 p.
1609 2793 1643 2833 ὅρ
1657 2793 1684 2819 in
1699 2792 1762 2824 fine,

977 2831 1023 2858 ubi
1037 2830 1111 2865 apud
1125 2831 1207 2858 istum
1224 2830 1270 2856 τοῦ
1287 2830 1446 2865 θεματικοῦ.

1013 2864 1146 2893 ίιΥΕοηῑ,
1163 2874 1190 2901 p.
1206 2865 1240 2892 55
1256 2866 1282 2892 in
1299 2864 1362 2892 line.

1535 2942 1574 2970 33
