2023 3165
156 209 222 242 1041

827 193 965 245 REGuM
984 216 1058 246 LIB.
1073 216 1114 246 II.

1724 220 1795 253 1042

147 268 200 304 ἠδη
225 267 274 304 τὴν
303 268 417 305 πρώτην
447 268 628 305 δεκατηρίόα
664 269 852 305 συνεπλήρουν
879 279 943 307 σχε-

1000 272 1115 308 primum
1124 273 1291 302 decennium
1304 274 1448 310 implebat.
1457 275 1510 303 Sed
1521 275 1682 310 imperator.
1692 284 1789 312 quam-

147 314 192 341 δᾶν
221 314 289 348 (50).
319 315 468 350 Ἀποδοχῆς
495 315 524 342 δὲ
553 315 677 352 μεγάλης
703 317 717 343 ὁ
745 316 873 351 βασιλεὺς
895 317 946 352 τὴν

147 361 263 397 γνώμην
290 361 381 388 αὐτῶν
416 361 496 394 ἀξίαν
520 362 543 379 ⁸⁷
577 363 673 398 κρίνας
703 363 880 398 ἀπολογεῖται
907 364 945 400 μὴ

147 409 249 443 χρῆναι
281 409 345 441 τοὺς
372 409 418 436 ἐπὶ
446 409 574 436 τοσοῦτον
601 410 697 445 χρόνον
730 410 946 446 ὡμολογηκότας

147 455 351 489 Χριστιανικῶν
371 456 496 490 αἱμάτων
519 455 668 491 ἀφέξεσθαι
688 456 734 482 ἐπὶ
749 456 788 492 τῷ
801 457 856 483 τῶν
881 465 946 483 στα-

148 502 256 529 σιωτῶν
268 501 380 537 πολέμῳ
392 502 427 529 τὰ
441 501 533 534 καλῶς
548 502 665 535 δόξαντα
681 503 829 530 καταλύειν
841 512 849 519 ·
867 504 944 538 φιλο-

147 547 357 583 φρονησάμενος
371 548 399 575 δὲ
416 549 515 581 αὐτοὺς
537 549 587 583 τῆς
601 549 759 584 προθυμίας
776 549 859 582 ἀξίως
875 550 944 585 πρὸς

103 599 106 602 ’
146 593 197 629 τὴν
213 594 318 621 ἑαυτῶν
332 594 504 622 ἀποστέλλει.
536 596 606 622 Ἀλλ’
625 592 699 622 οὗτοι
717 597 766 632 μὲν
785 598 846 624 κατ’
866 597 945 624 οὐδὲν

146 640 203 668 τῶν
217 639 265 667 τοῦ
281 640 415 676 βασιλέως
438 641 633 680 φροντίσαντες
655 642 745 676 λόγων
763 643 835 671 κατά
852 653 882 670 τε
896 643 943 671 τοῦ

146 689 280 725 τυράννου
296 689 476 725 στρατεύουσι
493 689 541 717 καὶ
562 690 603 721 εἰς
626 690 661 716 τὰ
684 689 830 725 Ῥωμαίων
847 690 943 717 εἰσϐι-

146 735 240 767 λόντες
269 735 322 771 ἤθη
349 736 420 762 κατὰ
445 736 491 762 τὸν
519 735 680 772 Κηδούκτιυ
700 736 758 771 (51)
774 736 944 771 καλούμενον

147 780 411 816 στρατοπεδεύονται
440 780 539 816 χῶρον.
564 781 667 808 Μαθὼν
691 780 719 807 δὲ
748 781 762 808 ὁ
785 781 944 817 ἀποστάτης

145 827 199 861 τὴν
219 826 279 853 κατ’
303 826 386 854 αὑτοῦ
408 827 463 854 τῶν
484 827 650 862 Βουλγάρων
671 827 777 862 ἔφοδον,
792 827 840 855 τοῦ
857 826 944 855 κατα-

146 871 305 907 λειφθέντος
328 873 404 908 αὑτῷ
428 873 556 901 ναυτικοῦ
585 873 664 908 λόγον
692 874 789 901 οὐδένα
812 875 941 909 ποιεῖται,

146 919 210 946 ὅθεν
226 919 281 954 (52)
297 918 329 955 δὴ
344 919 422 946 τοῦτο
439 921 493 947 πᾶν
510 919 549 955 τῷ
566 920 673 955 βασιλεῖ
689 921 862 956 προσχωρεΡ
884 921 943 956 (55)

998 319 1040 346 vis
1066 327 1233 355 magnopere
1259 320 1432 356 probandam
1456 320 1596 356 iudicaret
1621 322 1792 351 voluntatem

998 366 1133 400 ipsorum,
1144 374 1174 394 se
1184 367 1337 399 excusavit,
1351 367 1424 395 haud
1433 374 1564 403 oportere
1579 376 1627 396 eos
1640 369 1712 396 inter
1723 377 1794 404 quos

997 415 1165 439 conventum
1179 412 1216 440 sit
1231 417 1306 440 tanto
1320 417 1443 448 tempore
1459 413 1513 450 42
1529 414 1669 442 abstinere
1682 423 1699 442 a
1711 415 1794 443 Chri-

997 457 1088 485 stiano
1102 458 1248 493 sanguine,
1265 464 1379 494 propter
1392 460 1539 488 rebellium
1562 460 1665 488 bellum
1685 469 1717 488 ea
1734 469 1796 497 qua:

996 506 1072 530 recte
1091 502 1256 538 probassent
1277 508 1305 532 et
1323 505 1513 533 decrevissent
1533 506 1705 534 rescindere.
1719 506 1795 535 Con-

996 548 1079 584 digne
1102 557 1169 585 ergo
1185 558 1235 585 pro
1252 551 1374 586 ipsorum
1398 553 1620 588 promptitudine
1639 557 1723 589 atque
1740 554 1795 582 liu-

996 603 1076 623 mane
1089 601 1221 631 exceptos
1235 597 1401 632 habitosque
1416 598 1444 625 in
1463 598 1581 633 patr-iam
1597 598 1722 626 dimittit.
1739 598 1795 627 Sed

996 641 1053 674 isti,
1073 641 1143 669 nihil
1161 646 1291 670 curantes
1306 643 1484 678 imperatoris
1499 643 1584 676 dicta,
1603 643 1739 672 adversus
1755 648 1797 680 ty-

996 695 1114 715 rannum
1129 688 1229 716 infesto
1244 689 1368 717 exercitu
1384 689 1610 725 proﬁciscuntur,
1626 694 1709 725 atque
1721 690 1795 726 apud

995 733 1109 761 Cedocti
1140 734 1232 763 locum
1259 735 1296 762 ita
1322 735 1428 764 dictum
1450 740 1539 764 castra
1564 741 1682 771 ponunt.
1708 737 1796 765 Porro

996 778 1135 812 desertor,
1151 780 1263 815 cognito
1276 780 1456 816 Bulgarorum
1471 781 1575 810 bostili-
1588 782 1721 815 adventu,
1749 790 1796 810 re-

994 825 1067 853 lictae
1081 825 1193 860 quidem
1208 834 1223 853 a
1241 834 1270 854 se
1293 827 1392 854 classis
1407 825 1543 854 rationem
1561 827 1645 854 habet
1666 826 1771 854 nullam
1786 835 1795 860 ;

995 872 1069 900 unde
1085 872 1169 901 etiam
1184 880 1216 901 ea
1239 877 1294 900 tota
1312 873 1472 908 imperatori
1493 881 1523 901 se
1547 873 1694 910 adiunxit:
1721 878 1797 902 totus

996 923 1089 947 autem
1118 919 1244 947 terrestri
1273 919 1409 948 exercitui
1433 920 1558 948 intentus
1579 920 1615 947 ab
1640 920 1796 949 obsidenda

147 964 209 996 ὅλος
223 965 251 992 δὲ
265 964 313 992 τοῦ
330 964 413 998 πεζοῦ
429 966 548 1002 στρατοῦ
564 965 685 1001 γεγονὼς
701 966 815 1003 ἀπαίρει
837 967 887 1003 μὲν
898 965 945 994 τοῦ

1000 963 1067 992 urbe
1083 964 1201 992 discedit
1217 969 1245 993 et
1256 965 1329 1000 apud
1342 965 1504 1000 praedictum
1521 965 1612 993 locum
1630 972 1797 1000 congressus

147 1010 344 1046 προσεδρεύειν
357 1013 391 1048 τῇ
407 1011 495 1050 πόλει,
512 1011 581 1039 κατὰ
595 1012 623 1039 δὲ
638 1012 668 1039 τδ
681 1012 828 1048 εἰρημένον
844 1011 945 1048 χωρίον

147 1058 314 1093 προσϐαλὼν
338 1058 588 1095 τοῖζΒουλγάροις
625 1059 696 1086 κατὰ
726 1058 827 1094 κράτος
860 1059 944 1094 ἡττᾶ-

146 1111 194 1131 ται
216 1104 283 1139 (54).
313 1105 368 1131 Καὶ
383 1104 504 1131 πλεῖστοι
530 1105 580 1139 μὲν
605 1105 660 1131 τῶν
684 1104 768 1132 αὑτοῦ
791 1104 944 1132 κτείνονται

148 1150 198 1176 καὶ
222 1149 425 1185 πυρπολοῦνται
453 1150 510 1186 (55)
538 1150 606 1186 πρὸς
629 1150 747 1179 τούτων·
768 1151 792 1178 οἱ
810 1150 839 1177 δὲ
864 1159 944 1186 περι-

146 1195 308 1232 λειφθέντες
334 1197 390 1233 (56)
420 1198 458 1229 ὡς
498 1195 572 1233 εἶχον
604 1197 717 1230 σθένους
747 1196 946 1225 σκεδάννυνταί

997 1019 1060 1040 cum
1083 1012 1208 1048 Bulgaris
1233 1012 1338 1048 ingenti
1361 1012 1440 1040 clade
1466 1012 1597 1044 adicitur,
1625 1011 1796 1047 plurimique

997 1066 1112 1086 suorum
1132 1059 1299 1086 occiduntur
1320 1063 1348 1086 et
1375 1063 1547 1092 cremantur,
1575 1058 1674 1094 reliqui
1703 1063 1795 1086 autem

997 1110 1133 1140 quantum
1156 1110 1274 1140 possunt
1304 1105 1441 1141 fugientes
1466 1105 1675 1140 disperguntur.
1704 1103 1798 1132 Multis

997 1156 1090 1179 autem
1105 1152 1201 1187 spoliis
1216 1151 1339 1180 hostium
1356 1151 1494 1188 congestis
1510 1151 1619 1187 Bulgari
1634 1151 1661 1179 in
1678 1150 1796 1187 patriam

998 1201 1190 1226 revertuntur.

148 1253 213 1273 που.
246 1245 329 1273 Λείαν
364 1246 393 1273 δὲ
425 1246 526 1282 πολλὴν
556 1246 611 1274 τῶν
641 1246 779 1282 πολεμίων
808 1246 832 1273 οι
859 1246 1011 1281 Βούλγαροι
1026 1247 1256 1282 συμφορήσαντες
1288 1247 1356 1282 πρὸς
1392 1247 1442 1275 τὴν
1473 1247 1578 1274 ἑαυτῶν
1608 1247 1797 1283 ὑποστρέφου-

148 1301 205 1320 σιν.

185 1339 245 1367 οὐκ
265 1339 399 1374 ἀπολήγει
420 1339 451 1366 δὲ
471 1339 519 1367 καὶ
542 1339 629 1371 οὕτως
654 1339 761 1374 πράξας
784 1339 878 1370 κακῶς
893 1340 943 1374 τῆς

148 1384 283 1415 ἀπονοίας
301 1385 315 1412 ὸ
328 1384 471 1421 τύραννος,
493 1384 561 1412 ἀλλὰ
584 1385 648 1416 τοὺς
668 1384 868 1416 σκεδασθέντας
883 1385 945 1411 συλ-

149 1431 232 1464 λέξας
257 1429 329 1467 [καὶ]
355 1431 424 1466 πρὸς
449 1431 500 1467 τὴν
527 1431 698 1466 καλουμένην
720 1431 853 1459 Διάὸασιν
876 1431 945 1467 (57),

150 1478 200 1505 ita
217 1477 249 1513 δὴ
265 1477 333 1512 πρὸς
352 1477 384 1504 τὸ
407 1478 640 1514 στρατοπεδεῦσαι
667 1477 757 1505 πάντα
779 1477 863 1505 οὖσαν
886 1479 947 1504 ὲπι-

150 1524 263 1558 τηδείαν
275 1523 344 1559 (581,
362 1523 407 1551 διά
426 1533 456 1552 τε
469 1523 518 1560 τὴν
531 1524 586 1551 τῶν
604 1524 695 1551 ἵππων
710 1524 796 1560 νομὴν
809 1525 856 1551 καὶ
877 1524 947 1559 πρὸς

150 1570 203 1604 τὴν
241 1570 325 1605 ἄλλην
355 1571 450 1607 χρείαν
483 1571 538 1598 τῶν
566 1570 720 1606 ἀνθρώπων
754 1570 948 1607 ἀφθονωτέραν

150 1616 353 1650 τυγχάνουσαν.
373 1617 463 1644 ἐκεῖσε
482 1617 628 1652 σκηνοῦται
645 1617 684 1651 τῷ
698 1617 813 1652 τέλματι
830 1616 876 1643 τού
894 1625 948 1652 χω-

152 1663 216 1698 ρίου
243 1663 403 1701 θαρρήσας,
433 1663 540 1690 ἐκεῖθέν
573 1672 604 1690 τε
635 1663 730 1699 ὥσπερ
767 1663 797 1696 ἐξ
825 1663 948 1700 ἀκροπό-

153 1709 223 1742 λεως
239 1710 307 1745 (59),
326 1709 411 1742 ὅντως
426 1709 559 1746 τύραννος
578 1709 628 1742 ὢν,
645 1709 746 1745 συχνὰς
763 1711 880 1737 ποιεῖται
898 1718 950 1736 κα-
964 1719 986 1750 C

153 1755 297 1791 ταδρομὰς
316 1756 363 1783 καὶ
385 1756 435 1788 τὰς
457 1755 663 1792 πλησιαζούσας
681 1756 820 1792 πυρπολεῖ
840 1755 949 1791 κώμας.

156 1801 247 1837 Ὅπερ
257 1801 290 1836 δὴ
309 1801 404 1836 μαθὼν
417 1802 431 1828 ὁ
445 1801 574 1836 βασιλεὺς
593 1802 715 1838 Μιχαὴλ,
734 1802 772 1834 ὡς
794 1800 851 1837 εἶχε
866 1801 950 1830 δυνά-

157 1856 232 1882 μεως
243 1846 310 1883 (60),
325 1847 510 1884 εὐαρίθμητον
530 1848 668 1883 σχεδιάζει
685 1848 801 1883 στρατὸν
817 1848 864 1875 καὶ
879 1848 951 1875 κατὰ

156 1892 204 1920 τοῦ
233 1894 366 1929 τυράννου
393 1894 462 1929 πρὸς
483 1893 530 1920 τὸν
557 1893 703 1928 εἰρημένον
727 1893 837 1929 ἔρχεται
860 1893 950 1928 χῶρον

156 1940 208 1967 σὺν
240 1940 336 1975 κόσμῳ
360 1939 560 1975 στρατηγεσὶας
583 1939 676 1971 παντὶ,
703 1939 793 1973 λόγοις
814 1939 861 1966 καὶ
890 1939 951 1971 ταῖς

155 1986 252 2018 ἂλλαις
271 1985 436 2020 ὑποσχέσεσι
457 1986 522 2017 τοὺς
543 1985 673 2016 συνόντας
695 1986 859 2021 ὲπιρωννύς.
879 1985 908 2012 '0
924 1984 953 2011 δὲ

156 2033 292 2067 τύραννος
308 2031 407 2068 πλήθει
425 2031 515 2067 πολλῷ
537 2032 568 2068 δὴ
584 2032 656 2067 μάλα
672 2031 836 2064 ὑπαντιάζει
851 2031 890 2067 τῷ
906 2031 954 2067 βα-

158 2078 232 2105 mla!
254 2077 322 2114 (6|),
347 2079 548 2114 σχηματίζεταί
575 2079 630 2115 (62)
656 2088 686 2106 τε
709 2079 810 2114 φυγὴν,
825 2078 896 2105 ὥστε
906 2077 954 2106 τὸν

159 2124 208 2151 τοῦ
242 2123 374 2159 βασιλέως
401 2124 519 2159 στρατοῦ
548 2124 707 2158 διαλυθῆναι
745 2122 952 2158 συνασπισμόν⁴

159 2170 341 2206 διαμαρτάνει
357 2170 385 2197 δὲ
396 2170 443 2197 τοῦ
459 2170 573 2203 σκοποῦ,
593 2171 662 2206 μήτε
679 2171 730 2205 τὴν
745 2169 822 2202 τάξιν
843 2168 891 2196 τοῦ
906 2168 955 2204 βα-

162 2216 267 2244 σιλικοῦ
282 2217 412 2249 διαλύσας
428 2217 557 2253 στρατοῦ,
573 2218 642 2253 μήτε
659 2218 715 2249 τοῖς
735 2216 833 2244 ἑαυτοῦ
850 2223 955 2250 συναφ-

1031 1337 1093 1366 Νοιι
1111 1336 1214 1366 desinit
1233 1342 1338 1370 tamen,
1356 1336 1483 1372 quamvis
1502 1343 1531 1364 rc
1555 1335 1591 1363 ita
1613 1335 1686 1372 male
1710 1337 1796 1370 gesta.

1000 1388 1138 1421 tyrannus
1162 1383 1296 1412 insanire.
1316 1383 1371 1411 Sed
1389 1387 1535 1418 postquam
1556 1383 1697 1418 dispersos
1711 1381 1798 1410 colle-

999 1433 1095 1469 gisset,
1110 1431 1188 1459 ducit
1206 1430 1240 1458 ad
1255 1429 1385 1458 Diabasin
1400 1430 1492 1457 locum
1509 1429 1547 1457 ita
1564 1428 1681 1461 dictum,
1700 1427 1798 1457 castris

1000 1479 1115 1508 omnino
1133 1477 1276 1509 idoneum,
1300 1476 1410 1512 pabulis
1423 1483 1560 1511 equorum
1581 1475 1720 1509 rebusque
1736 1473 1800 1502 aliis

1001 1525 1035 1552 ad
1049 1531 1114 1552 usus
1130 1522 1276 1551 hominum
1288 1521 1520 1549 abundantiorem
1535 1529 1542 1547 :
1555 1518 1800 1548 illictabernacula

1001 1570 1091 1605 ponit,
1109 1568 1210 1604 palude
1231 1567 1308 1595 illius
1325 1566 1379 1595 loci
1394 1569 1485 1594 tutum
1499 1573 1528 1593 se
1542 1565 1600 1592 fore
1617 1568 1703 1597 ratus,
1715 1568 1800 1598 atque

1002 1615 1067 1642 inde
1083 1619 1214 1649 tanquam
1227 1620 1263 1641 ex
1277 1619 1340 1640 arce
1352 1619 1436 1639 verus
1451 1615 1585 1646 tyrannus
1608 1609 1721 1637 crebras
1734 1607 1800 1635 facit

1002 1661 1178 1692 incursiones
1203 1659 1401 1695 proximosque
1427 1657 1505 1685 vicos
1534 1656 1672 1684 incendiis
1697 1658 1799 1682 vastat.

1002 1708 1063 1742 Quo
1091 1707 1233 1735 intellecto
1264 1705 1416 1740 imperator
1443 1702 1497 1740 5.3
1527 1702 1654 1735 Michael,
1690 1701 1801 1730 modico

1002 1758 1099 1783 coacto
1118 1753 1244 1781 exercitu
1265 1751 1399 1780 adversus
1422 1754 1570 1786 tyrannum
1589 1750 1616 1776 in
1639 1749 1800 1784 praedictum

1002 1799 1094 1827 locum
1110 1797 1297 1834 proﬁciscitur
1311 1796 1383 1824 bene
1408 1795 1545 1822 instructa
1565 1794 1635 1826 acie,
1661 1794 1753 1822 verbis
1773 1797 1802 1820 et

1001 1844 1251 1881 pollicitationibus
1271 1850 1337 1870 suos
1355 1842 1533 1870 conﬁrmans.
1550 1840 1696 1876 Tyrannus
1717 1846 1801 1874 porro

1002 1899 1066 1919 cum
1091 1890 1197 1926 ingenti
1223 1889 1404 1916 multitudine
1427 1888 1574 1916 adversum
1596 1886 1800 1922 proﬁciscitur,

1002 1936 1115 1965 simulat
1127 1941 1219 1964 autem
1236 1935 1339 1971 fugam,
1353 1939 1384 1962 ut
1397 1933 1574 1969 imperatoris
1584 1933 1657 1961 acies
1671 1932 1803 1960 dissolva-

1001 1988 1048 2011 tur
1061 1991 1067 2009 :
1083 1982 1131 2010 sed
1140 1981 1175 2009 ab
1188 1981 1242 2009 hoc
1251 1988 1336 2016 scopo
1346 1980 1498 2013 aberravit,
1511 1987 1574 2007 cum
1585 1987 1636 2007 nec
1652 1979 1802 2013 imperato-

987 2029 1042 2056 ‘ris
1054 2027 1195 2055 exercitus
1215 2026 1344 2054 ordinem
1362 2025 1500 2058 turbaret,
1523 2033 1574 2052 nec
1594 2025 1653 2060 ipse
1667 2032 1730 2052 cum
1745 2023 1803 2052 suis

1003 2074 1171 2110 conjungere
1181 2080 1211 2100 se
1227 2075 1331 2108 posset.
1346 2071 1453 2107 Itaque,
1469 2071 1592 2099 adversa:
1613 2071 1699 2106 partis
1715 2070 1804 2104 impe-

1002 2125 1062 2148 tum
1087 2118 1225 2146 sustinere
1249 2125 1306 2145 non
1325 2117 1431 2148 valens,
1449 2124 1505 2152 qua
1529 2121 1638 2151 poterat
1662 2115 1803 2143 celeritate

1002 2166 1082 2201 fugit,
1097 2169 1179 2200 atque
1194 2164 1221 2191 in
1237 2163 1432 2198 Arcadiopolin
1448 2170 1510 2190 cum
1522 2161 1689 2197 quibusdam
1701 2169 1733 2189 ex
1746 2161 1804 2188 suis

1010 2212 1113 2241 evadit.
1131 2211 1217 2238 Porro
1231 2210 1391 2246 imperator,
1406 2217 1469 2237 cum
1481 2209 1627 2246 plerosque
1642 2217 1676 2236 cx
1692 2207 1804 2236 rebelli-

816 2285 936 2315 VARIAE
952 2282 1158 2313 LEBTIONES.

199 2337 222 2354 "’
231 2337 316 2371 ἀξίως
332 2336 363 2365 L.

767 2381 890 2410 STEPH.
905 2378 1080 2409 BERGLERI
1104 2377 1221 2406 NOTJE.

200 2435 257 2465 (30)
271 2434 352 2470 Cont.
367 2442 395 2470 p.
409 2434 453 2465 il,
469 2433 552 2470 (ζων.
565 2441 592 2468 p.
606 2433 669 2470 505.

200 2470 257 2512 (5|)
276 2465 409 2512 Contz-p.
425 2470 455 2496 Μ
474 2465 572 2512 itidem
589 2467 890 2512 xgserbu‘liqdo-Aizrgg

165 2501 212 2547 ρον
229 2501 302 2546 οὔτι.)
316 2501 495 2547 καὶρύμενον,
508 2509 536 2547 et
550 2505 586 2531 ita
600 2503 691 2547 Gods;
701 2503 784 2547 etiam
801 2501 892 2547 [1.1595
901 2501 957 2547 rubi

164 2536 194 2568 in
212 2541 340 2568 versione
361 2536 500 2567 Crdoctus.
514 2540 582 2566 Zon.
598 2547 630 2573 ι).
640 2539 702 2571 158,
720 2538 791 2565 κατὰ
801 2536 838 2564 τὰ
853 2536 958 2572 K11606-

163 2585 242 2607 κτου,
258 2576 302 2603 ubi
316 2576 410 2603 itidem
425 2577 517 2603 versio
529 2574 680 2602 Cedodum.

201 2611 260 2645 (52)
276 2611 359 2638 Com.
376 2619 404 2646 p.
420 2611 464 2638 43.

276 2647 356 2674 Cont.
410 2647 456 2679 41,
468 2645 550 2674 Cedr.
563 2654 590 2681 p.
602 2645 666 2676 505,
679 2644 786 2682 zon._p.
796 2642 866 2682 λεδ.

203 2679 260 2717 ζει)
274 2682 355 2709 Cont.
371 2679 401 2717 p.
414 2683 459 2713 41,
478 2679 592 2717 ἠττᾱτξιι
608 2681 736 2716 ἰσχυρῶς.
748 2679 840 2717 Cedr._
852 2686 881 2713 p.
905 2680 958 2708 505

168 2726 196 2745 In
209 2715 264 2755 fine
279 2723 350 2755 et_p.
365 2715 423 2752 seq.
438 2715 499 2745 init.
509 2716 564 2755 “ubi
581 2717 695 2752 ἡττᾶται
705 2715 902 2755 κατὰμράτος.

204 2753 261 2787 (55)
297 2750 466 2780 cremantur.
504 2750 630 2780 Graecum
654 2750 856 2787 πυρπολούνται
883 2751 956 2786 apud

167 2785 217 2815 cus
232 2785 280 2822 qui
303 2789 377 2815 serio
399 2788 563 2822 loquuntur,
577 2787 612 2815 de
642 2785 715 2822 agris
741 2790 770 2813 et
796 2785 958 2820 regionibus

168 2831 232 2858 igne
247 2823 388 2850 vastandis
405 2824 476 2851 solet
496 2823 635 2858 usurpari.
666 2822 720 2850 Sed
743 2828 794 2858 nec
820 2827 958 2849 crematos

168 2862 214 2886 aut
233 2858 393 2886 combustos
407 2859 492 2886 fuisse
520 2859 608 2886 victos
625 2857 782 2885 verosimile
795 2861 838 2883 est
858 2865 864 2884 :
881 2858 957 2885 aliud

169 2902 236 2928 ergo
251 2894 366 2921 fortasse
379 2894 466 2921 voluit
479 2894 582 2921 dicere.

207 2930 263 2962 (56)
276 2929 356 2957 Com.
373 2937 400 2963 p.
416 2929 460 2959 4‘2.
472 2928 553 2956 Cedr.
570 2936 597 2963 p.
617 2928 678 2959 506,
690 2928 756 2955 Zon.
776 2937 803 2963 p.
818 2928 877 2956 I38.

206 2965 262 2999 (57)
278 2966 359 2993 Gem.
376 2973 401 2999 p.
417 2965 460 2997 13,
490 2964 560 2992 κατὰ
571 2972 595 2991 τι
610 2964 711 2997 πεδίον,
731 2966 859 2992 auriam
884 2964 957 2991 οὕτω

970 2437 993 2464 ι)
1007 2427 1190 2464 καλούμενον,
1203 2431 1234 2454 ut
1245 2425 1368 2464 ethdr.
1387 2434 1414 2461 p.
1511 2425 1598 2454 Paulo
1617 2429 1681 2464 ante
1694 2428 1741 2464 aut
1756 2425 1804 2451 καὶ

1008 2459 1169 2490 delendum.
1183 2466 1231 2489 aut
1244 2461 1354 2497 aliquod
1372 2459 1561 2497 participium,
1576 2466 1608 2488 ut
1627 2459 1740 2494 ἀγαγών
1757 2463 1819 2496 aut.

1009 2497 1235 2530 simile,excidit.
1815 2497 1817 2499 ’

1046 2533 1103 2567 (58)
1116 2532 1184 2560 Zon.
1202 2541 1229 2567 ῃ.
1247 2532 1305 2559 158.

1047 2569 1105 2603 (59)
1117 2567 1185 2594 Zon.
1203 2576 1229 2602 p.
1247 2567 1308 2603 158.

1047 2599 1104 2638 (60)
1121 2603 1188 2630 Ζοη.
1246 2602 1305 2629 158.
1328 2601 1408 2630 Cout.
1436 2609 1464 2636 p.
1481 2600 1526 2638 4‘2,
1543 2604 1578 2638 ει
1594 2599 1675 2638 C_.cd_r.
1691 2609 1717 2636 p.
1739 2600 1804 2632 506,

1012 2636 1061 2666 ubi
1092 2636 1232 2670 ἀξιόλογον
1247 2639 1386 2672 συστήσας
1410 2637 1536 2672 στρατόν.
1562 2636 1616 2664 Sed
1631 2636 1735 2672 Noster
1754 2644 1805 2663 suo

1009 2681 1087 2701 more
1099 2674 1146 2700 hic
1161 2674 1246 2700 etiam
1263 2672 1434 2700 contrarium
1451 2671 1520 2699 dicit
1534 2672 1594 2708 ejus
1609 2671 1806 2708 quodvidetur

1008 2709 1129 2736 voluisse
1144 2716 1151 2741 ;
1169 2717 1232 2736 nam
1249 2708 1392 2736 debuisset
1404 2708 1520 2735 fortasse
1542 2706 1593 2734 οὐκ
1615 2706 1806 2741 εὐαρίθμητον

1009 2744 1114 2782 dicere.
1132 2744 1228 2782 Cedr.»
1239 2753 1267 2782 ρ,
1299 2743 1351 2771 505
1378 2743 1521 2782 coniungit
1551 2743 1601 2769 οὐκ
1622 2741 1807 2782 εὐαρίθμητον

1010 2781 1135 2806 πλεῖστον
1146 2784 1175 2806 et
1195 2776 1346 2813 ἀξιδλογον,
1362 2786 1417 2806 non
1431 2776 1468 2805 de
1485 2776 1536 2805 hac
1552 2785 1581 2805 re
1591 2782 1695 2813 tamen.
1715 2776 1806 2813 Etiam

1009 2815 1161 2850 σχεδιάζειν
1202 2811 1378 2850 incommode
1405 2813 1557 2850 adhibuit,
1575 2812 1666 2850 _quasi
1698 2811 1805 2844 subito,

1009 2847 1042 2877 ei;
1058 2855 1182 2885 tempore
1194 2855 1275 2885 atque
1293 2849 1473 2877 tumultuarie
1490 2847 1516 2875 id
1530 2847 1656 2876 fecisset.

1047 2894 1105 2927 (‘51)
1120 2894 1202 2922 Cont.
1218 2903 1246 2929 p.
1260 2894 1305 2921 45.

1048 2930 1102 2966 (62)
1114 2931 1194 2958 Cont.
1208 2928 1235 2966 p.
1248 2930 1291 2964 45,
1308 2929 1389 2958 Cedr.
1404 2937 1432 2966 p.
1451 2928 1516 2957 506.
