2023 3165
141 209 211 245 ιοιε

794 215 937 245 REGUM
958 215 1032 246 LIB.
1050 215 1093 244 II.

1701 213 1769 245 1016

139 267 206 294 mia
224 266 305 302 μέγα,
324 276 334 293 ι
361 267 488 303 Ἐλέησόν
503 277 548 304 με,
574 268 682 303 ἀληθῶς
705 268 816 303 βασιλεῦ
832 268 898 304 (80).
919 278 928 295 ι

983 268 1078 300 vitam,
1097 275 1192 295 mense
1207 266 1319 294 Octobri
1328 267 1383 302 iam
1402 266 1457 302 45
1476 267 1577 295 medio.
1598 266 1656 294 Mox
1679 273 1771 297 autem

146 312 291 348 Ἐρομένου
305 313 333 340 δὶ
344 313 390 340 τοῦ
404 314 537 349 βασιλέως
553 315 634 342 αὑτὸν
656 315 684 342 εί
697 323 771 347 τινες
793 315 848 342 εἷεν
867 323 930 350 κρυ-

141 358 211 392 φίως
236 359 438 393 συνεγνωκότες
465 360 515 394 τῆς
542 360 675 393 ἀπονοίας
701 359 789 395 αὐτῷ,
809 359 880 395 τάχα
896 360 930 387 ἂν

141 404 247 431 πολλῶν
262 407 374 433 κατεῖπε
388 406 493 441 ψευδῶς
504 407 559 433 τῶν
582 407 731 442 βασιλικῶν
751 407 835 440 φίλων
846 414 853 421 ·
870 407 928 434 ἀλλ’

147 450 274 485 Ἰωάννης
297 451 366 487 ἀνὴρ
380 452 524 488 ἐπίκλησιν
546 453 732 486 Ἐξαὸούλλιος
749 452 818 488 (81),
833 453 862 479 ὲν
878 461 930 479 πα-

983 314 1093 350 cognito
1109 313 1240 341 rebellem
1256 313 1442 346 interfectum,
1456 312 1540 340 etiam
1555 313 1730 342 Anastasium
1738 323 1773 343 ex

984 359 1054 396 Byza
1068 359 1227 387 constrictis
1241 359 1369 399 manibus
1388 359 1559 394 pedibusque
1575 359 1609 387 ad
1625 360 1773 396 imperato-

983 414 1041 434 rem
1060 406 1213 438 adducunt,
1232 414 1314 441 quem
1329 406 1424 434 eadem
1446 414 1500 441 qua
1515 405 1574 435 falsi
1592 407 1713 435 nominis
1727 415 1776 443 pa.

984 457 1054 480 trem
1068 453 1234 482 condemnat
1248 460 1337 488 poena.

139 495 256 529 τρικίοις
278 496 376 531 τελῶν,
390 497 437 525 τὸν
461 499 593 535 τύραννον
619 499 847 534 ὲπέσχενζείπεῖν
861 498 928 534 (82),
950 498 1038 534 φήσας
1053 498 1092 534 τῷ
1110 499 1216 533 βασιλεῖ
1232 499 1268 531 ὠς
1283 499 1313 525 οὐ
1333 498 1392 525 δέον
1417 497 1488 525 κατὰ
1516 499 1600 533 φελων
1630 499 1769 527 πιστεύειν

140 542 260 578 ἐχθροῖς.
296 543 364 570 Ἀλλ’
390 545 405 572 ό
437 545 487 580 μὲν
519 545 650 582 τύραννος
677 545 764 579 οὕτως
790 546 929 581 δυστυχῶς
946 546 1130 581 καταστρέφει
1154 546 1199 573 τὸν
1221 546 1278 581 βίον
1306 545 1391 581 μηνὸς
1412 545 1579 580 Ὀκτωῦρὶου
1623 546 1680 581 (85)
1721 554 1774 581 μετ

141 590 255 622 σοῦντος
277 591 344 627 ἥδη·
369 591 451 624 εὐθὺς
471 592 500 619 δὲ
524 593 572 620 καὶ
596 593 775 621 ’Δναστάσιον
802 593 827 620 ol
850 593 874 609 ”
898 593 930 620 ἐκ
948 592 1037 627 Βύζης
1048 592 1223 628 (81),ὲπειδὴ
1234 593 1280 619 τὸν
1303 592 1462 627 ἀποστάτην
1484 592 1585 627 ἔμαθον
1602 593 1769 629 ἀνῃρῆσθαι.

141 639 310 673 πεδήσαντες
324 639 419 673 χεῖρας
438 639 483 666 καὶ
499 639 583 672 πόδας
599 640 667 675 πρὸς
679 639 791 674 βασιλέα
802 637 974 674 κομίζουσιν,
991 638 1083 665 ὅντινα
1097 638 1129 674 δὴ
1147 639 1180 674 τῇ
1213 638 1282 674 αὐτῇ
1299 637 1355 673 (85)
1384 637 1431 665 τοῦ
1461 637 1641 674 ψευδωνύμου
1672 639 1775 676 πατρὸς

141 684 319 716 καταδικάζει
332 686 422 720 ποινῇ.

184 731 262 757 Ἐπεὶ
275 730 304 756 δέ
318 729 373 767 (86)
395 739 466 763 τινες
479 731 534 758 τῶν
547 731 596 758 τοῦ
610 732 743 768 τυράννου
764 732 812 767 τὴν
833 731 930 758 καλου-

143 777 230 812 μένην
250 777 350 804 Πάνιον
375 777 557 812 κατασχόντες
575 777 662 810 πόλιν,
685 778 748 813 ἄρτι
771 778 820 813 μὲν
834 777 929 805 τούτου

141 823 340 858 ἀπεφθορότος,
358 824 398 855 είς
408 824 440 850 τδ
451 824 579 859 πολεμεῖν
596 823 701 860 βασιλεῖ
714 824 863 859 διέγνωσαν
880 833 930 852 κα-

140 861 285 903 ⁴ταστῆναι,
298 869 365 904 πρὸς
379 870 413 905 ἠν
425 870 482 906 (87)
499 870 583 898 ἐλθὼν
595 872 610 897 ὁ
625 870 752 906 βασιλεὺς
763 871 872 906 Μιχαὴλ
882 870 930 898 καὶ

142 913 240 948 λόγους
266 915 422 950 εἰρηνικοὺς
448 915 657 951 προτεινόμενος
684 916 810 952 οὐδαμῶς
841 916 929 943 πείθει

142 959 310 988 καταθέσθαι
325 961 358 988 τὰ
372 962 453 996 ὅπλα,
477 963 584 996 γίνεται
597 963 628 998 δὴ
653 971 679 990 τι
701 963 792 990 θεόθεν
816 964 930 999 σημεῖον

141 1008 252 1040 αὐτοῖς·
284 1009 396 1044 σεισμὸς
424 1009 479 1044 γὰρ
504 1009 619 1044 σφοδρὸς
643 1009 675 1036 τό
695 1018 724 1036 τε
748 1010 837 1044 τεῖχος
863 1018 930 1037 κατ-

142 1053 223 1081 έϐαλε
239 1054 294 1090 (88)
308 1055 420 1087 καὶτοῖς
432 1055 479 1082 τοῦ
491 1054 623 1090 βασιλέως
636 1054 687 1091 τὴν
695 1055 735 1087 είς
747 1055 823 1082 ⁴πόλιν
829 1055 930 1082 δέδωκε

143 1099 262 1135 πάροδον
272 1108 279 1116 ·
293 1100 308 1127 ὃ
316 1102 370 1133 τοῖς
385 1101 597 1135 σεισμοσκόποις
607 1102 720 1136 σημεῖον
730 1101 825 1136 ἣττης,
839 1101 900 1128 ὅθεν
908 1101 931 1117 ⁷⁸

142 1145 292 1181 γεγένηται
314 1146 393 1173 τοῦτο
406 1146 474 1181 (89).
492 1146 573 1173 ams
591 1145 623 1181 δὴ
640 1145 688 1172 καὶ
713 1145 860 1180 Ἡράκλεια
875 1145 930 1182 (90)

142 1192 161 1226 ἡ
178 1191 263 1219 πάλαι
280 1191 410 1227 Πέρινθος
424 1192 588 1227 καλουμένη,
603 1192 638 1219 τὰ
652 1192 700 1219 τοῦ
719 1193 852 1228 τυράννου
871 1192 932 1219 λίαν

142 1237 271 1268 νοσοῦσα,
306 1237 375 1272 πρὸς
387 1237 448 1273 ίτήν
466 1237 511 1265 διὰ
532 1238 587 1265 τῶν
615 1238 662 1265 τοῦ
687 1238 820 1273 βασιλέως
844 1238 932 1272 λόγων

144 1282 293 1317 θεραπείαν
308 1283 454 1318 ἀντέσχεν·
470 1283 532 1311 ὃθεν
558 1283 590 1319 δὴ
606 1284 656 1319 τῆς
677 1284 709 1310 ὲκ
725 1283 771 1311 τοῦ
787 1284 931 1311 θαλαττίου

145 1328 249 1364 μέρους
264 1328 311 1356 τοῦ
330 1329 437 1364 τείχους
447 1329 598 1365 ἐπιδρομῆς
606 1330 660 1358 τῶν
676 1330 826 1365 βασιλικῶν
836 1339 933 1367 πειρα-

146 1373 224 1401 θεῖσα
245 1375 420 1411 στρατιωτῶν
434 1375 576 1403 ἁλίσκεται
591 1384 621 1402 τε
642 1377 688 1403 καὶ
704 1376 754 1411 τῆς
768 1377 932 1412 τυραννικῆς

142 1419 346 1447 ἀπαλλάττεται
368 1420 447 1448 νόσου
479 1421 618 1456 ἀναιμωτὶ
641 1421 768 1455 καθάπαξ
799 1421 852 1448 ὑπὸ
877 1422 933 1449 τῶν

143 1465 274 1494 ἐναντίων
291 1467 425 1501 ληφθεῖσα
433 1467 467 1494 ⁷⁸.
489 1466 631 1494 Ἐντεῦθεν
646 1467 678 1503 δὴ
698 1467 827 1503 βασιλεὺς
843 1470 932 1496 πάντα

143 1512 270 1547 κατήκοα
300 1512 389 1539 λαϐὼν
413 1513 511 1540 ἑαυτοῦ
533 1513 602 1549 πρὸς
625 1513 676 1549 τὴν
705 1513 828 1548 βασιλίδα
855 1514 933 1542 πόλιν

144 1555 298 1589 ὕπονοστεῖ,
321 1558 369 1585 καὶ
392 1558 509 1596 ἱππικὴν
525 1559 686 1592 ἐπιτελέσας
697 1559 844 1599 ἁμίλλησιγ
854 1560 932 1587 οὐδὲν

143 1602 295 1638 ἀνήκεστον
315 1604 371 1640 (91)
391 1606 447 1637 τοῖς
466 1604 628 1638 στασιώταις
651 1607 780 1638 ποιεῖται,
801 1606 871 1642 πλὴν
884 1605 932 1633 τοῦ

143 1637 194 1675 διὰ(
205 1649 291 1684 μέσης
303 1637 352 1683 si];
368 1651 549 1686 ἱπποδρομίας
567 1652 607 1682 είς
621 1651 656 1678 τὰ
671 1651 758 1678 ὀπίσω
774 1637 932 1687 δεδεμένους
946 1637 967 1666 c

144 1693 196 1724 τὰς
208 1695 301 1729 χεῖρας
314 1695 391 1727 ίέναι,
408 1695 454 1722 καί
469 1704 543 1727 τινας
553 1695 634 1727 εὐθὺς
649 1696 820 1730 φυγαδεῦσαι
829 1697 930 1724 αὐτῶν.

145 1739 203 1767 Καὶ
216 1739 289 1767 οὕτω
303 1740 465 1776 θριαμόεύει
483 1741 533 1776 τὴν
546 1741 636 1775 νίκην.
941 1749 951 1765 I

186 1832 248 1859 Ἐπὶ
261 1832 358 1867 χρόνου
371 1833 392 1849 ⁷⁷
411 1832 467 1869 (92)
492 1833 520 1860 δὲ
536 1835 566 1860 ὲν
587 1829 609 1867 ᾧ
627 1834 781 1860 ἀποστασία
795 1834 932 1870 προδεδή-

144 1886 189 1904 κει
204 1879 220 1912 ἡ
235 1878 330 1912 Θωμᾶ,
345 1878 430 1910 ἀδεῶς
442 1879 497 1905 ἀπὸ
515 1878 654 1910 Ἱσπανίας
677 1879 823 1914 Ἀγαρηνοὶ
836 1879 931 1914 ἐδῄουν

142 1923 194 1958 τὴν
211 1923 376 1957 Ῥωμαϊτιδα
398 1924 451 1957 γῆν
465 1924 514 1950 σὺν
534 1924 600 1950 δέκα
627 1924 816 1959 περικαμπέσι
839 1924 930 1956 ναυσὶ,

143 1968 217 1996 κατά
233 1968 261 1995 δέ
283 1976 358 2000 τινας
375 1971 409 2001 κ’,
427 1969 521 2005 τρόπῳ
541 1968 636 2004 τοιῷδε
650 1977 656 1984 ·
673 1969 870 2004 Προσώχθισαν
897 1970 930 2005 τῇ

144 2013 223 2050 χώρᾳ
238 2014 328 2041 αὐτῶν
342 2013 387 2041 διὰ
406 2014 437 2041 τὸ
457 2015 495 2050 μὴ
512 2014 644 2050 πιοτάτην
665 2014 799 2049 ὑπάρχειν
817 2013 865 2040 καὶ
885 2013 931 2040 εὓ-

144 2068 240 2095 φορον,
260 2059 394 2095 καὶπρὸς
422 2060 478 2095 (95)
506 2060 552 2087 τὸν
583 2060 705 2096 ἀρχηγὸν
737 2059 827 2087 αὐτῶν
855 2057 932 2087 εἷπον

159 2105 301 2142 Δπόχαψιν
329 2106 397 2142 (96).
417 2114 426 2132 ι
454 2104 540 2142 Ἀρον
567 2107 640 2142 ἡμᾶς
663 2106 718 2134 τῶν
737 2105 864 2133 ἐντεῦθεν
885 2105 933 2133 καὶ

143 2152 272 2186 ἀπάγαγε
287 2153 327 2185 είς
349 2153 455 2187 εὔγειον
470 2154 562 2186 τόπον,
581 2152 629 2180 καὶ
642 2151 788 2188 εὐζωῶμεν
801 2152 901 2179 ἐκεῖσε.
919 2161 928 2178 ι

143 2193 195 2223 *Ων
217 2198 275 2229 τοῖς
295 2197 386 2232 λόγοις
404 2197 591 2234 παρακληθεὶς
615 2197 747 2230 γενναίων
761 2196 865 2231 ἀνδρῶν
883 2197 931 2224 καὶ

144 2241 268 2270 εὖόπλων
298 2243 389 2270 στόλον
410 2243 580 2278 εὐτρέπισεν,
606 2243 636 2274 ἐξ
656 2239 694 2270 ὧν
722 2242 817 2270 πασῶν
840 2244 930 2276 νήσων

1020 729 1157 757 Caeterum
1180 728 1292 764 quidam
1315 735 1349 756 ex
1373 727 1481 764 tyranni
1508 728 1620 757 asseclis
1642 733 1775 764 occupata

984 775 1054 804 urbe
1081 783 1142 811 quae
1166 775 1271 802 Panion
1303 774 1421 808 dicitur,
1439 782 1517 809 cum,
1540 775 1668 810 quamvis
1693 776 1776 803 modo

983 822 1150 857 interempto
1163 821 1222 853 illo.
1238 820 1343 848 bellum
1354 828 1452 856 gerere
1468 825 1565 849 contra
1580 822 1777 857 imperatorem

983 867 1159 900 statuissent,
1187 867 1222 895 ad
1246 874 1308 895 eam
1333 867 1431 894 urbem
1458 867 1600 902 profectus
1626 868 1777 904 imperator

984 913 1098 942 Michael
1120 908 1267 942 sermones
1283 911 1415 948 paciﬁcos
1435 913 1610 948 praetendens
1629 914 1777 950 haudqua-

982 968 1065 995 quam
1092 959 1232 995 persuasit
1259 963 1290 986 ut
1315 966 1391 987 arma
1416 959 1597 994 deponerent.
1626 960 1669 988 Fit
1684 965 1776 990 autem

982 1006 1116 1034 divinitus
1127 1005 1284 1041 prodigium
1298 1005 1384 1040 ipsis:
1401 1013 1465 1033 nam
1482 1010 1563 1034 terra}
1583 1010 1675 1034 motus
1691 1007 1776 1035 vehe-

982 1061 1060 1082 mens
1076 1053 1159 1082 simul
1177 1060 1287 1081 murum
1298 1053 1409 1089 deiecit,
1429 1053 1505 1081 etiis
1518 1054 1565 1089 qui
1578 1062 1642 1082 cum
1657 1054 1778 1089 impera-

983 1104 1043 1128 tore
1066 1103 1146 1128 erant
1174 1099 1202 1127 in
1230 1099 1328 1129 urbem
1358 1099 1534 1135 ingrediendi
1555 1101 1662 1135 copiam
1688 1101 1775 1131 fecit;

982 1146 1057 1182 quod
1081 1145 1347 1181 contemplatoribus
1360 1150 1389 1173 et
1403 1147 1609 1182 coniectoribus
1623 1152 1704 1176 terrae
1715 1156 1776 1176 mo-

983 1197 1061 1220 tuum
1078 1192 1187 1227 signum
1199 1195 1243 1219 est
1260 1191 1358 1225 cladis,
1375 1192 1449 1220 unde
1462 1192 1546 1220 etiam
1560 1192 1588 1220 id
1609 1193 1711 1222 factum
1723 1198 1776 1222 est.

983 1237 1055 1270 Quin
1071 1241 1099 1265 et
1112 1236 1255 1268 Heraclea,
1266 1244 1328 1271 quae
1344 1236 1410 1264 olim
1424 1237 1574 1265 Perinthus
1585 1237 1670 1271 dicta.
1685 1239 1777 1267 rebel-

983 1282 1067 1309 lionis
1084 1281 1182 1309 morbo
1200 1280 1329 1308 laborans
1342 1281 1376 1308 ad
1390 1282 1475 1309 verba
1490 1281 1664 1318 imperatoris
1675 1284 1776 1312 volun-

985 1331 1069 1355 tatem
1084 1334 1148 1363 erga
1168 1327 1243 1362 ipsos
1258 1327 1429 1355 declarantia
1443 1327 1582 1356 obstinata
1599 1328 1662 1357 fuit.
1679 1329 1774 1365 itaque

983 1379 1017 1400 ex
1037 1372 1176 1400 maritima
1188 1377 1266 1407 parte
1285 1373 1358 1400 muri
1376 1373 1563 1402 incursionem
1584 1374 1777 1410 imperatorio-

983 1427 1044 1446 rum
1060 1423 1174 1454 experta
1196 1419 1333 1451 militum,
1353 1419 1462 1455 capitur
1482 1424 1510 1448 et
1532 1420 1691 1448 rebellionis
1707 1421 1777 1449 libe-

984 1469 1063 1493 ratur
1085 1465 1183 1493 morbo
1204 1465 1265 1493 sine
1281 1465 1355 1494 caede
1369 1470 1396 1493 et
1410 1466 1543 1502 sanguine
1559 1465 1594 1493 ab
1609 1465 1776 1494 adversariis

984 1515 1128 1546 occupata.
1154 1510 1226 1540 Hinc
1248 1511 1408 1546 imperator,
1434 1516 1579 1547 postquam
1600 1512 1693 1540 omnia
1721 1512 1775 1541 sibi

984 1558 1156 1593 subiecerat,
1185 1558 1215 1586 in
1246 1557 1454 1593 imperatoriam
1489 1558 1587 1586 urbem
1615 1557 1773 1591 revertitur,

982 1603 1185 1639 celebratisque
1208 1603 1284 1632 ludis
1313 1603 1483 1632 circensibus
1510 1604 1613 1632 nullam
1642 1605 1774 1632 saevitiam

985 1653 1096 1676 exercet
1116 1649 1144 1676 in
1164 1648 1300 1682 rebelles,
1325 1649 1378 1676 nisi
1405 1653 1436 1676 ut
1460 1657 1510 1684 per
1530 1649 1651 1677 medium
1671 1650 1775 1678 circum

985 1695 1114 1722 manibus
1137 1699 1200 1730 post
1218 1699 1293 1730 terga
1310 1695 1410 1722 vinctis
1426 1695 1515 1728 irent,
1531 1700 1559 1723 et
1572 1696 1627 1732 46
1641 1697 1776 1732 quosdam

985 1749 1080 1769 eorum
1102 1741 1193 1769 statim
1221 1741 1250 1769 in
1262 1741 1390 1769 exsilium
1405 1745 1507 1777 ageret.
1521 1742 1610 1777 Atque
1627 1742 1667 1770 sic
1678 1742 1776 1770 trium-

985 1787 1079 1823 phavit
1090 1787 1126 1815 ob
1143 1787 1296 1816 victoriam.

1020 1833 1155 1868 Tempore
1172 1839 1264 1860 autem
1278 1842 1334 1868 quo
1352 1833 1467 1862 rebellio
1491 1834 1602 1862 Thomas
1631 1834 1775 1869 grassaba-

985 1882 1040 1908 tur.
1067 1877 1186 1911 Agareni
1209 1879 1349 1913 Hispanici
1374 1886 1471 1906 secure
1493 1883 1530 1911 et,
1546 1879 1662 1907 licenter
1684 1883 1775 1907 vasta-

985 1923 1051 1950 bant
1065 1923 1216 1950 Romanam
1229 1923 1362 1951 ditionem
1377 1932 1440 1952 cum
1458 1924 1554 1952 decem
1578 1925 1705 1952 rotundis
1724 1933 1774 1953 na-

982 1968 1075 2002 vibus,
1088 1972 1135 1996 aut
1150 1969 1302 1996 secundum
1314 1969 1382 1997 alios
1397 1970 1505 2006 viginti,
1517 1970 1568 1998 hac
1583 1970 1689 1998 ratione
1702 1980 1708 1998 :
1723 1970 1773 1999 0f-

982 2013 1168 2042 fendebantur
1192 2022 1241 2042 sua
1263 2015 1392 2051 regione,
1413 2011 1487 2051 quod
1507 2025 1562 2044 non
1577 2022 1651 2045 esset
1665 2017 1774 2054 pinguis

983 2068 1034 2089 nec
1044 2060 1153 2094 fertilis,
1164 2065 1246 2097 atque
1257 2062 1291 2089 ad
1303 2061 1402 2090 ducem
1417 2071 1498 2090 suum
1511 2064 1685 2099 Apocbapsin
1698 2064 1775 2092 dixe-

983 2111 1066 2135 runt:
1086 2116 1095 2132 ι
1114 2107 1190 2135 Tolle
1213 2115 1264 2135 nos
1283 2107 1348 2135 hinc
1363 2113 1392 2136 et
1410 2109 1501 2137 abduc
1522 2110 1548 2137 in
1569 2109 1716 2137 fecundum
1728 2118 1773 2138 so-

983 2153 1053 2186 lum,
1069 2157 1099 2180 ut
1115 2153 1186 2180 bene
1201 2153 1326 2181 vivamus
1345 2154 1411 2182 illic.
1429 2164 1439 2181 ›
1461 2154 1583 2188 Quorum
1597 2156 1689 2183 verbis
1709 2164 1773 2192 per-

985 2203 1077 2226 motus
1101 2199 1222 2227 strenuis
1244 2199 1312 2227 viris
1336 2205 1365 2227 et
1397 2201 1466 2228 bene
1496 2201 1609 2229 armatis
1641 2202 1771 2230 instruxit

983 2245 1110 2274 classem.
1135 2252 1196 2272 cum
1213 2245 1315 2280 quibus
1328 2254 1423 2273 omnes
1444 2247 1546 2275 insulas
1565 2247 1591 2274 in
1609 2252 1771 2282 potestatem

779 2323 899 2350 VARUE
917 2323 1121 2352 LEC'I‘IONES.

180 2369 203 2408 '_‘
221 2369 253 2408 ol_
260 2376 316 2396 om.
331 2369 361 2397 L.
400 2371 422 2386 ⁷⁵
436 2369 509 2405 ὅθεν]
528 2370 591 2398 fort.
606 2369 704 2397 ὁπόθεν
726 2370 829 2397 cladem
843 2370 899 2405 fore
911 2379 987 2407 aqua
1002 2376 1078 2406 parte
1096 2372 1173 2399 ruina
1186 2373 1258 2407 facta
1273 2373 1363 2408 fuerit.

142 2405 232 2442 χρόνῳ
242 2404 273 2432 L.

1431 2375 1452 2390 ⁷⁸
1467 2374 1606 2409 λειφθεῖσα
1621 2374 1651 2402 L.
1690 2374 1712 2389 ⁷⁷
1724 2374 1770 2402 ἐπὶ

720 2460 844 2488 8ΤΕΡΗ.
865 2461 1037 2491 BERGLERI
1050 2464 1168 2492 NOTIE.

250 2521 330 2564 ant.
348 2529 374 2557 p.
390 2521 547 2564 thniisdem
564 2520 620 2548 fere
637 2519 740 2548 verbis.
753 2519 833 2547 Cedr.
845 2521 929 2549 etiam
947 2524 969 2551 D
1020 2525 1075 2558 (89)
1093 2524 1328 2564 Homomiriiieus.
1339 2525 1491 2564 ld_q‘uidc_m
1504 2526 1664 2564 velsutores
1675 2529 1767 2564 conie-

142 2566 171 2592 ι).
188 2556 338 2594 ΑΖοιι.
356 2564 383 2591 p.
489 2591 496 2594 _
565 2590 582 2594 _
718 2590 763 2594 ___
789 2589 806 2594 __

180 2592 237 2627 (81)
256 2591 337 2619 Cont.
351 2590 380 2619 et
393 2592 474 2619 Cedr.
489 2591 509 2618 1.
525 2598 552 2618 c.
565 2590 632 2618 Zon.
658 2598 685 2625 ρ.
715 2590 765 2617 159
788 2590 838 2617 lin.
872 2592 930 2626 pri-

143 2635 188 2654 ma
193 2647 199 2654 .

178 2661 237 2697 (82)
252 2661 332 2689 Cont.
350 2670 376 2697 p.
392 2663 435 2693 εΗ,
450 2662 517 2690 Zon.
535 2669 561 2697 p.
577 2661 637 2694 159,
659 2659 741 2689 Cedr.
755 2668 783 2695 p.
797 2660 859 2689 507.

179 2698 235 2725 (85»
251 2697 331 2724 Cont.
348 2705 375 2732 p.
393 2697 454 2724 507.

180 2731 237 2766 (84)
256 2732 336 2768 Cont.
349 2731 378 2767 7p.
391 2733 435 2764 Η,
452 2733 518 2760 Zon.
536 2741 562 2768 p.
579 2733 638 2763 l39.
659 2733 704 2759 nbi
721 2733 829 2768 Βιέύηε,
845 2732 927 2760 Cedr.

142 2776 171 2802 p.
186 2767 323 2804 507,_u_bi
338 2768 432 2804 itidem
455 2767 565 2802 Βιζύης,
591 2768 629 2795 uti
655 2772 683 2796 et
699 2775 726 2804 p.
739 2767 802 2796 506'
814 2771 841 2796 in
865 2769 928 2796 ﬁne.

180 2803 237 2834 485)
247 2802 329 2838 Cedr.
345 2811 362 2838 p
383 2803 433 2830 508
445 2803 534 2830 initio.

178 2837 328 2899 (ggg'Cont.
355 2838 432 2873 [ιιι
454 2839 482 2866 in
520 2838 593 2871 line,
619 2839 686 2867 Zon.
709 2848 735 2874 p.
762 2840 819 2879 159,
845 2841 926 2869 Cedr.

145 2880 353 2942 p.(quxi'l’osuit
365 2913 460 2935 ant-tor
479 2907 512 2943 ἥν
530 2916 579 2943 pro
591 2909 703 2943 ταύτην.

178 2943 325 2978 (88)Cont.
341 2950 367 2978 ῃ.
384 2943 428 2977 45,
444 2943 508 2972 Ζοιι.
528 2951 554 2978 p.
573 2943 633 2978 l59,
650 2945 728 2973 Cedr.
749 2954 775 2981 p.
795 2946 856 2974 508.

981 2565 1058 2588 ctura
1076 2561 1184 2594 assequi
1199 2565 1338 2595 poterunt.
1355 2561 1377 2587 si
1395 2561 1482 2588 hostis
1510 2561 1654 2590 intraverit
1674 2561 1768 2592 obses-

980 2603 1038 2624 sam
1054 2595 1163 2627 urbem,
1185 2595 1305 2622 urbanos
1320 2595 1408 2623 victos
1422 2596 1520 2623 videri.
1640 2601 1646 2606 '

1017 2630 1072 2668 (5)0)
1088 2630 1167 2668 Qont.
1185 2638 1212 2665 p.
1228 2631 1273 2668 liii,
1286 2631 1352 2668 :L_on.
1366 2639 1393 2665 p.
1411 2631 1471 2668 151),
1488 2628 1570 2668 Cedr.
1588 2641 1616 2668 p.
1631 2633 1692 2661 508.

1015 2665 1072 2702 (Si!)
1087 2665 1167 2702 Qont.
1184 2674 1212 2700 p.
1224 2665 1270 2702 45,
1286 2665 1353 2702 ζου.
1366 2674 1393 2701 p.
1409 2667 1469 2696 159,
1481 2667 1562 2694 Cedr.
1579 2665 1606 2702 p.
1622 2668 1684 2696 508.

1017 2700 1072 2738 es)
1085 2700 1165 2738 eum.
1185 2709 1211 2735 ρ-
1228 2701 1276 2738 ιιι
1288 2700 1400 2738 Ζρηέρ.
1420 2700 1618 2738 ιδυηοεάτςρ.
1633 2704 1695 2731 508.

1018 2735 1158 2772 (95)}on.
1179 2744 1207 2770 p.
1230 2735 1290 2768 159,
1304 2735 1385 2763 Cedr.
1403 2745 1429 2772 p.
1446 2737 1508 2764 508.

1018 2770 1045 2807 (_9
1053 2771 1189 2807 tiEstdnx
1201 2772 1387 2807 Agarenornm
1398 2770 1589 2807 Hispanorum.
1598 2773 1644 2807 qui
1652 2779 1679 2801 et
1687 2774 1767 2801 ’Λπό-

1018 2780 1073 2805 un;
1082 2780 1189 2798 nstunx
1201 2780 1387 2806 ngarenornm
1399 2780 1444 2799 ms
1465 2781 1589 2802 anorum.
1598 2780 1679 2807 quiet
1689 2780 1767 2801 ’Λπό-

997 2805 1047 2841 fati».
1064 2805 1172 2840 Syllaba
1194 2807 1239 2844 illa
1258 2806 1410 2844 terminalis
1421 2780 1532 2844 a£ditur
1544 2808 1581 2844 ad
1594 2808 1767 2844 distingucn~

1000 2849 1036 2878 os
1050 2846 1190 2878 casus,rut
1206 2841 1232 2878 in
1247 2841 1322 2878 aliis:
1342 2842 1464 2878 ’Δπρχαψ
1479 2843 1549 2878 apud
1563 2843 1644 2871 Cont.
1673 2841 1700 2878 [ἶ.
1720 2845 1766 2876 46,

980 2881 1008 2904 et
1016 2875 1096 2913 Cedr.
1105 2876 1203 2913 p.598.
1214 2876 1292 2913 Apud
1306 2877 1380 2913 Sym.
1392 2875 1456 2913 mg;
1466 2875 1531 2913 pf“
1539 2879 1554 2906 ὖ
1561 2875 1765 2908 vocatur-11:64

981 2910 1045 2947 χαψ,
1068 2910 1139 2946 apud
1154 2910 1258 2946 Zomp.
1279 2910 1333 2940 159⁷
1349 2910 1443 2948 Ἀχάψῖ
