2023 3165
129 210 199 243 10i9

805 217 941 248 REGUM
959 218 1032 248 LIB.
1051 219 1092 249 II.

1691 222 1760 256 1050

127 270 182 297 τῶν
198 269 350 306 οἰκητόρων
366 270 450 305 αὐτῆς
472 271 521 298 σὺν
542 271 684 307 ἐλευθερίᾳ
702 273 789 299 ποιεῖν
800 273 834 299 τὰ
852 274 921 309 Χρι-

974 274 1163 309 Agarcnorum
1191 274 1360 302 incursionis
1374 278 1403 302 et
1422 277 1632 311 expugnationis
1648 279 1758 308 urbium

128 315 245 343 οτιανῶν
260 316 412 351 εἰθισμένα.
426 313 475 342 Ὧν
492 317 548 351 (12)
564 318 612 352 τῆς
630 318 780 353 ἐπιδρομῆς
790 319 804 344 6
816 319 918 354 Θωμᾶς

128 362 176 388 καὶ
193 359 323 393 ἁλώσεως
332 362 429 395 αἴτιος,
451 362 600 397 ’Λπόχαψις
611 363 634 378 ⁵⁷
659 364 687 390 δὲ
709 364 778 398 (15).
804 360 834 390 οὗ
854 366 918 396 παῖς

130 407 180 442 μὲν
197 408 303 443 Σαΐπης
320 407 463 443 ἐτύγχανε,
481 409 584 435 Σαῖπου
599 409 627 435 δὲ
645 409 755 442 Βάὸδελ,
772 410 800 442 ὃς
820 411 849 436 ὲν
865 412 918 437 Πε-

128 454 288 490 λοποννήσῳ
296 455 319 470 ’⁸⁸
333 454 404 481 κατά
420 463 446 481 τι
462 454 601 490 θαλάσσης
615 456 762 483 κλυδώνιον
777 457 846 492 πρὸς
866 457 918 493 γῆν

130 501 179 526 σὺν
194 499 239 534 νηῒ
254 501 286 535 τῇ
304 500 402 527 ἑαυτοῦ
419 501 601 536 προσπαρεὶς,
623 503 652 528 ὲν
668 502 786 536 ἡμέραις
801 503 846 529 τοῦ
865 513 918 538 μα-

129 546 243 581 καρίτου
257 546 371 577 Λέοντος
383 546 525 582 βασιλέως,
541 547 691 582 τηνικαῦτα
697 548 725 574 δὲ
736 549 920 585 στρατηγοῦν-

128 601 175 624 τος
190 592 395 619 Κωνσταντίνου
411 593 459 620 τοῦ
476 594 681 628 συνετόφρονος,
702 596 880 630 ὲλεκράτητο,
897 592 919 630 ᾧ

129 638 426 673 τεσσαρακοντάπηχυς
449 639 472 655 ⁸⁸
498 639 554 674 (1.1)
584 639 614 665 τὸ
633 639 793 675 ἐπώνυμονο
816 637 920 674 οὗτινος

129 683 233 710 Βάϐδελ
254 683 340 710 ἐτέλει
351 683 365 709 6
377 684 532 720 Ζερκουνῆς
546 684 688 718 σύγγονος,
706 686 720 712 6
741 686 794 721 πρὸ
811 685 858 713 τοῦ
872 686 921 714 νῦν

128 729 254 764 ἀρχηγοῦ
266 730 317 764 τῆς
333 729 446 764 Κρήτης
461 730 701 766 καθηγησάμενος.

173 775 218 802 Ἐν
226 775 313 811 ταύτῃ
329 775 384 810 (15)
402 775 430 801 δὲ
446 776 480 811 τῇ
492 777 567 811 νήσῳ
584 776 718 812 Κύριλλος
729 778 744 803 6
759 777 920 812 θαυμάσιος,

131 823 146 848 ὀ
160 821 296 857 Γορτύνης
304 822 326 838 ⁹⁰
343 823 533 858 ἐπισκοπήσας
554 823 604 858 τῆς
626 824 742 857 πόλεως,
767 825 837 861 ὑπὲρ
851 826 920 861 Χρι-

132 867 197 894 στοῦ
219 867 257 899 ὡς
284 869 382 904 ἱερεῖον
398 868 515 904 ἄμωμον
537 869 715 904 ἐσφαγίαστο.
733 867 771 897 Οὗ
787 871 817 897 τὸ
830 872 922 906 τίμιον

132 911 203 948 αἷμα
220 914 301 951 μέχρι
321 914 370 949 τῆς
381 913 462 950 δεῦρο
476 916 548 942 κατά
558 924 618 942 τινα
633 916 731 951 χῶρον,
747 916 838 948 καθώς
851 918 922 949 τινές

133 968 227 994 φασιν,
247 959 441 992 ἀνεξάλειπτον
456 962 653 996 συντετήρηται
665 969 672 975 ·
689 962 750 989 καθ’
763 962 793 989 ὃν
807 963 831 989 οἰ
843 963 921 990 εὐσε-
938 952 958 979 Β

132 1006 192 1037 ὅετς
206 1005 353 1040 φοιτῶντες
377 1006 425 1033 καὶ
447 1006 528 1034 τοῦτο
549 1008 663 1043 σπόγγῳ
689 1009 923 1044 ὲναπομάττοντες

131 1052 166 1078 δι’
180 1051 263 1078 αὑτοῦ
282 1060 315 1085 γε
328 1051 401 1081 θεῖον
426 1052 512 1089 μύρον
526 1053 683 1088 ὑδρεύονται
703 1054 751 1082 κα).
770 1055 830 1082 κατ’
845 1055 923 1082 οὐδὲν

132 1097 271 1124 ἀλλοιοῦσι
283 1098 314 1125 τὸ
331 1098 431 1133 χρῶμα
445 1098 493 1125 τοῦ
509 1099 636 1134 αἵματος.
656 1100 716 1127 Ἔτι
730 1100 759 1127 δὲ
773 1102 821 1128 καὶ
840 1102 856 1136 ἠ
869 1102 923 1128 τῶν

131 1144 276 1178 τροφίμων
302 1144 442 1171 σεϐαστῶν
470 1145 574 1172 παίδων
603 1146 690 1180 αὐτῆς
717 1146 834 1181 ἑϐδομὰς
866 1146 923 1184 (16)

134 1190 205 1224 μετὰ
227 1189 331 1216 πολλῶν
344 1189 433 1217 ἄλλων
451 1192 523 1226 ταφῇ
539 1192 700 1226 ἀφιέρωται,
723 1192 924 1227 ἀναιρεθέντων

132 1236 206 1272 ὑπὲρ
228 1236 279 1270 τῆς
306 1237 346 1268 εἰς
370 1237 489 1272 Χριστὸν
507 1237 670 1265 ἁδιστάκτου
694 1239 740 1265 καὶ
762 1238 924 1274 εἰλικρινοῦς

132 1282 265 1313 πίστεως.

169 1329 225 1356 Καὶ
240 1329 272 1364 δὴ
285 1329 339 1364 (17)
352 1329 446 1357 ἔκτοτε
462 1329 703 1366 καταμκράτηντο
714 1329 747 1357 ἃν
761 1330 827 1365 παρ’
844 1330 925 1364 Ἀγα-

134 1375 227 1410 ρηνῶν
248 1363 275 1401 αἰ
290 1363 378 1410 νῆσοι,
394 1375 420 1401 εἰ
435 1375 472 1410 μὴ
488 1363 616 1410 βασῖλείις
634 1363 745 1410 Μιχαὴλ
759 1375 773 1401 ὁ
788 1363 819 1406 ἐξ
840 1363 922 1410 Ἀμο-

134 1422 195 1456 pinu
212 1420 275 1456 ἔσχε
297 1421 514 1456 φιλονεικότερον
533 1421 737 1456 ὲλευθεριὰσειν
750 1422 853 1453 αὐτάς·
877 1421 925 1447 καὶ

132 1466 168 1500 δὴ
183 1465 363 1501 πολυωρήσας
378 1464 524 1500 ἐνδελεχῶς
546 1465 681 1501 Κρατερῷ
699 1465 738 1500 τῷ
751 1465 925 1502 πρατηγὲτῃ

134 1511 323 1547 Κυϐερεωτῶν
342 1511 398 1547 (I8)
420 1511 573 1538 ἐνετείλατο
591 1513 682 1544 πάσας
704 1511 753 1543 τὰς
775 1511 821 1538 ὑπ’
843 1511 925 1538 αὐτὸν

135 1557 202 1589 ναῦς
219 1557 473 1593 παρετοιμάσασθαι
492 1557 540 1584 καὶ
559 1558 664 1593 ἀπᾶραι
680 1559 721 1589 εἰς
743 1558 858 1593 Κρήτην
878 1557 925 1584 καὶ

969 319 1089 347 Thomas
1101 324 1162 347 erat
1177 328 1269 347 causa.
1294 320 1430 348 Caeterum
1455 321 1655 357 Apocliapsidis
1685 325 1757 353 ﬁlius

968 368 1028 391 erat
1046 364 1153 399 Saipes,
1169 364 1225 400 48
1237 365 1326 399 Saipaz
1337 370 1428 393 autem
1447 366 1559 399 Babdel,
1574 368 1621 402 qui
1638 368 1664 395 in
1677 369 1757 398 Pelo-

968 418 1090 445 ponneso
1105 415 1268 445 tempestate
1281 411 1399 446 quadam
1415 412 1500 440 maris
1515 413 1549 440 ad
1564 419 1666 442 terram
1691 423 1755 444 cum

969 453 1036 483 nave
1046 463 1093 483 sua
1107 457 1212 489 allisus,
1231 458 1402 492 temporibus
1420 458 1493 486 beati
1511 459 1611 487 Leonis
1637 461 1758 496 impera—

970 502 1048 534 toris,
1065 503 1134 530 duce
1144 502 1325 530 Constantino
1338 503 1387 531 illo
1401 504 1550 539 prudente.
1572 509 1669 540 captus
1694 506 1757 539 fuit,

969 549 1013 575 cui
1032 556 1184 583 cognomen
1210 550 1510 584 τεσσαρακοντάπηχυς
1538 549 1576 585 (i.
1594 558 1619 577 e.
1639 552 1759 585 quadra—

969 594 1044 630 ginta
1056 594 1213 622 cubitorum
1225 594 1245 629 ).
1263 594 1351 630 Hujus
1364 601 1456 622 autem
1471 595 1572 622 Bahdel
1584 600 1642 622 erat
1654 596 1757 624 Zercu-

970 648 1020 668 nes
1035 640 1130 672 frater,
1153 640 1201 675 qui
1217 644 1282 668 ante
1307 640 1390 668 istum
1421 640 1468 675 qui
1489 648 1564 668 nunc
1591 646 1633 668 est
1659 641 1757 669 ducem

970 686 1058 715 Cretae
1067 686 1187 722 pmfuit.

1007 775 1092 803 Porro
1105 775 1134 802 in
1153 775 1204 802 hac
1219 775 1307 803 insula
1320 775 1439 811 Cyrillus
1453 775 1498 804 ille
1513 776 1701 808 admirandus.
1713 777 1761 812 qui

971 821 1024 849 fuit
1042 821 1169 856 Gortyna:
1182 821 1260 848 urbis
1286 821 1444 856 episcopus,
1469 829 1520 856 pro
1544 821 1656 850 Christo
1683 823 1761 851 velut

972 867 1148 894 immaculata
1164 866 1255 894 hostia
1271 866 1323 893 fuit
1336 867 1505 894 immolatus.
1522 866 1608 902 Cujus
1622 867 1762 902 pretiosus

973 913 1085 949 sanguis
1097 920 1185 947 usque
1200 912 1234 939 ad
1261 912 1336 940 hunc
1360 912 1436 940 diem
1463 912 1582 947 quodam
1600 913 1627 940 in
1642 913 1715 945 loco,
1731 917 1763 940 ut

973 959 1088 995 quidam
1097 958 1351 992 aiunt,indelebilis
1364 962 1561 986 conservatur:
1576 966 1659 993 quem
1670 959 1762 986 locum

973 1006 1011 1040 pii
1039 1005 1169 1033 homines
1206 1005 1415 1040 frequentautes
1441 1004 1573 1039 illumque
1601 1005 1762 1040 sanguinem

973 1052 1096 1087 spongiis
1111 1051 1273 1078 ail‘ricantes
1299 1058 1349 1085 per
1365 1058 1428 1078 eum
1445 1050 1570 1078 divinum
1591 1054 1763 1086 unguentum

973 1097 1105 1125 hauriunt
1117 1100 1145 1124 et
1163 1097 1323 1124 nullatenus
1347 1097 1469 1124 colorem
1495 1097 1637 1132 sanguinis
1660 1097 1765 1125 immuo

974 1147 1043 1171 tant.
1060 1143 1196 1171 Praeterea
1212 1143 1295 1170 etiam
1312 1143 1488 1170 alumnorum
1515 1143 1716 1175 venerabilium
1735 1147 1765 1171 et

974 1190 1094 1216 filiorum
1106 1189 1167 1223 ejus
1185 1189 1283 1216 insulae.
1297 1188 1481 1223 septenarius,
1502 1197 1565 1216 cum
1579 1189 1674 1216 multis
1689 1189 1763 1221 aliis,

974 1236 1116 1270 sepultura
1128 1239 1307 1262 consecratus
1323 1239 1376 1266 est.
1391 1235 1439 1270 qui
1468 1235 1610 1262 interfecti
1636 1239 1700 1263 sunt
1715 1242 1765 1270 pro

974 1282 1028 1309 ﬁde
1041 1282 1068 1308 in
1084 1280 1225 1309 Christum
1240 1281 1395 1308 indubitata
1413 1285 1441 1308 et
1453 1289 1521 1316 pura

1011 1325 1045 1352 Et
1056 1333 1122 1352 sane
1137 1325 1172 1352 ab
1185 1325 1232 1352 illo
1249 1329 1373 1359 tempore
1397 1325 1563 1352 mansissent
1576 1324 1604 1351 in
1628 1328 1765 1359 potestate

975 1371 1163 1407 Agarenorum
1179 1371 1286 1403 insulae,
1303 1371 1356 1398 nisi
1381 1370 1534 1406 imperator
1551 1370 1668 1397 Michael
1682 1371 1765 1396 Amo-

975 1417 1075 1445 riensis
1090 1422 1234 1453 tantopere
1265 1417 1420 1445 studuisset
1442 1424 1490 1445 eas
1513 1417 1642 1444 liberare.
1671 1416 1766 1451 Itaque

976 1471 1039 1492 cum
1056 1467 1130 1491 esset
1142 1463 1253 1491 assidue
1269 1463 1415 1495 sollicitus,
1433 1463 1548 1490 Cratero
1572 1461 1701 1497 praefecto
1713 1461 1768 1498 Cy-

975 1511 1154 1538 bereotarum
1165 1509 1297 1545 praecepit
1311 1513 1342 1536 ut
1350 1517 1447 1537 omnes
1460 1517 1528 1544 quas
1545 1508 1596 1536 sub
1607 1516 1637 1536 se
1646 1508 1767 1536 haberet

976 1565 1060 1585 naves
1070 1557 1222 1585 instrueret
1235 1561 1263 1584 et
1279 1557 1307 1583 in
1321 1556 1431 1584 Cretam
1447 1556 1668 1591 proﬁcisceretur
1682 1559 1767 1590 atque

137 1604 240 1639 σπουδῇ
266 1603 342 1640 πάσῃ
367 1605 431 1636 τοὺς
453 1603 555 1639 ταύτης
583 1605 729 1639 οἰκήτορας
749 1603 925 1638 Σαρακηνοὺς

976 1604 1051 1632 omni
1063 1603 1156 1631 studio
1170 1603 1323 1631 Saracenos
1347 1610 1408 1630 eam
1424 1602 1612 1630 inhabitantes
1638 1601 1769 1629 extermi-

136 1650 298 1685 ὀλοθρεΰσαι
315 1650 382 1685 (19).
399 1651 446 1681 Ὃς
462 1651 553 1676 ὲκεῖσε
564 1650 786 1685 παραγενόμενος
800 1650 848 1676 σὺν
861 1658 927 1676 ναυ-

139 1698 182 1724 σὶν
195 1697 218 1724 ο’
230 1698 290 1724 κατ’
305 1696 395 1723 αὐτῶν
416 1696 534 1731 πόλεμον
557 1693 624 1731 ἦρεν
644 1695 674 1729 ἐξ
698 1695 832 1730 ἀνατολῆς
851 1695 928 1731 ήλίου

140 1743 221 1778 μέχρι
237 1743 287 1777 τῆς
302 1742 406 1774 δύσεως
422 1742 490 1777 (20).
514 1742 591 1769 xui.“
606 1742 676 1768 κατὰ
696 1742 823 1769 τοσοῦτον
838 1742 929 1769 αὐτῶν

137 1789 298 1823 ἐκυρίευσεν
326 1788 396 1815 ὥστε
423 1789 527 1820 πάντας
558 1790 606 1816 καὶ
643 1789 804 1824 ἀναιρήσειν
834 1789 929 1824 βεϐού-

137 1834 205 1869 λητο
224 1834 292 1870 (21).
314 1834 394 1861 ’Δλλὰ
415 1834 497 1862 κακοὶ
517 1834 634 1869 ἀρχηγοὶ
649 1834 774 1865 συνόντες
794 1834 867 1868 αὑτῷ
880 1835 930 1861 οὐκ

140 1879 278 1911 εὐϐούλως
293 1880 451 1906 ἀνέστειλαν
467 1880 623 1914 εἰρηκότες·
643 1888 652 1905 ι
673 1880 768 1913 Ἡμεῖς
783 1887 816 1912 γε
826 1879 931 1910 πάντας

140 1925 339 1957 ὑποπιέσαντες
353 1925 420 1960 (22),
437 1925 487 1952 οὐκ
499 1925 539 1951 ἔτι
555 1925 663 1956 πάντως
677 1921 750 1951 οὗτοι
766 1925 931 1960 τολμήσειαν

139 1972 189 2001 τοῦ
203 1972 297 1999 λοιποῦ
313 1973 381 2007 πρὸς
395 1972 468 2007 ἡμᾶς
485 1971 692 2003 ἀντιτάξασθαι.
713 1971 789 2006 νΗὸη
805 1973 863 2004 νὺξ
885 1980 931 1998 τε-

139 2018 234 2050 λέθει,
253 2019 324 2045 κατὰ.
347 2018 393 2044 τὸν
407 2018 540 2053 ποιητὴν,
572 2017 687 2052 ἀγαθὸν
710 2017 759 2044 καὶ
778 2018 865 2045 νυκτί
881 2026 929 2045 πι-

142 2063 248 2091 θέσθαι
260 2063 281 2079 ⁹¹
300 2063 367 2097 (25).
384 2063 580 2097 Δυσπεφόρηκε
603 2063 657 2098 γὰρ
672 2063 686 2089 6
708 2062 783 2095 λαός.
800 2064 928 2098 ’Ἄγωμεν

143 2110 184 2138 εἰς
197 2108 246 2140 τὰς
259 2108 396 2143 ἡμετέρας
414 2108 525 2143 σκηνὰς,
539 2108 586 2134 καὶ
599 2108 707 2142 πρωῒας
720 2109 930 2144 ὲπιλαμπούσης

142 2154 305 2190 “quaeea
326 2155 373 2180 καὶ
389 2154 570 2189 κατάσχωμεν
587 2153 695 2185 αὐτούς.
713 2163 722 2180 ι
746 2154 802 2180 Καὶ
824 2154 856 2188 δὴ
873 2155 930 2186 τοῖς

975 1653 1065 1678 naret.
1083 1649 1138 1685 5.9
1149 1649 1199 1682 Qui
1217 1653 1363 1684 postquam
1382 1655 1415 1676 eo
1427 1648 1598 1683 pervenisset
1620 1655 1682 1675 cum
1706 1655 1770 1682 sep-

977 1696 1099 1730 tuaginta
1113 1696 1242 1728 navibus,
1258 1702 1320 1722 cum
1335 1695 1389 1735 illis
1403 1695 1476 1722 bello
1491 1694 1616 1721 conﬂixit
1637 1693 1672 1721 ab
1697 1697 1762 1720 ortu

977 1743 1042 1771 solis
1057 1742 1089 1770 ad
1106 1749 1244 1773 occasum,
1262 1742 1461 1776 superavitque
1476 1740 1546 1768 adeo
1561 1745 1591 1767 ut
1608 1747 1707 1767 omnes
1722 1740 1768 1767 in-

979 1790 1105 1816 terlicere
1119 1789 1261 1824 cogitaret.
1291 1788 1345 1816 Sed
1376 1788 1467 1823 ignavi
1492 1787 1588 1819 duces,
1617 1787 1666 1822 qui
1690 1788 1770 1814 erant

979 1835 1053 1869 apud
1069 1835 1171 1870 ipsum,
1188 1835 1310 1870 pessimo
1334 1835 1451 1862 consilio
1473 1838 1668 1869 represserunt
1693 1841 1769 1864 eum.

980 1880 1127 1907 dicentes:
1146 1890 1155 1906 ‹
1173 1880 1242 1908 Cum
1257 1889 1308 1908 nos
1328 1881 1475 1908 universos
1496 1880 1559 1907 illos
1578 1880 1645 1907 satis
1666 1879 1770 1916 alliixe-

979 1926 1076 1958 rimus,
1091 1927 1163 1953 haud
1177 1926 1295 1961 amplius
1313 1926 1454 1953 audebunt
1468 1926 1601 1960 deinceps
1626 1925 1685 1952 acie
1701 1932 1770 1952 eon-

982 1971 1060 2007 gredi
1074 1980 1081 1999 :
1097 1971 1129 1998 Et
1140 1972 1200 2006 jam
1215 1980 1266 1998 nox
1283 1971 1391 1998 humida
1404 1971 1468 1998 coelo
1483 1971 1647 2005 Prwcipitat,
1667 1977 1770 1997 secun-

982 2017 1046 2044 dum
1062 2021 1181 2052 poetam.
1208 2017 1370 2052 suadentque
1394 2018 1517 2044 cadentia
1548 2016 1638 2044 sidera
1651 2024 1769 2043 somnos.

983 2064 1146 2099 Indignatur
1168 2064 1241 2092 enim
1269 2064 1396 2099 populus.
1424 2064 1527 2091 Eamus
1540 2063 1567 2090 in
1594 2062 1771 2090 tabernacula

983 2115 1089 2143 nostra,
1103 2115 1130 2138 et
1143 2119 1223 2138 mane
1240 2111 1417 2138 illucescente
1436 2109 1580 2138 veniamus
1606 2117 1709 2144 eosque
1721 2117 1773 2144 op-

985 2158 1146 2192 primamus.
1164 2167 1173 2184 ι
1188 2158 1278 2194 Atque
1293 2158 1336 2185 his
1348 2158 1442 2185 verbis
1457 2158 1590 2193 deceptus
1606 2157 1633 2184 in
1647 2157 1773 2184 taberna-

788 2223 908 2252 νΑιιΙιΕ
931 2225 1137 2256 LECTlONES.

178 2274 202 2290 "
216 2275 271 2301 imo
291 2271 484 2308 ‘Anbxu¢_~:s._
507 2270 533 2308 *ἦ
543 2270 720 2305 πελοπονήσω
732 2269 762 2298 L.
800 2270 823 2287 ”
837 2270 1129 2307 ὅτεσαρακοντάπηχυς
1144 2273 1176 2300 L.
1221 2272 1246 2289 ’θ
1258 2272 1287 2306 δς
1301 2272 1435 2308 γορτύνης
1448 2272 1478 2300 L.
1516 2272 1538 2289 "
1559 2273 1606 2299 καὶ
1621 2277 1685 2300 ante
1702 2269 1774 2298 κατὰ

144 2317 200 2336 οιιι.
213 2309 243 2336 L.
282 2309 304 2325 "
317 2306 459 2335 πειθέσθαι
474 2306 504 2333 L.
527 2306 550 2340 ζ.

718 2362 840 2390 STEPII.
856 2363 1030 2392 BERCLERI
1049 2365 1162 2393 ΝΟΤΑΞ.

144 2422 199 2450 q-ie
216 2412 394 2450 divinandum
405 2412 466 2450 fuit
474 2410 548 2446 quod
561 2409 690 2450 voluerit.
706 2410 809 2450 Nempe
831 2411 929 2450 viden-
947 2413 969 2440 D
985 2412 1047 2438 στοῦ
1060 2412 1119 2450 τότε
1134 2410 1368 2450 μαρτυρησάντων
1381 2411 1434 2450 aut
1441 2409 1494 2436 τῶν
1502 2410 1568 2436 δέκα
1586 2409 1770 2450 inepti-Minya

146 2445 192 2476 t'ur
203 2457 233 2477 se
246 2453 343 2483 sponte
360 2445 523 2483 dedisseﬁea
535 2445 693 2483 conditione
707 2449 736 2472 ut
748 2446 868 2473 liberum
883 2446 932 2474 ha-

145 2485 229 2512 beant
240 2481 402 2510 eiercitium
417 2481 568 2516 religionis.

183 2519 239 2554 (ιῖ)
254 2519 274 2545 1.
289 2526 314 2546 e.
329 2525 452 2554 quorum.
465 2514 525 2554 qua:
541 2520 584 2554 est
605 2514 732 2554 transitio
744 2520 773 2542 et
783 2515 929 2554 conncgio,

146 2550 243 2589 quales
265 2550 346 2581 istius
372 2550 492 2589 hominis
510 2551 600 2589 solent
610 2550 833 2589 esse._obs_cura.
854 2550 929 2589 _li:ec

147 2584 240 2617 autem
257 2593 370 2616 monent
395 2588 487 2615 caeteri
500 2586 641 2613 ordientes
659 2584 838 2612 rebellionem
854 2585 930 2613 Th0<

147 2632 208 2654 nne.
223 2631 294 2658 quos
308 2624 346 2651 ibi
359 2622 498 2650 annotavi.

184 2655 240 2694 (15)
252 2659 289 2686 De
304 2659 346 2686 his
358 2655 569 2694 Aposchapsitijs
581 2655 697 2694 posteris
710 2660 737 2682 et
754 2655 865 2694 iis_qu:e
883 2655 932 2694 di:

148 2690 193 2722 «ιη’
213 2690 301 2728 usque
311 2694 344 2721 ad
356 2690 521 2721 mbntioném
535 2690 629 2726 Cyrilli
643 2690 770 2726 Gortyna:
785 2691 836 2725 Ep.
862 2690 932 2717 nihil

147 2731 240 2758 adhuc
253 2729 354 2756 iuveni.

187 2765 242 2800 (M)
257 2765 296 2791 Ita
312 2763 454 2799 scriptum,
470 2762 540 2790 forte
556 2768 607 2795 pro
624 2761 845 2796 τεσσαράπηχυς,
861 2768 930 2795 qua-

151 2806 217 2828 tuor
235 2800 404 2826 cubitorum.

186 2835 244 2869 (15)
262 2834 341 2862 Cont.
355 2842 382 2869 p.
397 2834 442 2864 48,
455 2833 530 2869 Sym.
548 2833 613 2868 Log.
630 2841 658 2868 p.
671 2831 733 2862 M6,
746 2830 814 2858 Zon.
832 2837 861 2865 p.
882 2830 934 2857 159

149 2871 178 2898 in
192 2868 261 2899 'ﬁnc.
277 2868 361 2897 Ccer
373 2877 400 2904 p.
414 2868 482 2900 51οέ
492 2868 597 2903 paucis.

190 2905 246 2939 (16)
260 2905 340 2932 Cum.
359 2900 386 2939 p".
399 2905 444 2935 48,
459 2900 568 2937 προσέτι
589 2902 652 2939 μὴν
665 2900 756 2939 uili-:60:
786 2901 932 2939 gopoi.__xu‘.

152 2936 429 2974 τὰῲοιαννίήγέρται
445 2936 530 2965 ἄλλων
549 2946 577 2964 τε
590 2936 699 2964 νπολλών
710 2936 763 2963 τῶν
782 2936 852 2972 ὑπὲρ
865 2936 932 2972 Χρι-

987 2444 1144 2482 μαρτύρωιί.
1164 2444 1274 2482 Ᾱιίἱῖἰβ
1296 2446 1340 2473 his
1367 2445 1447 2478 nihil,
1477 2453 1547 2479 quos
1570 2444 1696 2472 viderim.
1721 2445 1775 2471 Αὐ-

984 2480 1034 2517 τῆς
1049 2480 1140 2509 refero
1155 2481 1188 2508 ad
1196 2480 1327 2517 insulam.

1005 2513 1078 2558 _'(l7)
1102 2517 1176 2552 Sym.
1196 2515 1279 2551 L034
1292 2515 1384 2550 ι).Δίλί
1399 2514 1489 2547 initio,
1515 2513 1612 2542 iisdem
1635 2513 1691 2541 fere
1709 2521 1774 2542 ver-

984 2552 1074 2621 ¹,ις-(18)
1087 2586 1154 2613 Ζοῐι.
1168 2594 1194 2620 p.
1210 2586 1272 2617 HO.
1288 2585 1364 2621 Sym.
1382 2585 1449 2621 Log.
1468 2584 1486 2612 l.
1501 2592 1526 2621 c.
1538 2604 1546 2615 .
1564 2585 1611 2621 ubi
1640 2584 1696 2621 τῶν
1722 2585 1774 2610 Κι-

984 2619 1217 2663 ϐιζῤῥαιωῆᾦνᾼίις
1234 2619 1589 2663 ρῑὶοιιῂιςορξίΐίιοορίιιιιιῑε
1599 2619 1775 2655 Κιϐυρραιω-

985 2656 1082 2718 ﬁlivs).
1099 2656 1144 2684 49.
1159 2656 1240 2697 Cedr.
1254 2664 1282 2691 p.
1294 2656 1357 2688 5H,
1374 2656 1583 2690 Κιδυραιωτῶν.
1657 2689 1663 2694 _

994 2726 998 2727 ν
1021 2693 1044 2725 (1
1069 2696 1076 2727 )
1102 2692 1141 2719 Ita
1161 2696 1294 2727 scriptum
1311 2699 1360 2726 per
1384 2690 1540 2718 o.—Cont.
1566 2698 1594 2725 p.
1609 2689 1643 2717 .19
1657 2697 1685 2716 ιιι
1702 2688 1767 2719 line.

985 2726 1066 2755 Cedr.
1083 2734 1110 2761 p.
1130 2727 1192 2757 511,

1022 2761 1078 2795 (20)
1097 2761 1177 2789 Cont.
1194 2769 1220 2796 p.
1236 2760 1281 2793 50,
1295 2760 1377 2788 Cedr.
1392 2768 1420 2796 p.
1436 2760 1500 2788 5H.

1033 2797 1079 2832 21)
1092 2797 1159 2823 Zon.
1176 2804 1205 2832 p.
1224 2796 1285 2832 140.

1034 2829 1078 2864 22)
1097 2829 1264 2859 Nominativi
1278 2839 1329 2866 pro
1343 2831 1471 2867 genitivis
1486 2829 1630 2867 absolutis.

1033 2867 1079 2898 23)
1096 2867 1233 2902 Scriptum
1249 2864 1413 2897 an‘teaiitio
1428 2866 1537 2901 gemino
1551 2864 1704 2892 πειθέσοαι.
1724 2864 1775 2894 Est

987 2907 1078 2931 autem
1095 2909 1191 2931 versus
1203 2902 1326 2930 Homeri.
