2023 3165
141 215 209 248 1057

804 218 877 248 REG
885 218 939 248 ΗΜ
962 218 1035 248 LIB.
1058 218 1114 249 ΙΙΙ.

1702 221 1770 254 1058

137 274 233 306 γένους
259 273 408 308 συνάφειαν
428 273 572 308 πολλαχῶς
589 273 629 305 εὶς
644 272 793 309 πρεσϐείαν
807 273 923 308 ἡκόντωι

981 273 1074 305 batur,
1102 272 1228 307 quamvis
1258 280 1311 300 non
1333 280 1365 300 ex
1394 272 1524 308 legitimis
1550 274 1665 309 nuptiis,
1681 275 1771 311 legato

137 318 346 344 Κωνσταντῐνου
373 319 407 353 τῇ
426 317 513 349 πόλει,
541 318 631 345 ἐκεῖσέ
655 326 687 352 γε
706 318 726 333 ¹¹
750 318 806 353 (66)
821 318 867 344 τὸν
888 319 928 349 εις

136 363 252 399 ζήτησιν
262 364 420 399 εὑρηκέναι,
433 366 457 391 εί
470 366 516 392 καὶ
530 364 567 400 μὴ
579 366 611 391 ὲκ
619 365 743 400 νομίμων
751 364 849 400 γάμων
859 364 927 400 (67),

135 410 195 437 ἀλλ*
210 411 286 446 ὅμως
299 411 465 446 γεννηθέντα
476 411 523 438 τοῦ
543 411 695 446 πρέσϐεως.
715 411 798 438 Ὅθεν
811 419 928 446 παρεισ-

134 456 238 484 δύντων
251 458 318 493 αὐτῇ
335 458 389 484 τῶν
404 458 468 493 περ).
483 458 578 484 τούτου
593 457 814 492 διατεταγμένων
833 457 926 492 κρύφα

135 503 405 539 καταστοχάσασθαι,
421 505 468 531 καὶ
489 504 734 540 ἁναγνωρισάντων
748 504 794 531 τὸν
817 504 926 531 νεανίαν

135 549 320 585 (συγκατῴκει
350 550 404 584 γὰρ
435 551 468 586 τῇ
499 550 617 586 τεκούσῃ
647 551 676 577 ὲν
705 551 765 581 ταῖς
791 551 860 577 κατὰ
876 549 926 586 τὴν

140 595 246 627 Ὀξείαν
261 595 317 630 (68)
333 595 484 631 διατριϐαῖς
495 617 502 628 ,
535 596 562 622 αἳ
586 596 632 622 τοῦ
647 596 801 631 Βοοσπόρου
815 596 862 623 καὶ
877 596 924 623 τοῦ

133 641 233 676 Κέρως
245 640 335 677 Βύζης
349 640 484 677 θυγατρὸς
495 642 549 676 (69)
560 642 696 673 Βύζαντος
705 643 818 677 ἀντικρὺ
828 642 924 669 τούτου

134 688 184 715 καὶ
199 687 301 715 ἄνωθεν
317 688 544 723 καθεστήκασιν),
562 689 611 716 οὐκ
630 690 662 716 ὲκ
680 689 734 716 τῶν
754 690 832 720 ἐκτὸς
844 689 925 725 μόνον

134 733 207 760 κατὰ
223 733 395 768 συμϐεϐηκὸς
411 735 595 769 εἰκασμάτων,
610 734 677 761 ἀλλὰ
699 735 752 770 μὴν
767 735 813 761 καὶ
827 734 857 767 ἐξ
876 735 925 762 αὺ-

133 779 190 806 τῶν
214 779 269 805 τῶν
297 779 468 806 ἐπουσιωδῶν
487 780 656 815 ἰνδαλμάτων
681 782 727 806 καὶ
756 781 861 815 φρενῶν
878 781 925 807 καὶ

132 825 223 860 ψυχῆς
240 824 323 857 ἓξεώς
344 834 373 851 τε
389 825 437 851 καὶ
460 826 655 859 καταστάσεως
671 825 739 858 (70),
757 826 787 852 τὸ
803 825 864 852 κατ’
881 826 926 852 εὑο

133 871 243 905 γένειαν
258 870 398 905 βασιλικόν
410 880 440 898 τε
452 873 498 897 καὶ
515 871 651 907 εὐπρεπὲς
664 871 768 906 συνῳδὰ
783 871 838 906 (71)
854 880 924 906 παρ-

134 916 283 949 ιστώντων,
315 917 363 943 καὶ
378 917 428 952 τῆς
446 917 517 944 κατὰ
531 917 667 951 γειτονίαν
682 917 924 953 ὲπιμαρτυρούσης

981 323 1074 346 tamen
1093 323 1269 354 prognatum.
1283 319 1401 346 Proinde
1416 327 1479 347 cum
1504 320 1574 347 clam
1595 320 1771 356 irrepsissent

978 363 1007 390 in
1023 371 1083 391 eam
1099 363 1134 390 ad
1150 363 1370 399 investigandum
1383 368 1411 391 et
1423 364 1599 399 agnovissent
1609 366 1770 393 adolescen-

977 414 1033 437 tem
1054 410 1207 445 (habitabat
1220 410 1295 437 enim
1312 418 1374 438 cum
1387 411 1520 446 genitriee
1532 411 1560 438 in
1576 410 1629 446 54,
1641 411 1694 438 illis
1708 420 1770 446 qua:

976 461 1041 484 sunt
1056 457 1090 484 ad
1106 456 1201 484 Oxiam
1214 457 1416 491 mansionibus,
1431 465 1492 493 quae
1501 458 1624 493 Bosporo
1637 462 1665 486 et
1677 458 1770 487 Cornu

976 503 1053 539 Byste
1070 503 1133 531 filiai
1154 504 1284 539 Byzontis
1311 512 1327 532 e
1352 504 1464 539 regione
1489 509 1554 532 sunt
1576 504 1646 540 sitat)
1662 512 1716 532 non
1734 513 1770 532 ex

976 549 1098 577 externis
1118 550 1207 577 solum
1224 554 1252 577 et
1268 549 1486 577 accidentalibus
1508 550 1594 581 notis,
1612 550 1660 577 sed
1681 551 1767 578 etiam

975 603 1008 623 ex
1024 596 1079 624 illis
1095 596 1292 624 essentialibus
1314 596 1425 623 indiciis
1439 596 1543 624 mentis
1560 601 1588 624 et
1608 597 1692 624 animi
1718 597 1768 625 lia-

975 642 1106 677 bitusque
1123 646 1151 670 et
1165 642 1332 675 affectionis,
1348 642 1499 670 notabilem
1520 643 1630 678 generis
1647 643 1768 677 regium-

975 696 1029 723 que
1040 688 1169 716 decorem
1182 693 1367 724 congruenter
1379 688 1651 724 repriesentantibus,
1660 689 1768 716 viciniae

974 735 1058 761 etiam
1088 735 1299 762 conversatione
1335 735 1500 762 testificante
1531 734 1570 761 rei
1605 735 1765 766 veritatem,

975 787 1095 814 cumque
1116 779 1149 806 de
1165 787 1198 806 eo
1213 779 1283 806 fama
1299 780 1391 806 statim
1418 779 1500 806 etiam
1517 779 1550 806 ad
1577 779 1767 814 imperatorias

974 833 1057 853 aures
1069 825 1250 860 pervenisset,
1268 826 1358 853 visum
1373 830 1416 853 est
1430 826 1472 852 eis
1490 830 1603 860 propter
1614 825 1685 854 hanc
1701 832 1767 853 cau-

975 878 1033 898 sam
1051 870 1132 906 [etut
1146 870 1362 906 subjicerentur]
1378 875 1409 897 ut
1422 879 1486 898 cuiu
1509 871 1641 902 Romanis
1658 879 1708 906 per
1724 872 1766 898 le-

975 916 1113 951 gationem
1126 924 1193 951 gens
1201 916 1309 944 Persica
1323 921 1428 950 ageret,
1442 921 1471 943 et
1486 920 1516 942 ut
1535 916 1577 943 bis
1594 917 1767 951 subjiceren-

132 963 164 989 τὸ
178 963 276 998 ἀληθὲς
290 963 409 998 ὁμιλίας,
423 963 518 998 ἐπειδὴ
536 963 592 998 (72)
608 963 641 990 τὰ
655 963 714 990 κατ’
729 963 810 989 αὐτὸν
822 963 922 995 εὐθέως

976 967 1021 989 tur
1037 962 1072 990 ad
1093 962 1198 990 fcedera
1223 962 1299 997 pacis
1317 962 1412 990 solida:
1429 967 1576 989 venerunt.
1592 962 1699 995 Quibus
1717 971 1767 990 an-

132 1009 182 1036 καὶ
201 1009 280 1044 μέχρι
293 1009 347 1035 τῶν
372 1009 541 1035 δεσποτικῶν
555 1009 645 1035 ἀκοῶν
659 1008 795 1043 ὲληλῦθει,
810 1009 923 1045 εὐδόκη-

133 1055 184 1081 σάν
198 1063 226 1080 τε
244 1055 264 1069 ”
281 1054 360 1089 χάριν
371 1055 420 1089 τῆς
431 1053 559 1089 τοιαὺτης
570 1063 601 1088 γε
617 1055 743 1090 σκήψεως
757 1054 814 1090 [καὶ
827 1054 923 1082 ὑποτε-

132 1100 232 1136 τάχθαι
247 1101 345 1132 αὐτοὺς
361 1099 429 1136 (75)]
444 1102 498 1132 τοῖς
512 1100 659 1135 Ῥωμαίοις
674 1100 923 1135 ἐπικηρυκεύεσθαι

131 1147 209 1179 ιθνος
226 1147 255 1173 τὸ
270 1147 402 1182 Περσικὸν
415 1146 585 1181 ἀναγκαίως,
608 1147 656 1173 καὶ
673 1147 856 1182 ὑποτετάχθαι
875 1146 924 1173 αὐ-

130 1193 189 1223 τοῖς
215 1193 255 1223 εἰς
282 1191 399 1223 σπονδὰς
413 1189 480 1227 ἧκον
495 1191 638 1226 εἰρηνικῆς
662 1191 831 1226 τελειότητος
855 1191 922 1227 (74).

130 1233 238 1272 Ὦνπερ
255 1237 460 1272 ἠκουτισμὲνων
474 1238 532 1268 τοῖς
545 1238 573 1264 ὲν
591 1237 701 1272 Περσίδι
716 1237 748 1263 εκ
763 1245 792 1263 τε
813 1237 867 1263 τῶν
883 1237 923 1269 εἰς

129 1282 284 1318 ἀποστολὴν
311 1283 505 1318 προσηκόντων
530 1283 577 1309 καὶ
590 1282 645 1310 τῶν
667 1282 711 1309 διὰ
725 1283 771 1309 τὸν
788 1282 923 1316 Θεόφοϐον

129 1327 213 1363 δῆθεν
223 1327 330 1363 βασιλεί
340 1337 372 1362 γε
388 1328 586 1360 συναειούντων
599 1327 620 1343 “
634 1327 701 1363 (75),
710 1326 848 1354 ἀσπαστὸν
863 1327 923 1353 ὲλο-

130 1374 245 1409 γίσαντο
257 1374 308 1408 τῆς
319 1374 424 1405 οἰκείας
438 1374 530 1410 χώρας
543 1373 750 1401 ἀπαναστεῦσαι
775 1372 822 1400 καὶ
835 1381 919 1408 προσ-

129 1421 269 1455 χωρήσειν
285 1419 306 1435 ¹⁸
323 1420 380 1455 (76)
399 1422 431 1455 τῇ
455 1420 596 1455 Ῥωμαῖδι,
623 1420 697 1452 ὅπως
725 1419 773 1446 τοῦ
792 1420 864 1447 κατὰ
876 1419 923 1454 γέ-

79 1478 84 1481 -
129 1472 178 1495 νος
194 1464 216 1480 ¹¹
231 1464 355 1500 ἀρχηγοῦ
383 1464 568 1497 ὲπιτεύξοιντο
591 1465 660 1500 (77),
678 1464 726 1491 καὶ
746 1464 864 1500 μάλιστα
881 1465 922 1491 ὃτι

129 1509 180 1536 καὶ
196 1511 210 1537 ό
225 1511 337 1546 Περσῶν
351 1512 472 1546 ἀρχηγὸς
487 1511 576 1538 Βάϐεκ
589 1511 741 1538 ἀποστάσει
752 1512 785 1547 τῇ
799 1511 867 1546 πρὸς
877 1511 922 1537 τὸν

135 1555 166 1581 Ἀ
172 1557 347 1592 μεραμνουνῆ
354 1558 401 1583 ἐπὶ
411 1557 430 1582 ε’
439 1558 510 1583 ετεσι
520 1556 706 1592 κεκορύφωτο,
716 1554 753 1584 ὧν
765 1556 921 1591 ἁναμεταξὺ

131 1601 256 1636 μέγιστοι
274 1603 388 1638 πόλεμοι
407 1603 611 1638 συμϐεϐηκότες
635 1603 682 1630 καὶ
699 1603 825 1638 ἡττηθεὶς
841 1604 854 1629 ὁ
869 1602 922 1629 Βά-

974 1008 1040 1035 ditis
1054 1008 1083 1035 in
1096 1007 1201 1041 Persia,
1219 1016 1282 1036 cum
1301 1016 1336 1036 ex
1353 1009 1387 1036 iis
1410 1008 1458 1043 qui
1484 1008 1631 1043 legationis
1653 1010 1766 1036 nomine

974 1058 1116 1085 venerant,
1129 1059 1186 1082 tuin
1197 1063 1231 1082 ex
1243 1055 1277 1082 iis
1294 1055 1340 1090 qui
1355 1059 1467 1090 propter
1481 1055 1680 1089 Theophobum
1693 1055 1765 1083 idem

974 1100 1047 1135 quod
1061 1101 1212 1136 imperator
1226 1102 1412 1136 postulabant,
1425 1109 1481 1128 rem
1498 1105 1620 1136 optatam
1632 1107 1767 1137 putarunt

973 1146 1062 1180 patria
1076 1146 1195 1181 migrare
1205 1151 1233 1174 et
1246 1147 1281 1174 ad
1294 1147 1444 1174 Romanam
1455 1147 1588 1177 ditionem
1600 1148 1764 1178 concedere.

973 1195 1004 1217 ut
1018 1191 1127 1225 generis
1145 1192 1212 1226 regii
1226 1192 1325 1219 ducem
1341 1193 1590 1225 nanciscerentur;
1606 1200 1637 1220 ac
1652 1193 1694 1220 vel
1710 1200 1767 1220 nia-

974 1236 1046 1263 xime
1061 1237 1134 1271 quod
1159 1241 1187 1264 et
1210 1238 1356 1265 Persarum
1373 1237 1429 1264 dux
1446 1238 1535 1265 Babec
1551 1238 1706 1266 defectione
1730 1238 1765 1266 ad

974 1280 1209 1309 Ameramnunem
1232 1290 1282 1317 per
1300 1283 1423 1317 quinque
1446 1290 1533 1309 annos
1562 1283 1763 1315 contineretur.

973 1333 1028 1361 quo
1040 1328 1139 1362 spatio.
1150 1335 1212 1355 cum
1229 1328 1346 1356 maxima
1359 1328 1431 1356 bella
1444 1328 1609 1356 accidissent
1619 1330 1764 1365 victusque

973 1373 1071 1401 fuisset
1083 1373 1184 1406 Babec,
1201 1374 1343 1409 ingressus
1364 1374 1417 1402 fuit
1431 1383 1494 1402 cum
1521 1380 1627 1409 septem
1641 1376 1764 1403 millibus

974 1419 1002 1446 in
1019 1420 1171 1447 Romanam
1186 1420 1329 1453 ditionem,
1344 1420 1416 1456 apud
1432 1421 1528 1448 urbem
1543 1421 1662 1456 Sinopen
1686 1422 1764 1450 inve-

974 1465 1079 1500 stigans
1090 1471 1196 1500 patrem
1212 1466 1388 1502 'l‘heophobi.
1406 1466 1478 1501 apud
1499 1467 1598 1494 Persas
1618 1467 1696 1494 valde
1714 1467 1765 1494 ho-

973 1515 1113 1544 noratum,
1128 1511 1261 1539 Romanis
1286 1512 1451 1539 militantem
1466 1520 1472 1538 :
1488 1519 1570 1546 quem
1595 1519 1658 1539 eum
1674 1511 1765 1540 Bahec

973 1557 1126 1585 invenisset
1142 1561 1224 1593 atque
1248 1558 1282 1585 ab
1309 1558 1475 1592 imperatore
1499 1558 1656 1586 securitatis
1681 1557 1763 1586 fidem

974 1603 1136 1638 accepisset,
1162 1610 1223 1630 eam
1239 1603 1284 1631 cui
1306 1608 1423 1638 prmerat
1438 1603 1490 1639 55
1509 1604 1626 1630 militum
1651 1611 1763 1631 manum

128 1647 183 1674 ϐεκ
196 1648 283 1684 εἰσῄει
296 1648 354 1684 (78)
373 1649 403 1674 ἐν
419 1637 536 1684 χιλιάσιν
549 1650 620 1676 ἑπτὰ
646 1649 714 1684 πρὸς
729 1637 778 1684 την
802 1648 923 1683 Ῥωμαῖ-

974 1655 1059 1683 seque
1079 1649 1169 1683 ipsum
1183 1637 1344 1684 imperatori
1359 1650 1488 1685 subjecit.
1507 1650 1593 1678 Porro
1615 1650 1764 1685 imperator

127 1694 184 1729 σιὴν
207 1695 397 1729 ιπικράτειαν,
424 1694 495 1722 κατὰ
518 1694 597 1722 πόλιν
621 1695 747 1730 Σινώπην
769 1694 923 1730 ἀνερευνῶν

127 1741 177 1767 τὸν
190 1740 326 1775 Θεοφόσου
349 1740 467 1776 πατέρα,
488 1741 564 1776 παρὰ
581 1741 700 1776 Πέρσαις
714 1741 784 1768 πάνυ
800 1740 922 1776 τιμώμε-

127 1794 186 1819 νον,
210 1786 355 1822 Ῥωμαίων
382 1787 447 1814 ὅντα
472 1789 528 1819 τοῖς
545 1787 567 1804 ³⁸
591 1787 752 1821 καταλόγοις
764 1795 772 1803 θ
792 1787 822 1814 ὃν
841 1788 854 1814 ὁ
870 1787 923 1813 Βά-

128 1832 181 1859 σεκ
197 1832 252 1868 (79)
268 1833 440 1869 κατειληφὼς
453 1834 555 1869 ἐγγύας
568 1842 598 1860 τε
614 1834 689 1869 παρὰ
700 1833 833 1868 βασιλέως
846 1833 923 1865 δεξά-

130 1887 214 1915 μενος
228 1881 274 1906 τδν
287 1880 334 1906 ὑπ’
349 1879 431 1906 αὐτόν
445 1888 477 1913 γε
492 1880 557 1906 λαδν
575 1880 623 1906 καὶ
650 1879 747 1906 ἑαυτὸν
761 1879 801 1914 τῷ
816 1879 922 1913 βασιλεῖ

128 1926 252 1960 ὑπήκοον
278 1925 413 1953 τέθεικεν.
436 1926 465 1952 '0
480 1926 508 1953 δὲ
527 1925 654 1961 βασιλεὺς
668 1925 796 1959 Θεόφιλος
809 1924 854 1951 τὸν
870 1925 920 1959 μὲν

127 1971 230 2007 εὐγενῆ
245 1970 354 1998 νεανίαν
366 1971 502 2006 Θεόφοϐον
518 1970 714 2006 καταγεραίρει
730 1969 919 2005 πατρικιότητι

972 1693 1144 1729 Theophilus
1157 1702 1323 1732 generosum
1339 1695 1543 1724 adolescentem
1560 1695 1763 1731 Thcophobuni

971 1741 1087 1776 patricia
1114 1741 1248 1776 dignitate
1278 1741 1452 1773 cohonestat,
1479 1749 1659 1777 sororemque
1685 1749 1764 1769 suam

971 1786 997 1814 ei
1012 1787 1041 1813 in
1056 1787 1263 1814 matrimonium
1279 1787 1373 1820 tradit,
1397 1791 1480 1822 atque
1502 1787 1531 1814 in
1544 1786 1683 1814 civitatem
1709 1787 1764 1814 Bo-

973 1839 1082 1859 manam
1096 1837 1222 1868 receptos
1237 1833 1336 1860 Persas
1362 1833 1396 1860 ad
1414 1832 1580 1868 dignitatum
1608 1832 1712 1867 gradus
1736 1837 1765 1859 et

973 1879 1078 1905 militia:
1091 1880 1339 1914 cognationemque
1357 1887 1420 1906 cum
1444 1879 1574 1906 Romanis
1596 1887 1648 1915 per
1670 1878 1765 1905 matri-

974 1924 1065 1951 monia
1084 1924 1184 1960 jungit,
1199 1925 1251 1952 etsi
1277 1925 1477 1961 Theophobum
1507 1924 1678 1952 interfecerit
1704 1927 1765 1959 post

973 1969 1032 1998 hazc
1045 1970 1107 1997 dolo
1120 1971 1350 1998 circumventum.

127 2019 177 2046 καὶ
189 2018 238 2054 τὴν
254 2018 353 2046 ἑαυτοῦ
375 2019 493 2055 ἀδελφὴν
514 2018 603 2054 τούτῳ
619 2017 686 2053 πρὸς
699 2017 789 2054 γάμον
822 2016 964 2044 ἐκδίδωσιν
978 2016 1046 2053 (80),
1068 2017 1108 2053 τῷ
1145 2026 1176 2044 τε
1200 2017 1351 2053 Ῥωμαῖκῷ
1392 2017 1449 2053 (8i)
1479 2017 1657 2052 πολιτευματι
1701 2013 1764 2042 τοὺς

783 2097 901 2127 ἼΑΒΙιΕ
917 2098 1124 2128 LECTIONES.

177 2151 196 2167 "
212 2150 257 2187 γε]
269 2160 299 2178 τε
315 2151 344 2187 [ι.
382 2151 406 2187 ¹ε
418 2150 547 2187 ἐδόκησέν
557 2158 587 2177 τι
598 2149 640 2187 [ιζ
669 2150 693 2166 ’⁸
708 2149 886 2187 συναξιόντων
944 2149 994 2187 _“
1010 2149 1207 2186 προσχωρῆσαι
1228 2149 1346 2185 Symeon
1369 2149 1471 2185 logoth.
1489 2130 1519 2184 p.‘
1536 2148 1589 2176 415
1605 2147 1634 2175 Ι).
1675 2148 1697 2164 ¹⁵
1716 2147 1763 2174 τοῦ

128 2184 299 2221 καταγείους
316 2186 347 2219 L,
361 2186 407 2213 τοῦ
424 2184 496 2213 κατά
511 2186 606 2220 γένους
623 2184 751 2221 Symeon.
783 2186 805 2201 "
823 2186 852 2211 ὲν
870 2186 926 2216 τοῖς
943 2184 974 2213 Β.

719 2252 841 2283 STEPH.
868 2253 1042 2283 BERGLERI
1059 2252 1175 2281 NOTE.

168 2314 223 2348 (66)
241 2314 372 2342 Alienum
389 2314 434 2342 hic
449 2318 492 2341 est
505 2322 546 2341 τε.

166 2349 223 2384 (6⁵1)
243 2349 324 2377 Cedr.
340 2357 367 2384 p.
388 2350 449 2377 5|5.

167 2384 222 2419 (68)
239 2385 301 2419 Ipse
320 2384 372 2420 feci
392 2384 590 2420 parentheseos
602 2384 694 2420 signa.
709 2385 758 2412 Est
773 2389 867 2414 autem
877 2393 922 2419 ea,

127 2420 227 2455 quales
240 2420 344 2454 plures.
362 2419 530 2454 importuna.
543 2433 578 2440 -—
594 2419 674 2448 Coiit.
691 2428 719 2455 p.
736 2421 780 2447 69.

166 2455 222 2488 (69)
235 2455 329 2490 Inepta
345 2455 534 2490 topographia.

167 2490 224 2524 (70)
241 2489 321 2517 Cont.
339 2497 365 2524 p.
384 2491 429 2518 69.

166 2525 224 2560 (7|)
239 2525 278 2552 ita
295 2525 440 2560 scriptum.
452 2530 500 2553 aut
513 2525 587 2559 quod
600 2525 688 2560 magis
707 2529 832 2560 apparet,
858 2534 922 2553 συν-

128 2560 198 2596 ῳδὰ,
215 2560 365 2596 requiritur
383 2566 474 2588 autem
488 2561 580 2596 potius
597 2560 725 2596 συνῳδόν.

171 2568 198 2591 α,
215 2568 365 2622 τειὲιιι-ιιιιι·
383 2568 474 2588 autem
488 2568 580 2596 potius
597 2568 725 2587 συνωοον.

279 2596 355 2631 πειδὴ
368 2611 403 2617 --—
415 2597 498 2632 Περσ.
519 2597 632 2631 ἁναγιιη
642 2573 724 2623 έοηι.
741 2603 769 2631 p.
781 2595 825 2623 69.
840 2595 922 2624 Ccdr.

167 2666 225 2702 (75)
251 2665 372 2694 Turbate
402 2665 527 2701 loquitur
551 2671 581 2702 et
602 2666 741 2702 ambigue.
767 2665 924 2702 [Bergierus

128 2702 217 2729 vertit
240 2706 265 2728 et
287 2705 315 2727 ut
340 2701 533 2736 subjiceremur
547 2701 743 2736 Romanis,per
766 2701 921 2736 legationem

129 2745 209 2773 agere
228 2745 287 2764 cum
304 2741 378 2771 gente
394 2735 528 2773 Persica]
544 2737 639 2764 Potest
651 2735 740 2773 etiam
758 2735 874 2773 intelligi
893 2742 923 2765 ut

130 2772 243 2801 Persica
257 2772 357 2807 legatio
378 2772 466 2805 egerit
486 2772 520 2799 de
546 2772 622 2807 pacis
645 2772 760 2804 findere,
790 2776 821 2799 ut
841 2772 922 2800 Cont.

130 2809 152 2836 l.
172 2815 198 2835 e.
217 2809 309 2842 Itaque
324 2808 394 2834 verti
413 2807 496 2834 etiam
515 2812 624 2842 potest:
640 2808 729 2835 visum
752 2812 794 2835 est
814 2807 866 2835 hae
889 2808 923 2835 de

130 2851 216 2871 causa
231 2843 275 2870 vel
291 2844 439 2874 occasione,
460 2847 489 2869 et
507 2847 538 2870 ut
557 2843 762 2878 subjicerentur
780 2843 922 2876 Romanis,

131 2886 184 2914 per
196 2878 366 2914 legationem
378 2885 458 2912 agere
478 2877 616 2914 Persicam
633 2883 742 2913 gentem
752 2879 922 2907 necessario.

133 2912 276 2948 ltque‘ut
295 2912 509 2948 subjicereiitur.
531 2912 634 2940 foedera
651 2913 725 2948 pacis
741 2914 834 2942 solida:
852 2914 923 2942 inie-

135 2947 211 2983 runt,
227 2953 281 2977 etc.
303 2947 453 2984 ’Δποστολὴ
470 2947 523 2976 erit
536 2956 551 2975 a
561 2947 660 2977 Persis.

1020 2314 1066 2350 ii)
1078 2313 1161 2342 Cont.
1176 2321 1205 2348 p.
1221 2313 1265 2350 io.

1021 2346 1066 2381 75')
1089 2350 1128 2377 Ita
1146 2346 1206 2376 sine
1223 2348 1308 2376 dubio
1316 2348 1414 2376 vitiose
1426 2348 1570 2383 scriptum.
1586 2346 1678 2383 Forte
1703 2354 1765 2383 συν-

973 2381 1122 2417 αξίούντων
1137 2388 1185 2412 aut
1201 2384 1389 2416 συνεξιόντων,
1401 2390 1432 2412 ut
1448 2381 1556 2417 βασιλεῖ
1574 2383 1610 2409 sit
1633 2381 1700 2416 πρὸς
1717 2381 1765 2416 βα-

973 2420 1059 2457 σιλέα,
1080 2420 1153 2457 quod
1173 2419 1300 2457 quamvis
1316 2419 1409 2454 inepte
1433 2419 1593 2450 diceretur,
1614 2420 1705 2451 potest
1725 2421 1765 2442 ta-

972 2462 1035 2482 men
1050 2456 1078 2482 in
1088 2453 1172 2482 'hunc
1183 2453 1297 2482 cadere.

1008 2491 1064 2524 (76)
1077 2489 1157 2518 Cont.
1173 2497 1203 2524 p.
1218 2488 1263 2516 70.
1474 2522 1480 2528 .
1645 2521 1651 2527 '

996 2525 1065 2561 .(77)
1085 2525 1157 2561 Sym.
1176 2524 1244 2561 Log:
1260 2531 1288 2559 p.
1306 2523 1358 2551 416
1373 2523 1447 2556 init.,
1463 2521 1559 2550 iisdem
1575 2521 1667 2550 verbis
1681 2521 1761 2550 Cout.

974 2559 1060 2588 Theo'
1072 2559 1153 2588 hahis
1165 2568 1193 2595 p.
1211 2559 1254 2587 70.
1533 2593 1538 2598 1
1556 2592 1561 2598 1
1585 2592 1590 2598 _

980 2631 988 2632 ί
1011 2569 1069 2632 (78)
1089 2597 1195 2625 Rursus
1215 2593 1400 2622 nominativos
1417 2600 1468 2628 pro
1479 2597 1607 2628 genitivus
1627 2592 1703 2620 absol

1011 2597 1068 2632 (78)
1089 2597 1195 2625 Rursus
1215 2597 1400 2622 nominativos
1417 2600 1468 2628 pro
1479 2597 1607 2628 genitivis
1627 2597 1761 2620 absolute.

973 2631 1055 2660 Cont.
1073 2639 1101 2667 p.
1119 2632 1162 2658 70.
1534 2663 1539 2669 .
1564 2663 1570 2669 '
1728 2663 1734 2669 ι

1091 2665 1263 2708 βεᾳυίτίιυιί
1276 2665 1414 2708 uteie:
1429 2663 1482 2692 Sed
1502 2663 1570 2708 alibi
1582 2684 1598 2708 ,1
1618 2663 1762 2708 tumbam.

973 2699 1066 2729 omisit
1095 2699 1166 2728 hanc
1193 2699 1428 2760 praegositionem.
1451 2715 1485 2720 —
1502 2699 1562 2739 ⁸⁸οη
1582 2700 1598 2725 ὀ
1624 2699 1766 2738 8665a:-

974 2737 1069 2774 ᾐπήκ.
1085 2737 1226 2767 τέθεικεν,
1243 2735 1402 2774 a_yni.__Log.
1417 2743 1446 2770 p.
1465 2733 1529 2764 “6.
1546 2732 1762 2774 iisdem-verbis.

975 2768 1039 2800 ilice
1062 2779 1125 2799 cum
1150 2768 1388 2798 antecedentibus
1401 2768 1429 2797 et
1447 2769 1627 2804 sequentibus
1648 2768 1764 2804 inferius

973 2815 1029 2834 non
1050 2807 1180 2834 videntur
1207 2813 1371 2847 congruere,
1401 2803 1548 2832 traduntur
1571 2807 1661 2830 tamen
1685 2803 1764 2830 etab

974 2843 1037 2870 aliis
1049 2850 1120 2877 quos
1133 2843 1274 2869 annotavi.
1735 2872 1740 2880 _

980 2913 986 2914 ί
1011 2877 1066 2914 (80)
1081 2877 1162 2906 Cont.
1180 2885 1207 2912 p.
1233 2877 1277 2904 70.
1292 2875 1374 2904 Cedr.
1394 2883 1421 2911 p.
1440 2875 1503 2902 524.
1524 2874 1591 2902 Zon.
1609 2882 1637 2910 p.
1666 2874 1716 2902 H7
1734 2881 1763 2901 in

974 2913 1067 2985 ﬂ[)(etlt)
1082 2947 1268 2976 Theodoram.
1278 2946 1376 2982 Georg.
1391 2946 1462 2974 Mon.
1479 2953 1505 2981 p.
1520 2944 1581 2972 5l6.
