2023 3165
123 227 194 261 1089

795 231 932 262 REGUM
958 232 1031 262 LIB.
1056 232 1102 263 ιν.

933 313 980 320 _

1687 232 1754 267 1090

735 387 1029 432 ΒΑΣΙΛΕΙΩΝ
1068 387 1109 433 Δ’
1125 383 1146 400 “

664 481 746 509 ΠΕΡΙ
763 475 907 516 ¹ΜΙΧΚΗΛ
929 482 999 509 ΤΟΥ
1023 482 1202 511 ΘΕΟΦΙΔΟΥ.

690 645 895 692 REGUM
935 646 1049 691 LIB.
1087 647 1152 694 IV

561 744 614 772 DE
641 743 874 779 [MICHAELE
906 741 1148 773 THEOPHILI
1183 742 1308 772 FlLlO.

909 836 945 843 -ιι

148 907 190 935 Τὰ
204 905 233 934 ﬁt
251 903 366 940 πατρῷα
382 902 511 939 σκῆπτρα
525 902 554 930 ὲν
578 900 633 929 ἔτει
647 905 721 938 ,ςτμ’
741 883 810 939 (12),
842 902 906 930 ινδι-

993 901 1047 937 77
1058 900 1213 928 'l’aternum
1236 905 1330 928 autem
1345 899 1493 935 imperium
1506 907 1578 927 anno
1601 901 1696 929 mundi
1713 909 1756 930 se-

111 954 208 982 κτιῶνι
243 951 275 986 ε’,
305 949 434 978 διιθύνειν
457 948 695 985 καταλιμπάνεται
720 948 776 985 (15)
802 949 911 984 Μιχαὴλ

111 1001 163 1028 σὺν
177 1000 262 1036 μητρὶ
280 996 408 1034 Θεοδώρᾳ
424 996 561 1032 θεόφρονι,
582 995 667 1023 αὑτοῦ
683 1004 713 1022 τε
727 996 762 1023 τὰ
778 995 828 1031 τῆς
844 997 907 1023 ὲπι-

110 1046 247 1082 τροπείας
263 1045 277 1072 ὃ
292 1053 322 1071 τε
344 1043 489 1079 πατρίκιος
502 1042 664 1074 Θεόκτιπτος
678 1042 726 1069 καὶ
741 1042 872 1079 Μανουὴλ
896 1043 911 1070 ὁ

110 1092 363 1129 πρωτομάγιστρος
382 1089 506 1126 ἠξίωται,
529 1085 551 1123 ᾧ
569 1089 617 1116 καὶ
632 1088 677 1115 διὰ
691 1088 829 1124 μερίμνης
846 1089 910 1125 ὲνῆν

109 1139 142 1166 τὸ
159 1137 362 1174 φιλοδεσποτεῖν
377 1136 423 1164 καὶ
440 1135 530 1170 λόγοις
545 1134 614 1170 πρὸς
630 1134 710 1161 τοῦτο
726 1134 774 1161 καὶ
791 1134 910 1170 πράξεσι

109 1175 292 1212 διατίθεσθαι.
303 1182 408 1210 Οὐκοῦν
423 1181 506 1215 ἔξεισι
522 1181 593 1208 κατὰ
605 1181 650 1208 τδν
665 1180 831 1216 ἱππόδρομον
841 1180 909 1217 (14),

109 1232 160 1258 καὶ
176 1231 264 1258 πάντα
276 1230 322 1257 τὸν
337 1229 514 1264 ὑπασπιστὴν
527 1227 592 1255 λαδν
618 1228 784 1263 συναγείρας
807 1227 855 1254 καὶ
868 1225 909 1260 οἷς

109 1278 300 1314 πληροφορίαν
317 1277 451 1311 ἐκέκτητο
466 1274 648 1311 στρατιώταις
670 1274 705 1302 τὰ
720 1274 790 1310 πρὸς
815 1274 909 1301 εὐπεί-

108 1325 190 1352 θειαν
211 1322 287 1360 αὐτῷ
309 1322 491 1359 ωντηρῆσαι,
511 1321 656 1358 προοίμιον
677 1319 750 1348 οὕτω
765 1320 812 1348 τοῦ
826 1321 907 1356 λόγου

108 1369 329 1408 προδιατίθησιν·
352 1379 361 1396 ι
375 1368 472 1396 Οίδατε
485 1368 595 1400 πάντες,
611 1364 633 1394 ὦ
647 1366 754 1402 ἄνδρες,
780 1366 861 1393 ὁποῖα
873 1366 907 1393 τὰ

108 1417 182 1453 πρὸς
197 1417 270 1452 ὑμᾶς
283 1415 333 1451 τῆς
353 1415 468 1450 ἀγάπης
484 1414 677 1450 γνωρίσματα,
695 1412 724 1439 ἐν
738 1421 768 1440 τε
788 1412 908 1448 κηδεμοο

107 1462 182 1494 vim;
201 1462 221 1478 ¹¹
236 1462 265 1489 ἓν
281 1470 311 1488 τε
324 1461 504 1497 προστασίαις
517 1460 673 1496 φιλόφροσι,
686 1460 735 1487 σὺν
759 1459 819 1495 ἄμα
842 1458 908 1487 ταύ-

107 1517 171 1539 ταις
183 1507 231 1534 καὶ
246 1507 429 1543 εὐεργεσίαις,
457 1506 520 1542 μηδ’
534 1506 601 1538 ὅλως
616 1505 802 1540 ἐξισταμένων
815 1505 906 1542 ἡμῶν.

107 1554 167 1582 Καὶ
178 1554 222 1581 διὰ
235 1552 315 1581 τοῦτο
328 1553 415 1590 χρεὼν
431 1553 504 1589 ὑμᾶς
536 1553 603 1589 ἡμῖν
627 1552 775 1580 ἀποδοῦναι
792 1552 840 1584 τὰς
858 1553 906 1580 ἀν-

107 1600 267 1638 τιχάριτας,
282 1600 311 1628 ἕν
333 1609 363 1627 τι
380 1600 467 1635 λόγων
483 1599 574 1626 πειθοῖ
589 1599 635 1626 καὶ
649 1599 704 1626 τῶν
727 1599 816 1635 ἔργων
827 1606 834 1614 ·
859 1599 908 1626 καὶ

105 1649 179 1683 ὅπερ
196 1647 252 1682 (15)
269 1647 302 1674 ἃν
318 1647 385 1683 ἡμῖν
413 1646 523 1681 αίρετδν
546 1646 732 1681 διακέκριται,
755 1645 836 1672 τοῦτο
849 1645 908 1672 ἑλέ-

108 1694 176 1721 σθαι
205 1693 395 1726 σπουδάζοιτε,
420 1694 468 1720 καὶ
491 1693 506 1720 δ
528 1692 576 1720 ἐὰν
601 1692 719 1728 ἀρέσκον
735 1691 804 1728 (16),
836 1692 907 1720 κατὰ

107 1740 231 1776 σπουδὴν
245 1740 292 1766 καὶ
303 1739 463 1775 προαίρεσιν
479 1739 510 1766 τὸ
533 1738 659 1771 εὐπειθὲς
676 1738 750 1774 αὐτῷ
763 1739 844 1775 μέχρι
860 1739 908 1766 καὶ

106 1785 236 1813 κινδύνου
252 1784 352 1818 παντὸς
363 1785 560 1818 ἐπιδείξασθαι.
579 1794 589 1811 ›
608 1785 720 1818 Τούτοις
747 1783 794 1812 οὗν
807 1786 907 1818 αὐτοὺς

106 1831 282 1867 παραινέσας
301 1830 368 1867 (17),
398 1832 573 1867 παραχρῆμα
591 1832 712 1864 ἅπαντες
725 1831 760 1858 τὰ
773 1832 823 1867 τῆς
838 1832 906 1866 ἀρε-

107 1878 206 1910 σκείας
221 1876 296 1913 αὐτῷ
310 1877 359 1904 καὶ
376 1877 500 1912 ὑπακοῆς
515 1877 549 1904 δι’
567 1879 657 1912 ὅρκων
674 1877 780 1912 συχνῶν
793 1876 907 1912 παρετί-

106 1925 190 1952 θεντο
199 1932 206 1938 ·
217 1923 370 1958 ὴλπίκεσαν
385 1923 438 1959 γὰρ
455 1923 527 1950 κατὰ
540 1923 602 1950 νοῦν
612 1923 704 1959 δρεξιν
714 1922 786 1959 ἔχειν
797 1923 846 1958 τῆς
858 1922 907 1958 βα-

106 1969 216 2000 σιλείας
229 1968 275 1995 τὸν
292 1968 420 2004 Μανουὴλ
435 1968 483 1995 καὶ
496 1968 540 1996 διὰ
564 1968 645 1996 τοῦτο
657 1967 770 1996 τοιαῦτα
802 1976 906 1996 κατεπ-

106 2018 186 2054 ᾲδειν
214 2016 304 2046 αὐτῶν
320 2016 352 2050 η,
367 2017 392 2043 εἰ
406 2015 454 2043 καὶ
481 2016 515 2044 τὰ
542 2016 692 2044 ὑπεναντία
705 2015 811 2048 τούτοις
839 2015 906 2052 παρ’

106 2062 193 2091 αὑτοῦ
209 2062 378 2099 διηγόρευτο.
399 2062 561 2099 Ἐκεκράγει
575 2062 630 2099 γὰρ
644 2063 795 2099 διαρρήδην
805 2071 813 2079 ·
832 2063 906 2090 «Μι-

106 2109 181 2146 χαήλ
194 2119 223 2137 τε
239 2109 285 2136 καὶ
301 2109 441 2147 Θεοδὼρας
456 2109 492 2137 τὰ
515 2110 563 2146 ἐτη
580 2110 648 2146 πρὸς
672 2110 799 2138 πλεῖστον
827 2109 906 2138 6656-

107 2164 194 2183 octsv.
206 2165 215 2182 ι
250 2155 293 2188 ἀς
307 2156 335 2182 δὲ
349 2156 450 2192 ταύτης
463 2157 514 2192 τῆς
527 2157 707 2194 ἀναρρήσεως
734 2156 904 2194 διενὴχηντο,

107 2202 288 2238 ἐπλήσθησαν
310 2202 430 2238 ἀθυμίας
444 2204 493 2230 καὶ
515 2203 675 2236 πολυειδοῦς
698 2205 906 2240 ἐνεφορήθησαν

107 2249 238 2285 θλίψεως,
251 2249 308 2276 ἀλλ’
320 2250 395 2285 ὅμως
405 2250 436 2277 τὸ
448 2251 604 2287 προσταγὲν
614 2251 781 2288 ἐξεπλήρουν
790 2259 797 2266 ·
812 2251 861 2279 κα).
873 2252 907 2279 τὰ
920 2256 942 2286 c

106 2297 159 2332 τῆς
172 2296 422 2332 αὐτοκρατορίας-⁸³
437 2296 642 2332 διετετράνωτο.

144 2343 202 2370 και
215 2342 249 2370 τὰ
263 2343 313 2378 τῆς
326 2343 482 2379 ὀρθοδοξίας
494 2344 717 2372 ἀνακαλύπτεται
735 2344 791 2382 (18)
808 2346 905 2382 καιροῦ

107 2388 249 2424 λαϐόμενα
259 2389 376 2423 εὐαγοῦς
388 2390 436 2417 καὶ
449 2390 588 2425 Θεοφιλίας
605 2391 710 2427 ἀνδρῶν
721 2392 906 2428 εὺπροθέτων,

108 2435 160 2470 τῆς
172 2435 311 2471 στυγητῆς
329 2435 464 2471 αἱρέσεως
480 2435 536 2463 τῶν
544 2437 732 2473 είκονομάχων
747 2437 804 2475 (19)
814 2438 908 2466 διασυε

67 2485 73 2491 ·
110 2481 206 2518 ρείσης
219 2481 274 2509 ἀπὸ
286 2482 425 2518 βασιλείας
435 2482 551 2515 Λέοντος
559 2483 607 2511 τοῦ
624 2484 809 2520 Ἀμαληκίτου
826 2485 907 2521 μέχρι

107 2528 214 2563 χρόνων
237 2527 293 2565 (20)
319 2527 352 2556 λ’.
367 2529 478 2564 Εῐχοντο
492 2529 521 2556 δὲ
546 2529 595 2557 τοῦ
613 2530 708 2563 εὐθέος
722 2531 825 2559 σκοποῦ
849 2533 863 2559 ὅ
874 2541 904 2560 τε

108 2573 282 2608 θεόκτιστος,
301 2574 388 2608 ἄλλως
401 2584 431 2602 τε
444 2576 491 2603 καὶ
506 2575 587 2609 αὐτὸς
601 2577 741 2613 Μανουὴλ,
761 2580 785 2605 εί
801 2580 850 2607 καὶ
859 2580 905 2609 διὰ

962 948 1023 975 xies
1046 947 1196 975 millesimo
1211 947 1406 975 trecentesimo
1434 946 1656 982 quadragesimo,
1682 948 1756 976 indiv

963 994 1054 1022 ctione
1074 993 1182 1029 quinta,
1201 992 1414 1029 gubernandum
1437 992 1606 1028 relinquitur
1627 993 1754 1022 Michaeli

961 1040 1099 1076 matrique
1117 1040 1139 1067 Τ
1142 1039 1271 1067 heodorzc
1286 1039 1338 1074 pia:
1352 1046 1384 1067 ac
1401 1038 1487 1072 ﬁdeli,
1506 1039 1650 1074 ipsiusque
1669 1040 1755 1068 tutela

961 1086 1078 1122 patricio
1103 1086 1266 1114 Theoctisto
1292 1090 1320 1112 et
1349 1085 1469 1113 Manueli
1505 1085 1596 1120 primo
1623 1085 1755 1121 magistro

962 1131 1119 1159 commissa.
1136 1130 1188 1159 Cui
1203 1130 1322 1157 Manueli
1336 1134 1365 1158 et
1388 1137 1462 1158 curae
1475 1135 1536 1158 erat
1562 1134 1592 1157 ut
1611 1129 1755 1159 dominum

961 1178 1101 1214 diligeret,
1116 1182 1144 1206 et
1162 1177 1256 1205 verbis
1269 1177 1404 1212 factisque
1417 1177 1452 1204 ad
1475 1184 1535 1204 eam
1551 1184 1610 1204 rem
1630 1185 1659 1204 se
1680 1185 1756 1205 com-

960 1228 1086 1261 poneret.
1105 1224 1199 1259 ltaque
1214 1223 1393 1259 progreditur
1407 1222 1435 1250 in
1455 1222 1573 1255 circum,
1587 1223 1754 1258 cunctisque

961 1270 1126 1299 ‘satellitibus
1141 1269 1301 1298 convocatis
1311 1273 1339 1296 et
1350 1268 1486 1296 militibus
1497 1269 1525 1296 in
1538 1276 1608 1304 quos
1625 1268 1753 1297 ﬁduciam

960 1317 1089 1349 habebat,
1109 1315 1192 1344 ﬁdem
1210 1319 1239 1343 et
1261 1314 1451 1343 obedientiam
1476 1322 1541 1350 ergo
1559 1322 1623 1342 eum
1640 1318 1754 1342 conser-

960 1368 1084 1396 vaturos,
1096 1361 1233 1399 ejusmodi
1248 1361 1404 1389 orationem
1427 1361 1554 1389 orditur:
1572 1370 1581 1386 ι
1599 1360 1680 1388 Scitis
1696 1368 1755 1388 om-

959 1417 1020 1443 nes,
1038 1417 1056 1437 o
1072 1409 1137 1442 viri,
1154 1408 1246 1444 qualia
1259 1407 1346 1435 nostri
1362 1414 1426 1442 erga
1450 1414 1500 1435 vos
1519 1406 1622 1434 amoris
1646 1410 1755 1434 exstent

959 1455 1136 1488 documenta,
1151 1455 1217 1482 dum
1233 1454 1262 1481 in
1278 1461 1343 1481 cura
1360 1461 1411 1488 pro
1425 1452 1504 1480 vobis
1518 1452 1639 1488 gerenda
1660 1456 1688 1480 et
1703 1460 1753 1488 pa-

961 1501 1072 1530 trocinii
1094 1502 1149 1537 78
1165 1500 1296 1529 comitate
1313 1507 1376 1528 cum
1400 1499 1583 1528 beneﬁcentia
1608 1499 1755 1534 conjuncta

960 1549 1122 1584 neutiquam
1143 1547 1234 1576 cilicio
1252 1547 1395 1575 desumus.
1418 1546 1595 1582 Quapropter
1609 1546 1691 1574 decet
1705 1554 1755 1574 vos

922 1581 946 1611 Β
959 1595 1041 1622 nobis
1049 1581 1157 1622 referre
1169 1593 1298 1629 gratiam,
1314 1593 1453 1621 dictorum
1479 1581 1508 1620 et
1531 1592 1667 1620 factorum
1685 1592 1754 1620 obe-

960 1641 1064 1669 dientia
1077 1649 1084 1668 :
1105 1644 1188 1676 atque
1200 1639 1273 1676 quod
1288 1643 1383 1667 nostra
1392 1638 1499 1675 judicio
1512 1638 1643 1673 placitum
1658 1636 1753 1670 fuerit,

960 1688 1013 1716 hoc
1024 1687 1107 1715 facite
1122 1687 1201 1714 vobis
1218 1687 1335 1722 placeat,
1352 1685 1510 1722 placitoque
1522 1684 1646 1713 studiose
1666 1687 1694 1712 et
1706 1691 1755 1711 νο-

959 1734 1050 1762 lenter
1066 1733 1267 1766 obedientiam,
1289 1734 1374 1761 etiam
1393 1731 1510 1768 periculi
1528 1735 1609 1759 tenus
1622 1730 1754 1767 cujusvis.

959 1780 1167 1809 accommodate
1181 1784 1209 1808 et
1225 1780 1374 1809 ostendite.
1393 1789 1403 1806 ι
1416 1779 1465 1808 llis
1479 1787 1543 1808 cum
1560 1785 1609 1808 eos
1625 1778 1756 1807 adhorta-

958 1831 1004 1855 tus
1034 1827 1143 1861 fuisset,
1161 1827 1255 1856 statim
1280 1834 1379 1855 omnes
1400 1830 1556 1862 promptam
1578 1833 1643 1861 ergo
1664 1825 1755 1861 ipsum

958 1874 1129 1901 voluntatem
1153 1879 1182 1902 et
1206 1873 1395 1902 obedientiam
1409 1873 1556 1908 multiplici
1573 1871 1755 1908 jurejurando

959 1919 1120 1947 detulerunt
1133 1928 1140 1946 :
1154 1919 1291 1955 putabant
1303 1919 1379 1947 enim
1400 1926 1465 1947 eum
1490 1919 1519 1946 in
1539 1919 1631 1947 animo
1651 1918 1754 1947 habere

959 1966 1163 1994 an‘ectationem
1174 1965 1295 2002 imperii,
1311 1973 1343 1994 ac
1358 1969 1507 2001 propterea
1523 1965 1587 1993 talia
1600 1965 1753 1994 incantare.

959 2011 1014 2040 Sed
1041 2012 1211 2040 contrarium
1230 2011 1299 2047 iipse
1327 2011 1462 2039 indicavit
1484 2020 1491 2038 :
1520 2011 1650 2039 clamavit
1678 2011 1753 2039 enim

959 2058 1032 2086 clara
1041 2066 1109 2086 voce
1122 2067 1128 2085 :
1143 2068 1152 2084 ι
1167 2057 1308 2086 Michaelis
1316 2062 1344 2086 et
1352 2057 1505 2085 Theodore
1513 2057 1579 2084 anui
1593 2057 1753 2093 longissime

957 2104 1111 2140 procedant
1125 2113 1133 2132 :
1148 2114 1157 2131 ›
1178 2112 1259 2140 quam
1271 2103 1497 2132 acclamationem
1511 2108 1541 2131 ut
1556 2108 1752 2139 perceperunt,

958 2152 1070 2180 tristitia
1084 2152 1183 2187 repleti
1196 2157 1261 2180 sunt
1279 2152 1411 2187 variaque
1426 2151 1566 2179 anxietate
1581 2151 1686 2184 satiati.
1702 2152 1752 2179 sed

959 2202 1050 2226 tamen
1064 2198 1215 2233 iussionem
1228 2197 1417 2233 impleverunt
1429 2205 1436 2225 :
1453 2202 1541 2234 atque.
1554 2197 1663 2233 imperii
1688 2197 1751 2226 initi

960 2243 1031 2271 ratio
1048 2243 1120 2271 fama
1136 2243 1342 2280 divulgabatur.

992 2356 1083 2392 Atque
1114 2357 1268 2386 orthodoxa
1301 2357 1371 2386 ﬁdes
1400 2359 1551 2393 revelatur,
1576 2361 1751 2390 occasionem

955 2406 1037 2429 nacta
1049 2403 1121 2438 piam
1137 2409 1165 2431 ct
1186 2403 1311 2431 virorum
1326 2404 1429 2432 bonum
1457 2403 1629 2441 propositum
1646 2407 1754 2436 haben-

957 2447 1026 2476 tium
1041 2449 1199 2484 religiosum
1213 2449 1355 2484 allectum,
1370 2458 1434 2479 cum
1447 2451 1622 2480 detestabilis
1638 2453 1753 2483 haeresis

957 2494 1092 2530 imagines
1123 2496 1343 2531 oppugnantium
1371 2497 1491 2525 deducta
1506 2498 1605 2526 fuisset
1628 2499 1694 2528 inde
1717 2501 1752 2529 ab

957 2539 1076 2575 imperio
1089 2540 1191 2569 Leonis
1206 2542 1281 2570 illius
1298 2543 1456 2573 Amalecita:
1470 2544 1505 2573 ad
1521 2546 1691 2583 trigesimum
1704 2556 1754 2576 an-

958 2593 1037 2614 num.
1067 2586 1212 2616 Tenebant
1241 2592 1335 2617 autem
1367 2590 1421 2619 hoc
1460 2596 1568 2620 rectum
1606 2594 1752 2624 consilium

753 2625 869 2655 VARLE
890 2628 1095 2661 LECTIONES.

148 2667 167 2682 “
180 2667 331 2695 Βασιλειῶν
349 2668 370 2695 δ’
386 2674 442 2696 om.
460 2668 495 2696 L.
534 2669 557 2686 "
576 2670 772 2706 κηδεμονείαις
784 2673 816 2701 L.
856 2675 880 2693 ¹⁸
892 2676 994 2714 αὐτῶν]
1009 2678 1091 2712 αῷτὺν
1103 2679 1136 2708 L;
1175 2681 1196 2697 “
1215 2682 1368 2718 θεοφιλείας
1381 2683 1414 2712 L.

709 2719 832 2750 STEPH.
846 2722 1020 2754 BERGLERI
1035 2727 1153 2757 ΝΟΤᾸΕ.

220 2762 378 2805 Sym..,_l.og.
393 2772 420 2799 β.
434 2764 499 2799 428,
512 2765 596 2794 habet
608 2766 703 2799 ,ςτλε¹.
717 2767 817 2805 Georg.
828 2769 903 2799 Mon.

111 2805 140 2832 ρ.
153 2797 232 2834 δεδι
239 2797 333 2834 [ςτλοι.

111 2867 140 2895 in
149 2832 209 2896 (ἐξὲξ
218 2832 300 2868 cont.
317 2835 378 2863 init.
396 2835 445 2863 lib.
457 2844 495 2863 tv.
505 2836 588 2865 Cedr.
601 2845 629 2873 p.
641 2838 703 2867 533.
716 2838 785 2868 Zon.
798 2848 827 2876 p.
839 2841 902 2876 142,

149 2904 203 2939 (14)
219 2903 302 2933 Gedr.
315 2913 341 2939 p.
355 2906 417 2938 553,
431 2907 459 2934 in
475 2907 541 2936 ﬁne.

161 2938 202 2971 l5)
219 2940 285 2968 Mire
297 2938 430 2974 loquitur.

163 2976 204 3011 l6)
222 2975 262 3004 Ita
286 2975 344 3004 lucc
367 2977 479 3013 scripta,
503 2987 559 3008 non
582 2981 629 3008 καὶ
646 2983 660 3010 δ
678 2983 727 3012 ἐὰν
741 2983 860 3021 ἀρέσκον
873 2982 903 3023 ᾗ,

959 2777 1049 2816 potest
1066 2779 1158 2816 tamen
1175 2778 1231 2805 ἀπὸ
1244 2780 1335 2816 κοινοῦ
1349 2780 1421 2808 sumi
1435 2780 1573 2816 κέκριται.

995 2810 1052 2851 (η)
1066 2811 1175 2851 Bursus
1185 2814 1373 2843 nominativus
1390 2823 1440 2851 pro
1454 2810 1540 2851 ge'nit.
1556 2817 1696 2846 absoluto.

996 2846 1214 2890 (ly-sacrarum
1250 2846 1402 2888 imaginum
1437 2846 1530 2880 cultus
1569 2852 1751 2884 instauratur.

957 2880 1047 2911 Com;
1056 2882 1118 2912 init.
1135 2884 1185 2912 lib.
1198 2892 1235 2914 Iv.

1007 2918 1053 2955 19)
1066 2918 1149 2955 βοᾶν.
1167 2928 1194 2955 p.
1212 2921 1275 2949 554.

1006 2953 1051 2983 iol
1065 2954 1086 2984 ἰ.
1099 2963 1125 2984 e.
1140 2953 1220 2992 nev,
1238 2961 1268 2986 ut
1284 2964 1368 2994 supra
1386 2958 1435 2989 lib.
1453 2967 1472 2994 ι,
1490 2963 1560 2989 extr.
1572 2959 1680 2990 Bonus.
