2023 3165
163 222 233 256 1109

830 226 967 259 REGUM
990 229 1064 260 LIB.
1078 230 1128 261 IV.

1717 233 1786 267 1111)

161 289 205 306 νον
238 281 388 316 Κελλάριον
408 280 489 317 (60).
514 281 544 308 ’0
574 281 603 309 δὲ
629 283 717 319 Ἀμερ
755 286 944 320 στρατηγικῶς

998 286 1069 314 rium
1082 287 1166 315 dicto.
1190 284 1325 315 Caeterum
1341 288 1434 323 Amer,
1450 289 1549 317 astutia
1558 291 1673 325 quadam
1689 293 1787 323 bellica

160 326 435 361 παρεκΰατικώτερον
446 326 557 354 διελθὼν
568 327 618 363 τῆς
633 329 793 365 ἀπαγούσης
808 330 868 357 ὁδοῦ
880 331 948 367 πρὸς

160 369 209 405 τὴν
225 370 341 398 Ζέλισαν
357 371 423 407 (61),
437 370 519 406 ἀπῄει
533 372 601 407 πρὸς
614 372 645 399 τδ
655 373 804 410 Χωνάριον,
821 375 850 400 ἐν
861 375 948 412 τούτῳ

160 423 190 442 τε
205 416 322 452 πόλεμον
342 417 411 453 πρὸς
431 416 584 453 Ῥωμαίους
601 418 750 454 ἀράμενος,
764 420 864 448 αὐτίκα
881 421 948 457 πρὸς

160 462 244 489 αὑτοῦ
256 463 405 498 τροποῢται
417 464 431 490 ὁ
447 464 574 499 βασιλεὺς
588 465 736 499 φυγαδείας
751 466 948 503 ἐπιλαϐόμενος

162 507 258 542 μιλίων
274 509 326 540 ἕως
343 509 382 542 ἓξ.
403 509 543 536 Ἐντεῦθεν
556 510 602 537 τοῦ
619 511 719 547 δρόμου
731 512 785 539 τῶν
801 513 948 548 βασιλικῶν

161 553 252 580 ἶππων
264 554 345 590 ἀτονη
351 555 455 582 σάντων
466 556 513 583 καὶ
526 555 574 583 τοῦ
585 557 859 594 συμφυγαδευομένου
871 559 946 594 λαοῦ,

160 600 207 627 καὶ
227 600 343 635 μάλιστα
363 601 406 629 διὰ
427 602 457 628 τὸ
479 604 607 639 παρεῖναι
630 604 799 641 δυσφόρητον
816 606 948 634 καύσετον

158 640 191 672 ἐκ
205 646 255 682 τῆς
271 648 399 683 καιρικῆς
419 649 565 688 διαθέσεως
583 650 650 687 (62),
668 651 836 684 λυσιτελείας
850 653 948 688 ἡγοῦν-

158 700 204 719 ται
220 694 321 720 σκοπὸν
335 695 536 731 ἀναϐεϐηκέναι
556 696 612 732 (65)
631 698 699 734 πρός
712 706 738 725 τι
754 698 817 735 ὅρος
834 700 948 735 πέτραις

159 738 289 774 τραχέσιν
303 741 453 768 ἀντίτυπον
464 742 511 770 καὶ
527 743 640 779 παρόδῳ
652 744 794 779 δύσὸατον,
814 745 829 772 ὃ
852 746 948 781 Ἀνζῆς

160 785 381 819 κατωνόμασται.
400 787 484 814 Τοῦτο
510 788 597 824 δήπερ
611 790 625 816 ὁ
640 788 767 824 βασιλεὺς
785 791 948 819 καταλαϐὼν

158 830 345 863 ἐναυλίζεται·
363 833 376 860 ό
388 833 416 860 δὲ
435 835 524 870 Ἀμερ
541 835 668 871 γυρώσας
689 837 770 864 αὑτὸν
787 839 946 874 παρεντιθε-

157 884 200 902 ται
212 876 279 912 (64).
292 878 348 905 Καὶ
362 879 406 906 διὰ
419 881 499 908 τοῦτο
510 881 601 917 μάχης
615 883 735 918 σφοδρᾶς
744 884 776 911 ὲκ
788 884 836 911 τοῦ
852 885 948 920 σύνεγ-

156 929 206 956 γυς
216 923 378 961 ἀμφοτέρων
391 928 636 964 συγκροτηθεὶσης,
653 929 669 965 ἠ
681 929 735 958 τῶν
749 931 879 959 ἐναντίων
888 932 945 968 (65)

157 968 235 1004 ίσχὺς
264 970 314 1005 τῆς
350 971 496 1008 βασιλικῆς
530 974 564 1002 ἂν
594 975 758 1010 περιγέγονε
796 977 945 1013 σοϐαρευο-

157 1015 225 1051 μὲνη
243 1018 432 1053 πανωλεῠρίαν
455 1019 593 1054 (τοσοῦτον
611 1022 665 1058 γὰρ
682 1023 859 1061 ἐκρατύνετο)
876 1025 942 1062 (66),

154 1063 179 1088 εὶ
199 1063 236 1097 μὴ
254 1063 285 1090 ἐκ
300 1072 329 1090 τε
340 1065 387 1092 τοῦ
401 1066 486 1093 τόπου
501 1067 549 1094 καὶ
562 1067 612 1104 τῆς
626 1068 680 1095 τῶν
692 1071 892 1106 συμπαρόντων
905 1073 945 1108 τῷ

154 1107 260 1143 βασιλεῖ
281 1109 489 1148 ἀνδρειόφρονος
512 1113 663 1150 συλλογῆς,
684 1116 776 1152 πολλῷ
795 1117 823 1144 δὲ
844 1107 944 1153 μᾶλλον

155 1155 187 1182 ὲκ
204 1155 256 1190 τῆς
282 1157 339 1184 ἀνω
367 1160 537 1195 συμμαχίας,
564 1161 741 1190 ἀντέπιπτεν.
760 1163 842 1191 Ὅθεν
867 1162 944 1196 οὗτος

156 1202 336 1237 συνεγνωκὼς
351 1203 400 1240 τὴν
422 1205 622 1242 ἀπειλουμένην
648 1208 787 1237 ἀπώλειαν
803 1210 842 1246 τῷ
860 1212 944 1247 μαγι-

155 1257 227 1284 στριμ
240 1249 296 1285 (67)
306 1251 436 1287 Μανουὴλ
451 1252 486 1279 τὰ
499 1255 563 1289 περὶ
578 1255 716 1290 σωτηρίας
727 1257 943 1294 κεκοινολόγητο,

152 1295 266 1322 τοιαῦτα
280 1296 397 1324 εἰπών-ἰ
423 1297 455 1325 Τί
470 1299 590 1334 δρῶμεν,
605 1297 628 1326 ὧ
641 1301 771 1338 Μανουὴλ
784 1303 920 1340 μάγιστρε
933 1313 941 1339 ;

152 1341 329 1379 ἀπολλύμεθα
340 1343 396 1380 γάρ
410 1345 444 1372 ⁵⁸.
460 1354 470 1370 ›
490 1345 546 1372 Καὶ
560 1343 638 1378 οὗτος
654 1347 758 1383 ἀντέφη
771 1349 860 1385 αὐτῷ·
879 1360 889 1376 ι
904 1350 943 1378 Τὰ

155 1387 206 1422 μὲν
219 1389 402 1423 φοινικίζοντα
418 1391 514 1419 πέδιλα
533 1392 599 1427 (68),
614 1392 746 1427 δέσποτα,
765 1394 784 1421 ἆ
795 1395 847 1431 τὴν
868 1396 945 1431 βασι-

152 1433 233 1470 λικὴν
248 1436 427 1471 περιφάνειαν
444 1437 580 1473 δηλοῦσιν,
598 1439 820 1476 ἁπαμφιάσθητι,
837 1442 944 1478 μελαμ-

153 1481 228 1517 ϐαφῆ
243 1482 271 1508 δὲ
286 1482 416 1518 περίϐαλε
432 1484 465 1517 ⁵⁵,
479 1484 610 1517 ὡσαύτως
630 1487 678 1513 καὶ
693 1486 741 1522 τὴν
755 1487 852 1524 λοιπὴν
868 1488 944 1524 βασι-

152 1526 233 1562 λικὴν
256 1529 418 1556 πανοπλίαν.
438 1529 509 1565 Ἐγὼ
532 1531 560 1558 δὲ
583 1531 699 1566 λογάδας
720 1533 825 1569 ἀνδρῶν
837 1537 863 1569 φ’
883 1544 944 1570 γεν-

151 1573 246 1605 ναίους
265 1574 426 1611 συλλάὸοιμι
437 1584 444 1591 ”
463 1576 511 1603 καὶ
526 1576 560 1603 δι’
577 1578 668 1605 αὐτῶν
682 1587 714 1613 γε
729 1579 798 1614 πρὸς
811 1580 841 1607 ἓν
861 1581 944 1616 μέρος

999 333 1108 368 longius
1127 334 1267 362 diverlens
1283 334 1317 362 ab
1339 342 1371 363 ea
1385 343 1446 370 quae
1459 336 1576 364 Zelisam
1593 346 1689 367 versus
1711 341 1788 369 ducit

999 379 1054 411 via,
1070 379 1239 407 Chonarium
1256 381 1333 416 petit.
1348 380 1473 417 Cumque
1492 382 1555 411 inde
1569 385 1696 419 prmlium
1712 387 1787 414 exci-

999 428 1085 452 tasset
1102 425 1234 453 adversus
1251 426 1399 460 Romanos,
1425 435 1489 456 mox
1509 428 1545 457 ab
1568 429 1629 464 ipso
1648 430 1676 458 in
1697 431 1787 467 fugam

998 469 1117 496 vertitur
1137 470 1286 505 imperator
1295 470 1419 507 fugitque
1432 472 1466 500 ad
1484 481 1530 501 sex
1546 482 1633 510 usque
1649 475 1787 505 milliaria.

999 514 1069 542 Hinc
1082 522 1144 542 cum
1162 515 1191 543 in
1209 524 1290 544 cursu
1304 517 1368 553 equi
1381 518 1584 555 multitudoque
1605 529 1658 549 una
1682 522 1788 558 fugiens

998 560 1160 595 deﬁcerent,
1184 563 1322 599 praecipue
1339 565 1414 600 quod
1427 570 1500 594 esset
1515 567 1695 596 intolerabilis
1706 573 1788 598 aestus

999 612 1112 643 propter
1124 608 1178 636 diei
1197 613 1314 645 tempus,
1334 611 1401 639 utile
1421 613 1568 640 consilium
1583 618 1681 649 putant
1693 623 1790 644 ascen-

999 653 1065 680 dere
1080 654 1107 681 in
1133 659 1255 683 montem
1278 657 1426 691 quemdam
1451 658 1522 686 saxis
1539 667 1667 695 asperum
1692 666 1720 689 et
1744 670 1790 690 ac-

999 707 1077 728 cessu
1095 700 1244 735 difﬁcilem,
1262 703 1307 730 cui
1327 703 1417 732 Anzes
1437 713 1558 738 nomen;
1579 715 1634 742 quo
1655 712 1790 744 occupato

1000 746 1151 781 imperator
1174 747 1212 775 ibi
1233 749 1408 778 stabulatur:
1433 756 1563 780 caeterum
1591 754 1675 782 Amer
1698 755 1795 783 locum-

999 792 1112 828 cingcns
1132 793 1221 829 ipsum
1238 795 1408 825 intercludit.
1438 798 1531 834 Itaque
1561 801 1617 828 acri
1638 809 1727 836 pugna
1755 810 1795 830 ex.

999 839 1155 875 propinquo
1189 841 1321 878 utrinque
1344 843 1472 877 excitata,
1507 845 1614 874 hostilis
1641 848 1789 876 multitudo

999 885 1087 913 valida
1111 886 1328 915 internecionem
1350 889 1499 918 insolenter
1515 892 1646 920 minitans
1671 893 1790 930 impera-

999 931 1096 958 toriam
1122 938 1279 968 superasset
1310 934 1390 969 (adeo
1424 935 1552 964 roborata
1577 938 1660 974 erat),
1686 939 1739 967 nisi
1754 947 1796 968 ex,

996 975 1049 1004 loci
1068 979 1277 1012 opportunitate
1290 985 1318 1007 et
1338 980 1442 1009 virtute
1460 981 1644 1016 imperatoriae
1663 983 1796 1013 cohortis.

997 1026 1045 1049 aut
1073 1024 1161 1052 multo
1188 1025 1275 1060 magis
1297 1034 1329 1054 ex
1354 1027 1458 1055 cmlesti
1479 1028 1592 1061 auxilio,
1610 1029 1793 1065 impedimenu

997 1071 1054 1095 tum
1071 1068 1210 1104 objectum
1238 1070 1346 1099 fuisset.
1366 1072 1485 1101 Proinde
1508 1073 1668 1109 imperator,
1686 1075 1793 1104 inbelli--

996 1121 1062 1149 gens
1090 1115 1308 1145 internecionem
1333 1118 1475 1150 intentari,
1493 1127 1555 1147 cum
1579 1121 1709 1156 magistro
1734 1121 1790 1150 illo-

995 1161 1077 1189 nuele
1109 1161 1142 1190 de
1164 1162 1252 1191 salute
1283 1165 1478 1198 communicat,
1492 1166 1532 1194 sic
1557 1166 1694 1195 dicenszt
1715 1168 1796 1201 Quid)

996 1207 1113 1242 agimus,
1130 1209 1238 1237 Manucl
1270 1211 1400 1246 magister
1411 1211 1554 1248 iperimus
1576 1214 1662 1242 enim.
1678 1224 1688 1241 ι
1700 1216 1798 1250 Atque-

995 1253 1041 1280 hic
1060 1253 1086 1280 ei
1105 1256 1264 1290 respondit:
1282 1265 1291 1282 ι
1305 1256 1440 1286 Puniceos
1456 1258 1574 1291 calceos.
1598 1259 1722 1293 domine,
1738 1261 1789 1295 qui

996 1299 1204 1335 imperatorium
1236 1303 1413 1337 splendorem
1448 1304 1623 1340 signiﬁcant,
1642 1314 1728 1343 exue.
1757 1315 1790 1335 ac

995 1346 1090 1382 nigros
1110 1347 1205 1380 indue,
1233 1349 1391 1384 pariterque
1415 1350 1552 1386 reliquum
1580 1352 1799 1387 imperatoriunn.

996 1397 1134 1421 ornatum.
1161 1394 1218 1429 Ego
1256 1399 1348 1423 autem
1368 1395 1490 1425 delectos
1516 1398 1592 1426 viros
1624 1398 1790 1434 quingentos

996 1443 1125 1467 strenuos
1146 1440 1200 1475 93
1223 1448 1373 1475 assumam,
1395 1450 1514 1478 cumque
1538 1445 1572 1473 iis
1587 1445 1622 1473 ab
1644 1453 1697 1473 una
1712 1452 1794 1481 parte

995 1484 1089 1513 hostes
1110 1487 1263 1521 aggrediar,
1287 1488 1422 1524 facileque
1441 1498 1489 1525 per
1500 1499 1548 1519 eos
1566 1492 1755 1520 transibimus.
1777 1503 1787 1519 ο

995 1530 1046 1559 Cui
1064 1532 1213 1567 imperator
1226 1535 1344 1569 regerit:
1364 1545 1374 1562 ι
1398 1536 1574 1566 Multitudine
1602 1546 1669 1567 vero
1694 1545 1796 1575 postcai

995 1578 1062 1614 quid
1073 1579 1136 1607 fiet?
1152 1589 1161 1605 ι
1175 1581 1460 1615 ResponditManuel:
1475 1593 1483 1609 ι
1497 1583 1703 1619 Imperatoriam
1714 1590 1790 1613 tuam

152 1619 208 1646 τῶν
223 1621 361 1655 πολεμίων
371 1622 535 1657 χωρήσομεν
548 1625 594 1650 καὶ
606 1624 704 1659 ῥᾳδίως
715 1625 919 1662 διελευσόμεθα.
933 1637 942 1653 ι

999 1626 1171 1660 maiestatem
1185 1627 1298 1654 omnino
1311 1633 1421 1662 oportet
1433 1628 1740 1664 incolumem-evadere,
1755 1641 1789 1659 ne

151 1665 208 1692 Καὶ
223 1667 236 1692 ὁ
253 1666 380 1701 βασιλεὺς
401 1668 573 1702 ἀντειρήκεν
593 1679 602 1694 ι
619 1669 648 1696 '0
670 1670 699 1697 δὲ
713 1671 776 1703 λαὸς
791 1673 824 1699 ἐκ
845 1672 941 1700 τούτου

149 1713 178 1740 τί
193 1714 317 1740 πείσεται
333 1713 388 1748 (69)
401 1722 408 1746 ;
427 1723 436 1740 ι
456 1715 512 1741 Καὶ
534 1715 548 1741 ό
563 1716 692 1752 Μανουὴλ
707 1717 883 1753 ἀπεκρίνατο,
901 1720 944 1746 ὅτι

155 1769 165 1785 ι
188 1760 219 1786 'H
240 1759 289 1794 μὲν
310 1760 365 1795 (70)
389 1760 513 1795 βασιλεία
538 1770 585 1789 σου
608 1763 716 1795 πάντως
742 1764 772 1797 ἐξ
792 1765 943 1800 ἀναγκαίου

150 1806 326 1842 διασωθήτω,
345 1807 416 1834 ὥστε
443 1807 481 1844 μὴ
499 1809 703 1844 κατασχεθῆναί
728 1819 757 1836 σε
781 1811 838 1842 τοῖς
864 1812 941 1839 πολε⁴

153 1852 243 1888 μίοις·
260 1852 339 1880 τοῦτο
351 1853 406 1888 γὰρ
429 1854 487 1888 εῐγε
514 1854 701 1889 συμόήσεται,
723 1855 840 1884 ἐλεεινὸν
868 1857 944 1884 ἔσται

150 1900 336 1934 Χριστιανοῖς.
357 1899 425 1934 Περὶ
440 1899 468 1926 δὲ
486 1899 534 1926 τοῦ
551 1900 616 1927 λαοῦ
632 1901 703 1936 ὅπερ
714 1902 744 1927 τδ
758 1901 829 1928 θεῖον
843 1902 944 1938 κράτος

150 1944 311 1984 κελεύσειεν
320 1945 441 1977 εὐσεϐῶς
454 1945 718 1981 διακαρτερήσομεν.
729 1956 739 1973 ι
748 1948 775 1973 ἰν
785 1947 831 1976 οὖν
843 1948 943 1984 ἄνδρας

149 1977 447 2026 γενναίουξάφορίσας
469 1992 483 2018 ό
507 1977 637 2027 Μὰνούιίλ
658 1977 826 2029 παρεγένετο
851 1977 899 2025 εἴς.
915 1977 942 2022 τι

153 2038 238 2074 μέρος
264 2037 453 2074 Σαρακηνικοῦ
482 2038 633 2074 τάγματος,
654 2039 713 2071 καὶ,
739 2049 748 2065 ι
766 2040 803 2066 Τὸ
816 2041 943 2076 Σωτῆρος

150 2085 296 2120 νενίκηκεν
311 2094 320 2110 ι
334 2085 535 2120 ἁνακεκραγὼς
550 2085 631 2117 αὐτὸς
643 2085 712 2121 μετά
723 2085 778 2112 τῶν
789 2086 849 2113 κατ’
865 2087 943 2114 ἐκλο-

151 2132 205 2167 γὴν
222 2131 297 2167 αὺτῷ
316 2131 478 2167 προσϐαλὼν
495 2131 627 2167 ἀνδρείως
646 2131 755 2167 διέκοψε
777 2133 826 2160 καὶ
851 2133 943 2166 ἐξέθο-

154 2187 200 2214 ρεν
213 2179 251 2195 ⁵⁸⁸
270 2179 284 2205 ὀ
300 2178 329 2205 δὲ
351 2177 479 2212 βασιλεὺς
499 2178 555 2213 (71)
573 2178 662 2214 δειλίᾳ
688 2178 869 2215 κατασχεθεὶς
891 2180 943 2206 ὺπ-

152 2225 289 2261 εςτράφη.
313 2225 342 2252 'U
357 2225 385 2252 δὲ
405 2225 554 2260 μάγιστρος
571 2225 657 2261 βραχύ
678 2234 704 2252 τι
717 2226 874 2262 διαδραμὼν
895 2227 943 2254 καὶ

151 2272 199 2299 τὸν
209 2264 321 2307 βασιλέα
332 2271 369 2307 μὴ
378 2271 548 2307 ἐκϐεϐηκότα
557 2272 707 2308 πυθόμενος
715 2273 738 2290 ⁸⁷
745 2273 823 2305 αὖθις
831 2273 943 2309 ἀπῄει¹⁵

995 1669 1068 1704 apud
1092 1670 1186 1698 hostes
1215 1671 1382 1700 detinearis:
1411 1673 1464 1701 hoc
1487 1674 1562 1703 enim
1586 1675 1610 1702 si
1635 1677 1788 1712 contingat;

992 1716 1171 1744 lamentabile
1195 1717 1249 1745 erit
1272 1717 1447 1746 Christianis.
1467 1718 1552 1752 Quod
1572 1720 1607 1748 ad
1632 1722 1789 1750 multitudi~

993 1770 1055 1790 nem
1076 1763 1185 1795 attinet,
1206 1763 1293 1791 divini
1317 1764 1442 1792 numinis
1460 1765 1629 1794 voluntatem
1649 1767 1694 1802 pie
1719 1768 1791 1796 fere-

994 1817 1065 1836 mus.
1082 1818 1091 1835 ι
1111 1809 1282 1844 Quingentos
1296 1809 1390 1845 itaque
1409 1811 1486 1838 viros
1496 1816 1627 1840 strenuos
1643 1814 1791 1842 cumdelca

992 1854 1078 1889 gisset
1092 1855 1212 1886 Manuel,
1229 1856 1347 1884 accessit
1365 1857 1398 1883 ad
1413 1864 1496 1884 unam
1511 1863 1620 1892 partem
1631 1858 1802 1888 Saracenici.

993 1900 1247 1934 cxercitus,atquei
1262 1900 1412 1930 Salvatoris
1424 1902 1533 1938 signum
1542 1904 1610 1932 vicit
1619 1906 1798 1934 texclamans.
1839 1924 1848 1928 -

993 1945 1052 1980 ipse
1078 1952 1141 1972 cum
1167 1945 1275 1973 delecta
1302 1954 1385 1974 manu
1401 1947 1476 1975 facto
1504 1948 1610 1984 impetu
1635 1952 1800 1986 perrumpit

993 1996 1077 2026 atque
1102 1992 1211 2019 exsilit:
1232 1996 1362 2020 caeterum
1375 1993 1525 2028 imperator
1542 2000 1616 2023 metu
1639 1997 1790 2031 impeditus

994 2045 1122 2065 reversus
1139 2038 1238 2066 fuerat.
1256 2039 1385 2075 Magister
1398 2048 1464 2068 vero
1483 2048 1545 2069 cum
1563 2043 1705 2077 paululum
1725 2051 1787 2079 ρεθ-

992 2083 1220 2119 currissetatque
1234 2084 1431 2120 imperatorem
1452 2094 1508 2114 non
1526 2087 1645 2116 exivisse
1668 2089 1791 2117 audivis-

993 2133 1045 2163 set,
1067 2137 1165 2157 rursus
1182 2129 1252 2158 abiit
1279 2130 1314 2158 ad
1344 2130 1426 2159 aliam
1449 2135 1566 2166 partem,
1587 2140 1703 2168 eamque
1726 2141 1790 2169 per-

993 2183 1125 2212 rumpens
1142 2175 1297 2211 penetravit
1314 2183 1348 2204 eo
1374 2175 1421 2204 ubi
1445 2176 1595 2212 imperator
1619 2179 1788 2206 morabatur.

993 2222 1119 2258 Cumque
1138 2223 1221 2258 longo
1246 2227 1371 2258 tempore
1391 2223 1525 2252 durarent
1546 2225 1681 2260 ejusmodi
1697 2227 1791 2254 incur-

994 2270 1087 2298 siones
1097 2270 1234 2305 multique
1248 2270 1449 2299 Saracenorum
1463 2271 1490 2298 in
1505 2271 1540 2299 iis
1554 2272 1786 2308 interficerentur,

153 2318 223 2352 πρὸς
239 2319 333 2354 ἕτερον
352 2318 444 2354 μέρος,
466 2319 513 2344 καὶ
530 2318 596 2345 αὐτὸ
614 2318 758 2354 διασχίσας
771 2319 862 2347 εἰσέδυ
879 2319 943 2346 ἔνθα

996 2317 1110 2352 insuper
1123 2321 1151 2344 et
1163 2317 1240 2344 locus
1255 2324 1332 2351 aqua:
1345 2316 1482 2345 laboraret
1492 2319 1620 2353 penuria,
1633 2326 1684 2347 nec
1696 2317 1794 2348 minus

152 2365 166 2391 ὁ
181 2364 249 2396 ἄναξ
263 2363 397 2400 διέτριϐεν
411 2364 478 2399 (72).
499 2363 630 2399 Βραδείας
646 2365 675 2391 δὲ
696 2365 771 2400 ὧρας
791 2366 943 2401 γενομένης

153 2411 200 2437 ἐπὶ
216 2412 276 2443 ταῖς
291 2410 430 2442 τοιαύταις
452 2410 641 2446 παρεμϐολαῖς
656 2411 703 2438 καὶ
715 2411 821 2438 πολλῶν
834 2412 863 2439 ἐν
877 2412 943 2440 ταὺ-

153 2466 215 2489 ταις
243 2456 443 2493 ἀναιρεθέντων
458 2456 635 2492 Σαρακηνῶν,
661 2456 702 2484 ἔτι
729 2457 757 2484 δὲ
784 2457 832 2484 καὶ
855 2457 945 2485 διὰτὸ

996 2370 1172 2399 pascuorum,
1198 2363 1313 2391 recessit
1337 2364 1419 2391 Amer
1437 2371 1500 2391 cum
1516 2372 1566 2392 suo
1578 2365 1711 2398 exercitu,
1724 2374 1789 2401 pro-

997 2410 1139 2445 fectusque
1160 2410 1187 2437 in
1203 2410 1294 2438 locum
1311 2410 1458 2445 quemdam
1473 2411 1622 2439 herbosum
1650 2411 1720 2439 Dora
1743 2412 1786 2439 di-

997 2461 1072 2484 ctum
1088 2463 1150 2483 mox
1165 2456 1309 2491 requievit.
1326 2456 1508 2484 Securitatem
1521 2456 1603 2492 igitur
1615 2457 1680 2484 hinc
1690 2461 1786 2484 nactus

789 2513 902 2541 VARIIE
923 2514 1125 2543 LECTIONES.

191 2574 214 2590 ⁵³
228 2573 291 2600 fort.
304 2574 329 2600 τί
343 2571 493 2609 δρῶμεν,ὧ
510 2573 659 2609 μάγιστρῖς
673 2573 865 2609 ἀπολλύμεσθσι
878 2574 942 2609 γάρ.
955 2574 1035 2602 Conf.
1051 2573 1145 2608 Eurip.
1163 2572 1233 2599 Med.
1253 2573 1330 2600 123:5.
1361 2574 1384 2590 "
1396 2572 1543 2609 περίϐαλλε
1554 2572 1584 2601 ι..
1617 2573 1641 2589 ⁵⁸
1653 2571 1786 2609 ἐξὲοωρεν

155 2609 186 2637 L.
225 2610 247 2626 "
262 2609 428 2644 πευθόμενος
444 2609 475 2636 L.
513 2610 536 2626 ³⁸
555 2609 631 2636 ἀπῖει
644 2608 675 2636 L.

717 2669 837 2698 STEPH.
849 2670 1149 2699 BERGLERl'NOTZE.

189 2717 245 2751 (60)
259 2717 340 2745 Cont.
357 2718 468 2754 pullo,
481 2718 519 2754 ὡς
531 2718 560 2745 δὲ
576 2718 647 2745 κατά
662 2727 689 2745 τι
707 2719 873 2754 χορτοφόρον
891 2728 940 2746 πε-

155 2751 218 2790 δίονΔ
225 2751 365 2790 Κελάριον
372 2753 443 2790 οὕτω
450 2753 603 2790 (λεγόμενον
621 2762 687 2780 κατε
692 2751 824 2789 σκήνωτο.

193 2787 344 2824 (δυβοὶιι.
372 2796 400 2824 p.
427 2787 489 2824 ili).
502 2787 537 2824 τέ
558 2789 605 2815 Ἐν
621 2790 716 2821 τούτῳ
738 2787 816 2816 τε-
831 2789 940 2823 φυγαδ.

156 2823 408 2860 ἐπιᾼᾳϐ.βοηῐ.⁷β.
425 2823 483 2860 1710,
494 2823 574 2851 Cedr.
590 2832 615 2859 p.
631 2825 693 2857 546,
705 2824 810 2860 Zon.p.
827 2824 888 2852 158.

193 2858 262 2896 (62).
276 2858 356 2886 Cont.
374 2858 399 2894 p.
417 2859 478 2886 ΗΟ.
493 2874 525 2878 -
541 2858 620 2887 Colit.
650 2861 667 2888 ι.
682 2868 707 2889 c.
738 2858 872 2896 σταηερᾶς
891 2868 940 2896 με·

159 2900 191 2928 ση
197 2893 306 2928 μὸρίας.

195 2928 340 2963 ((i5)Cont.
359 2937 384 2963 p.
409 2929 467 2961 ΗΟ,
486 2929 511 2955 in
526 2929 575 2957 lim:

195 2964 249 2996 (64)
263 2964 343 2992 Cont.
358 2972 385 2998 ι).
402 2964 461 2992 ill.

1043 2719 1087 2754 65)
1103 2719 1182 2747 Cont.
1199 2727 1226 2754 p.
1240 2719 1302 2751 ill,
1316 2718 1398 2747 Cedr.
1410 2717 1512 2754 p.546,
1526 2718 1593 2745 Zon.
1609 2724 1636 2752 p.
1654 2717 1714 2744 153.

1044 2754 1088 2789 66)
1103 2753 1226 2789 Apposui
1241 2754 1318 2789 signa
1337 2753 1544 2789 parenthescos.

1046 2790 1091 2824 67)
1106 2789 1187 2818 Cont.
1204 2798 1231 2825 p.
1247 2789 1309 2816 Hl.

1045 2823 1089 2857 68)
1108 2823 1248 2860 Scriptum
1260 2833 1310 2860 per
1322 2833 1341 2859 η
1354 2823 1383 2860 in
1397 2823 1502 2859 penult.

1032 2860 1087 2895 (G9)
1101 2859 1181 2888 Cont.
1200 2869 1227 2896 p.
1249 2859 1310 2887 fit.
1326 2875 1361 2880 —-
1375 2859 1514 2894 Scriptum
1528 2859 1654 2894 πήσεται.

1033 2896 1093 2931 (70)
1103 2895 1184 2923 Cont.
1201 2895 1231 2930 7p.
1253 2896 1279 2922 Η
1290 2895 1312 2922 l.

1035 2931 1091 2965 471)
1105 2931 1184 2958 Colit.
1204 2940 1229 2965 ιι.
1249 2931 1310 2957 ill.

1033 2967 1087 3002 (72)
1104 2966 1184 2994 Cedr.
1204 2975 1230 3000 p.
1248 2967 1310 2993 5H3.
