2023 3165
153 213 221 247 1113

818 215 954 246 REGUM
981 216 1053 247 LIB.
1077 217 1126 248 IV‘.

1708 218 1778 252 HM

150 271 231 302 δαίως
256 269 389 303 omnem
415 271 446 298 τὸ
473 271 553 308 ἔργον
580 272 731 308 ιπήγαγεν,
757 272 941 309 εὐθυϐολήσας

993 274 1124 303 aliinitate
1140 274 1315 311 imperatoris
1327 275 1447 311 glorians
1463 275 1582 303 minatus
1596 281 1639 304 est
1653 277 1702 305 tibi
1718 278 1779 306 bel-

151 316 220 352 πρὺς
231 315 277 343 τὸν
298 316 428 352 πολέμιον
440 316 488 343 σὺν
499 317 652 350 ἐπιλέκτοις
663 319 711 346 καὶ
719 319 749 345 οὐ
761 319 857 352 πλήθει
874 327 937 346 τυσξ

149 362 220 398 ούτῳ
234 362 428 398 μεστούμενος.
444 364 477 390 '0
485 363 535 391 οὐκ
550 364 671 400 ἐλελήθει
681 365 728 392 τὸν
740 365 860 402 "Atta?"
869 365 938 402 (85)‘

150 409 239 444 φυγὰς
251 411 304 445 γάρ
321 418 364 442 τις
381 409 526 446 Ῥωμαίων
542 411 610 447 πρὸς
623 411 706 439 αὑτὸν
719 411 812 440 ἄπεισι
824 412 880 447 (86)
892 413 938 440 καί

150 464 217 491 φησι
228 464 235 471 ·
251 465 261 482 ι
276 456 400 483 Γνωστὸν
413 456 483 484 ἔστω
496 465 550 490 σοι,
563 458 633 493 Ἀμε
638 466 663 494 ρ,
673 457 819 494 Πετρωνᾶς
835 459 938 490 ἐκεῖνος

149 502 165 528 ὁ
191 503 260 538 πρὸς
287 502 383 536 γένους
410 503 458 529 τοῦ
478 502 611 538 βασιλέως
636 504 667 531 τὸ
699 504 839 540 αἰδέσιμον
868 503 938 540 ἔχων

149 546 290 583 ἐπηύχησε
304 548 468 584 περιθέσθαι
484 557 525 575 σοι
540 549 658 585 πόλεμόν
668 557 675 564 ·
694 550 756 577 ὅθεν
772 550 852 577 αὐτὸν
868 550 939 577 ἁπά-

150 601 201 628 σης
208 593 257 628 τῆς
266 594 396 628 στρατιᾶς
405 594 582 630 ἡγεμονεύειν
592 595 767 631 προσέταξεν.
776 597 844 632 Παρ*
882 596 938 632 (87)

150 638 343 674 συνήθροισται
369 641 422 672 πᾶς
438 641 452 666 6
472 641 526 667 τῶν
542 641 667 676 θεμάτων
695 643 808 677 στρατὸς
822 643 870 670 καὶ
892 642 937 675 ἐξ·

148 684 297 718 ὡπλισται,
311 686 361 721 τὴν
377 685 447 713 κατὰ
468 686 515 713 σοῦ
531 687 620 722 μάχην
639 688 908 723 πραγματευόμενος.
925 697 934 714 ι

148 730 216 757 Τότε
233 732 323 766 Ἀμερ
341 733 399 764 τοῖς
412 733 457 759 ὑπ’
474 733 555 760 αὐτὸν
573 734 734 769 ταξιάρχαις
759 734 791 760 τὸ
806 735 938 762 ἀκουσθέν

146 776 337 812 παρεγύμνου,
351 778 377 804 τί
392 778 460 814 δρᾷν
471 778 524 814 χρὴ
539 779 606 814 πρὸς
622 779 700 806 τοῦτο
715 779 937 815 διερευνώμενος.

147 822 185 849 (ιι
203 822 231 849 δὲ
243 823 312 859 πρὸς
324 824 405 850 αὑτὸν
419 825 578 860 ὸμοφρόνως
591 823 683 852 εἷπον·
706 835 715 852 ι
728 826 765 852 Τὸ
778 827 845 861 παρ’
859 826 939 861 ἡμῶν

145 869 271 903 γεγονὸς,
281 866 304 896 ὦ
313 870 335 886 ⁶¹
346 871 436 906 Ἀμερ
450 870 517 906 (88),
528 871 600 897 κατὰ
613 871 663 906 τῆς
678 872 855 906 ἐπικρατείας
873 872 939 898 Ῥω-

147 915 240 950 μαίων
259 915 459 951 ἀνδραγάθημα
475 916 561 948 οὐδεὶς
578 916 632 943 τῶν
647 916 701 951 πρὸ
714 916 792 952 ἡμῶν
812 917 938 953 ἐξειργά-

147 968 215 992 σατο
226 961 262 991 ⁵³,
280 961 318 988 Οὐ
347 961 442 996 χρείαν
457 962 513 998 ἔχει
539 962 661 995 πλείονος
681 963 825 999 ἐργασίας,
848 963 906 991 ἀλλ’
923 964 940 1000 ἢ
956 957 977 984 Β

147 1007 278 1041 ’παρεῖναι
290 1006 374 1042 ⁸⁵(89)
384 1007 504 1041 ὁδὸν-τὴν
515 1006 583 1042 πρὸς
595 1008 644 1044 τὴν
660 1008 751 1044 χώραν
762 1009 851 1044 ἡμῶν,
862 1009 896 1036 δι’
906 1005 940 1044 ἦς

144 1050 310 1086 ἀφιξώμεθα
319 1051 390 1087 (90).
400 1053 455 1079 Καὶ
465 1053 489 1079 ει
502 1053 553 1088 μὲν
562 1053 576 1079 6
591 1054 736 1086 Πετρωνᾶς
746 1053 852 1081 διώκων
866 1055 941 1090 ἡμᾶς

146 1098 311 1131 καταλάϐοι,
325 1099 476 1134 τηνικαῦτα
492 1099 580 1135 τούτῳ
594 1101 810 1136 παραταξόμεθα
820 1102 842 1118 ⁸⁵
852 1109 859 1117 ο
872 1103 896 1128 εί
912 1102 941 1129 δὲ

89 1180 94 1182 _
144 1144 229 1174 τοῦτο
239 1144 278 1181 μὴ
293 1145 465 1181 συναντήσοι,
484 1147 514 1173 ἐν
528 1147 585 1178 τοῖς
599 1146 674 1178 ἰδίοις
691 1147 802 1180 πάντως
825 1148 941 1175 ἀπελευ-

146 1192 263 1226 σόμεθα.
272 1201 281 1218 ι
291 1191 377 1224 Αὐτδς
389 1192 417 1219 δὲ
433 1193 446 1219 ὁ
459 1193 549 1228 ’Δμερ
563 1192 601 1224 ὡς
612 1192 639 1219 εί
648 1201 690 1224 τις
705 1193 785 1225 ἄλλος
797 1194 942 1230 οίηματίας

144 1237 235 1264 τελῶν
248 1238 304 1273 (91)
316 1238 364 1265 καὶ
383 1238 537 1274 ὑπέροπλος
555 1238 608 1274 ἔφη
620 1247 627 1254 ·
648 1249 658 1265 ι
673 1239 807 1274 Οὐδαμῶς
823 1240 854 1267 τὸ
875 1242 941 1276 παρ’

145 1284 229 1319 ὑμῶν
243 1283 385 1319 βουλευθὲν
401 1285 599 1321 διαπράξομαι,
611 1285 649 1318 ὡς
661 1286 694 1313 ἂν
707 1286 744 1322 μὴ
760 1287 864 1319 ἐκεῖνος
880 1288 942 1323 ἐμοὶ

146 1328 251 1355 δειλίαν
267 1331 316 1356 καὶ
333 1330 456 1365 δρασμὸν
476 1330 673 1366 ὲπιγράψοιτο·
698 1331 739 1358 διὸ
759 1332 858 1367 ἄπειμι
874 1334 942 1368 πρὸς

147 1375 368 1411 ἀντιπαράταξιν
385 1376 480 1404 αὑτοῦ.
500 1385 510 1402 ι
527 1377 672 1409 Διοδεύσας
693 1377 722 1405 δὲ
736 1378 791 1405 ἀπὸ
814 1379 941 1412 Ἀμινσοῦ

148 1421 217 1454 ᾤσεὶ
236 1421 314 1457 μξλια
326 1423 349 1438 ⁸⁸
365 1422 421 1458 (92)
437 1422 462 1457 φ’
488 1423 526 1458 τῷ
550 1423 703 1459 ’Δϐυσιανῷ
724 1425 854 1460 καταντᾷ,
872 1425 943 1452 κατὰ

149 1467 279 1502 συνορίαν
290 1467 412 1498 τελοῦντι
430 1468 478 1504 τῆς
494 1478 524 1496 τε
542 1469 732 1504 Παφλαγονίας
748 1470 795 1496 καὶ
812 1469 860 1497 τοῦ
881 1470 943 1506 Ἀρ-

149 1513 291 1549 μενιακῶν
306 1513 435 1549 θέματος,
449 1515 490 1546 εἰς
513 1514 559 1541 τὸν
578 1514 667 1550 χῶρον
684 1515 714 1546 ὃς
734 1515 943 1550 κατωνόμασται

147 1559 291 1595 Πόρσοντα
303 1560 369 1595 (95),
382 1560 412 1586 ἐν
429 1557 451 1594 ᾧ
468 1560 531 1596 ὗρος
545 1560 708 1596 καθέστηκε,
726 1561 788 1588 καθ’
799 1561 813 1587 ὃ
827 1561 841 1587 ὁ
854 1562 944 1597 ’Δμερ

148 1606 296 1642 ισκὴνισεν
318 1606 385 1642 (94),
408 1607 468 1642 ἦτοι
487 1605 535 1633 τοῦ
559 1607 639 1641 ὅρους
661 1607 776 1639 ἐκεῖθεν,
793 1608 840 1634 καὶ
858 1609 871 1635 ὁ
892 1608 943 1634 Πε-

147 1653 258 1688 τρωνᾶς
274 1652 360 1680 ἐνθεν.
379 1652 485 1684 Νυκτὸς
502 1652 530 1679 δὲ
543 1653 753 1689 καταλαΰούσης
771 1654 942 1689 στρατηγοὺς

148 1698 291 1732 ικπέμπει
302 1697 355 1724 τῶν
369 1698 531 1733 εὐδοκίμων,
545 1698 785 1734 ὲπαναὸεὸηκέναι
800 1700 848 1726 τοῦ
862 1699 942 1736 ὅρους

150 1744 199 1770 καὶ
214 1742 385 1778 ἰγκρατῆσαι
402 1743 496 1776 αὑτοῦ,
509 1743 554 1771 ἵνα
568 1743 605 1779 μὴ
620 1745 716 1771 τούτου
730 1745 759 1771 ὲν
779 1745 943 1781 κατασχέσει

150 1790 285 1824 γένωνται
299 1789 325 1816 οἱ
341 1789 475 1824 πολέμιοι.
497 1790 587 1817 Ταῦτδ
605 1790 638 1826 δὴ
652 1791 732 1818 τοῦτο
754 1791 801 1818 καὶ
822 1791 836 1817 6
852 1791 949 1828 Ἀμερ,

150 1833 302 1870 εἰργάσατο
311 1833 378 1869 (95).
395 1834 468 1869 Πρὸς
483 1835 516 1870 τῇ
534 1834 668 1861 ἀναϐάσει
682 1834 711 1869 ῥὲ
726 1834 774 1861 τοῦ
788 1835 868 1869 ὅρους
882 1844 944 1861 συν-

151 1881 311 1916 ηντηκότων
328 1880 463 1916 ἀλλήλοις,
490 1881 676 1916 ὑπερίσχυσεν
693 1881 707 1907 6
730 1881 796 1913 Θεὸς
816 1882 861 1908 τὸν
880 1882 945 1908 λαὸν

151 1927 238 1957 αὑτοῦ
267 1927 315 1953 καὶ
342 1927 405 1958 τοὺς
427 1926 632 1961 ἀναὸεὖηκότας
661 1927 802 1962 εὐθαρσῶς
834 1927 945 1953 κατεϐί-

152 1970 316 2007 ϐασεν-Ἐφ’
334 1973 349 1999 ὃ
372 1973 418 2000 καὶ
441 1973 455 1999 6
472 1973 617 2008 Πετρωνᾶς
634 1972 703 2007 μετὰ
726 1972 774 1999 τοῦ
795 1973 840 1999 ὑπ’
866 1972 946 1999 αὑτὸν

956 1626 978 1656 C

153 2019 257 2051 παντὸς
280 2018 352 2047 λαοῦ,
370 2019 554 2054 ἀναϐέϐηκεν.
574 2018 719 2054 Συμϐολῆς
744 2018 773 2046 δὲ
798 2019 947 2054 γενομένης

153 2066 211 2093 τῶν
222 2066 362 2101 ἑκατέρων
373 2066 475 2101 μερῶν,
487 2066 501 2092 6
513 2065 669 2092 ἐπιϐλέπων
681 2064 749 2097 Θεδς
762 2065 810 2092 ἐπὶ
820 2065 947 2091 ταπεινὸν

155 2112 204 2139 καὶ
227 2113 314 2147 πρᾶον
329 2112 376 2138 καὶ
393 2112 455 2143 τοὺς
468 2110 553 2139 αὑτοῦ
578 2111 715 2147 τρέμοντα
731 2111 839 2145 λόγους,
860 2112 874 2138 ὀ
891 2112 947 2143 τοῖς

155 2157 345 2193 ὑπερηφάνοις
361 2157 608 2192 ἀντιτασσόμενος,
628 2157 673 2183 τὺν
698 2157 748 2192 μὲν
766 2156 947 2193 ὲκραταὶωσε,

155 2203 204 2234 τὸν
219 2203 247 2230 δὲ
262 2204 418 2239 έσάθρωσεν
433 2204 504 2238 (96)·
518 2204 566 2230 καὶ
585 2203 742 2238 παραυτίκα
757 2205 771 2230 6
790 2203 879 2239 Ἀμερ
895 2211 948 2238 μα-

156 2247 241 2283 χαίρᾳ
267 2247 487 2283 πεποινηλάτητο
500 2248 533 2280 ⁸⁷,
554 2244 641 2283 οὗπερ
660 2248 851 2284 ἀναιρεθέντος
871 2249 885 2274 6
902 2248 948 2274 ὑπ’

991 320 1048 349 lum
1069 321 1188 349 inferre:
1212 325 1382 357 quapropter
1407 329 1471 348 eum
1498 321 1628 349 universo
1645 324 1781 351 exercitui

992 376 1109 404 praeesse
1121 368 1212 404 jussit.
1231 369 1273 396 Ab
1285 376 1319 396 eo
1335 368 1457 396 collecta
1480 373 1545 396 sunt
1562 376 1658 396 omnes
1674 369 1777 398 thema-

992 418 1050 442 tum
1067 413 1154 450 copiae
1168 418 1196 442 et
1213 414 1297 442 armis
1309 414 1463 448 instructae,
1489 413 1588 449 prmlio
1609 413 1742 441 adversus
1754 418 1783 441 te

992 465 1103 496 paratae.
1121 469 1130 486 ι
1147 460 1225 488 τιιῐιε
1236 462 1318 488 Amer
1341 459 1399 487 suis
1422 459 1540 488 ducibus
1568 459 1699 488 revelavit
1714 459 1785 494 quid

992 505 1152 539 audivisset,
1177 505 1243 540 quid
1265 504 1420 532 faciendum
1442 504 1475 532 ad
1497 504 1556 532 haec
1577 505 1614 532 sit
1645 512 1780 539 quaerens.

991 552 1033 580 Illi
1049 559 1114 580 vero
1128 551 1162 579 ad
1170 559 1233 579 eum
1244 551 1412 579 unanimiter
1428 550 1575 579 dixerunt:
1597 560 1606 577 ι
1619 551 1674 579 Res
1687 551 1782 586 quales

991 605 1053 631 nos,
1068 605 1084 625 ο
1095 598 1189 630 Amer,
1203 596 1338 632 gessimus
1350 596 1482 624 adversus
1495 597 1679 624 Romanorum
1695 597 1781 632 impe-

992 643 1076 675 rium,
1090 649 1173 670 nemo
1187 646 1251 670 ante
1266 650 1317 670 nos
1333 642 1437 678 gessit:
1460 650 1516 669 non
1531 646 1574 669 est
1589 650 1659 677 opus
1679 642 1782 677 majore

991 689 1112 724 negotio,
1129 687 1178 715 sed
1197 692 1304 715 tantum
1324 687 1369 715 via
1384 687 1412 714 in
1427 692 1550 715 nostram
1562 687 1714 722 regionem,
1733 695 1783 722 per

992 742 1076 770 quam
1096 733 1315 769 proﬁciscamur.
1334 734 1368 761 Et
1388 733 1411 761 si
1437 733 1550 768 quidem
1576 734 1708 761 Pctronas
1733 741 1784 761 nos

991 787 1163 816 persequens
1178 779 1368 814 occupaverit,
1395 784 1461 807 tunc
1476 779 1532 814 96
1557 784 1654 807 contra
1671 786 1733 806 eum
1756 779 1783 806 in

992 827 1051 855 acie
1074 827 1279 855 consistemus:
1306 826 1349 853 sin
1369 826 1396 853 id
1421 833 1476 853 non
1496 825 1614 858 accidat,
1631 825 1665 853 ad
1690 829 1787 853 nostra

993 872 1088 908 utique
1105 872 1254 900 ahibimus.
1275 881 1284 898 ι
1304 872 1364 906 lpse
1374 877 1466 899 autem
1481 871 1575 904 Amer,
1590 871 1612 900 si
1627 872 1689 906 quis
1715 871 1787 899 alius

993 926 1124 954 arrogans
1132 922 1160 946 et
1172 918 1394 954 superbus,dixit
1404 918 1650 958 ngaudquaquam
1664 923 1786 946 vestrum

992 965 1136 993 consilium
1153 972 1300 1000 exsequar,
1321 972 1356 992 ne
1377 964 1422 991 ille
1447 963 1626 990 formidinem
1643 967 1690 990 aut
1710 963 1788 998 fuga-

992 1011 1103 1040 eitatem
1118 1011 1185 1039 milii
1202 1012 1331 1046 imputet.
1354 1009 1444 1043 Quare
1459 1009 1621 1044 proficiscar
1640 1009 1668 1036 in
1700 1009 1786 1037 aciem

991 1061 1086 1085 contra
1100 1065 1191 1085 eum.»
1209 1055 1408 1090 Profectusque
1415 1054 1450 1083 ab
1459 1055 1554 1082 Amiso
1567 1054 1645 1089 quasi
1660 1053 1790 1081 milliaria

992 1104 1141 1139 quingenta
1172 1103 1206 1130 ad
1228 1102 1407 1138 Amysianum
1434 1100 1562 1137 pervenit
1579 1101 1607 1128 in
1631 1099 1790 1128 conﬁnibus

992 1150 1185 1185 Paphlagonia:
1208 1153 1237 1176 et
1253 1147 1409 1176 Armeniaci
1432 1146 1572 1179 thematis,
1588 1146 1616 1173 in
1635 1146 1726 1174 locum
1739 1145 1789 1180 qui

991 1196 1125 1224 Personta
1149 1194 1263 1225 dicitur,
1279 1193 1327 1221 ubi
1347 1199 1427 1220 mons
1439 1196 1492 1225 est,
1510 1191 1586 1227 apud
1606 1199 1688 1226 quem
1705 1191 1790 1218 Amer

993 1242 1170 1271 tabernacula
1187 1241 1298 1277 posuit;
1319 1240 1378 1275 ipse
1392 1239 1419 1266 in
1435 1239 1521 1266 altera
1534 1242 1611 1274 parte
1630 1238 1742 1271 montis,
1761 1243 1790 1265 et

993 1290 1020 1316 in
1037 1289 1123 1316 altera
1141 1288 1283 1315 Petronas.
1297 1286 1366 1314 Cum
1379 1290 1472 1313 autem
1487 1292 1542 1312 nox
1557 1285 1689 1316 venisset,
1703 1283 1788 1310 duces

993 1334 1078 1362 mittit
1094 1334 1228 1362 Petronas
1248 1340 1282 1360 ex
1298 1331 1508 1368 probatioribus
1533 1330 1580 1365 qui
1599 1328 1789 1357 conscendant

993 1385 1116 1408 montem
1142 1386 1263 1414 eumque
1280 1382 1427 1412 occupent,
1445 1384 1480 1404 ne
1504 1377 1600 1404 hostes
1623 1382 1686 1402 eum
1717 1374 1792 1402 obti—

993 1431 1086 1456 neant.
1113 1426 1191 1460 Quod
1216 1425 1288 1453 idem
1311 1429 1339 1452 et
1355 1424 1439 1452 Amer
1463 1422 1540 1450 fecit.
1557 1421 1682 1456 Cumque
1705 1420 1733 1448 in
1748 1428 1793 1448 as»

993 1481 1078 1502 censu
1096 1472 1200 1500 montis
1220 1472 1273 1499 sibi
1291 1470 1461 1502 obviassent,
1477 1467 1626 1504 praevalere
1641 1466 1707 1494 fecit
1718 1466 1792 1493 Deus

994 1520 1127 1555 populum
1144 1526 1237 1550 suum,
1261 1524 1365 1552 eosque
1383 1515 1431 1550 qui
1455 1514 1637 1543 ascenderant
1660 1505 1792 1540 audacter

995 1565 1117 1601 aggressi
1147 1564 1319 1599 deiecerunt.
1354 1566 1383 1589 et
1412 1562 1546 1589 Petronas
1574 1566 1696 1587 montem
1727 1566 1791 1586 cum

995 1611 1070 1639 omni
1088 1618 1137 1638 sua
1157 1608 1334 1637 multitudine
1352 1607 1490 1636 ascendit.
1507 1606 1644 1641 Faetoque
1660 1604 1791 1633 conﬂictu

993 1665 1026 1685 ex
1045 1660 1163 1691 utraque
1185 1659 1278 1690 parte,
1298 1654 1381 1686 Deus,
1394 1653 1441 1688 qui
1463 1651 1596 1680 humilem
1622 1649 1736 1686 respicit
1758 1654 1790 1678 et

993 1706 1168 1730 mansuetum
1187 1707 1308 1734 suosque
1326 1707 1468 1727 sermones
1490 1702 1667 1729 trementem.
1681 1697 1728 1732 qui
1742 1704 1791 1724 su-

993 1748 1086 1785 perbis
1116 1747 1231 1779 resistit,
1262 1746 1336 1773 hune
1353 1745 1512 1778 roboravit,
1528 1744 1605 1772 illum
1625 1743 1790 1771 debilitavit.

993 1795 1032 1822 Ac
1060 1793 1205 1822 confestim
1229 1793 1313 1820 Amer
1327 1792 1418 1827 gladio
1439 1798 1536 1826 pcenas
1554 1790 1617 1817 dat:
1636 1797 1692 1825 quo
1707 1790 1793 1816 inter-

993 1840 1068 1867 fecto
1095 1839 1185 1866 omnis
1216 1838 1276 1873 ejus
1308 1837 1458 1864 multitudo
1488 1836 1619 1870 dissipata
1646 1835 1794 1870 gladioque

995 1888 1137 1919 perempta
1150 1887 1202 1914 est,
1217 1890 1249 1909 ae
1261 1882 1318 1909 fere
1336 1883 1464 1909 universa
1475 1881 1570 1916 periit,
1585 1885 1700 1914 excepto
1717 1880 1793 1907 illius

996 1930 1052 1956 tilio
1065 1936 1128 1956 cum
1149 1936 1203 1955 una
1221 1928 1344 1955 centuria
1361 1927 1448 1963 Halyn
1464 1927 1579 1954 ﬂuvium
1597 1931 1790 1961 transgresso;

996 1984 1078 2011 quem
1091 1980 1180 2001 tamen
1194 1981 1343 2001 occurrens
1355 1973 1410 2008 97
1428 1973 1453 2000 ei
1466 1973 1493 2000 in
1505 1972 1658 2000 Charsiuno
1670 1969 1799 1998 themate"

995 2020 1158 2048 merarehes
1172 2018 1319 2046 .‘llachaeras
1334 2018 1426 2046 dictus
1441 2018 1525 2053 cepit,
1538 2018 1656 2052 illosque
1668 2017 1716 2052 qui
1728 2024 1791 2044 cum

998 2067 1058 2102 ipso
1074 2069 1162 2098 erant,
1177 2069 1207 2092 nt
1220 2064 1429 2100 propemodum,
1443 2063 1501 2090 Deo
1516 2062 1681 2090 miraenlose
1694 2066 1792 2097 agente

999 2112 1027 2139 in
1048 2111 1157 2138 excelso
1177 2109 1305 2141 brachio,
1329 2116 1382 2136 nec
1407 2108 1613 2143 relinqueretur
1642 2106 1742 2142 aliquis
1758 2114 1791 2134 ex

999 2157 1076 2192 ipsis,
1092 2156 1215 2192 quidque
1229 2154 1375 2182 accidisset
1385 2154 1527 2181 nuntiaret
1540 2154 1567 2180 in
1583 2153 1654 2180 urbe
1668 2153 1791 2188 ipsorum

999 2202 1091 2229 adhuc
1105 2200 1219 2236 reliquis
1229 2199 1383 2227 Saracenis.
1397 2199 1456 2226 iloc
1471 2206 1533 2226 eum
1546 2199 1702 2226 nuntiatum
1718 2201 1792 2225 esset

1000 2246 1172 2283 imperatori,
1190 2245 1288 2273 civitas
1300 2244 1452 2273 abundanti
1467 2243 1561 2272 laetitia
1575 2243 1726 2271 cxhilarata
1738 2247 1791 2274 est,

157 2294 240 2326 αὐτὸν
255 2294 327 2326 ἄπας
349 2294 413 2327 λαὸς
430 2294 605 2322 διεσκέδαστο
621 2295 668 2321 καὶ
684 2293 778 2329 ξίφους
795 2295 942 2330 ἐγχείρημα

999 2301 1032 2322 ac
1045 2294 1178 2321 Petronas
1200 2291 1395 2327 magistrorum
1413 2291 1499 2327 gloria
1520 2290 1677 2318 decoratur.
1692 2289 1728 2318 Ut
1743 2297 1791 2316 au-

804 2363 923 2392 VAllhE
943 2362 1146 2392 LECTIONES.

211 2410 232 2425 "
247 2410 277 2436 τὸ
290 2410 380 2445 Ἀμερ
396 2409 427 2436 1,.

159 2445 255 2481 script.
269 2445 299 2474 L.
337 2444 460 2480 “Mm
472 2444 502 2472 L.
541 2444 563 2460 "
578 2444 761 2479 πεποινήλατο
776 2444 806 2472 L.

467 2410 489 2446 ξ’
501 2408 620 2446 γεγρνὼς
632 2409 649 2437 ἀ
659 2409 748 2446 Ἄμερ
768 2409 804 2446 11.Δ
838 2411 861 2430 ⁶³
876 2410 1035 2446 ἐξείργαστο
1044 2410 1075 2438 ν.
1114 2409 1137 2426 ⁸³
1147 2409 1275 2445 παραινεῖ
1292 2407 1323 2435 1,.
1362 2407 1384 2425 ⁸⁵
1395 2405 1627 2442 παραταξώμεθα,
1641 2413 1656 2430 ο
1671 2413 1755 2440 Supra
1768 2415 1791 2433 ω

755 2501 875 2533 STEPII.
894 2501 1068 2530 BERGLERI
1083 2501 1200 2530 NOTIE.

195 2559 252 2594 (85)
269 2560 308 2587 lta
324 2559 456 2594 scriptum
469 2579 476 2590 ,
500 2558 616 2587 solemni
634 2559 850 2587 halluciuatione
872 2559 948 2592 circa,

160 2603 174 2620 ο
187 2599 263 2631 etot.
276 2595 358 2631 Forte
371 2596 410 2629 τῷ
425 2594 575 2630 scripserat
585 2598 682 2622 auctor
696 2594 740 2631 [ut
758 2602 784 2630 p.
796 2594 854 2631 80].
871 2595 946 2623 Alias

161 2634 189 2656 et
200 2629 244 2656 τὸν
257 2629 310 2665 legi
325 2634 425 2664 potest.

198 2664 253 2699 (86)
266 2664 405 2699 scriptum
422 2665 516 2692 ἄπισιν
529 2672 562 2692 ex
579 2664 738 2693 iotacismo.

197 2700 254 2734 (87)
270 2700 309 2727 lta
324 2700 469 2736 scriptum:
487 2700 583 2727 Potius
597 2700 662 2736 παρ’
681 2701 707 2732 ὃ,
722 2701 856 2736 quocirca,
875 2708 943 2735 qua-

164 2732 278 2770 propter,
296 2739 344 2762 aut
358 2732 424 2770 παρ’
437 2732 479 2767 οὗ,
491 2744 508 2761 a
523 2744 586 2770 quo.

197 2770 253 2804 (88)
274 2770 412 2805 Scriptum
437 2771 557 2804 γεγονὼς
576 2770 600 2796 ὁ.
619 2770 740 2805 Apparet
762 2775 853 2799 autem
882 2770 947 2798 hinc

164 2805 281 2832 maxima
298 2805 423 2832 socordia
436 2805 542 2832 librarii
558 2805 630 2833 circa
644 2814 658 2831 ο
672 2810 700 2833 et
714 2815 747 2833 ω.

270 2840 321 2884 ιΙιξι
340 2841 472 2884 scriptum
487 2860 498 2884 ,γ
511 2848 566 2884 ιιριι
580 2842 738 2884 παραινεῖν,
758 2841 829 2884 quod
854 2841 946 2884 aptius

164 2879 249 2912 esset.
264 2875 327 2912 Qut
336 2876 429 2912 potius
437 2875 591 2912 legendum
607 2877 721 2912 περανεῖ
733 2875 776 2904 vel
798 2875 946 2912 περαῖνειν.

200 2910 254 2944 (90)
271 2910 394 2938 Balbutit
407 2910 518 2938 misere.

201 2945 256 2982 (9|)
271 2945 410 2981 Scriptum
424 2945 518 2975 τελῶν.
533 2945 608 2975 Solet
622 2946 753 2976 librarius
772 2955 821 2982 pro
831 2948 948 2976 circum-

997 2559 1068 2588 flexo
1088 2564 1198 2586 acutum
1225 2565 1340 2593 ponere,
1365 2561 1395 2583 ut
1416 2563 1499 2591 supra
1517 2555 1543 2582 in
1573 2555 1721 2593 ΠετρωνὸϊςΔ
1738 2555 1791 2583 ali-

997 2595 1131 2630 quoties:
1148 2590 1232 2630 paulo
1253 2597 1317 2620 ante
1339 2597 1431 2630 tamen
1451 2590 1549 2630 recte“
1558 2590 1788 2630 περισπωμένως.

1033 2629 1090 2662 (92)
1108 2624 1297 2667 [ta-scripturn
1322 2627 1416 2662 μήλια,
1437 2633 1490 2653 non
1510 2624 1726 2667 μίλιαζνὶᾱςιυι·
1735 2633 1792 2667 ,ςιιι-

998 2660 1052 2693 tem
1082 2660 1230 2691 numerus“
1242 2660 1457 2698 quingentorum
1480 2660 1602 2698 _nimius.
1617 2676 1652 2698 -_—
1665 2660 1703 2687 Ita
1733 2661 1791 2688 fere

996 2700 1142 2735 scriptum,
1158 2704 1189 2726 ut
1204 2695 1291 2735 etiam
1302 2695 1459 2735 lég_i»p_ossit
1480 2695 1647 2735 ’Apggtavgi:

1034 2729 1090 2771 (9'3)
1102 2729 1185 2771 cont.
1202 2742 1228 2769 p.
1243 2729 1518 2771 iizLdtgi‘maom.’
1533 2729 1608 2771 vid."
1608 2730 1676 2757 ibid.
1686 2739 1713 2766 p.
1727 2731 1789 2771 iis,

998 2765 1124 2805 Cedrfp.
1137 2765 1210 2802 546;
1224 2768 1271 2796 ubi
1299 2767 1446 2795 Πτώσοντα
1457 2774 1465 2783 ·
1492 2765 1564 2801 apud
1590 2765 1658 2793 Zon.
1675 2774 1702 2801 p.
1728 2766 1788 2799 l59,
1803 2788 1806 2791 .

1001 2805 1160 2833 Πτώσαντα.

1045 2840 1091 2874 94)
1103 2839 1142 2867 Ita
1155 2838 1299 2875 scriptum,
1313 2846 1368 2865 non
1381 2837 1549 2872 ἐσκήνωσεν.

1047 2876 1093 2906 95)
1105 2875 1188 2903 Cont.
1203 2883 1231 2910 p.
1248 2875 1308 2910 “3.

1035 2907 1090 2946 (96)
1104 2909 1184 2946 (lout.
1205 2907 1240 2946 'p.
1260 2909 1329 2946 ιιι,
1350 2908 1518 2946 §ym._l.og.
1543 2915 1570 2943 p.
1594 2907 1665 2946 μς),
1686 2907 1786 2943 Georg.

999 2943 1070 2975 Moti.
1082 2943 1111 2981 p.
1129 2945 1191 2980 555,
1211 2943 1291 2973 Cedr.
1309 2952 1336 2980 p.
1351 2944 1413 2978 5H,
1430 2943 1529 2972 Zonar.
1542 2951 1569 2978 p.
1591 2943 1652 2971 159.
