2023 3165
154 218 218 251 1141

149 277 238 312 Σύρας
249 276 295 303 καὶ
306 276 425 312 Κόσσης,
437 275 453 311 ἢ
473 275 526 303 ἀπό
537 284 608 308 τινος
619 274 708 303 tuin
723 275 833 312 λίμνης,
851 276 868 312 ἢ
882 276 937 304 ἀπὸ
950 279 974 308 Δ

149 323 196 357 τῆς
207 321 272 358 πρὶν
289 322 338 358 μὲν
353 322 459 358 κρήνης
483 321 638 358 Συρακοῦς,
658 323 705 349 νῦν
715 321 744 349 δὲ
758 322 937 358 ’Δρεθσύσης.

150 368 203 395 Τοῦ
231 368 260 395 δὲ
285 367 315 395 τὺ
346 368 446 405 ἀληθὲς
474 369 769 405 πολυπραγμονοῦντος
802 369 849 396 καὶ
871 369 937 396 ὁπό-

150 415 195 441 θεν
212 414 268 449 (68)
283 414 447 442 ἐπίστασθαι
459 415 538 442 τοῦτο
559 415 762 451 διερευνῶντος,
781 415 863 448 αὐτὸς
885 415 938 442 άπ-

150 459 287 494 εκρίνατο,
303 459 398 494 ὅτιπερ
414 459 470 494 (69)
493 469 503 486 ι
521 459 566 486 Ἐν
592 459 673 496 χώρῳ
687 459 716 491 ὃς
733 459 813 492 Ἕλος
832 459 940 495 ὠνόμαα

150 513 222 537 σται,
248 504 332 540 ἀγρὸς
350 505 466 540 πάρεστί
488 513 534 540 μοι
555 504 593 536 ὡς
615 505 670 531 ἀπὸ
696 504 793 540 μιλίων
818 508 844 541 η’
869 504 937 541 πρὸς

149 551 295 587 διάστημα.
323 551 378 580 Καὶ
393 551 462 578 κατὰ
478 551 528 587 τὴν
552 550 705 588 παριοῦσαν
731 550 853 587 ἑσπέραν
876 550 939 578 καθ’

148 598 178 624 ὅν
196 596 253 633 (70)
284 606 331 633 μοι
353 597 562 634 περιπολεύοντι
579 596 709 633 προσίασι
731 606 804 630 τινες
826 605 939 632 ποιμαι-

149 644 261 677 νόντων,
275 643 323 672 καὶ
336 643 456 679 ἔφασκον
467 645 505 676 ὡς
518 644 551 671 ἐκ
561 643 615 670 τῶν
626 642 864 679 ἐπιχωριαζόντων
879 642 939 669 δαι-

149 690 239 725 μόνων
268 690 441 726 διακηκοέναι
466 691 625 725 φραζόντων
653 690 782 724 γενέσθαι
808 689 863 725 (71)
891 689 939 725 τὴν

148 735 327 772 Συράκουσαν
342 735 516 772 δοριάλωτον,
535 737 564 763 ὲν
586 736 671 772 ταύτῃ
685 745 716 763 τε
737 737 867 772 παρεῖναι
883 736 939 772 (72)

147 782 257 813 αὐτοὺς,
275 782 336 808 ὅθεν
355 783 402 809 καὶ
418 782 630 818 διατρανοῦσθαι
654 783 798 819 ἀλήθειαν.
813 791 823 809 ι
849 782 938 814 Αὐτὸς

146 828 173 854 δὲ
189 828 259 863 πρὸς
280 828 358 855 τοῦτο
383 828 420 864 μὴ
438 829 597 856 κατανεύων
620 830 660 861 είς
682 829 811 856 ἀπιστίαν
829 828 939 864 ἐχώρει,

145 873 196 907 τὴν
212 873 360 908 αὺτηκοῖαν
376 874 606 910 σφετεριζόμενος
628 875 696 908 (75).
721 875 791 902 Καθ’
804 876 837 911 ἣν
849 875 878 902 ἐν
891 884 941 902 κα-

144 918 263 954 ταλήψει
279 919 301 936 ⁸⁸
318 920 465 955 γενόμενος
484 921 532 947 tot")
552 920 638 956 ἀγροῦ
661 921 774 957 πρώτην
787 921 850 948 καθ’
865 921 940 956 ὥραν

144 965 192 991 καὶ
217 964 329 999 ποιμέσι
364 966 577 1002 συγκατειληφει
602 967 648 994 τὸν
666 967 821 1003 ὡρισμένον
848 967 939 1003 χῶρον
955 976 977 1006 Β

144 1011 188 1045 ιφ*
205 1008 227 1045 ᾧ
248 1011 283 1038 τὰ
302 1011 383 1048 ἀέρια
399 1012 455 1047 (74)
470 1012 520 1048 τὴν
534 1012 678 1049 διατριϐὴν
696 1013 872 1048 ἐπεποίηντο.
888 1010 939 1040 Ὧν

143 1056 195 1092 τὴν
217 1056 356 1093 διαγωγὴν
381 1058 576 1094 πυνθανομένῳ
603 1059 656 1085 τινὶ
679 1059 735 1086 τῶν
762 1059 902 1094 ποιμένων
915 1059 939 1076 ⁸⁸

145 1101 403 1138 προσαπεκρίναντο
417 1103 489 1130 κατὰ
501 1103 579 1130 πόλιν
591 1104 648 1139 (75)
664 1103 844 1139 Συράκουσαν
858 1103 939 1138 εἶναι,

143 1147 193 1174 τοῦ
214 1147 436 1183 περιλειφθέντος
456 1148 650 1184 Χριστιανικοῢ
673 1149 791 1185 αἵματος
809 1151 940 1186 ἐμφορεῖ-

145 1193 229 1221 σθαι·
246 1194 293 1221 τὸν
307 1194 336 1221 δὲ
351 1195 482 1231 περὶτῶν
498 1196 628 1224 τοιούτων
646 1196 747 1223 εἰδέναι
757 1196 941 1233 διερευνώμε-

144 1249 191 1268 νον
206 1241 237 1268 τδ
264 1241 387 1276 πραχθὲν
413 1242 580 1276 γινώσκειν,
604 1242 636 1269 τό
655 1251 685 1269 τε
710 1243 798 1278 ὄνομα
824 1243 871 1270 καὶ
895 1243 941 1270 τδν

143 1288 261 1323 ἀρχικὸν
285 1287 390 1324 βαθμὸν
415 1288 621 1322 ἐξεπίστασθαι.
639 1286 687 1321 Οἷς
711 1290 725 1316 ὁ
746 1289 885 1325 Ἀδριανὸς
902 1290 941 1325 μὴ

145 1333 284 1360 πιστεύων
298 1334 320 1351 δι
334 1333 374 1360 ἔτι
388 1334 568 1370 ὑπελογίζετο
582 1334 655 1362 ἕωλα
668 1335 738 1371 (76).
755 1335 811 1362 Καὶ
826 1336 895 1371 μετὰ
911 1339 941 1362 ιε’

144 1379 278 1406 ἐπιοῦσαν
291 1380 400 1416 ἡμέραν
414 1380 449 1407 τὰ
462 1381 528 1413 παρ’
550 1380 641 1408 αὐτῶν
661 1380 700 1412 ὡς
729 1380 815 1417 ψευδῆ
831 1380 941 1416 νομιζό-

146 1433 218 1461 μενα
241 1425 317 1460 παρὰ
342 1425 396 1452 τῶν
423 1426 528 1453 ἐκεῖθεν
554 1425 632 1461 μόλις
654 1425 825 1461 ἐληλυθότων
853 1425 941 1462 ἀληθῆ

145 1470 338 1505 κατεφαίνετο.
372 1470 434 1498 Τῶν
470 1471 518 1497 οὖν
554 1470 697 1507 ἐγχωρίων
729 1471 894 1507 πνευμάτων
924 1473 941 1508 ἡ

144 1515 261 1552 τοιαύτη
275 1516 440 1552 πρόγνωσις,
452 1516 468 1552 ἢ
483 1516 583 1552 μᾶλλον
597 1517 686 1543 εἰπεῖν
699 1516 716 1552 ἠ
731 1516 843 1543 ἐπὶτῶν
856 1525 944 1552 πρατ-

144 1561 270 1597 τομένων
295 1561 408 1597 γνῶσις,
432 1564 488 1594 τοῖς
505 1562 578 1589 κατὰ
595 1562 645 1598 τὴν
669 1562 756 1597 αὐτὴν
773 1562 867 1598 χώραν
879 1563 944 1599 ἄχρι

146 1608 288 1643 βασιλείας
294 1608 341 1635 τοῦ
351 1609 559 1641 εὐσεϐεστάτου,
566 1608 603 1641 ὣς
611 1617 691 1643 φασι,
698 1608 812 1640 Λέοντος
821 1617 945 1645 προσμε-

147 1657 281 1692 μένηκεν.
299 1656 365 1683 Τότε
388 1657 420 1692 δὴ
437 1656 552 1692 στρατὸν
565 1657 611 1683 τὸν
628 1656 674 1683 ὑπ’
715 1657 798 1683 αὑτὸν
831 1657 972 1693 ναύμαχον

816 218 953 250 REGUM
974 218 1048 250 LIB.
1068 218 1108 249 IV

1713 217 1785 249 1112

987 283 1056 305 cone
1070 282 1144 303 nunc
1158 274 1307 303 Arethusa.
1321 274 1370 302 Illo
1381 278 1474 302 autem
1487 275 1514 302 ln
1529 272 1676 304 rerliatem
1688 275 1783 311 inqut-

988 327 1067 350 rente
1082 326 1164 356 atque
1183 320 1255 349 unde
1271 321 1297 348 id
1313 320 1382 348 sciat
1393 322 1591 356 interrogante,
1610 321 1654 350 hic
1669 330 1783 357 respon-

989 367 1049 395 dit:
1063 377 1072 393 ι
1084 366 1205 394 Estmihi
1218 366 1244 393 in
1258 373 1290 394 eo
1301 365 1363 394 loco
1374 366 1421 402 qui
1431 366 1513 395 Helos
1525 365 1638 398 dicitur,
1650 366 1784 402 pr_:1:dium

988 413 1066 449 quasi
1085 418 1149 441 octo
1166 413 1361 448 milliariorum
1375 413 1531 440 intervallo.
1552 411 1643 448 Atque
1663 411 1724 440 heri
1739 421 1785 440 ve-

989 458 1064 494 speri
1080 458 1147 486 illud
1165 458 1355 486 obambulanti
1372 458 1440 485 Inibi
1454 463 1606 486 occurrunt
1621 458 1734 494 quidam
1752 466 1787 486 ex

989 503 1157 539 pastoribus,
1184 508 1213 531 et
1229 503 1358 531 dicebant
1378 511 1407 531 se
1422 511 1456 532 ex
1475 503 1646 532 daemonibus
1666 504 1711 532 hic
1726 512 1788 532 ver-

989 549 1115 578 santibus
1127 549 1267 578 audivisse
1276 550 1432 578 dicentibus
1448 549 1596 586 Syracusas
1610 556 1703 586 captas
1712 558 1784 584 esse,

989 595 1083 631 ibique
1095 602 1124 622 se
1136 595 1220 622 fuisse
1229 600 1311 631 atque
1323 595 1386 623 inde
1395 596 1539 624 veritatem
1550 601 1627 624 certo
1636 596 1787 632 comperis-

989 649 1029 669 se.
1051 651 1059 667 ι
1078 640 1131 669 Sed
1146 642 1192 669 ille
1209 641 1282 669 haud
1293 641 1422 676 credens,
1437 642 1520 670 ﬁdem
1535 643 1588 670 sibi
1605 642 1664 671 ﬁeri
1677 642 1789 671 volebat

989 687 1103 722 proprio
1114 687 1220 715 auditu.
1245 687 1335 721 Quare
1357 688 1384 716 in
1404 688 1536 724 praedium
1559 688 1699 724 profectus
1719 688 1787 717 hora

990 732 1079 767 prima
1099 740 1161 760 cum
1177 733 1337 768 pastoribus
1354 734 1497 762 deﬁnitum
1515 735 1606 762 locum
1630 735 1786 770 occupavit,

990 777 1018 805 in
1035 786 1090 814 quo
1107 779 1222 813 spiritus
1236 779 1276 806 illi
1291 780 1543 808 commorabantur.
1560 780 1635 814 Quos
1646 789 1709 809 cum
1725 781 1788 816 qui-

990 824 1053 852 dam
1070 832 1103 852 ex
1122 824 1279 859 pastoribus
1296 825 1494 862 interrogasset
1517 826 1565 854 ubi
1587 826 1717 859 fuissent,
1733 826 1787 862 ipsi

991 868 1194 903 responderunt
1225 869 1253 897 in
1278 869 1346 898 urbe
1369 870 1567 906 Syracusarum
1594 879 1622 900 se
1649 871 1734 900 fuisse
1761 876 1789 900 et

991 913 1107 941 satiasse
1132 914 1259 949 reliquiis
1281 915 1424 951 sanguinis
1445 916 1594 944 Christiani
1614 917 1662 953 qui
1684 918 1790 946 effusus

990 963 1064 987 esset
1079 967 1087 993 ;
1112 959 1191 988 illum
1209 969 1294 996 porro
1312 961 1360 997 qui
1377 962 1412 990 de
1429 962 1472 990 his
1494 963 1566 991 scire
1589 968 1704 999 cuperet
1722 964 1788 1000 quid

990 1006 1027 1035 sit
1042 1007 1155 1040 factum,
1176 1015 1206 1035 se
1222 1015 1304 1036 nosse
1319 1029 1327 1041 ,
1344 1016 1501 1044 nomenque
1520 1013 1549 1037 et
1568 1010 1682 1046 gradum
1700 1009 1789 1045 digni-

990 1054 1057 1081 tatis
1076 1053 1158 1082 scire.
1182 1054 1288 1088 Quibus
1314 1055 1437 1083 nondum
1460 1056 1576 1084 credens
1598 1056 1736 1084 Adrianus
1757 1063 1789 1083 ea

990 1100 1168 1128 existimabat
1195 1100 1303 1128 frivola.
1329 1101 1383 1129 Sed
1406 1106 1468 1137 post
1496 1102 1635 1130 decimum
1661 1102 1789 1138 quintum

991 1145 1065 1173 diem
1079 1153 1112 1173 ea
1121 1154 1183 1181 quae
1196 1146 1250 1182 ipsi
1265 1147 1409 1175 mendacia
1420 1147 1588 1176 videbantur
1602 1156 1652 1184 per
1665 1148 1728 1175 illos
1741 1147 1789 1184 qui

992 1193 1057 1221 inde
1072 1201 1143 1230 aegre
1154 1199 1301 1223 evaserant
1319 1203 1386 1224 vera
1406 1196 1680 1224 demonstrabantur.
1702 1195 1791 1225 Caete-

992 1249 1054 1268 rum
1073 1241 1147 1269 illius
1157 1242 1210 1269 loci
1225 1242 1459 1278 llaspirituum
1473 1244 1656 1279 pnescientia,
1672 1247 1720 1271 aut
1737 1250 1788 1279 po-
1802 1273 1807 1278 ,

993 1287 1048 1314 tius
1071 1287 1196 1322 ipsorum
1219 1286 1354 1315 factorum
1377 1289 1502 1321 scientia,
1523 1288 1625 1317 ibidem
1644 1296 1732 1324 usque
1755 1288 1791 1316 ad

993 1332 1141 1367 imperium
1160 1332 1275 1368 piissimi
1290 1332 1402 1367 Leonis,
1417 1338 1447 1361 ut
1464 1334 1553 1366 aiunt,
1570 1333 1692 1361 duravit.
1713 1333 1792 1360 Tune

994 1378 1078 1414 igitur
1092 1378 1180 1414 copiis
1192 1380 1311 1408 nauticis
1323 1388 1392 1415 quas
1403 1387 1496 1408 secum
1507 1380 1627 1408 habebat
1639 1386 1791 1415 congrega-

994 1425 1031 1452 tis
1038 1424 1305 1461 Constantinopolim
1321 1426 1518 1461 proﬂciscitur,
1535 1425 1705 1461 supplexque
1719 1424 1749 1452 ﬁt
1762 1425 1791 1452 in

994 1471 1113 1507 quodam
1125 1472 1229 1507 templo
1237 1477 1335 1508 petens
1345 1473 1454 1501 veniam
1467 1473 1643 1501 delictorum.
1654 1472 1707 1501 Sed
1716 1472 1792 1508 quod

994 1517 1114 1546 oiiicium
1127 1519 1303 1554 neglexisset,
1319 1527 1371 1547 nec
1382 1519 1452 1547 adeo
1465 1519 1626 1548 difﬁcultate
1641 1518 1790 1555 navigandi

995 1573 1063 1593 usus
1077 1564 1186 1599 fuisset,
1202 1569 1234 1593 ut
1249 1565 1307 1602 ipse
1325 1566 1480 1601 dictitabat,
1497 1568 1607 1595 veniam
1626 1571 1792 1595 consecutus

997 1615 1115 1639 nonest.

992 1659 1157 1695 συναγείρας
1182 1661 1217 1697 τῇ
1244 1661 1533 1688 Κωνσταντινουπόλει
1561 1661 1712 1697 ἐπιδημεῖ,
1742 1661 1791 1689 καὶ

147 1702 243 1737 ἱκέτης
264 1701 292 1729 ἐν
311 1710 364 1728 τινι
387 1701 452 1737 ίερῷ
477 1699 660 1736 παραγίνεται
697 1701 753 1737 (77)
787 1701 903 1734 ἐξαιτῶν
937 1706 1165 1742 συγκεχωρῆσθαι
1200 1705 1248 1732 τοῦ
1282 1705 1451 1742 σφάλματος,
1482 1707 1564 1734 Ἀλλὰ
1591 1706 1647 1734 τῶν
1675 1707 1793 1735 δεόντων

145 1749 331 1785 ὀλιγωρήσας,
349 1748 396 1775 καὶ
407 1749 468 1784 οὐχὶ
482 1748 615 1785 δυσπλοίᾳ
631 1749 715 1776 πλέον
732 1748 801 1784 (78),
822 1748 861 1781 ὡς
875 1748 1006 1785 ῑφασκεν,
1021 1752 1190 1789 συγγνώμης
1206 1752 1258 1780 οὐκ
1274 1752 1384 1788 ἔτυχεν.

190 1795 235 1822 Ἐν
260 1794 289 1822 δὲ
310 1793 351 1830 τῷ
367 1793 441 1830 αύτῷ
465 1795 629 1830 ἑφεστηκότι
648 1794 739 1830 καιρῷ
763 1794 821 1831 (79)
845 1795 869 1821 οἱ
889 1795 943 1822 ἀπὸ
956 1797 979 1829 C

147 1841 324 1878 Καρχηδόνος
342 1841 441 1876 ’Λφροι
464 1841 622 1877 Σαρακηνοὶ
644 1841 692 1867 σὺν
708 1840 803 1867 ὁλκάσι
827 1848 941 1875 παμμε-

146 1888 257 1923 γέθεσιν
270 1887 301 1920 ξ’,
317 1884 360 1918 αἷς
375 1887 497 1923 χώρησις
523 1890 545 1913 σο
564 1886 670 1922 ἀνδρῶν
692 1886 866 1922 διηριθμητο,
892 1894 943 1912 κα-

145 1933 363 1969 ταστρατεύουσι
388 1933 436 1960 καὶ
459 1932 624 1959 διικνοῦνται
651 1931 828 1967 Κεφαληνίας
859 1931 943 1966 μέχρι

146 1981 196 2008 καὶ
210 1979 359 2013 Ζακύνθου,
375 1979 438 2016 ἥτις
453 1978 520 2015 πρὸς
539 1978 640 2014 ἄνεμον
652 1977 774 2014 Ζέφυρον
799 1977 855 2013 (80)
871 1978 943 2005 κατὰ

146 2027 195 2054 τὸν
208 2026 376 2062 καλούμενον
397 2025 487 2061 Ἵχθὺν
501 2025 697 2058 ἀπονένευκεν,
713 2024 745 2051 ἔκ
757 2033 787 2051 τε
804 2023 943 2052 Ζακύνθου

146 2073 196 2100 τοῦ
211 2073 338 2108 Μέροπος
352 2071 403 2107 τῆς
418 2072 605 2107 προσηγορίας
622 2070 770 2108 τετύχηκεν
788 2069 856 2105 (81).
873 2069 942 2104 Περὶ

147 2116 187 2147 ὧν
202 2119 216 2146 ό
232 2118 361 2154 βασιλεὺς
385 2118 511 2152 διαγνοὺς
530 2117 576 2144 τὸν
602 2116 747 2152 πατρίκιον
773 2115 872 2151 Νάσαρ
898 2115 944 2142 ὲκ-

148 2165 255 2201 πέμπει
279 2165 328 2192 σὺν
351 2164 508 2200 ναυστολίᾳ.
530 2163 615 2200 ἄνδρα
636 2162 814 2198 πολύπειρον,
840 2161 945 2197 ταύτης

147 2211 386 2248 καθηγησάμενον.
413 2210 467 2237 Τοῦ
495 2210 525 2237 δὲ
547 2209 619 2237 κατὰ
643 2209 777 2244 Μεθώνην
804 2207 855 2244 τὴν
878 2207 946 2242 πρὶν

149 2258 275 2293 Πήδασον
301 2258 323 2274 δ’
352 2256 409 2293 (82)
442 2256 621 2292 καλουμένην
648 2255 888 2290 ὶπιδημήσαντος,
921 2254 950 2281 oi.

147 2305 272 2332 πλεῖστοι
286 2304 461 2341 στρατιωτῶν
484 2303 541 2330 τῶν
562 2302 664 2329 πλοίων
684 2301 844 2338 ἀπέδρασαν
860 2309 946 2328 κατα-

1032 1797 1135 1826 Eodem
1148 1803 1273 1833 tempore
1292 1806 1326 1826 ex
1343 1798 1508 1835 Carthagine
1518 1798 1576 1826 Afri
1590 1798 1718 1827 Saraceni
1727 1805 1791 1826 cum

991 1843 1150 1879 ingentibus
1162 1844 1280 1872 navibus
1298 1845 1447 1880 sexaginta,
1457 1853 1518 1880 quae
1530 1845 1700 1872 ducentenos
1716 1844 1792 1874 viros

991 1889 1150 1923 capiebant,
1178 1889 1279 1917 infesto
1299 1891 1422 1918 exercitu
1447 1898 1497 1918 nos
1524 1890 1669 1923 invadunt,
1690 1899 1791 1926 perve-

991 1934 1129 1969 niuntque
1144 1933 1177 1961 ad
1189 1934 1385 1970 Cephaleniam
1395 1943 1482 1971 usque
1498 1935 1717 1970 acZacynthum,
1729 1944 1792 1972 quas

991 1980 1026 2008 ad
1045 1979 1201 2015 Zephyrum
1223 1987 1322 2008 versus
1344 1981 1460 2017 lchthyn
1478 1985 1600 2017 spectat;
1616 1990 1631 2010 a
1650 1981 1792 2018 Zacyntho

990 2030 1084 2054 autem
1112 2026 1232 2062 Meropis
1256 2027 1312 2055 filio
1333 2035 1434 2056 nomen
1457 2028 1572 2064 accepit.
1590 2027 1650 2062 Quo
1669 2029 1789 2065 cognito,

992 2073 1144 2108 imperator
1173 2073 1320 2108 patricium
1345 2074 1498 2108 Nasarem,
1523 2074 1614 2102 virum
1641 2075 1791 2103 multarum

993 2127 1087 2147 rerum
1104 2119 1236 2155 peritum,
1254 2120 1328 2148 mitit
1344 2128 1407 2148 cum
1425 2121 1513 2149 classe
1528 2121 1637 2149 ducem.
1655 2122 1707 2155 Qui
1729 2129 1792 2150 cum

995 2165 1029 2193 ad
1047 2165 1216 2200 Methonam,
1233 2174 1294 2202 qua
1311 2167 1389 2202 prius
1405 2167 1528 2196 Pedasus
1555 2167 1629 2195 dicta
1646 2167 1709 2202 fuit,
1727 2176 1791 2203 per-

994 2211 1129 2244 venisset,
1147 2212 1272 2248 plerique
1292 2213 1412 2241 militum
1433 2223 1467 2242 ex
1487 2214 1605 2242 navibus
1626 2214 1793 2250 aufugerunt

997 2255 1143 2292 ipsumque
1155 2256 1347 2286 deseruerunt.
1358 2259 1436 2293 Quod
1450 2266 1513 2286 mox
1529 2258 1688 2287 notilicatur
1704 2259 1791 2296 impo-

1000 2303 1099 2334 ratori.
1123 2309 1206 2340 atque
1221 2313 1283 2332 cum
1308 2305 1482 2334 festinatione
1506 2306 1663 2336 vehementi
1677 2307 1712 2336 ab
1733 2308 1792 2343 ipso

786 2382 904 2410 VARUS
924 2382 1132 2413 LECTIONES.

144 2447 147 2449 ’
190 2447 212 2463 ³⁹
228 2446 414 2481 ἑγκαταλήψει
432 2445 463 2474 L.
501 2446 524 2463 “
541 2444 694 2480 ποιμαίνων
705 2443 736 2471 [ι.
772 2444 795 2460 “
807 2444 944 2471 retanda»)
958 2443 989 2476 Β,

1002 2446 1143 2473 πιστεύειν
1152 2446 1183 2474 L.
1223 2447 1245 2463 δ’
1266 2447 1381 2474 Πίδασον
1401 2447 1431 2475 L.

759 2503 882 2532 STEPH.
897 2502 1074 2532 BERGLERI
1097 2504 1213 2533 ΝΟΤΑΕ.

191 2564 249 2601 (68)
265 2563 461 2601 “ascriptum.
477 2562 665 2601 Ponitur_pro
695 2563 790 2601 ποθέν,
807 2561 941 2590 alicunde.
960 2562 982 2591 υ

150 2598 207 2629 Aut
219 2598 523 2635 legendiimAtnlojrat-at
532 2606 585 2635 pro
599 2598 775 2635 ἐπῑστασθαι.

188 2633 351 2670 (ϐθΠὶοηει.
367 2633 468 2669 Porph.
481 2642 509 2670 p.
528 2633 590 2667 191,
608 2634 691 2662 Cedr.
711 2642 739 2669 p.
756 2633 819 2662 585.

189 2670 246 2705 (70)
265 2671 313 2697 'Ov
327 2677 377 2705 pro
389 2670 482 2696 αὐτόν.

202 2703 246 2740 71)
259 2703 353 2733 Const.
365 2704 469 2739 Porph.
480 2713 508 2740 ι).
524 2704 586 2737 191,
603 2703 686 2740 Cedr.
699 2712 727 2739 p.
739 2703 802 2733 585.

202 2739 246 2775 7‘2)
262 2740 397 2775 Ambigue
421 2745 449 2767 et
469 2740 577 2774 perdite
599 2739 734 2775 loquitur.
756 2756 792 2762 -
809 2739 943 2773 Quamvis

152 2774 280 2812 παρεῖναι
292 2774 399 2812 11011ῗὲ11.
415 2774 773 2812 ριξηιβτὶιιιψννειζῖεριυω,
804 2779 896 2802 tamen
913 2775 942 2802 in

153 2809 278 2846 perfecto
292 2811 387 2846 verbo,
403 2816 430 2837 et
440 2810 478 2838 ita
489 2809 738 2845 intelligi'voluisse
759 2815 828 2846 puto
842 2815 942 2837 aucto-

152 2842 224 2879 rem,
250 2846 297 2881 qui
314 2845 371 2873 fere
398 2846 554 2881 promiscue
580 2842 678 2881 “utitur
701 2842 885 2881 temporibus,
914 2849 944 2873 ut

151 2883 237 2910 etiam
252 2880 424 2916 praeteritum
439 2885 523 2915 ponat
534 2880 686 2916 aliquando
696 2888 746 2916 pro
762 2880 869 2909 futuro.

203 2915 361 2951 '15)7Const.
372 2916 473 2951 Porph.
490 2923 516 2951 p.
530 2915 591 2943 191.

204 2952 248 2986 71)
259 2951 352 2980 Const.
364 2951 465 2986 Porph.
483 2959 509 2986 ρ.
523 2951 583 2984 191,
598 2951 680 2979 Cedr.
695 2960 723 2987 ι).
742 2951 803 2979 568.

1032 2562 1089 2601 (Z5)
1102 2563 1239 2601 Coquitilr
1248 2565 1402 2601 proﬂigate.

1033 2599 1089 2635 (76)
1101 2599 1197 2635 Const.
1209 2599 1310 2635 Porph.
1326 2599 1353 2635 β.
1370 2600 1432 2632 491.
1447 2599 1532 2635 Cedr.
1547 2607 1573 2634 p.
1585 2599 1648 2627 εδδ.

1031 2634 1088 2670 (77)
1101 2634 1196 2663 Const.
1213 2634 1314 2670 Porph.
1327 2634 1353 2670 p.
1369 2635 1429 2668 19‘2,
1446 2635 1507 2662 init.
1520 2634 1599 2663 Cedr.
1613 2643 1639 2670 p.
1653 2635 1716 2662 586.

1031 2669 1087 2704 (78)
1102 2670 1139 2698 Ita
1153 2669 1302 2706 scriptum,
1317 2669 1336 2698 f.
1352 2670 1452 2703 πλέων,
1469 2670 1596 2706 quamvis
1615 2669 1682 2698 illud
1700 2671 1790 2705 possit

996 2712 1122 2733 manere.

1031 2740 1087 2776 (79)
1102 2741 1170 2776 Zon.
1187 2749 1214 2776 p.
1234 2741 1294 2772 172,
1309 2741 1391 2769 Cedr.
1404 2749 1433 2776 p.
1455 2741 1518 2768 582.

1032 2776 1087 2812 (80)
1103 2775 1198 2804 Const.
1211 2777 1314 2812 Porph.
1327 2785 1354 2812 p.
1373 2775 1435 2810 186,
1448 2777 1516 2804 Zon.
1536 2784 1564 2812 p.
1582 2776 1642 2808 172,
1660 2776 1742 2804 Cedr.
1761 2784 1789 2810 ιι.

997 2811 1186 2884 ξῗῗέιιβεάτ.
1203 2847 1304 2883 p.582,
1320 2846 1414 2876 Const.
1428 2847 1529 2883 Porph.
1548 2855 1576 2882 p.
1601 2847 1662 2880 187,
1678 2847 1746 2876 Zon.
1758 2855 1787 2884 p.

1000 2883 1062 2916 172,
1072 2883 1118 2910 ubi
1135 2883 1258 2917 Νάρσαν.

1039 2918 1094 2954 (8Ξ)
1104 2918 1198 2947 Const.
1210 2918 1311 2954 Porph.
1322 2927 1348 2954 p.
1365 2918 1425 2946 186.
