2023 3165
246 222 316 255 1143

886 227 1045 260 JOSEPHI
1068 228 1144 261 GEN
1148 231 1226 262 ESII

1817 231 1885 266 1111

242 281 345 317 rliquis
357 281 459 310 missus
467 286 520 316 est,
529 281 624 316 jussus
636 283 664 311 in
679 290 714 311 eo
725 283 787 311 loco
797 283 890 313 furcas
901 286 1034 314 collocare

1089 287 1245 321 λελοιπότες
1259 289 1340 319 αὐτόν
1359 290 1426 326 (83).
1442 292 1475 318 Ὃ
1489 290 1699 327 δια-γινώσκεται
1716 290 1824 327 ταχέως
1846 291 1884 327 τῷ

244 328 350 363 ligneas
376 337 408 356 ac
428 328 559 365 fugitivos
584 330 613 358 in
638 330 672 358 iis
701 331 870 365 suspendere
886 341 893 363 :
910 332 948 360 ita
980 333 1039 362 fleri

242 379 338 410 aperte
354 375 487 403 mandans
501 385 507 403 :
525 376 595 403 clam
611 376 685 404 enim
700 381 784 404 noctu
799 385 832 405 ex
846 385 957 407 carcere
970 379 1040 414 Aga-

243 428 325 449 renos
342 421 453 457 triginta
469 421 584 450 eductos
611 422 761 459 drungario
779 431 811 451 ac
835 424 964 459 praefecto
982 433 1039 453 suae

242 469 376 497 custodia:
396 469 519 503 tradidit,
543 478 638 499 severe
660 471 823 507 praecipiente
848 480 882 500 ne
908 473 1038 508 cuiquam

244 515 324 550 119
339 515 498 544 enuntiaret
512 516 586 552 quod
601 521 767 551 strueretur,
782 526 817 545 ne
836 518 973 554 supplicio
996 520 1038 547 in-

242 561 379 589 tolerabili
405 562 591 598 subjiciatur:
615 563 762 599 imperavit
779 560 863 592 etiam
887 565 913 593 ei
932 570 962 594 ut
981 565 1037 594 illis

241 608 354 643 triginta
364 608 507 637 lsmaelitis
522 610 577 645 igni
588 618 620 638 ac
628 609 689 646 pice
698 610 800 638 barbas
817 619 926 640 necnon
938 611 1038 648 capitis

240 654 355 688 capillos
368 655 545 690 ambureret,
561 656 702 692 faciesque
725 665 822 686 eorum
838 657 952 695 fuligine
966 659 1036 687 obli-

239 703 330 732 neret,
346 708 378 727 ac
393 700 575 736 compedibus
583 701 742 738 duplicibus
762 704 847 738 pedes
863 705 1036 741 constringe-

239 748 292 779 ret,
310 750 394 782 utque
410 747 461 782 ipsi
477 748 546 776 hora
564 753 639 777 certa
654 748 761 778 definiti
778 750 833 779 diei
850 751 1034 786 caederentur,

240 797 369 828 tanquam
387 794 494 831 fugitivi
511 804 543 825 ac
554 796 713 827 desertores
723 799 845 829 navium.
858 799 927 828 diris
941 799 1034 836 ﬂagel-

239 839 274 867 lis
289 840 315 867 in
328 841 412 875 circo,
434 846 462 870 et
483 850 547 870 eum
564 845 778 880 exprobratione
800 850 829 874 et
851 846 1033 879 incusatione,

240 885 314 920 quod
326 886 433 922 fugitivi
448 893 551 923 essent,
564 890 789 924 traducerentur.
804 892 870 920 nudi
883 897 966 928 atque
978 893 1034 920 asi-

1091 336 1206 372 βασιλεῖ,
1225 338 1272 364 καὶ
1285 338 1334 365 σὺν
1353 338 1511 371 κατεπείξει
1527 338 1631 373 σφοδρᾷ
1646 339 1712 374 παρ’
1724 338 1811 365 αὐτοῦ
1830 337 1883 374 (84)

1089 392 1130 416 τις
1143 384 1309 417 ἀποσταλεὶς
1325 384 1498 412 διατέτακται
1523 384 1589 421 περὶ
1602 385 1649 412 τὸν
1669 385 1753 412 τὸπον
1769 385 1885 411 ἀνασκο-

1089 430 1223 466 λοπισμὸν
1237 429 1399 465 ἱδρύσασθαι
1422 430 1648 466 ξυλουργήματος
1673 430 1721 457 καὶ
1737 431 1803 461 τοὺς
1820 430 1886 465 δρα-

1089 476 1175 510 πέτας
1190 477 1219 504 ὲν
1242 477 1334 510 αὐτοῖς
1349 478 1576 510 ἀνασκολοπίσαι,
1595 477 1682 509 οὕτως
1700 477 1750 512 τὴν
1765 476 1887 512 πρόστα-

1088 522 1131 557 ξιν
1152 524 1224 556 κατὰ
1247 524 1278 551 τὸ
1303 524 1425 559 ἐμφανὲς
1450 523 1648 560 μηχανώμενος
1674 522 1742 558 (85)·
1759 523 1886 558 κρυφίως

1087 569 1143 606 γὰρ
1164 570 1194 596 ἐν
1213 570 1291 598 νυκτὶ
1309 570 1364 597 τῶν
1377 569 1433 598 ὰπδ
1452 570 1502 606 τῆς
1524 570 1649 606 φυλακῆς
1671 568 1844 605 ’Δγαρηνοῦς
1863 569 1885 595 λ’

1089 616 1312 653 προσλαϐόμενος
1349 616 1525 654 δρουγγαρίῳ
1551 615 1590 652 τῷ
1622 615 1694 643 κατὰ
1717 615 1769 651 τὴν
1801 614 1885 642 αὐτοῦ

1088 663 1213 699 φρουρὰν
1227 663 1380 700 προεστῶτι
1403 663 1549 697 ἐκδέδωκε,
1570 662 1818 697 διασφαλισάμενος
1833 671 1885 697 μη-

1087 709 1143 737 δενὶ
1172 709 1289 746 ἔκφορον
1316 710 1483 745 ποιήσασθαι
1507 709 1538 736 τὸ
1565 708 1801 744 συντεθησόμενον
1817 708 1884 743 (86),

1089 755 1133 782 ἵνα
1150 755 1189 792 μὴ
1206 757 1286 792 ποινῇ
1300 755 1431 792 ἀφορήτῳ
1455 754 1675 783 καθυποόάλοιτο
1685 762 1692 769 ·
1705 754 1887 781 ὲκεκέλευστο

1086 801 1142 838 γὰρ
1158 801 1231 838 αὐτῴ
1254 811 1309 830 των
1325 801 1347 829 λ’
1364 802 1545 838 Ἰσμαηλιτῶν
1569 801 1637 837 πορὶ
1654 801 1702 828 καὶ
1724 801 1817 837 πίσσῃ
1838 801 1887 833 τὰς

1086 848 1239 884 γενειάδας,
1262 848 1330 876 ἀλλὰ
1347 849 1400 885 μὴν
1415 849 1462 876 καὶ
1482 847 1531 880 τὰς
1549 848 1622 876 κατὰ
1639 848 1764 883 κεφαλὴν
1777 847 1886 883 τρίχας,

1087 894 1271 929 ὲναποφλέξαι
1288 894 1357 931 (87),
1372 895 1422 927 τάς
1435 904 1465 922 τε
1478 894 1554 930 δψεις
1570 893 1661 923 αὐτῶν
1680 894 1785 930 ἀσϐόλῃ
1800 894 1887 929 ἐμπε-

241 931 285 959 nis
313 932 413 961 invecti
441 942 530 971 usque
554 936 589 964 ad
610 936 716 966 Aureas
735 943 832 973 portas
850 939 1034 974 imperatoriae

241 978 341 989 “4L,
373 987 392 989 μ
424 988 427 989 ,
468 986 473 989 .
641 983 647 989 .
881 985 887 989 .

1088 943 1210 978 ριχρϊσαι
1223 942 1272 969 καὶ
1285 942 1381 974 πέδαις
1397 942 1507 974 διπλαῖς
1519 942 1585 974 τοὺς
1595 941 1679 973 πόδας
1693 941 1886 989 ἑμπιέζεσθαι,

241 978 319 1007 urbis
336 988 344 1012 ;
366 986 531 1017 eaveretque
550 990 586 1010 ne
601 983 747 1019 quisquam
759 985 937 1020 praesentium
954 993 1034 1013 acce-

239 1025 308 1053 dens
325 1033 386 1053 cum
407 1027 441 1055 iis
454 1027 594 1063 loquatur.
610 1029 717 1063 Quibus
731 1031 768 1058 ita
785 1032 907 1067 peractis
927 1032 1034 1061 Metho-

238 1079 302 1099 nam
318 1079 415 1100 versus
429 1081 478 1101 eos
492 1074 577 1103 mittit
591 1077 800 1111 suspendendos
815 1082 945 1114 tanquam
965 1079 1036 1115 fugi-

238 1118 311 1146 tivos
327 1125 359 1146 ac
374 1118 532 1148 desertores
549 1120 613 1149 belli
625 1121 748 1157 ignavos,
761 1124 887 1160 praecipit
898 1125 980 1153 etiam
1000 1134 1035 1154 ne

238 1165 385 1200 quisquam
400 1174 434 1194 ex
443 1166 562 1195 ducibus
577 1167 652 1196 illius
667 1169 732 1202 loci,
747 1175 795 1198 aut
809 1171 893 1208 etiam
908 1179 942 1200 ex
952 1172 1035 1209 vulgo

238 1211 394 1245 hominum,
414 1221 448 1240 ne
466 1214 524 1249 ipse
539 1214 651 1250 quidem
666 1223 794 1244 summus
811 1217 868 1245 dux
884 1219 1033 1252 exercitus,

237 1258 285 1285 tali
307 1258 417 1287 silentio
432 1264 578 1296 exemptus
602 1262 658 1290 sit:
682 1268 764 1298 atque
781 1263 866 1292 vincti
879 1272 975 1293 omnes
989 1272 1036 1293 su-

237 1305 330 1340 spensi
345 1309 420 1332 sunt.
445 1306 516 1334 Hinc
531 1307 694 1336 lamentatio
712 1317 768 1337 non
782 1310 903 1346 vulgaris
916 1311 1034 1347 patricio

237 1350 333 1378 Nasari
345 1359 375 1379 ac
387 1351 506 1381 ducibus
518 1353 566 1388 qui
586 1354 611 1382 ei
625 1355 759 1384 suberant
772 1357 895 1391 suborla,
909 1365 940 1386 se
958 1358 1035 1394 ipsos

237 1397 462 1427 insimulantibus
486 1399 597 1428 illorum
618 1401 797 1436 desertionis,
816 1411 849 1431 eo
866 1404 913 1440 qui
928 1405 963 1433 ab
984 1406 1036 1434 im-

236 1449 366 1479 peratore
385 1452 500 1474 venerat
518 1447 672 1476 afﬁrmante
689 1449 772 1478 etiam
788 1451 920 1488 conjuges
939 1452 1034 1489 fugiti-

235 1496 334 1517 verum
352 1511 360 1523 ι
388 1499 498 1519 necnon
535 1499 686 1528 parentes,
712 1494 906 1530 imperatorem
937 1504 1036 1527 omnes

236 1536 350 1564 omnino
362 1537 453 1573 gladio
467 1539 651 1574 perditurum.
663 1541 703 1568 Ita
716 1541 819 1570 factum
836 1543 888 1571 hoc
906 1544 1035 1580 pulcher-

237 1582 309 1610 rimo
323 1589 480 1612 commento
495 1589 525 1612 ut
542 1593 592 1621 per
603 1594 706 1621 paucos
719 1588 917 1618 condemnatos
930 1590 1035 1627 Agare-

1089 989 1136 1016 καί
1151 998 1204 1016 τινι
1227 989 1288 1025 ὥρᾳ
1314 989 1498 1025 διωρισμένης
1521 989 1629 1025 ἡμέρας
1656 988 1886 1024 μεμαπιγῶσθαι

1088 1035 1189 1067 αὐτοὺς
1212 1035 1249 1068 ὡς
1265 1035 1448 1067 λειποτάκτας
1466 1035 1635 1070 πλευσίμους
1655 1036 1684 1063 ὲν
1709 1035 1888 1070 φραγελλίοις

1088 1080 1186 1112 δεινοῖς
1212 1079 1285 1108 κατὰ
1309 1080 1356 1107 τὸν
1374 1080 1541 1117 ἱππόδρομον
1560 1080 1628 1118 (88),
1657 1080 1705 1108 καὶ
1716 1080 1888 1116 διασυρμοὺς

1088 1127 1241 1164 δραπετῶνξ
1259 1128 1427 1165 κατηγόροις
1454 1129 1484 1156 ὲν
1503 1118 1828 1164 ’λόγοιςὺφισταμένους
1847 1127 1886 1154 δι-

1088 1174 1250 1202 ελεύσεσθαι
1261 1174 1486 1212 γυμνητεύοντας
1500 1175 1547 1202 καὶ
1562 1175 1726 1211 ὀχουμένους
1751 1173 1796 1201 ἐπ’
1818 1174 1888 1202 δνων

1088 1220 1141 1253 ἕως
1155 1220 1249 1248 πυλῶν
1263 1221 1453 1257 χρυσωνύμων
1472 1221 1608 1255 βασιλίδος
1631 1221 1681 1257 τῆς
1697 1220 1816 1253 πόλεως,
1834 1229 1886 1247 πα-

1089 1265 1298 1302 ραφυλάξασθαι
1311 1265 1340 1293 δὲ
1355 1265 1458 1301 μηδένα
1472 1265 1527 1292 τῶν
1542 1265 1676 1293 συνόντων
1688 1265 1783 1296 αὐτοῖς
1799 1266 1886 1300 ἐμπε-

1088 1312 1210 1340 λάσαντα
1229 1311 1361 1348 ὁμιλῆσαι
1389 1310 1457 1348 (89).
1487 1311 1598 1338 Τούτων
1623 1311 1712 1349 ταύτῃ
1734 1320 1886 1347 προχωρη-

1089 1359 1195 1386 σάντων
1207 1359 1278 1386 κατὰ
1291 1358 1426 1394 Μεθώνην
1438 1358 1566 1394 προΐησιν
1580 1358 1814 1386 ἀνεσκολοπίσθαι
1831 1358 1886 1394 (90)

1087 1405 1199 1437 τούτους
1215 1404 1254 1437 ὡς
1272 1405 1411 1440 δραπέτας
1436 1404 1565 1440 πολέμων
1587 1404 1748 1437 ἀνάλκιδας,
1774 1405 1825 1431 καὶ
1849 1404 1885 1440 μή

1087 1460 1149 1479 τινα
1168 1450 1222 1478 τῶν
1237 1450 1378 1486 ἐγχωρίων
1394 1450 1556 1486 ἀρχηγετῶν
1572 1451 1626 1477 εἴτε
1643 1450 1709 1478 λαοῦ
1728 1451 1781 1486 τῆς
1797 1451 1886 1478 κοινό-

1087 1505 1179 1533 τητος,
1196 1495 1265 1523 ἀλλὰ
1292 1496 1361 1531 μήτε
1385 1495 1467 1522 αὐτὸν
1493 1495 1649 1531 προηγέτην
1675 1494 1809 1531 στρατοῦ,
1831 1494 1886 1521 τῶν

1087 1543 1189 1579 ὁμοίων
1206 1543 1256 1578 τῆς
1266 1541 1416 1578 ἐχεμυθίας
1436 1541 1675 1577 ἀπολιμπάνεσθαι
1688 1550 1695 1557 ’
1714 1541 1764 1568 καὶ¹
1778 1540 1886 1577 δεσμῶ-

1087 1599 1132 1617 ται
1147 1589 1247 1621 πάντες
1263 1589 1417 1624 ἀνήρτηντο
1431 1588 1568 1624 σκόλοψιν.
1586 1588 1708 1615 Ἐνθένδε
1723 1588 1826 1624 θρῆνος
1837 1589 1886 1624 οὐχ

236 1636 289 1656 nos
300 1636 380 1657 suum
390 1631 523 1666 populum
533 1638 720 1661 conservaret.
735 1634 807 1662 Metu
816 1636 890 1664 enim
901 1638 1033 1672 perculsi.

1087 1638 1101 1664 ὁ
1117 1635 1206 1671 τυχὼν
1226 1635 1265 1671 τῷ
1280 1635 1419 1670 πατρικίῳ
1435 1634 1533 1670 Νάσαρ
1555 1636 1602 1662 καὶ
1620 1634 1667 1661 ὑπ’
1692 1633 1811 1662 αὖτὺνω
1837 1633 1887 1669 ἆρ-

236 1682 300 1701 (·υιη
317 1676 473 1703 navarchus
486 1677 609 1712 ipsorum
625 1679 712 1706 Nasar
726 1701 733 1713 ,
765 1681 845 1716 120
871 1687 928 1709 tum
951 1683 1036 1712 duces

237 1719 286 1753 qui
312 1720 340 1748 ei
367 1721 511 1755 suberant,
539 1731 575 1751 ne
604 1724 659 1751 tale
683 1724 749 1759 quid
770 1726 919 1761 aliquando
938 1732 966 1756 ct
984 1728 1036 1764 ipsi

235 1764 440 1800 perpetiantur,
452 1768 611 1796 necessario
627 1769 754 1798 hostibus
769 1772 904 1800 resistunt
922 1779 1037 1810 propter

234 1810 410 1846 superiorem
433 1811 577 1841 victoriam
595 1815 823 1850 superhientibus
843 1826 951 1848 summa
972 1821 1036 1849 bar-

233 1855 311 1884 barie
322 1861 404 1893 atque
414 1857 584 1895 Zacynthum
593 1861 798 1892 obsidentibus.
811 1863 882 1902 Ergo
898 1867 1035 1903 impetum

234 1901 263 1930 in
277 1909 325 1930 eos
335 1903 402 1932 facit
416 1904 514 1937 Nasar,
531 1910 614 1943 atque
628 1908 820 1939 internecione
833 1901 925 1947 caedit,
939 1901 1035 1945 divino

233 1949 338 1977 auxilio
357 1950 590 1989 imperatorisque
615 1955 689 1990 apud
715 1956 803 1985 Deum
834 1958 1034 1991 intercessione

235 1998 332 2022 contra
357 1995 428 2024 illos.
453 1997 522 2025 Cum
540 2003 632 2027 autem
654 2006 750 2030 nostra
773 2003 870 2033 classis
892 2005 1034 2042 Agarenos

235 2047 404 2077 superasset,
421 2043 567 2073 articulata
584 2047 708 2082 quaadam
720 2056 772 2076 vos
784 2058 817 2078 ex
830 2053 954 2082 convalle
967 2055 1033 2083 mit-

233 2087 355 2119 tebatur,
381 2088 498 2117 ulterius
524 2098 639 2126 pergere
663 2093 773 2129 jubens.
804 2095 883 2125 Unde
910 2098 956 2127 isti
982 2108 1033 2136 per

233 2131 356 2160 Siciliam
373 2140 482 2161 omnem
499 2140 528 2163 et
538 2136 660 2164 Africam
673 2146 725 2167 nec
740 2148 796 2168 non
809 2131 1030 2179 Longobardibm

232 2177 361 2212 profecti,
377 2178 476 2209 bellico
488 2180 543 2216 igni
556 2186 584 2209 et
600 2184 675 2212 omni
687 2192 787 2220 genere
796 2177 1031 2227 caedisAgarenos

232 2223 261 2250 in
272 2224 389 2252 navibus
402 2226 598 2255 comburentes
607 2233 635 2256 et
646 2229 855 2266 interﬁcienles,
865 2223 948 2265 etiu‘m
962 2238 1031 2267 alias

232 2277 317 2298 naves
346 2272 526 2300 mercatorias
555 2279 701 2310 ceperunt,
732 2285 850 2312 quarum
880 2289 1027 2312 numerum

1088 1691 1184 1718 χουσιν
1205 1681 1359 1717 ἐπεγίνετο,
1382 1681 1485 1717 μέμψιν
1511 1681 1619 1712 ἑαυτοῖς
1639 1680 1814 1716 ἐπιτρίϐουσι
1836 1680 1885 1715 τῆς

1088 1730 1154 1765 περὶ
1167 1729 1280 1760 τούτους
1292 1728 1315 1744 ⁸⁸
1329 1727 1357 1754 λε
1363 1726 1517 1761 ιποταξίας,
1531 1726 1579 1754 τοῦ
1594 1727 1626 1753 ὲκ
1643 1725 1779 1762 βασιλέως
1793 1726 1886 1754 διαϐε-

1087 1773 1253 1809 ϐαιουμένου
1276 1773 1368 1806 αὐτοῖς
1392 1772 1441 1805 τάς
1469 1781 1500 1800 τε
1532 1771 1678 1804 συνεύνους
1706 1773 1755 1800 καὶ
1784 1773 1886 1804 παῖδας

1085 1819 1329 1857 δραπετευσάντων
1341 1819 1410 1855 (91),
1433 1819 1474 1846 ἑτι
1496 1819 1552 1854 μὴν
1573 1819 1621 1846 καὶ
1639 1819 1821 1855 γεννήτορας,
1839 1819 1885 1846 τὸν

1086 1868 1293 1903 αὑτοκράτοροα
1323 1867 1430 1898 πάντας
1463 1866 1549 1902 ἄρδην
1578 1865 1650 1901 ξίφει
1679 1866 1882 1904 διολοθρεῦσαι.

1090 1914 1136 1947 Ὦς
1150 1916 1182 1942 ἐκ
1205 1914 1283 1942 τοῦδε
1299 1914 1347 1941 τοῦ
1363 1913 1509 1941 καλλίστου
1525 1914 1717 1949 σκευάσματος
1735 1913 1771 1941 δι’
1787 1914 1884 1950 εὐαρι-

1086 1961 1199 1998 θμήτων
1228 1961 1405 1996 κατακρίτων
1424 1960 1586 1997 ’Δγαρηνῶν
1615 1960 1663 1988 τὸν
1686 1961 1788 1988 οἰκεῖον
1821 1961 1884 1988 λαὸν

1084 2004 1278 2034 ἀνασώσασθαι
1303 2006 1370 2041 (9‘2).
1401 2006 1542 2042 Περιδεεῖς
1568 2003 1614 2033 οὖν
1640 2006 1787 2040 γεγονότες
1816 2006 1831 2033 δ
1854 2015 1883 2032 τε

1083 2053 1219 2089 ναύαρχος
1232 2052 1323 2080 αὐτῶν
1336 2053 1435 2089 Νάσαρ
1455 2052 1502 2079 καὶ
1516 2053 1542 2080 oi
1566 2053 1612 2080 ὑπ’
1627 2053 1710 2080 αὑτὸν
1733 2053 1856 2089 ἀρχηγοὶ
1868 2053 1883 2080 ὅ

1082 2108 1113 2127 τε
1130 2099 1241 2135 σύμπας
1255 2099 1331 2132 λαὸς,
1345 2099 1376 2126 τὸ
1391 2099 1514 2126 τοιοῦτον
1529 2100 1636 2135 μήποτε
1653 2099 1702 2127 καὶ
1716 2100 1795 2127 αὐτοὶ
1812 2100 1882 2126 ὐπο-

1084 2147 1237 2182 στήσωνται
1251 2147 1285 2179 ⁸⁵,
1311 2146 1470 2181 ἀναγκαίως
1492 2147 1550 2179 τοῖς
1576 2146 1721 2182 πολεμίοις
1746 2146 1882 2174 ἀντικαθ-

1084 2192 1207 2220 ίστανται
1222 2191 1290 2228 (95),
1303 2191 1367 2228 νίκῃ
1380 2193 1414 2228 τῇ
1430 2192 1496 2228 πρὶν
1511 2193 1796 2228 μεγαλειουμένοιςιδο
1815 2192 1882 2228 βαρ.

1082 2238 1259 2274 σαρικὼτατα
1274 2238 1322 2265 καὶ
1347 2237 1485 2265 Ζάκυνθον
1505 2238 1748 2274 προσεδρεύουσιν.
1773 2238 1881 2266 Οὐκοῦν

1081 2285 1235 2313 ἐπιτίθεται
1265 2284 1371 2317 τούτοις
1390 2284 1488 2320 Νάσαρ
1512 2285 1710 2321 παρεμὸαλὼν,
1736 2286 1787 2313 καὶ
1811 2295 1880 2315 παν-

231 2315 303 2343 inire
324 2315 397 2344 haud
413 2317 493 2345 facile
509 2323 562 2352 est,
578 2326 709 2350 oneratas
726 2325 811 2352 variis
825 2329 977 2363 mercibus,
998 2331 1026 2359 in

1086 2331 1246 2367 ωλεθρίαν⁸⁷
1259 2331 1320 2368 θείᾳ
1333 2315 1407 2366 ἰσχύϊ
1418 2332 1466 2358 καὶ
1473 2315 1615 2366 ’βασιλέως
1623 2315 1744 2366 ἐντεύξει
1761 2334 1881 2360 κατάὖ-

231 2361 334 2396 quibus
345 2368 372 2390 et
387 2363 477 2392 oleum
492 2366 610 2394 maxima
623 2369 712 2404 copia,
728 2370 766 2398 ita
778 2376 806 2398 ut
821 2371 848 2400 in
867 2373 922 2402 illis
930 2361 1028 2406 diebus

231 2408 310 2436 librae
328 2410 437 2444 pondus
455 2411 538 2440 obolo
554 2414 672 2448 veniret,
692 2423 725 2444 ac
745 2421 874 2453 tanquam
895 2421 1028 2452 miracula

230 2456 303 2491 apud
317 2463 413 2485 omnes
422 2465 456 2486 ea
467 2467 528 2495 quae
541 2465 607 2489 tunc
619 2461 690 2490 facta
701 2469 794 2493 essent
806 2465 1024 2498 celebrarentur.

1082 2378 1137 2405 τῶν
1150 2377 1264 2406 τίθεται.
1281 2377 1336 2405 Τοῦ
1347 2377 1376 2404 δὲ
1391 2377 1454 2405 καθ’
1469 2378 1545 2413 ἡμᾶς
1557 2377 1674 2413 πλοῖμου
1691 2380 1812 2415 στρατοῦ
1827 2380 1880 2406 τῶν

1088 2425 1248 2462 ’Δγαρηνῶν
1273 2425 1478 2461 κατισχύοντος,
1499 2424 1633 2462 ἔναρθρός
1656 2435 1700 2466 τις
1716 2426 1767 2463 βοὴ
1785 2427 1878 2454 κοιλὰ-

1082 2473 1128 2504 δος
1139 2473 1161 2488 "
1178 2471 1275 2507 ἠφίετο
1288 2473 1346 2504 τοῖς
1364 2471 1460 2508 πρόσω
1476 2472 1574 2508 φοιτᾷν
1591 2471 1797 2509 ἐγκελευομένη
1811 2474 1877 2509 (9H.

891 2513 1006 2544 VARUE
1024 2517 1228 2547 LECTIONES.

268 2549 291 2565 “
302 2550 349 2576 καὶ
363 2552 420 2582 τοῖς
439 2551 486 2578 ὑπ’
497 2552 579 2579 αὕτδν
592 2552 625 2580 ν.

233 2583 314 2620 Θρίαν
331 2585 361 2613 L.
401 2586 424 2602 “
439 2587 553 2620 κυλάδος
569 2588 591 2618 L

681 2555 704 2571 “
719 2556 785 2592 περὶ
801 2557 897 2585 τούτου
914 2558 945 2587 [ι.
991 2562 1014 2578 ⁸⁸
1028 2563 1229 2600 ὐποστήσονται
1242 2562 1275 2592 L.

1329 2563 1352 2580 “
1367 2563 1616 2601 μεγαλειουμένους
1633 2563 1666 2592 L.
1719 2564 1745 2582 ⁸⁷
1761 2564 1875 2593 mh-

820 2639 943 2670 STEPH.
960 2643 1135 2675 BERGLEKI
1158 2645 1274 2674 NOTAE.

243 2679 324 2734 Ὠ(εὖ)
339 2679 433 2708 Const.
450 2680 552 2717 Porph.
568 2690 596 2718 p.
615 2683 676 2717 186,
694 2684 798 2722 Zon.p.
813 2687 876 2722 172,
896 2689 979 2719 Cedr.
997 2701 1027 2728 p.

231 2715 324 2788 5838.5»)
340 2750 437 2788 Const.
455 2752 557 2788 Porph.
573 2761 600 2788 p.
617 2753 679 2781 186.

242 2786 323 2833 Ὅφὸ)
335 2786 429 2815 Const.
445 2786 547 2823 Porph.
563 2786 664 2824 p.187,
687 2790 754 2818 Zon.
780 2800 807 2828 p.
823 2793 882 2827 I72,
894 2795 976 2824 Cedr.
994 2806 1022 2833 p.

230 2821 324 2896 582219)
338 2857 434 2896 gonst.
447 2858 550 2896 Eorph.
570 2869 598 2896 ῃ,
615 2861 675 2889 187.

230 2891 325 2951 5s5‘87)
342 2892 437 2921 Const.
450 2891 552 2929 Porph.
613 2897 672 2930 187,
688 2897 754 2925 Ζοιι.
769 2907 796 2934 p.
816 2899 874 2934 ll'l,
892 2901 974 2932 Cedr.
993 2913 1020 2940 p,

267 2946 323 2996 (-88)
336 2961 431 2991 Const.
451 2964 551 3000 Porph.
564 2973 590 3001 p.
611 2968 672 3002 18⁷1,
685 2968 766 2996 Cedr.
784 2978 811 3006 p.
826 2971 888 2999 582.

1116 2695 1173 2732 (δερ)
1190 2694 1285 2732 gonst.
1300 2693 1404 2732 ljorph.
1420 2704 1447 2732 p.
1459 2696 1523 2724 187.

1119 2730 1175 2766 (90)
1186 2730 1286 2766 Const.
1300 2730 1403 2766 Porph.
1413 2730 1440 2766 β.
1455 2732 1517 2760 187.

1115 2765 1172 2799 (91)
1183 2765 1243 2793 Non
1254 2765 1334 2793 adest
1344 2765 1481 2795 articulus
1497 2767 1525 2794 in
1541 2775 1593 2795 ms.

1112 2801 1169 2838 (se)
1180 2800 1247 2838 gon.
1263 2801 1363 2838 p.172.
1381 2801 1466 2830 Cedr.
1476 2810 1505 2838 p.
1519 2803 1609 2831 582m
1617 2802 1682 2832 due.

1113 2836 1170 2869 (95)
1184 2835 1272 2863 Cedri
1283 2837 1381 2871 p.583.

1111 2871 1377 2911 (llﬂlmperatorem
1393 2872 1542 2911 idjurssissc
1560 2874 1630 2902 dicit
1642 2875 1743 2903 Const.
1773 2875 1870 2911 I’orph.

1096 2927 1102 2933 .
1114 2907 1172 2947 ⁸187
1186 2907 1294 2947 in_iine.
1356 2907 1667 2947 ﬂastlebigpoewsépw
1682 2914 1786 2947 χωρεῖν
1798 2907 1872 2947 ἐγκε-

1092 2942 1194 2969 εὑεται.
1217 2942 1257 2971 Ita
1277 2947 1303 2970 cl
1319 2943 1401 2972 Cedr.
1420 2952 1446 2980 p.
1465 2942 1527 2973 583;
