4010 6194
413 459 786 470 .—-.—_———--—q-———-._~
801 460 978 467 H.-~-_----
1015 453 2906 468 -'._W—*_————m
3357 456 3514 464 '-—"‘———'
3607 452 3609 454 ’

951 587 1523 715 ΒΕΔΤῙ
1595 580 2336 713 ΒΔΒΔΝΙ
2406 580 3021 715 ΜᾹΠΒῙ

2407 428 2421 438 Γ
2430 428 2460 430 γη.

1086 813 1473 874 FULDENSIS
1511 812 1799 869 ABBATIS
1836 811 1924 868 ET
1963 810 2342 868 MOGUNTINI
2379 810 2897 868 ARCHIEPISCOPI

462 936 1621 1132 COMMEN‘TARIA
1717 993 1873 1117 IN
1969 989 2529 1119 uanos
2624 994 2798 1119 IV
2890 992 3499 1119 REGUM.

1787 1225 2023 1307 (ANNO
2064 1224 2231 1306 83’s.)

1690 1468 2291 1541 PRIEFATIO.

447 1704 677 1763 Domino
728 1699 1182 1759 reverendissimo
1229 1707 1287 1755 et
1332 1698 1387 1754 in
1441 1698 1700 1753 membris
1748 1696 1949 1753 Christi
1975 1704 2023 1765 Α
2050 1698 2343 1755 hreviando
2387 1698 2692 1771 explanavi.
2740 1695 3156 1775 Praenotavique
3196 1706 3252 1763 in
3292 1712 3626 1782 marginibus
3688 1748 3697 1755 .

364 1800 666 1870 plurimum
694 1794 1007 1851 venerando
1036 1801 1198 1862 atque
1226 1788 1474 1855 colendo,
1503 1791 1651 1846 Patri
1686 1789 1952 1846 HILCUINO

372 1888 644 1952 nbbati,et
671 1885 815 1941 sacri
843 1882 1029 1955 palatii
1050 1879 1502 1951 archicapellano,
1530 1878 1803 1944 RABANUS,
1831 1878 1949 1933 exi-

372 1995 512 2049 guus
557 1991 855 2033 servorum
884 1974 979 2030 Dei
1020 1986 1230 2038 servus,
1267 1970 1323 2025 in
1352 1971 1579 2026 Domino
1602 1979 1805 2025 veterno
1830 1984 1952 2042 per-

374 2080 589 2141 petuam
616 2068 873 2124 salutem.

441 2160 576 2215 Cum
599 2156 1008 2214 venerationem
1032 2163 1204 2220 tuam,
1222 2163 1409 2209 sancte
1435 2152 1613 2219 Pater,
1636 2152 1837 2222 ubique
1858 2167 1952 2207 ex-

372 2250 658 2306 cellentem
690 2247 1013 2309 sentiamus,
1046 2254 1102 2301 et
1129 2245 1375 2315 pluribus
1403 2242 1803 2314 prolectuosam
1834 2254 1952 2298 esse

373 2351 705 2414 compertum
731 2340 1048 2404 habeamus,
1081 2337 1135 2394 id
1172 2338 1345 2407 ipsum
1381 2344 1441 2390 ut
1462 2336 1642 2391 divina
1667 2333 1953 2390 clementia

376 2436 580 2491 (iulius
604 2434 723 2489 ﬁeri
749 2432 1107 2504 permittat,et
1140 2430 1436 2486 novissime
1469 2436 1673 2484 aeterna
1704 2420 1953 2481 mercede

377 2531 708 2589 remaneret,
743 2521 977 2577 assiduis
1003 2518 1254 2591 precibus
1292 2519 1559 2574 instanter
1586 2515 1947 2586 deposcimus.

382 2612 460 2669 De
477 2624 681 2673 cetero
719 2625 939 2682 quoque
977 2611 1106 2680 quia
1145 2616 1328 2665 vestra
1359 2608 1619 2664 sanctitas
1640 2621 1739 2676 per
1759 2620 1950 2675 quem-

377 2704 498 2759 dam
543 2703 766 2758 fratrem
803 2710 1072 2768 nostrum,
1102 2715 1265 2771 quem
1292 2699 1363 2753 ad
1390 2697 1648 2769 palatium
1676 2696 1952 2766 pneterito

374 2814 516 2854 amm
541 2798 842 2853 direximus
902 2807 1103 2852 nostra:
1126 2794 1384 2866 parvitati
1413 2804 1700 2865 suggerere
1733 2790 1951 2861 dignata

372 2898 459 2945 est
490 2897 760 2959 quatenus
798 2888 1015 2957 aliquod
1058 2887 1310 2941 volumen
1359 2884 1514 2940 vobis
1548 2880 1677 2936 utile
1704 2881 1949 2934 mittere-

377 2995 534 3034 mus:
564 2995 667 3035 nos
694 2981 811 3034 hazc
834 2977 1107 3049 suggestio
1133 2992 1240 3031 non
1264 2989 1453 3047 parum
1481 2972 1740 3030 sollicitos
1765 2971 1947 3026 reddi-

378 3070 475 3132 dit,
518 3068 665 3138 quod
705 3068 877 3130 vobis,
903 3042 1010 3138 qui
1050 3042 1430 3122 divites-estis
1477 3064 1533 3119 in
1577 3062 1850 3129 omnibus,
1893 3062 1951 3117 in
1977 3042 2025 3104 Β

374 3160 522 3214 omni
551 3159 779 3214 scientia
802 3167 865 3214 et
899 3157 1164 3224 doctrina,
1211 3165 1267 3212 et
1306 3156 1446 3226 apud
1490 3166 1663 3225 quem’
1689 3153 1953 3208 librorum

374 3251 613 3305 niaxima
642 3250 802 3321 copia
840 3259 946 3316 est,
993 3249 1252 3319 placitum
1277 3258 1334 3303 et
1378 3247 1702 3317 condignum
1742 3258 1957 3299 accom-

380 3342 601 3397 modare
624 3356 924 3411 possemus.
954 3340 1022 3394 Et
1047 3339 1173 3409 quia
1196 3354 1289 3394 vos
1314 3337 1545 3407 aliquem
1576 3335 1771 3389 librum
1794 3348 1955 3402 quem

380 3432 532 3486 vobis
554 3431 823 3486 mitterem
845 3431 1164 3486 nominatim
1194 3445 1302 3485 non
1323 3426 1694 3498 expressistis,
1720 3423 1952 3495 cogitavi

382 3530 591 3575 mecum
634 3520 690 3574 in
729 3520 1125 3590 expositionem
1157 3516 1421 3573 librorum
1452 3515 1658 3586 Regum
1683 3515 1954 3584 quoddam

384 3610 700 3680 npusculum
736 3610 1024 3678 conﬁcere,
1062 3619 1119 3666 et
1146 3610 1349 3666 nomini
1386 3618 1568 3665 vestro
1603 3609 1731 3664 illud
1765 3623 1957 3665 conse-

382 3717 560 3767 crare,
589 3712 893 3773 vestrasque
918 3703 1220 3773 prudentia:
1247 3702 1651 3772 approbandum
1681 3699 1955 3755 humiliter

386 3793 486 3848 hoe
524 3793 778 3862 dirigere.
822 3792 978 3860 Quod
1017 3788 1366 3863 deprecoreo
1396 3792 1579 3847 animo
1613 3790 1952 3861 suscipiatis,

380 3898 491 3951 quo
518 3883 673 3937 vobis
700 3882 832 3938 illud
870 3883 1166 3938 transmisi.
1206 3882 1328 3938 Non
1371 3883 1517 3938 enim
1554 3883 1789 3938 arbitror
1825 3880 1955 3935 illud

385 3985 502 4023 esse
532 3969 686 4031 vobis
711 3970 1060 4041 condignum,
1092 3970 1189 4025 sed
1218 3985 1287 4025 ex
1316 3970 1512 4025 devdto
1545 3970 1728 4034 corde,
1762 3968 1953 4039 quale-

387 4075 597 4130 cunque
621 4061 717 4125 sit,
754 4069 935 4117 tamen
970 4061 1261 4131 prolatum.
1294 4060 1530 4117 IEstimo
1553 4061 1723 4119 enim.
1753 4061 1797 4115 si
1824 4059 1955 4115 illud

388 4149 625 4219 relegere
658 4150 960 4216 volueritis,
994 4167 1095 4222 per
1120 4153 1302 4211 omnia
1330 4152 1482 4209 vobis
1508 4165 1617 4206 non
1642 4150 1952 4219 displicere,

387 4254 507 4293 cum
552 4241 918 4309 cognoveritis
960 4257 1048 4297 me
1073 4242 1139 4296 ad
1171 4242 1276 4297 hoc
1302 4242 1550 4297 laborare
1582 4242 1721 4296 velle
1748 4248 1807 4295 ut
1832 4256 1958 4295 san-

385 4337 595 4383 ctorum
622 4327 845 4389 Patrum
875 4331 1041 4397 dicta,
1074 4347 1195 4401 qua:
1227 4331 1295 4385 de
1323 4332 1578 4400 praedicto
1603 4331 1741 4387 libro
1782 4345 1950 4400 expo-

385 4418 488 4472 sita
514 4419 569 4473 in
594 4418 841 4489 pluribus
862 4396 1257 4491 exemplaribus
1272 4396 1511 4491 dispersa
1536 4431 1679 4485 sunt,
1709 4423 1763 4477 in
1787 4396 1952 4477 unum
1982 4396 2026 4456 C

389 4508 457 4562 ob
513 4509 953 4569 commoditatem
1014 4511 1243 4583 legentis
1295 4512 1636 4584 colligerem,
1691 4523 1960 4583 quatenus

389 4596 515 4666 quid
556 4598 786 4667 quisque
828 4613 1016 4657 eorum
1046 4601 1104 4656 in
1134 4602 1417 4657 sententiis
1447 4602 1678 4657 diversis
1720 4603 1961 4659 historia:

391 4684 594 4755 Regum
632 4703 732 4758 per
768 4689 981 4759 singula
1015 4690 1135 4745 loca
1174 4692 1426 4755 senserit,
1462 4693 1666 4760 pariter
1688 4702 1744 4747 et
1767 4708 1961 4747 secun-

390 4771 513 4832 dum
538 4780 783 4839 ordinem
807 4797 839 4835 a
869 4783 1383 4865 nobis‘dispositum,
1401 4785 1681 4853 reperiret.
1710 4784 1789 4839 lbi
1819 4787 1963 4840 enim

393 4869 624 4926 inveniet
658 4873 788 4941 quid
824 4871 989 4933 Pater
1010 4874 1361 4945 Augustinus,
1393 4875 1593 4946 quidve
1619 4875 1847 4945 insignis
1885 4876 1963 4929 in-

394 4968 599 5029 terpres
639 4963 944 5019 divinorum
973 4964 1231 5020 librorum
1264 4965 1623 5037 Hieronymus
1651 4954 1957 5021 senserint:

390 5049 514 5116 quid
556 5066 694 5121 papa
732 5053 925 5107 beatus
952 5068 1018 5107 ac
1045 5056 1398 5111 suavissimus
1433 5055 1624 5111 doctor
1647 5055 1958 5127 Gregorius,

394 5142 588 5210 quidve
650 5143 886 5199 lsidorus
938 5143 1272 5214 llispalensis
1336 5147 1663 5217 episcopus,
1724 5154 1781 5201 et
1829 5147 1961 5215 quid

392 5227 556 5294 Beda,
603 5232 852 5304 magister
882 5232 1101 5295 nobilis,
1146 5249 1212 5289 ac
1258 5237 1439 5291 caeteri
1480 5235 1691 5300 Patres,
1729 5250 1959 5306 quorum

2051 1791 2364 1861 paginarum
2406 1791 2709 1863 aliquorum
2755 1809 2945 1851 eorum
2973 1794 3213 1864 nomina,
3245 1798 3336 1854 ubi
3367 1815 3463 1857 sua
3492 1819 3621 1873 pro-

2052 1882 2168 1952 pria
2189 1883 2353 1936 verba
2374 1882 2587 1955 sunt(a)
2606 1876 2625 1950 ;’
2642 1884 2732 1938 ubi
2746 1899 2877 1941 vero
2896 1900 3082 1941 eorum
3103 1902 3319 1947 sensum
3344 1893 3480 1947 meis
3505 1909 3629 1949 ver-

2050 1967 2134 2022 bis
2157 1968 2419 2038 expressi,
2458 1977 2553 2023 aut
2575 1970 2664 2025 ubi
2686 1970 2840 2042 juxta
2874 1987 3067 2028 sensus
3094 1989 3281 2031 eorum
3311 1978 3623 2035 similitudi-

2052 2074 2201 2120 nem,
2239 2068 2400 2128 prout
2440 2060 2623 2115 divina
2668 2063 2843 2132 gratia
2889 2064 3023 2120 mihi
3067 2068 3366 2124 concedere
3408 2071 3626 2144 dignata
3708 2104 3713 2111 ι
3764 2102 3771 2109 ι

2051 2157 2156 2214 est,
2201 2148 2268 2203 de
2304 2164 2443 2204 novo
2480 2150 2698 2217 dictavi,
2728 2152 2782 2205 Μ
2808 2152 3044 2209 litteram
3087 2154 3265 2212 Maus:
3300 2173 3495 2216 nomen
3533 2177 3627 2217 ex-

2052 2238 2394 2308 primentem,
2442 2242 2584 2309 quod
2633 2241 2888 2311 magister
2931 2258 3083 2297 meus
3129 2244 3305 2301 beatm
3349 2240 3625 2305 memoria:

2053 2326 2277 2381 Albinus
2315 2327 2450 2381 mihi
2475 2327 2690 2393 indidit,
2729 2339 3034 2398 praznotare
3062 2333 3273 2388 curavi.
3304 2343 3364 2388 ut
3398 2335 3628 2409 diligens

2053 2416 2223 2474 lector
2247 2420 2382 2475 sciat
2406 2421 2535 2490 quid
2564 2421 2792 2491 quisque
2820 2422 2888 2478 de
2919 2437 3018 2478 suo
3040 2424 3309 2493 proferat,
3347 2427 3543 2497 quidve
3572 2430 3626 2485 in

2054 2510 2280 2581 singulis
2309 2510 2649 2566 sentiendum
2679 2511 2770 2577 sit,
2800 2512 3078 2568 decernat.
3108 2513 3382 2572 Przeterea
3414 2517 3625 2575 Hebraei

2052 2596 2335 2667 cujusdam
2392 2600 2666 2655 modernis
2724 2602 3055 2672 temporibus
3106 2603 3161 2658 in
3207 2604 3342 2674 legis
3399 2606 3631 2664 scicntia

2054 2690 2303 2759 capitulis
2331 2691 2673 2747 traditionem
2706 2692 3054 2750 Hebraeorum
3087 2697 3286 2753 habere
3308 2713 3416 2753 non
3441 2702 3630 2770 paucis

2054 2784 2190 2839 locis
2235 2783 2526 2858 [Prmterca
2559 2801 2627 2841 ex
2656 2787 2908 2856 capitulis
2936 2787 3150 2844 Hebraei
3180 2784 3483 2860 cujusdam,
3513 2808 3631 2850 mo-

2055 2874 2237 2930 dernis
2281 2876 2614 2946 temporibus
2641 2876 2694 2930 in
2722 2876 2857 2947 legis
2886 2878 3111 2935 scientia
3155 2880 3336 2950 periti,
3384 2883 3632 2939 traditio-

2056 2979 2181 3021 nem
2220 2965 2570 3022 Hebraeorum
2599 2982 2705 3022 non
2734 2967 2922 3037 paucis
2951 2966 3103 3034 locis,
3135 2968 3290 3042 etc.],
3316 2970 3477 3026 simul
3502 2988 3627 3027 cum

2052 3066 2182 3116 nota
2207 3059 2441 3114 nominis
2461 3056 2578 3127 ejus
2603 3057 2828 3127 inserui,
2860 3074 2965 3113 non
3000 3059 3154 3128 quasi
3184 3059 3435 3130 ingerens
3460 3061 3627 3121 alicui

2054 3150 2434 3206 auctoritatem
2473 3150 2675 3221 ipsius,
2730 3149 2825 3204 sed
2873 3149 3190 3220 simpliciter
3234 3150 3429 3221 potius,
3484 3152 3628 3222 quod

2053 3241 2313 3312 scriptum
2345 3240 2539 3311 reperi,
2583 3240 2699 3311 ejus
2741 3240 3115 3311 probationem
3158 3239 3374 3297 lectoris
3419 3239 3629 3310 judicio

2053 3330 2387 3401 derelinquo.
2432 3328 2572 3385 Ante
2617 3330 2799 3385 omnia
2849 3341 3029 3388 autem
3077 3332 3341 3401 deprecor
3386 3343 3447 3387 ut
3487 3349 3629 3405 pra:-

2053 3421 2344 3490 sumptioni
2368 3436 2503 3475 mea:
2524 3422 2738 3477 veniam
2764 3421 2987 3488 tribuas,
3017 3423 3160 3493 quod
3183 3430 3294 3479 tam
3321 3425 3623 3497 imperitus,

2052 3523 2159 3563 non
2211 3508 2382 3565 solum
2436 3526 2717 3576 sermone,
2767 3512 2860 3567 sed
2907 3513 3073 3567 etiam
3116 3515 3363 3583 scientia,
3418 3524 3629 3573 tantum

2051 3613 2188 3668 opus
2228 3599 2412 3655 subire
2449 3603 2790 3673 prmsumpsi.
2831 3600 2949 3657 Non
2994 3602 3139 3661 enim
3166 3604 3234 3660 de
3262 3620 3404 3669 mea,
3438 3608 3531 3663 sed
3561 3609 3629 3664 de

2053 3687 2233 3743 divina
2279 3689 2614 3746 conlidebam
2663 3693 2927 3762 potentia,
2974 3693 3040 3749 de
3079 3710 3187 3766 qua
3207 3697 3467 3767 scriptum
3499 3708 3624 3754 est:

2058 3795 2077 3827 ι
2108 3777 2243 3845 Quia
2290 3780 2556 3849 sapientia
2602 3784 2776 3853 aperit
2803 3798 2864 3838 os
2896 3794 3192 3846 mutorum.
3223 3795 3278 3840 et
3301 3786 3515 3859 linguas
3545 3789 3630 3845 in-

2054 3867 2281 3923 fantium
2328 3869 2460 3925 facit
2498 3872 2730 3928 disertus
2771 3871 2920 3945 (Sap.
2950 3873 3026 3948 χ).
3060 3895 3078 3927 ι
3123 3874 3225 3943 Qui
3253 3884 3308 3931 et
3338 3878 3629 3941 humanam

2055 3957 2182 4014 fecit
2234 3959 2471 4030 linguam
2527 3962 2751 4031 pecudis
2799 3978 3055 4018 resonare
3108 3963 3379 4034 loquelam
3433 3966 3624 4038 (Nam.

2055 4050 2210 4123 xxii).
2261 4051 2529 4121 Legebam
2566 4052 2714 4105 enim
2751 4067 2874 4106 eum
2904 4068 3001 4122 per
3026 4053 3348 4124 Prophetam
3381 4057 3623 4115 dixisse:

2063 4160 2081 4192 ι
2098 4142 2261 4211 Aperi
2281 4157 2342 4196 os
2364 4150 2533 4207 tuum,
2550 4151 2606 4197 et
2627 4158 2726 4212 ego
2747 4143 3047 4213 adimplebo
3068 4144 3193 4201 illud
3210 4144 3381 4219 (Psal.
3403 4149 3621 4220 πλινψ.»

2055 4231 2123 4285 Et
2149 4232 2316 4286 alibi:
2356 4231 2683 4298 «Quoniam,
2733 4233 2926 4302 inquit,
2961 4233 3014 4287 in
3053 4249 3139 4289 me
3181 4237 3439 4307 speravit,
3492 4236 3629 4293 libe-

2056 4325 2189 4377 rabo
2216 4339 2360 4387 eum,
2391 4333 2445 4378 et
2480 4332 2757 4393 protegam
2788 4339 2934 4387 eum,
2968 4325 3222 4404 quoniam
3250 4329 3501 4398 cognovit
3528 4343 3630 4382 no-

2059 4429 2182 4468 men
2219 4429 2395 4468 meum
2443 4413 2614 4487 (Psal.
2646 4429 2711 4468 xc
2751 4413 2791 4486 ).
2825 4433 2842 4466 ι
2883 4412 2995 4468 Nec
3032 4415 3177 4469 enim
3217 4415 3397 4472 dillido
3421 4416 3632 4487 aliquos

2059 4521 2179 4560 esse
2209 4506 2299 4575 qui
2328 4520 2480 4560 suam
2508 4504 2749 4559 volentes
2779 4512 3054 4558 ostentare
3079 4504 3349 4574 peritiam,
3384 4515 3626 4561 nostram

2061 4597 2441 4667 reprehensuri
2481 4597 2589 4650 sint
2629 4594 2900 4648 inertiam.
2943 4594 3149 4661 Quibus
3178 4610 3286 4648 non
3310 4595 3445 4649 meis
3477 4634 3493 4661 ,
3533 4595 3629 4650 sed

2064 4688 2205 4742 beati
2237 4684 2545 4755 Hieronymi
2590 4683 2929 4753 respondebo
2967 4682 3347 4738 sermonibus:
3383 4702 3401 4734 ι
3427 4682 3632 4757 Legant

2063 4780 2154 4849 qui
2176 4778 2403 4843 volunt;
2446 4774 2536 4844 qui
2560 4782 2739 4828 autem
2788 4773 2999 4839 nolunt,
3049 4771 3324 4841 abjiciant,
3367 4782 3421 4827 et
3458 4774 3632 4828 venti-

2063 4868 2176 4923 lent
2209 4868 2412 4938 apices,
2465 4867 2678 4922 litteras
2721 4866 3136 4923 calumnientur.
3167 4888 3186 4921 s
3240 4867 3409 4941 Magis
3450 4879 3631 4923 vestra

2063 4962 2327 5016 charitate
2363 4961 2696 5032 provocabor
2736 4961 2802 5014 ad
2829 4950 3086 5023 studium,
3108 4975 3270 5029 quam
3297 4961 3511 5015 illorum
3537 4960 3631 5014 de-

2061 5052 2325 5108 tractione
2353 5059 2408 5106 et
2434 5051 2558 5106 odio
2581 5050 2915 5107 deterrebor.
2961 5049 3019 5105 Si
3065 5051 3209 5113 enim
3253 5051 3368 5105 haec
3402 5064 3572 5120 parva
3598 5064 3631 5104 a

2062 5153 2240 5196 vestra
2264 5151 2416 5212 grate
2447 5137 2697 5212 sdscepta
2723 5141 2927 5196 fuerint
2948 5141 3169 5212 pietate,
3207 5139 3632 5210 Domino.opitu-

2064 5235 2229 5298 lante,
2261 5231 2437 5288 adhuc
2475 5233 2690 5302 aliquod
2729 5232 2862 5287 utile
2898 5232 3181 5289 elaborare
3205 5240 3260 5286 et
3284 5238 3478 5285 vestra:
3505 5245 3628 5284 san-

394 5319 607 5391 longum
628 5333 711 5378 est
730 5324 947 5379 nomina
970 5340 1270 5386 recensere.
1295 5327 1397 5381 rite
1419 5327 1799 5382 intellexerint.
1825 5326 1963 5393 Quo-
1986 5306 2038 5366 Ῑ)
2063 5326 2241 5382 ctitati
2283 5332 2612 5396 praesentare
2657 5327 2914 5385 conabor.
2958 5323 3350 5379 Beatitudinem
3396 5330 3632 5376 vestram

395 5426 515 5464 rum
556 5413 795 5469 omnium
836 5415 1157 5481 sententias,
1199 5426 1295 5470 aut
1342 5416 1500 5471 sicuti
1550 5416 1620 5470 ab
1665 5417 1794 5486 ipsis
1837 5430 1965 5469 con-

396 5502 606 5571 scriptae
647 5513 774 5559 sunt
808 5507 986 5575 posui,
1022 5515 1117 5561 aut
1161 5522 1379 5565 sensum
1416 5522 1603 5563 eorum
1629 5509 1763 5566 meis
1789 5507 1965 5563 verbis

2062 5417 2314 5486 majestas
2361 5415 2540 5470 divina
2582 5414 2725 5470 felici
2750 5428 3005 5472 successu
3026 5414 3322 5495 pollentem
3346 5419 3632 5482 perpetua-

2064 5504 2189 5560 liter
2208 5518 2531 5560 conservare
2556 5503 2824 5574 dignetur.

467 5676 539 5749 (η)
577 5677 803 5737 Nomina
832 5682 948 5738 hare
977 5698 1077 5741 nos
1103 5684 1413 5753 parenthesi
1445 5683 1693 5741 distincta
1720 5686 1779 5740 in
1810 5690 1959 5741 textu
1992 5681 2334 5739 inseruimus.
2375 5681 2531 5737 Eon.

828 5797 1100 5859 Ριτιιοι.
1144 5798 1309 5872 Cl.\'_.

148 5954 277 6124 Le
315 5923 519 6075 λς
553 5916 757 6103 si;
