4010 6194
390 325 458 382 Ἠ
1038 331 1098 388 Β.
1142 335 1396 390 RABANI
1434 338 1652 393 MAURI
1692 339 2011 396 ARCHlEP.
2053 342 2361 400 MOGUNI‘.
2404 346 2690 412 OPERCM
2718 351 2896 408 PARS
2932 353 2971 409 Ι.
3600 364 3669 419 i3

401 478 3668 526 -—-——————————_.________._____________

1827 580 2233 647 INCIPIUNT
2342 642 2351 651 .

664 736 1704 858 COMMENTARIA
1784 743 1933 858 IN
2019 743 2523 887 LIBROS
2611 753 2767 872 1v
2852 728 3384 876 REGUM.

1514 1072 1622 1151 IN
1683 1073 2073 1152 LIBRUM
2135 1075 2571 1156 PRIMUM.

904 1341 1134 1404 CAPUT
1173 1342 1460 1403 PRIMUM.

391 1469 460 1523 De
492 1462 695 1521 Sicana
717 1470 766 1517 et
794 1459 1001 1519 duabus
1027 1457 1283 1528 uxoribus
1308 1456 1449 1528 ejus,
1482 1457 1579 1511 hoc
1617 1465 1693 1510 est
1738 1455 1889 1509 Anno
1922 1464 1970 1508 et

1025 1526 1336 1583 Phenenna.

457 1627 610 1699 (Car.
640 1623 703 1698 ι.)
745 1641 765 1676 ι
793 1621 917 1677 Fuit
941 1621 1026 1677 vir
1053 1636 1193 1675 unus
1217 1619 1284 1675 de
1306 1618 1577 1674 Ramatha
1619 1616 1867 1687 Sophim,
1905 1616 1973 1672 de

390 1740 406 1770 ι
440 1727 624 1775 monte
666 1714 947 1787 prraim,
981 1720 1037 1768 et
1071 1726 1268 1767 nomen
1294 1709 1411 1780 ejus
1433 1710 1660 1776 Eleana,
1689 1728 1708 1762 ι
1738 1718 1845 1764 etc.
1883 1707 1973 1762 Di-

390 1827 582 1866 camus
618 1809 856 1880 primum
883 1804 951 1861 de
986 1803 1337 1877 generatione
1364 1802 1642 1874 propheta:
1672 1798 1971 1855 secundum

387 1901 694 1965 historiam,
742 1905 802 1952 ut
847 1904 1037 1968 postea
1077 1885 1439 1950 continuatim
1491 1889 1806 1964 allegoriam
1851 1886 1973 1959 ejus

384 1994 708 2051 inseramus.
733 1989 932 2045 Eleana
959 1987 1175 2059 quippe,
1200 1993 1356 2056 pater
1385 1983 1652 2039 Samuelis
1672 1981 1967 2053 prophetat,

384 2084 451 2138 de
475 2084 644 2154 stirpe
692 2080 823 2136 Levi
868 2078 991 2145 fuit,
1036 2076 1128 2133 sed
1164 2092 1270 2131 non
1303 2076 1369 2131 de
1395 2074 1744 2146 generatione
1785 2071 1970 2127 Aaron

383 2173 723 2230 sacerdotis:
757 2169 857 2226 fuit
915 2170 1083 2235 enim,
1119 2176 1180 2222 ut
1226 2166 1402 2224 Verba
1452 2165 1664 2221 dierttttt
1720 2172 1967 2229 narrant,

378 2252 524 2321 idem
552 2265 781 2319 «Eleana
808 2262 950 2317 ﬁlius
969 2261 1284 2325 Jeroboam,
1307 2258 1401 2313 ﬁlii
1432 2257 1587 2322 Eliel,
1619 2256 1715 2311 ﬁlii
1747 2255 1967 2320 Tbahu,

385 2356 482 2411 lilii
529 2354 717 2425 Suph,
764 2350 858 2408 ﬁlii
912 2351 1150 2416 Eleana,
1202 2349 1297 2404 ﬁlii
1344 2348 1595 2414 Mahatlt,
1661 2346 1756 2401 ﬁlii
1799 2346 1971 2401 Ama-

379 2449 497 2512 sai,
547 2446 643 2501 lilii
685 2443 891 2511 Azoel,
949 2442 1047 2497 ﬁlii
1086 2441 1302 2507 llarite,
1352 2439 1449 2495 ﬁlii
1498 2438 1827 2510 Sophonize,
1875 2437 1970 2493 ﬁlii

381 2538 659 2602 'l‘ltabatb,
706 2535 803 2590 ﬁlii
855 2533 999 2597 Asir,
1052 2531 1149 2587 ﬁlii
1198 2531 1494 2600 Abiasaph,
1525 2529 1622 2583 ﬁlii
1650 2527 1822 2594 Cone,
1874 2528 1971 2583 ﬁlii

380 2629 540 2694 Saar,
566 2626 662 2682 ﬁlii
683 2624 873 2689 Caath,
902 2623 998 2678 ﬁlii
1018 2622 1169 2689 Levi,
1196 2620 1289 2675 ﬁlii
1313 2620 1498 2677 Israel.
1530 2639 1548 2673 ι
1578 2619 1687 2692 (Ea:
1719 2620 1971 2690 scriptore

2003 1350 2051 1407 Α
2077 1354 2160 1400 est
2187 1346 2240 1399 in
2266 1346 2410 1400 tribu
2440 1347 2723 1419 Ephraim,
2771 1352 2826 1407 in
2871 1369 2980 1424 quo
3021 1356 3147 1413 loco
3179 1374 3307 1415 arca
3355 1370 3672 1425 testamenti

2079 1435 2277 1489 mansit
2301 1451 2364 1491 ac
2402 1439 2808 1495 tabernaculum
2835 1442 3048 1501 Domini
3080 1462 3111 1501 a
3145 1454 3475 1520 temporibus
3502 1456 3671 1517 Josue

2080 1526 2171 1581 ﬁlii
2196 1526 2334 1595 Nun,
2362 1540 2646 1601 postquam
2683 1534 2894 1591 vicerat
2929 1548 3121 1608 gentes
3159 1556 3280 1610 quae
3310 1552 3508 1603 terrain
3538 1566 3668 1620 pro-

2076 1616 2355 1673 missionis
2385 1621 2763 1690 possederant,
2791 1640 2963 1696 usque
3003 1629 3073 1683 ad
3107 1639 3348 1701 tempora
3374 1616 3667 1698 Samuelis.

2073 1705 2341 1762 Narratur
2381 1710 2527 1765 enim
2577 1712 2634 1766 in
2678 1713 2818 1770 libro
2843 1715 2971 1772 Jesu
3002 1718 3151 1776 Nave
3190 1724 3331 1793 quod
3372 1732 3665 1797 praedictus

2074 1799 2183 1853 dux
2222 1809 2371 1855 sorte
2416 1801 2490 1857 ibi
2535 1804 2704 1861 missa
2750 1822 2935 1863 coram
2971 1810 3201 1869 Domino
3237 1826 3442 1875 terram
3475 1840 3663 1894 repro‘

2076 1891 2351 1947 missionis
2388 1893 2443 1947 in
2483 1895 2713 1967 singulis
2753 1900 3001 1959 tribubus
3041 1905 3406 1966 distribuerit.
3440 1891 3664 1971 Est—au-

2074 1989 2182 2036 tem
2222 1981 2337 2038 Silo
2366 1984 2421 2040 in
2452 1990 2804 2058 nonagesimo
2843 1994 3098 2051 milliario
3136 1997 3454 2071 Neapoleos,
3487 2007 3540 2062 in
3578 2026 3663 2065 re-

2073 2071 2232 2142 gione
2274 2072 2624 2132 Acrabitena.
2674 2078 2781 2135 Sed
2829 2093 2886 2138 et
2921 2082 3074 2141 Iudae
3118 2092 3446 2159 patriarcha:
3486 2096 3660 2154 ﬁlium

2074 2161 2237 2218 Selob
2285 2165 2613 2234 appellatum
2661 2169 2912 2242 legimus.
2960 2172 3045 2232 Ad
3090 2178 3231 2236 hanc
3279 2196 3411 2254 ergo
3465 2188 3657 2244 urbem

2072 2256 2318 2310 ascendit
2359 2256 2565 2314 Eleana
2605 2277 2731 2318 cum
2775 2266 2935 2323 domo
2964 2283 3059 2324 sua
3091 2275 3311 2330 statutis
3341 2278 3534 2335 diebus
3570 2298 3660 2338 se-

2073 2349 2309 2404 cundum
2355 2350 2550 2422 legem,
2605 2365 2667 2411 ut
2706 2357 2959 2415 adoraret
2988 2370 3045 2417 et
3068 2365 3396 2423 sacriﬁcaret
3432 2369 3659 2429 Domino

2073 2441 2433 2497 exercituum.
2469 2444 2577 2517 (Ea:
2607 2446 2831 2504 Ilebrwo
2858 2449 2878 2521 )
2909 2450 3064 2519 Quod
3090 2463 3272 2512 autem
3300 2459 3456 2524 dicit,
3495 2481 3514 2513 ι
3553 2473 3661 2519 sta-

2074 2530 2207 2584 tutis
2251 2531 2443 2587 diebus
2469 2554 2489 2587 ›
2535 2536 2640 2591 hoc
2670 2548 2754 2593 est
2788 2540 2965 2596 tribus
3004 2541 3408 2615 festivitatibus,
3450 2551 3655 2609 Pascha

2073 2618 2343 2687 videlicet,
2364 2622 2679 2683 Pentecosw
2700 2637 2755 2682 et
2775 2630 3119 2691 solemnitate
3139 2636 3654 2700 Tabernaculorttm.

380 2718 610 2792 quodam
638 2714 910 2787 Hebrum.)
950 2712 1123 2767 Mater
1153 2726 1366 2782 quoque
1393 2710 1513 2779 ejus
1541 2713 1607 2767 de
1654 2711 1797 2765 tribu
1829 2708 1967 2764 Juda
1996 2720 2043 2779 Β
2074 2709 2226 2767 Unde
2252 2712 2516 2770 Dominus
2544 2716 2598 2771 in
2634 2718 2820 2776 Exodo
2844 2727 3126 2794 praecepit,
3152 2729 3342 2786 dicens
3368 2747 3383 2785 :
3418 2752 3437 2785 ί
3462 2735 3659 2794 Tribus

376 2809 651 2864 exstitisse
672 2813 1007 2862 monstratur
1026 2806 1081 2860 in
1102 2819 1168 2859 eo
1189 2804 1331 2874 quod
1354 2802 1728 2873 Ephrathreus.
1757 2801 1964 2872 Ephra-

377 2901 552 2955 thmus
602 2897 671 2955 ab
721 2896 1033 2967 Ephratba,
1082 2909 1254 2949 uxore
1302 2891 1490 2960 Caleb,
1536 2906 1699 2962 quam
1749 2897 1965 2945 constat

377 2990 546 3046 fuisse
589 2989 657 3045 de
684 2987 825 3043 tribu
867 2984 1026 3053 Juda,
1066 2984 1245 3040 dictus
1284 2990 1388 3039 est.
1416 2981 1484 3037 Et
1521 2981 1566 3036 si
1592 2993 1756 3052 quem
1784 2986 1966 3034 movet

377 3081 521 3152 quod
550 3081 618 3136 ab
644 3078 905 3149 Ephraim
942 3091 1050 3131 non
1081 3073 1150 3130 ab
1177 3073 1457 3145 Ephratha
1486 3072 1847 3143 Ephrathaeus
1874 3085 1967 3125 vo-

375 3178 548 3234 cetur,
578 3168 759 3223 videat
796 3167 850 3221 in
883 3165 1337 3235 subsequentibus
1357 3163 1594 3235 qualiter
1619 3163 1791 3219 David
1819 3164 1964 3220 ﬁlius

376 3259 479 3313 viri
507 3258 815 3329 Ephrathzni
844 3265 1086 3323 vocetur,
1122 3272 1244 3311 cum
1268 3255 1473 3327 liquido
1495 3263 1683 3327 pateat
1712 3256 1963 3311 eumdem

374 3347 479 3404 lsai
505 3363 613 3402 non
641 3346 707 3401 de
737 3347 1021 3418 prraim,
1065 3347 1160 3402 sed
1188 3348 1254 3402 de
1291 3347 1433 3402 tribu
1480 3346 1619 3402 Juda
1665 3347 1960 3422 exstitisse,

374 3447 431 3493 ct
448 3438 643 3508 probet
665 3438 915 3493 eumdem
957 3437 1212 3493 Eleanam
1247 3438 1634 3509 Ephrathaeum
1661 3438 1730 3493 ab
1754 3437 1963 3508 Ephra-

381 3528 496 3593 tha,
545 3541 652 3582 non
696 3527 765 3581 ab
791 3526 1049 3596 Epltraim
1086 3528 1214 3584 dici.
1242 3527 1344 3583 llic
1376 3528 1522 3583 inter
1562 3527 1772 3583 medios
1814 3527 1962 3583 cives
2024 3584 2031 3587 ν

373 3617 630 3686 Ephraim
680 3613 836 3671 fortis
876 3618 1138 3685 existens,
1187 3617 1456 3674 Bamatha
1499 3618 1725 3689 Sophim
1770 3617 1962 3673 civita-

372 3718 483 3763 tctn
536 3705 898 3762 inhabitabat.
946 3707 1056 3779 (Ea;
1096 3707 1468 3783 Hieronymo.)
1510 3709 1608 3764 Est
1645 3709 1793 3765 enim
1840 3708 1961 3780 ipsa

371 3799 564 3854 civitas
592 3800 652 3853 in
678 3800 898 3870 regione
920 3798 1262 3854 Thamnitica
1283 3799 1445 3869 juxta
1469 3798 1789 3869 Diospolim,
1814 3799 1958 3855 unde

371 3887 474 3943 fuit
528 3887 764 3962 Ioseph,
805 3890 897 3960 qui
938 3890 992 3946 in
1032 3889 1343 3960 Evangeliis
1383 3890 1451 3946 de
1489 3890 1795 3947 Arimathia
1839 3904 1960 3948 esse

370 3980 631 4037 scribitur
679 3980 912 4052 (Matth.
967 3997 1159 4049 xxvii;
1220 3981 1390 4037 Marc.
1448 3999 1549 4050 xv;
1599 3980 1730 4038 Luc.
1780 4000 1953 4050 nm;

376 4070 540 4127 Joan.
566 4073 705 4147 xu).

446 4182 465 4215 ι
485 4163 553 4219 Et
580 4165 772 4222 habuit
798 4166 935 4223 duas
968 4184 1190 4236 uxores,
1221 4184 1419 4227 nomen
1446 4170 1537 4225 uni
1567 4169 1742 4237 Anna,
1775 4179 1830 4227 et
1855 4188 1955 4229 uo-

375 4273 394 4306 c
425 4270 549 4311 men
600 4259 850 4313 secunda:
890 4257 1223 4328 Pbenenna;
1272 4261 1598 4333 fueruntque
1644 4262 1953 4320 Phenennte

375 4366 394 4399 ι
427 4348 543 4413 ﬁlii,
576 4346 744 4405 Annae
770 4359 951 4405 autem
984 4367 1089 4407 tuon
1117 4362 1275 4409 erant
1300 4353 1521 4409 liberi.»
1554 4352 1955 4410 Convenienter

369 4440 533 4511 igitur
565 4439 736 4497 Annae
773 4442 1031 4499 sterilitas
1059 4454 1541 4513 commemoratur,
1575 4445 1730 4514 cujus
1766 4455 1954 4516 partus

368 4533 633 4587 celebrior
675 4531 888 4590 futurus
936 4546 1074 4600 erat,
1127 4536 1302 4590 instar
1328 4537 1569 4606 priorum
1611 4535 1855 4602 Patrum,
1892 4544 1954 4590 ut

2068 2804 2275 2862 vicibus
2313 2823 2412 2878 per
2455 2810 2697 2882 singulos
2740 2831 2912 2873 annos
2957 2820 3091 2875 mibi
3135 2821 3275 2879 festa
3311 2827 3657 2890 celebrabitis

2068 2893 2265 2992 ςξποά.
2282 2898 2461 2971 xxm).
2483 2919 2503 2953 ι
2522 2901 2589 2957 Et
2605 2904 2765 2961 item:
2787 2927 2805 2959 ι
2840 2908 2965 2975 Ter,
2985 2910 3180 2982 inquit,
3197 2915 3250 2969 in
3264 2932 3408 2974 anno
3432 2936 3659 2992 appare-

2064 2987 2145 3042 bit
2170 3002 2340 3045 omne
2382 2994 2749 3052 masculinum
2779 3008 2929 3054 tuum
2969 3016 3155 3058 coram
3198 3004 3426 3065 Domino
3462 2987 3657 3070 Deoin

2065 3080 2183 3175 loco
2203 3098 2363 3152 quem
2383 3085 2545 3157 elegit
2570 3087 2838 3147 Dominus
2855 3092 2998 3149 Deus
3020 3100 3145 3152 tuus
3162 3096 3374 3171 (lbid.).
3388 3123 3407 3154 ι
3433 3102 3585 3175 Ergo
3601 3105 3656 3161 in

2066 3169 2178 3227 Silo
2209 3187 2331 3242 cum
2358 3187 2504 3231 esset
2526 3191 2592 3233 eo
2620 3187 2863 3251 tempore
2892 3198 3021 3239 arca
3048 3186 3298 3254 Domini,
3335 3169 3407 3246 ibi
3443 3169 3537 3249 hic
3569 3196 3667 3250 El-

2064 3275 2232 3329 eana,
2288 3279 2412 3319 cum
2479 3277 2626 3322 esset
2682 3269 2801 3340 ipse
2855 3271 3081 3342 Levita,
3126 3287 3250 3347 post
3300 3280 3511 3338 oblatas
3568 3287 3656 3339 vi-

2069 3351 2266 3407 ctimas
2303 3368 2429 3409 cum
2470 3358 2731 3415 uxoribus
2757 3368 2813 3416 et
2837 3361 2965 3420 ﬁliis
2999 3374 3165 3436 atque
3203 3367 3416 3427 ﬁliabus
3438 3375 3657 3442 pariter

2066 3445 2408 3501 vescebatur.
2789 3455 2795 3463 '

2139 3556 2157 3588 ι
2189 3537 2456 3612 Deditque
2489 3542 2800 3604 Pbenennae
2832 3553 2995 3609 uxori
3031 3569 3164 3621 sure,
3195 3564 3252 3612 et
3286 3558 3500 3613 cunctis
3526 3558 3657 3615 ﬁliis

2068 3647 2087 3680 ι
2116 3628 2233 3699 ejus
2259 3640 2318 3688 et
2343 3633 2559 3692 ﬁliabus
2591 3649 2778 3709 partes
2805 3659 2818 3696 :
2848 3642 3020 3701 Anna:
3048 3656 3228 3703 autem
3261 3649 3410 3705 dedit
3437 3659 3650 3721 partem

2067 3738 2086 3771 ι
2115 3737 2281 3777 unam
2316 3725 2512 3795 tristis,
2552 3730 2681 3799 quia
2704 3732 2917 3789 Annam
2948 3736 3226 3808 diligebat.
3258 3739 3523 3797 Dominus
3552 3758 3659 3797 au-

2067 3830 2085 3862 t
2118 3820 2224 3867 tem
2272 3816 2615 3874 concluserat
2656 3822 2873 3879 vulvam
2913 3823 3053 3895 ejus.
3098 3826 3387 3900 Aﬂligebat
3433 3847 3657 3904 quoque

2065 3921 2084 3954 ι
2116 3919 2237 3960 eam
2261 3908 2456 3964 aemula
2498 3910 2635 3981 ejus,
2666 3922 2722 3968 et
2747 3915 3100 3974 vehementer
3146 3922 3381 3991 angebat
3429 3922 3484 3977 in
3531 3932 3653 3979 tan-

2066 4017 2083 4049 ι
2115 4008 2249 4068 tum,
2297 4011 2358 4059 ut
2400 4008 2758 4077 exprobraret
2795 4013 2943 4083 quod
2982 4016 3340 4074 conclusisset
3386 4020 3652 4077 Dominus

1984 4077 2031 4139 C
2067 4111 2085 4143 ι
2116 4092 2331 4150 vulvam
2379 4095 2517 4166 ejus,
2547 4118 2566 4153 ι
2609 4109 2717 4157 etc.
2747 4077 2885 4159 Nota
2934 4107 3083 4175 quod
3111 4108 3254 4163 sicut
3298 4107 3492 4164 Saram
3534 4120 3657 4167 ste-

2059 4185 2214 4243 rilem
2264 4186 2416 4260 Agar
2465 4192 2778 4262 concipiens
2832 4195 3082 4267 despexit
3140 4199 3305 4269 (Gen.
3365 4200 3513 4272 ιη),
3568 4203 3645 4261 ita

2056 4284 2111 4328 et
2149 4274 2363 4330 Annam
2402 4278 2641 4334 sterilem
2684 4281 2978 4339 Phenenna
3025 4287 3177 4355 prole
3216 4287 3449 4345 fecunda
3476 4306 3644 4349 temn-

2055 4362 2292 4418 labatur.
2352 4365 2619 4425 Malorum
2663 4380 2748 4428 est
2790 4374 2938 4429 enim
2992 4376 3250 4435 solatium
3300 4381 3473 4440 bonos
3521 4399 3645 4439 ear-

2053 4466 2202 4520 pere.

2133 4560 2151 4593 ι
2179 4541 2348 4601 Porro
2379 4547 2471 4603 illa
2509 4548 2672 4607 ﬁebat
2717 4563 2773 4610 et
2809 4570 2916 4611 non
2956 4558 3208 4628 capiebat
3246 4562 3450 4630 cibum,
3478 4584 3499 4618 ι
3529 4575 3638 4623 etc.

366 4625 542 4695 majus
576 4626 830 4698 gaudium
861 4636 982 4696 post
1023 4627 1239 4723 longum
1281 4641 1571 4683 maerorem
1593 4627 1660 4682 de
1680 4639 1950 4723 percepta
2022 4618 2269 4690 .lrritata
2314 4638 2513 4709 quippe
2541 4640 2610 4695 ab
2634 4645 2829 4700 mula
2868 4662 2986 4713 sua,
3023 4618 3131 4706 non
3170 4618 3643 4723 capiebat’cib‘uni

368 4716 700 4771 fecunditate
737 4725 1023 4787 parentum
1059 4714 1384 4771 insinuetur.
1419 4716 1572 4772 Sicut
1606 4716 1749 4771 enim
1779 4718 1951 4772 Abra-

369 4809 492 4861 ham
519 4806 844 4878 patriarcha:
865 4806 1112 4879 legitima
1130 4823 1287 4872 uxor,
1311 4822 1475 4878 quam
1496 4808 1748 4878 primitus
1772 4807 1947 4875 duxit,

367 4897 503 4950 Sara
547 4895 819 4962 videlicet,
865 4896 1101 4967 primum
1132 4897 1334 4953 sterilis
1360 4898 1481 4965 fuit,
1520 4898 1666 4970 Agar
1693 4898 1950 4970 IEgyptia

364 4991 657 5054 generante
690 4982 858 5039 ﬁlium
883 4983 1034 5057 (Gen.
1061 4985 1197 5059 xvt),
1221 4996 1276 5043 et
1293 4988 1453 5056 sicut,
1488 4987 1654 5045 Iacob
1677 4992 1950 5047 serviente

365 5090 555 5129 socero
596 5090 694 5131 suo
720 5090 819 5146 pro
856 5075 1058 5131 Rachel
1093 5093 1262 5134 uxore
1298 5076 1451 5150 (Gen.
1478 5078 1652 5153 xm),
1695 5080 1811 5151 ipsa
1839 5081 1948 5136 Ra—

363 5166 481 5220 chel
513 5166 716 5222 sterilis
750 5165 873 5232 fuit,
906 5182 1094 5223 sorore
1132 5168 1250 5239 ejus
1288 5169 1380 5223 Lia
1418 5170 1618 5226 liberos
1645 5172 1941 5243 gignente:

364 5258 435 5310 ita
467 5268 521 5312 et
560 5257 774 5313 Eleana:
800 5258 990 5313 melior
1029 5276 1184 5325 uxor,
1228 5277 1348 5330 quze
1381 5263 1697 5332 prophetam
1738 5266 1941 5335 genuit,

363 5349 563 5404 sterilis
583 5351 819 5422 primutn
844 5351 963 5419 fuit,
991 5360 1114 5423 post
1137 5362 1317 5409 autent
1341 5369 1440 5425 per
1462 5355 1677 5410 Domini
1708 5357 1940 5426 gratiam

365 5442 608 5497 fecunda.
1740 5450 1751 5459 ’

2199 4739 2542 4797 corporeum.
2573 4730 2698 4817 Sed,
2725 4737 3022 4793 secundum
3047 4720 3394 4813 Prophetam,
3422 4745 3644 4804 fuerunt

2050 4812 2131 4868 illi
2151 4814 2404 4889 lacrymte
2424 4819 2543 4890 ejus
2569 4812 2738 4894 panes
2762 4827 2849 4883 die
2872 4844 2938 4885 ac
2970 4812 3161 4902 nocte,
3182 4843 3241 4890 et
3261 4844 3449 4906 potum
3479 4854 3637 4897 suum

2051 4924 2172 4963 eum
2201 4910 2326 4966 ﬂetu
2352 4918 2691 4985 temperabat
2719 4917 2891 4991 (Psal.
2954 4923 3053 4997 et).

2128 5019 2147 5050 ι
2177 4999 2431 5059 Surrexit
2477 5014 2658 5062 autem
2692 5009 2872 5078 Anna,
2900 5022 3188 5085 postquam
3211 5018 3401 5075 ederat
3432 5022 3486 5076 in
3522 5021 3639 5080 Silo

2054 5114 2072 5142 ι
2104 5101 2159 5145 ct
2182 5092 2414 5162 biberat,
2446 5104 2501 5151 et
2532 5097 2647 5154 Heli
2678 5115 2705 5155 s
2739 5103 2960 5160 eerdote
2993 5107 3217 5163 sedente
3255 5113 3635 5181 super‘sellam

2054 5202 2077 5233 ι
2101 5194 2226 5240 ante
2270 5196 2454 5257 postes
2494 5191 2678 5262 templi
2726 5194 2964 5262 Domini,
2996 5217 3018 5251 ›
3061 5208 3170 5256 etc.
3211 5201 3330 5259 lleli
3357 5204 3460 5260 iste
3490 5221 3639 5261 sum-

2048 5293 2168 5333 mus
2212 5280 2467 5337 sacerdos
2498 5293 2637 5351 erat,
2665 5294 2719 5341 et
2750 5297 2873 5357 post
2906 5288 3137 5349 Samson
3179 5296 3434 5365 populum
3466 5297 3633 5355 Israel

2048 5370 2291 5440 regebat,
2314 5379 2374 5425 ut
2394 5371 2449 5426 in
2472 5372 2989 5436 Hebraeorunflibro
3005 5381 3302 5451 invenitur,
3328 5387 3483 5442 annis
3503 5403 3634 5458 qua-

2047 5460 2316 5530 draginta,
2347 5464 2644 5520 secundum
2682 5466 3037 5542 Septuaginta
3068 5480 3252 5528 autem
3276 5473 3637 5548 lnterpretes,

438 5556 455 5587 ‹
481 5537 548 5592 Ει
583 5538 913 5594 ascendebat
959 5541 1043 5594 vir
1078 5541 1166 5595 ille
1203 5541 1272 5598 de
1313 5543 1535 5599 civitate
1585 5561 1683 5600 sua
1724 5548 1943 5603 statutis
2044 5551 2203 5607 annis
2229 5551 2416 5623 viginti

369 5626 625 5705 c‘dicbus,
665 5638 726 5684 ut
751 5628 1004 5687 adoraret
1049 5640 1107 5686 et
1156 5634 1491 5690 sacriﬁcaret
1520 5635 1750 5693 Domino
1776 5652 1939 5694 exer-

366 5735 390 5768 ι
419 5719 620 5774 citutnn
650 5720 707 5776 in
729 5720 860 5791 Silo.
886 5740 904 5774 ι
940 5733 1045 5778 etc.
1077 5721 1186 5786 (Ex
1213 5723 1583 5799 Hieronymo.)
1611 5725 1725 5784 Silo
1745 5728 1941 5787 civitas

2121 5658 2141 5692 ι
2172 5641 2306 5697 Cum
2331 5653 2475 5701 esset
2508 5645 2662 5704 Anna
2689 5666 2875 5708 amaro
2898 5652 3103 5721 animo,
3136 5658 3312 5712 oravit
3337 5657 3636 5715 Dominum

2052 5750 2071 5785 ι
2100 5730 2236 5790 ﬂens
2281 5734 2528 5807 largiter,
2582 5749 2638 5796 et
2682 5751 2864 5798 votum
2905 5744 3071 5812 vovit,
3131 5746 3318 5805 dicens
3351 5768 3365 5805 :
3402 5750 3629 5809 Domine

3480 5960 3559 5989 --

3518 6016 3560 6035 ιθ
