4010 6194
374 380 459 437 IS

1219 369 1573 430 COMMENT.
1613 370 1681 426 IN
1720 366 1967 425 LIBROS
2002 365 2070 423 IV
2110 363 2371 422 REGUM.
2415 396 2483 405 —
2519 364 2584 420 IN
2623 362 2749 421 LIB.
2784 361 2808 421 ι
3581 364 3646 419 η

382 516 402 547 ι
440 492 815 557 exercituum,
857 490 904 545 si
938 490 1233 560 respiciens
1272 488 1475 543 videris
1519 485 1863 541 alliictionem
1897 483 1975 537 fa-
2002 483 2049 541 Α
2078 480 2379 553 gabundus,
2406 484 2491 536 vel
2518 480 2733 535 mobilis
2757 488 2917 550 atque
2943 478 3212 535 instabilis
3238 476 3534 543 ferebatur,
3556 480 3650 533 sed

382 606 403 635 ι
439 584 614 638 mula:
650 589 778 645 tum,
810 588 866 634 et
895 579 1209 633 recordatus
1256 577 1359 632 mei
1398 574 1590 645 fueris,
1636 588 1735 628 nee
1780 571 1977 626 oblitus

384 697 405 727 ι
441 674 666 730 ancillae
710 681 839 736 tum,
890 670 1210 741 dederisque
1252 684 1423 723 serva:
1464 675 1571 722 tua:
1613 680 1802 720 sexum
1847 663 1981 717 viri-

387 789 405 816 ε
446 767 582 827 lem,
613 763 754 817 dabo
777 777 902 816 eum
928 761 1158 816 Domino
1182 775 1371 815 omnes
1393 759 1509 814 dies
1528 759 1652 813 vitae
1682 753 1851 825 ejus,»
1871 761 1978 809 etc.

382 854 811 910 Reeordabatur
862 849 1048 905 forsan
1092 851 1381 905 verborum
1428 846 1573 904 beati
1618 846 1741 911 Job,
1785 843 1982 915 quibus

382 945 540 997 dixit
569 962 584 996 :
620 961 639 993 ι
666 941 770 1008 Qui
800 939 1073 995 deridetur
1115 940 1184 993 ab
1229 937 1405 993 amico
1434 952 1531 992 suo
1569 935 1711 991 sicut
1734 949 1853 1005 ego,
1900 930 1981 986 in-

384 1034 620 1089 vocabit
642 1030 961 1095 Dominum,
982 1037 1038 1085 et
1062 1029 1313 1084 exaudiet
1332 1044 1454 1083 eum
1480 1027 1620 1099 (Job.
1646 1026 1769 1096 xu).
1795 1044 1812 1076 ι
1845 1023 1982 1090 Quia

386 1125 519 1193 ipse
568 1123 812 1177 laborem
867 1127 922 1174 et
963 1119 1204 1174 dolorem
1242 1118 1566 1173 considerat.
1608 1116 1685 1170 De
1717 1129 1824 1183 quo
1847 1112 1983 1167 scri-

387 1229 552 1284 ptum
595 1222 679 1269 est
714 1227 729 1267 :
764 1232 783 1264 ‹
817 1211 970 1277 Tibi,
1010 1210 1256 1273 Domine,
1304 1208 1589 1263 derelictus
1634 1215 1719 1261 est
1756 1221 1981 1276 pauper,

388 1308 608 1377 pupillo
630 1318 689 1362 tu
722 1308 835 1363 eris
869 1306 1089 1377 adjutor
1129 1305 1302 1380 (Psal.
1328 1303 1500 1376 ι),ουὶ
1536 1312 1660 1358 vota
1708 1301 1986 1373 iustorum

388 1410 533 1457 sunt
553 1398 838 1471 placabilia
865 1397 1045 1471 (Prov.
1077 1398 1191 1470 xv),
1220 1416 1241 1450 ι
1275 1407 1329 1453 et
1356 1395 1508 1452 oculi
1544 1394 1665 1464 ejus
1700 1394 1767 1449 ad
1796 1406 1987 1464 preces

392 1506 619 1549 eorum.

482 1597 500 1630 ι
526 1577 754 1632 Factum
784 1582 869 1631 est
904 1588 1053 1644 ergo,
1096 1588 1220 1628 cum
1250 1570 1342 1625 illa
1376 1568 1765 1639 multiplicaret
1792 1580 1983 1639 preces

396 1690 423 1722 ι
459 1683 642 1725 coram
687 1668 938 1732 Domino,
978 1674 1039 1720 ut
1071 1663 1190 1719 Heli
1216 1664 1530 1719 observaret
1559 1676 1621 1716 os
1649 1661 1786 1731 ejus.
1812 1660 1985 1715 Porro

402 1781 426 1811 ι
459 1760 612 1813 Anna
657 1757 981 1827 loquebatur
1015 1756 1070 1809 in
1109 1753 1271 1809 corde
1301 1768 1432 1817 suo,
1476 1759 1795 1820 tantumque
1841 1748 1985 1804 labia

2079 570 2269 624 ﬁrmus
2310 578 2471 638 atque
2505 570 2860 625 inconcussus
2898 568 3195 639 persistens
3232 568 3315 623 vir
3345 584 3486 624 unus
3511 578 3649 623 erat.

2080 661 2147 715 Et
2173 676 2281 715 non
2314 661 2487 716 solum
2517 660 2608 716 ille
2636 660 2721 715 vir
2748 675 2886 714 unus
2915 660 3137 725 dicitur,
3169 660 3263 715 sed
3292 673 3482 714 omnes
3507 673 3654 714 eom-

2078 762 2325 824 petenter
2376 767 2516 807 unus
2561 752 2845 817 dicuntur,
2897 767 3059 806 unam
3102 751 3423 822 sapientiam
3470 766 3658 806 omnes

2080 844 2362 910 habentes,
2394 843 2485 912 qui
2512 858 2677 897 unum
2702 840 2977 897 Christum
3006 840 3193 897 Iesum
3219 841 3582 925 conﬁtentur”
3600 840 3656 896 in

2080 950 2187 990 uno
2228 932 2437 1004 Spiritu
2482 934 2579 988 Dei
2625 934 2922 1004 replentur.
2968 931 3099 989 Inde
3149 933 3282 988 dicit
3325 931 3655 1003 Apostolus:

2086 1045 2104 1078 ς
2134 1026 2334 1081 Omnes
2359 1025 2575 1095 quidem
2614 1032 2860 1089 currunt,
2894 1024 2989 1079 sed
3024 1038 3164 1078 unus
3192 1023 3389 1101 accipit
3420 1023 3658 1093 palmam

2082 1112 2135 1187 (1
2158 1114 2280 1170 Cor.
2304 1116 2404 1187 ιχ).
2427 1135 2446 1167 ι
2478 1114 2855 1184 Unusquisque
2875 1114 3238 1183 insipientium
3263 1128 3371 1168 non
3393 1123 3477 1168 est
3498 1129 3658 1176 unus,

2081 1206 2177 1262 sed
2205 1205 2376 1261 multi.
2411 1204 2573 1261 Unde
2592 1220 2688 1275 per
2719 1203 3057 1273 Scripturam
3086 1203 3320 1258 dicitur:
3351 1222 3368 1253 ι
3390 1201 3657 1271 [nsipiens

2081 1300 2225 1355 sicut
2245 1298 2366 1353 luna
2392 1306 2633 1353 mutatur
2658 1295 2849 1370 (Eccli.
2880 1293 3033 1367 xvn).
3057 1314 3074 1345 ι
3102 1295 3275 1359 Luna,
3299 1309 3423 1348 cum
3446 1293 3661 1349 videtur

2082 1407 2192 1445 una
2215 1406 2334 1446 esse
2361 1405 2460 1459 per
2488 1388 2871 1453 substantiam,
2919 1403 3016 1456 per
3049 1388 3404 1442 mutationem
3452 1387 3660 1441 dierum

2083 1498 2300 1552 semper
2333 1497 2363 1535 a
2400 1481 2690 1550 semetipsa
2732 1479 2836 1534 alia
2875 1488 3039 1535 estet
3062 1480 3313 1545 diversa;
3350 1478 3431 1535 sic
3452 1487 3507 1534 et
3535 1493 3662 1548 pec-

2084 1582 2321 1638 catores,
2366 1571 2458 1640 qui
2504 1579 2784 1625 mutantur
2828 1583 3045 1638 semper
3091 1568 3320 1624 scientia
3359 1578 3416 1624 et
3441 1567 3665 1639 cupiunt

2085 1666 2323 1728 diversa,
2348 1662 2649 1719 instabiles
2680 1670 2807 1719 sunt
2844 1662 2899 1716 in
2936 1661 3192 1716 omnibus
3219 1660 3325 1715 viis
3349 1661 3483 1715 suis.
3517 1659 3666 1715 Unus

2085 1765 2267 1812 autem
2306 1754 2503 1810 dicitur
2531 1755 2692 1820 Deus,
2720 1769 2827 1810 non
2855 1755 2923 1809 de
2951 1769 3217 1820 numero;
3249 1752 3347 1809 sed
3371 1753 3500 1823 quia
3526 1768 3664 1807 nun-
3714 1824 3719 1835 ‘

404 1872 427 1903 ε
461 1851 602 1905 illius
636 1849 1016 1911 movebantur,
1045 1854 1100 1900 et
1128 1860 1231 1899 vox
1265 1843 1482 1912 penitus
1510 1858 1618 1896 non
1645 1840 1979 1896 audiebatur.
2011 1863 2059 1922 Β
2086 1864 2247 1917 quam
2271 1863 2301 1901 a
2325 1846 2618 1916 semetipso
2643 1845 2780 1899 alter
2805 1844 3058 1910 efﬁcitur,
3092 1845 3213 1900 ideo
3237 1859 3516 1914 nunquam
3548 1858 3668 1897 mu-

405 1961 431 1995 s
459 1941 787 1996 Estimabat
826 1951 958 2008 ergo
1001 1951 1121 1991 eam
1163 1934 1283 1989 Heli
1329 1932 1700 1996 temulentam,
1743 1932 1985 2000 dixitque

410 2049 435 2082 ε
462 2031 541 2095 ei,
573 2028 867 2098 Usqueqw
909 2026 1061 2081 ebria
1103 2023 1249 2078 eris?
1274 2023 1457 2093 digere
1481 2021 1756 2091 paulisper
1777 2020 1980 2084 vinum,

406 2138 429 2171 ε
459 2134 567 2189 quo
594 2116 802 2173 mades.
846 2114 1253 2185 Responditque
1278 2112 1434 2166 Anna
1460 2131 1472 2165 :
1500 2111 1877 2182 Nequaquam,
1903 2111 1986 2164 in-

406 2230 429 2262 c
457 2209 593 2279 quit,
639 2207 878 2261 domine.
912 2204 1047 2259 Nam
1074 2204 1268 2258 mulier
1303 2203 1488 2258 infelix
1519 2203 1681 2257 nimis
1707 2217 1809 2273 ego
1839 2215 1981 2256 sum.

402 2319 427 2350 ι
462 2297 765 2366 Vinumque
785 2303 843 2348 et
860 2307 1025 2348 omne
1048 2292 1191 2363 quod
1221 2290 1491 2346 inebriare
1516 2298 1694 2360 potest
1720 2304 1830 2344 non
1850 2289 1981 2344 bibi.

406 2410 428 2441 ι
460 2389 567 2444 Sed
594 2387 762 2443 eﬂ'udi
805 2387 1044 2440 animam
1080 2400 1258 2439 meam
1309 2384 1365 2439 in
1406 2390 1702 2452 conspectu
1746 2380 1981 2437 Domini.

404 2501 426 2533 ι
454 2481 535 2536 Ne
573 2490 791 2551 reputes
832 2478 1086 2533 ancillam
1116 2486 1263 2532 tuam
1292 2477 1449 2547 quasi
1476 2491 1640 2531 unam
1670 2475 1738 2531 de
1770 2474 1985 2529 ﬁliabus

404 2591 426 2623 ε
457 2571 643 2636 Belial,
673 2570 802 2642 quia
832 2585 898 2625 ex
928 2568 1272 2624 multitudine
1292 2569 1497 2624 doloris
1525 2567 1631 2624 mei
1661 2567 1839 2622 locuta
1864 2580 1985 2622 sum

294 2708 313 2711 ,
407 2684 428 2715 ι
462 2677 633 2732 usque
652 2663 706 2716 in
729 2676 991 2732 prmsens,
1013 2679 1032 2712 ι
1059 2671 1113 2714 et
1139 2659 1366 2729 reliqua.
1401 2658 1570 2714 Belial
1599 2659 1986 2728 interpretatur

400 2756 597 2825 absque
616 2770 772 2824 Iugo.
802 2753 945 2807 Nota
973 2751 1116 2822 quod
1143 2751 1197 2806 hi
1226 2751 1319 2821 qui
1348 2751 1668 2805 ebrietatem
1707 2758 1987 2803 sectantur

399 2846 499 2901 ﬁlii
547 2845 714 2899 Belial
742 2844 1084 2908 vocitantur;
1118 2843 1222 2898 hoc
1250 2842 1370 2897 loco
1401 2841 1657 2912 impletur
1682 2840 1815 2895 illud
1838 2840 1982 2910 quod
2014 2836 2019 2839 ⁷

396 2938 661 3007 scriptum
711 2945 838 2992 est:
876 2955 895 2987 ι
922 2935 1096 2991 Homo
1136 2935 1286 2990 videt
1332 2936 1384 2989 in
1429 2934 1591 2999 facie,
1640 2932 1784 2988 Deus
1803 2940 1984 2989 autem

396 3030 643 3084 intuetur
670 3043 766 3081 cor
796 3025 849 3098 (Ι
880 3026 1010 3095 Reg.
1048 3024 1184 3098 xvt).
1212 3044 1230 3076 ι
1264 3023 1397 3091 Quia
1428 3023 1546 3078 Heli
1571 3031 1779 3077 tantum
1806 3037 1867 3078 os
1892 3022 1986 3077 de-

394 3118 679 3188 precantis
723 3116 893 3170 Anna:
925 3115 1259 3180 intuebatur,
1306 3123 1361 3170 et
1400 3129 1586 3169 vocem
1626 3113 1742 3182 ejus
1767 3112 1984 3183 penitus

2088 1948 2256 2004 tatur,
2287 1947 2346 1992 ut
2368 1946 2451 1993 est
2477 1936 2627 1992 illud.
2662 1957 2680 1989 ‹
2711 1937 2790 1992 Tu
2814 1946 2995 1991 autem
3022 1937 3164 1991 idem
3193 1936 3308 2005 ipse
3339 1951 3419 2003 es,
3450 1944 3507 1990 et
3537 1935 3667 1990 anni

2086 2031 2164 2085 tui
2202 2046 2310 2084 non
2333 2028 2586 2086 deﬁcient
2609 2025 2779 2100 (Psal.
2809 2028 2903 2102 cl).
2927 2048 2944 2081 ι
2981 2047 3000 2079 ι
3023 2028 3167 2094 Fuit,
3195 2029 3391 2097 inquit,
3418 2028 3502 2081 vir
3528 2044 3666 2082 unus

2083 2122 2151 2175 de
2195 2121 2465 2175 Ramatha
2514 2120 2772 2190 Sophim,
2819 2121 2887 2175 de
2938 2128 3122 2175 monte
3176 2119 3456 2189 Ephraim.
3488 2138 3508 2171 ι
3554 2117 3668 2191 (Ea:

2088 2208 2458 2281 Hieronymo.)
2500 2208 2792 2276 Ramatha,
2835 2210 2947 2266 sive
2979 2208 3265 2275 Armatha,
3292 2217 3351 2263 ut
3380 2209 3437 2263 in
3465 2208 3666 2278 aliqui-

2088 2301 2191 2355 bus
2233 2300 2635 2370 exemplaribus
2695 2300 2957 2364 hahetur,
3005 2297 3231 2352 altitudo
3271 2315 3454 2353 eorum
3502 2298 3668 2353 inter-

2084 2399 2361 2461 pretatur;
2403 2390 2648 2461 Sophim,
2678 2389 2890 2461 specula
2918 2390 3034 2445 sive
3055 2389 3302 2460 scopulus
3332 2403 3351 2442 .'
3380 2389 3662 2459 Ephraim,

2084 2481 2443 2552 fructi/icatio.
2475 2480 2579 2547 Qui
2623 2481 2677 2535 in
2708 2489 2891 2537 monte
2931 2478 3191 2550 prraim
3229 2488 3285 2534 et
3319 2478 3374 2534 in
3397 2479 3664 2534 Ramatba

2087 2569 2308 2641 Sophim
2333 2583 2700 2626 commorasse
2726 2569 2944 2635 dicitur,
2975 2572 3031 2626 in
3057 2568 3167 2627 alta
3186 2559 3398 2627 scilicet
3428 2579 3667 2627 eontem-

2085 2661 2323 2731 platione
2359 2660 2642 2727 virtutum,
2687 2671 2745 2715 ut
2775 2676 2807 2716 a
2839 2659 3004 2716 nullis
3041 2659 3447 2729 subjaeentibus
3475 2671 3531 2717 et
3558 2663 3664 2717 cir-

2086 2755 2537 2811 cumlatrantihus
2576 2756 2833 2812 vitiorum
2873 2755 3295 2827 cogitationibus
3327 2756 3525 2812 mentis
3549 2756 3666 2828 ejus

2087 2845 2392 2901 sublimitas
2418 2846 2742 2916 dejiceretur
2770 2846 2856 2901 vel
2880 2847 3059 2900 unitas
3095 2846 3473 2911 scinderetur;
3505 2854 3559 2901 et
3587 2847 3670 2901 id-

2087 2937 2235 2993 circo
2259 2952 2365 2991 non
2391 2936 2457 2991 de
2481 2937 2729 3002 vallibus,
2760 2952 2934 3005 neque
2969 2938 3035 2992 de
3067 2937 3296 3005 campis,
3326 2952 3432 2991 non
3461 2938 3527 2992 de
3558 2935 3671 2992 col-

2087 3028 2248 3094 libus,
2283 3029 2376 3083 sed
2404 3029 2470 3083 de
2504 3037 2687 3084 monte
2725 3027 2981 3099 Ephraim
3007 3041 3129 3083 esse
3158 3027 3378 3092 dicitur,
3418 3028 3521 3083 hoc
3549 3037 3666 3094 est,

2087 3119 2153 3173 de
2180 3127 2365 3173 monte
2394 3117 2674 3189 frugifero,
2715 3118 2769 3172 in
2803 3133 2911 3188 quo
2944 3117 3198 3172 nobilitas
3226 3117 3470 3171 omnium
3497 3118 3668 3172 virtu-

397 3223 513 3263 non
546 3209 827 3271 audiebat,
868 3222 968 3262 nec
996 3217 1202 3262 motum
1232 3206 1497 3261 labiorum
1527 3207 1805 3271 cernebat,
1835 3205 1985 3261 asti-
2013 3209 2059 3272 C
2087 3215 2206 3262 tum
2252 3206 2586 3264 fructiﬁcare
2629 3208 2981 3280 dignoscitur.
3036 3204 3235 3262 Habuit
3260 3206 3367 3263 .vir
3404 3206 3493 3263 ille
3535 3208 3670 3263 duas

396 3298 588 3351 mabat
616 3297 824 3352 ebriam
848 3311 990 3352 esse.
1019 3296 1109 3350 llla
1132 3306 1312 3351 autem
1344 3296 1470 3366 quia
1507 3312 1722 3351 sursum
1743 3295 1989 3351 elevabat

397 3402 521 3453 eor,
533 3396 587 3442 et
603 3387 964 3442 conﬁtebatur
976 3387 1204 3442 Domino
1225 3389 1278 3441 in
1300 3397 1412 3442 toto
1432 3388 1593 3443 corde
1613 3402 1732 3452 suo,
1749 3387 1989 3457 respexit

400 3477 664 3533 Dominus
696 3478 765 3532 ad
797 3479 1100 3533 orationem
1135 3476 1271 3546 ejus,
1318 3488 1375 3534 et
1416 3494 1523 3533 non
1572 3478 1773 3547 sprevit
1795 3492 1988 3547 preces

399 3567 567 3623 illius.
594 3567 870 3638 Nobisque
893 3568 1131 3639 optimus
1156 3572 1349 3625 modus
1374 3570 1564 3625 orandi
1586 3571 1654 3624 ad
1679 3570 1985 3639 exemplum

399 3658 563 3713 datus
592 3666 694 3723 est,
742 3669 802 3714 ut
844 3675 952 3714 non
992 3659 1049 3715 in
1087 3660 1429 3730 multiloquio
1476 3660 1771 3716 formemus
1798 3677 1987 3732 preces

402 3760 619 3805 nostras
643 3750 712 3804 ad
742 3751 1050 3817 Dominum,
1082 3752 1178 3807 sed
1202 3752 1257 3806 in
1286 3753 1702 3823 compunctione
1727 3754 1907 3808 cordis
1931 3761 1988 3808 et

398 3840 666 3896 effusione
696 3841 1061 3912 lacrymarum
1090 3859 1190 3899 nos
1214 3845 1457 3899 exaudiri
1481 3845 1550 3898 ab
1578 3859 1644 3899 eo
1672 3845 1983 3913 credamus,

400 3932 533 4000 quia
580 3951 599 3982 ι
626 3924 963 3987 sacriﬁcium
997 3933 1109 3989 Deo
1155 3935 1380 4005 spiritus
1423 3936 1852 4002 contribulatus,
1891 3954 1988 3994 cor

404 4032 698 4078 contntum
719 4033 775 4079 et
797 4024 1136 4079 humiliatum
1157 4027 1297 4082 Dens
1318 4043 1423 4082 non
1443 4029 1651 4097 spernit
1672 4026 1844 4099 (Psal.
1873 4029 1979 4103 1.).»

402 4117 557 4183 Quod
583 4125 714 4170 tunc
744 4117 905 4186 digne
930 4116 1011 4181 ﬁt,
1038 4117 1105 4181 si,
1137 4120 1384 4173 oratione
1424 4119 1715 4187 completa,
1746 4135 1846 4175 nos
1892 4137 1985 4177 eo—

404 4207 527 4259 dem
574 4215 762 4261 tenore
806 4206 1032 4275 justitiae
1079 4207 1537 4275 permanebimus.
1596 4207 1750 4265 Unde
1793 4217 1848 4265 et
1891 4226 1980 4266 se-

403 4296 591 4366 quitur
617 4314 631 4350 :

484 4406 502 4437 c
528 4386 594 4440 Et
619 4386 757 4441 abiit
784 4386 977 4441 mulier
1011 4388 1064 4442 in
1103 4389 1248 4444 viam
1282 4404 1436 4445 suam
1476 4399 1530 4445 et
1568 4392 1823 4457 comedit,
1866 4392 1984 4447 vul-

409 4498 430 4529 ι
465 4488 653 4548 tusque
681 4481 802 4551 ejus
827 4496 936 4535 non
974 4491 1100 4536 sunt
1137 4483 1366 4554 amplius
1413 4485 1467 4540 in
1503 4485 1717 4541 diversa
1766 4486 1976 4541 mutati.

2087 3316 2306 3356 uxores.
2352 3301 2590 3368 Quarum
2636 3303 2839 3371 prima,
2887 3308 2945 3356 ut
2988 3301 3373 3372 praediximus,
3410 3301 3668 3367 nobilior,

2084 3392 2263 3456 Anna,
2290 3391 2489 3447 sterilis
2513 3403 2654 3458 erat,
2686 3402 2746 3447 ut
2773 3391 2875 3446 fuit
2904 3392 3081 3462 prima
3103 3407 3245 3447 uxor
3271 3390 3504 3447 Abrabze
3530 3392 3667 3448 Sara

2085 3481 2321 3537 nobilior
2367 3480 2520 3554 (Cen.
2545 3481 2683 3554 xvi),
2728 3483 2966 3538 secunda
2993 3484 3233 3554 quidem,
3266 3485 3371 3540 hoc
3396 3494 3500 3550 est,
3530 3483 3670 3539 Phe-

2084 3586 2284 3637 nenna,
2331 3571 2558 3627 fecunda
2604 3572 2724 3637 fuit,
2768 3573 2908 3627 sicut
2952 3572 3185 3628 Abraha:
3229 3573 3465 3629 secunda
3508 3588 3666 3638 uxor,

2085 3662 2140 3717 id
2165 3671 2269 3728 est,
2302 3662 2448 3735 Agar
2475 3661 2753 3735 1Egyptia,
2786 3663 2880 3718 scd
2912 3662 3220 3735 ignobilior.
3250 3662 3318 3717 Et
3336 3661 3559 3717 ell'ectus
3580 3672 3667 3718 est

2045 3806 2051 3813 ,
2083 3753 2358 3807 Abraham
2400 3754 2633 3823 primum
2679 3762 2835 3823 pater
2872 3754 2939 3809 de
2981 3753 3225 3824 ignobili,
3256 3761 3446 3823 postea
3472 3752 3539 3808 de
3567 3767 3667 3807 no-

2083 3844 2177 3898 bili
2208 3844 2481 3915 conjugio.
2515 3844 2592 3899 lla
2618 3844 2834 3907 Eleana,
2871 3844 2964 3914 qui
2992 3844 3250 3914 possessio
3302 3843 3394 3898 Dei
3424 3852 3525 3909 est,
3558 3845 3669 3913 pri-

2084 3951 2231 3991 mum
2259 3937 2325 3991 de
2351 3936 2586 3991 secunda
2621 3951 2790 3991 uxore
2821 3934 3052 3990 ellicitur
3086 3944 3258 4006 pater,
3291 3936 3418 4006 quia
3439 3936 3662 3991 conclu-

2084 4036 2230 4081 scrat
2274 4025 2537 4081 Dominus
2583 4026 2797 4080 vulvam
2836 4025 3026 4091 Ann-.e,
3070 4035 3130 4080 ut
3170 4027 3407 4095 primum
3445 4026 3663 4081 vulvam

2085 4118 2254 4182 Sane,
2280 4125 2401 4187 post
2423 4128 2640 4187 partum
2661 4116 2968 4171 Phenennte
2997 4118 3211 4187 aperuit
3235 4116 3450 4171 vulvam
3469 4118 3661 4171 Annua.

2081 4205 2375 4261 Pbenenna
2435 4206 2825 4276 interpretatur
2887 4207 3211 4272 conversio;
3273 4205 3432 4260 Anna
3488 4206 3666 4277 gratia

2083 4299 2494 4367 interpretatur.
2538 4296 2641 4364 Qui
2685 4296 2800 4351 vult
2840 4295 2984 4352 efﬁci
3029 4297 3302 4368 possessio
3341 4295 3460 4362 Dei,
3496 4298 3659 4351 ducat

2083 4388 2183 4442 has
2210 4388 2345 4442 duas
2386 4403 2600 4452 uxores,
2638 4394 2694 4442 et
2732 4385 2926 4457 jungat
2966 4387 3070 4441 sibi
3116 4388 3351 4457 primum
3382 4402 3503 4441 eam
3536 4403 3659 4458 qua:

2085 4477 2319 4532 nobilior
2346 4487 2451 4543 est,
2483 4479 2586 4532 hoc
2610 4485 2715 4542 est,
2752 4477 3005 4548 gratiam.
3036 4475 3162 4533 llam
3186 4478 3332 4532 enim
3371 4478 3545 4548 prima
3569 4494 3667 4553 per

410 4589 431 4620 ι
464 4569 530 4623 Et
553 4570 757 4625 factum
778 4581 864 4625 est
888 4582 1010 4639 p05t
1035 4573 1296 4627 circulum
1327 4575 1535 4630 dierum
1558 4577 1806 4646 concepit
1824 4580 1981 4631 Anna
2010 4554 2061 4612 Ῑ)
2090 4570 2247 4623 ﬁdem
2296 4567 2638 4639 conjungitur
2667 4568 2897 4633 homini,
2933 4576 2993 4621 ut
3019 4567 3310 4637 Apostolus
3338 4568 3414 4622 ait
3441 4585 3455 4621 :
3490 4578 3513 4619 ι
3531 4567 3667 4624 Gra-

411 4678 431 4709 ι
462 4670 517 4712 et
535 4660 747 4729 peperit
775 4660 967 4726 ﬁlium,
998 4665 1320 4734 vocavitque
1362 4681 1557 4722 nomen
1592 4667 1709 4735 ejus
1738 4668 1979 4735 Samuel,

409 4771 429 4799 ε
460 4765 525 4805 co
561 4752 706 4821 Quod
749 4767 782 4805 a
821 4751 1048 4807 Domino
1075 4756 1401 4822 postulasset
1431 4771 1576 4823 eum,
1608 4780 1625 4809 ι
1665 4768 1721 4813 et
1749 4760 1976 4829 reliqua.

403 4839 535 4897 Post
575 4843 840 4897 circulum
868 4859 1002 4914 ergo
1030 4845 1264 4911 dierum,
1304 4847 1356 4901 id
1403 4857 1515 4912 est,
1543 4858 1664 4917 post
1698 4850 1823 4903 anni
1856 4850 1979 4904 red-

406 4931 559 4994 itum,
585 4932 796 5001 peperit
835 4932 990 4986 Anna
1030 4934 1219 5000 ﬁlium,
1264 4937 1586 5006 voeavitquc
1632 4953 1827 4992 nomen
1866 4938 1982 5007 ejus

406 5021 646 5087 Samuel,
666 5024 761 5094 qui
783 5025 1175 5093 interpretatur
1192 5026 1478 5095 postulatio
1506 5027 1621 5093 Dei,
1653 5029 1764 5083 sive
1794 5045 1979 5082 nomen

404 5112 520 5179 ejus
550 5111 718 5177 Deus,
753 5112 883 5181 quia
916 5123 1106 5167 auctor
1146 5115 1444 5169 nativitatis
1488 5115 1605 5184 ejus
1653 5117 1795 5172 Deus
1839 5128 1977 5184 erat,

403 5205 498 5271 qui
519 5205 586 5259 ab
616 5208 790 5261 sterili
822 5216 1099 5274 exoratus,
1135 5212 1401 5265 concessit
1430 5211 1630 5265 habere
1659 5211 1848 5277 tilium,
1886 5214 1980 5281 qui

402 5294 593 5363 dignus
642 5298 934 5351 haberetur
957 5298 1013 5351 in
1044 5299 1244 5368 templo
1292 5298 1386 5354 Dei
1427 5300 1640 5355 cunctis
1680 5301 1868 5356 diebus
1894 5317 1982 5354 as-

401 5384 593 5440 sistere
639 5389 707 5443 ad
753 5389 1036 5443 servitium
1079 5390 1217 5459 ejus.
1264 5390 1488 5460 Mystice
1532 5399 1711 5444 autem
1754 5390 1976 5456 Eleana,

401 5487 556 5546 pater
574 5481 902 5535 venerabilis
923 5479 1212 5547 Samuelis,
1239 5484 1333 5551 qui
1355 5492 1475 5536 erat
1507 5501 1524 5534 ι
1548 5483 1819 5553 possessio
1839 5483 1933 5537 Dei
1954 5503 1973 5533 ι

404 5572 632 5644 (Eleana
680 5575 882 5645 quippe
932 5575 989 5629 in
1045 5577 1425 5646 possessionem
1478 5576 1575 5630 Dei
1623 5574 1978 5646 transfertur)

399 5667 564 5721 animi
609 5668 810 5723 virtute
852 5668 937 5721 vir
979 5668 1197 5723 dicitur.
1233 5668 1299 5722 Et
1325 5684 1430 5722 non
1457 5669 1628 5722 solum
1657 5669 1759 5732 vir,
1788 5684 1977 5723 verum

399 5759 564 5812 etiam
599 5760 682 5814 vir
715 5775 856 5814 unus
890 5758 1206 5830 appellatur.
1239 5757 1357 5813 Non
1386 5759 1532 5813 enim
1560 5758 1615 5812 in
1645 5758 1857 5815 diversa
1890 5775 1976 5811 sa-

2091 4659 2163 4711 tia
2199 4658 2344 4711 enim
2388 4658 2480 4711 Dei
2523 4658 2712 4711 salvati
2756 4658 2886 4711 estis
2932 4673 3028 4728 per
3072 4658 3232 4712 ﬁdem
3283 4655 3498 4729 (Ephes.
3524 4660 3607 4729 ll).
3637 4678 3658 4711 ι

2091 4750 2342 4805 Secnn'io
2392 4748 2751 4819 conjungatur
2803 4749 3127 4814 Phemonoe,
3186 4750 3238 4804 id
3284 4759 3388 4816 est,
3442 4765 3666 4805 conver—

2088 4845 2246 4909 sioni,
2282 4844 2406 4914 quia
2436 4852 2557 4912 post
2583 4844 2810 4914 gratiam
2843 4842 3200 4908 credulitatis,
3239 4858 3452 4898 morum
3481 4858 3665 4899 emen-

2088 4937 2236 4991 datio
2285 4937 2434 5004 sequi
2487 4936 2666 4989 de‘uet.
2714 4934 2895 4988 Prima
2926 4933 3066 4988 ﬁlios
3096 4935 3254 4989 nobis
3279 4944 3502 5005 generat
3524 4933 3665 4991 Phe-

2088 5043 2285 5090 nenna,
2340 5026 2464 5094 quia
2505 5026 2710 5095 primos
2757 5025 2912 5079 nobis
2961 5024 3172 5080 fructus
3216 5025 3540 5096 proferimus
3566 5041 3665 5096 per

2085 5116 2513 5169 conversionem.
2546 5115 2656 5169 Nisi
2689 5112 2833 5168 enim
2873 5126 3257 5169 convertamur
3284 5129 3314 5167 a
3348 5114 3509 5180 malo,
3553 5132 3662 5170 non
3732 5130 3741 5137 ’

2082 5205 2379 5274 poterimus
2403 5204 2543 5258 efﬁci
2569 5213 2751 5273 patres
2776 5203 2842 5258 de
2869 5203 3042 5257 Anna.
3070 5202 3363 5258 Phenenna
3396 5204 3539 5259 ﬁlios
3568 5204 3662 5259 lia-

2083 5297 2196 5359 bet,
2234 5296 2325 5349 sed
2356 5295 2445 5363 qui
2478 5277 2582 5348 non
2610 5295 2866 5348 assistunt
2897 5293 3050 5347 altari
3079 5310 3313 5363 semper,
3348 5310 3448 5350 nec
3476 5305 3657 5349 tanton

2084 5383 2273 5437 inanes
2304 5385 2455 5446 ﬁunt,
2483 5368 2604 5435 nam
2633 5383 2698 5436 de
2722 5382 3004 5435 sacriﬁciis
3034 5381 3232 5436 divinis
3261 5384 3447 5437 edunt.
3483 5382 3662 5438 Unus-

2079 5476 2308 5547 quisque
2335 5490 2463 5547 ergo
2493 5475 2583 5543 qui
2616 5474 2959 5529 convertitur
2993 5490 3022 5528 a
3059 5485 3300 5544 peccato,
3329 5491 3395 5528 ex
3426 5487 3659 5528 conver-

2081 5569 2235 5621 sione
2284 5574 2507 5637 generat
2553 5564 2718 5635 opcra
2760 5563 3020 5633 justitizn,
3073 5575 3128 5620 et
3177 5576 3366 5635 postea
3418 5564 3659 5619 excitata

2077 5659 2252 5723 Anna,
2287 5659 2340 5712 id
2366 5666 2466 5721 est,
2508 5657 2686 5711 anima
2730 5657 2925 5721 ﬁdelis,
2966 5672 3063 5726 per
3100 5656 3276 5710 zelum
3310 5655 3505 5710 bonam
3535 5671 3659 5726 pre-

2079 5768 2195 5808 cem
2242 5751 2413 5806 fundit
2457 5750 2702 5817 Domino,
2749 5758 2805 5804 ut
2843 5751 2956 5820 ipsa
2994 5748 3132 5804 ﬁlios
3160 5750 3494 5820 generetqui
3522 5750 3658 5805 assi-
