4026 6202
342 290 409 356 ιδ
1010 289 1071 346 Β.
1110 289 1363 347 RABANI
1404 289 1620 345 MAUlll
1659 290 1976 347 ARCHIFP.
2021 292 2328 348 MOGUNT.
2372 291 2658 348 OPERUM
2696 292 2875 349 PARS
2913 293 2949 347 Ι.
3542 296 3599 350 f3

337 412 487 459 stant
518 402 651 467 Deo,
684 401 787 457 hoc
829 410 931 468 est,
965 402 1105 457 ﬁlios
1138 402 1347 475 gratim.
1380 400 1481 467 Qui
1509 402 1653 455 enim
1686 403 1796 456 Deo
1824 419 1917 457 va—
1948 413 1993 472 Α

337 503 445 561 eat,
476 500 532 549 et
557 499 780 564 semper
806 513 823 545 ι
844 493 1018 564 legem
1051 493 1264 549 Domini
1289 493 1376 548 die
1404 507 1467 547 ac
1500 502 1657 548 nocte
1690 495 1917 549 medita-

202 580 247 617 λ
338 595 429 640 tur
466 582 641 656 (Paul.
666 584 730 655 ι),
755 603 773 636 ι
827 584 916 640 hic
955 593 1040 640 est
1082 584 1224 638 ﬁlius
1266 585 1473 655 gratiae.
1521 584 1577 639 In
1628 584 1921 656 Evangelio

335 673 500 743 hujus
526 674 769 730 historia:
801 674 973 730 forma
998 672 1322 741 ostenditur,
1353 675 1529 729 unde:
1563 673 1772 728 Martha
1802 690 1860 727 sa
1874 683 1922 728 t-

340 766 449 836 agit
475 766 622 820 circa
660 764 918 835 frequens
961 763 1324 819 ministerium
1381 762 1531 835 (Luc.
1565 764 1643 835 ι),
1674 784 1691 816 ι
1742 764 1923 833 explet

338 869 502 927 opera
540 856 785 927 justitize,
829 863 884 911 et
908 870 1009 926 per
1036 854 1153 909 haec
1181 853 1328 909 velut
1374 855 1515 910 ﬁlios
1551 853 1922 909 conversionis

340 957 595 1020 generat;
636 956 690 1002 et
732 946 902 1001 Maria
938 948 1134 1003 sedens
1164 962 1322 1003 secus
1355 948 1522 1018 pedes
1551 948 1785 1012 Domini,
1826 963 1922 1001 au-

340 1039 494 1093 diens
533 1037 770 1104 verbum~
804 1037 968 1103 illius,
1012 1038 1272 1108 Optimam
1306 1046 1517 1108 partem
1567 1037 1766 1093 dicitur
1811 1037 1923 1093 ele-

340 1131 504 1201 gisse,
538 1140 590 1184 et
611 1129 932 1202 intelligitur
957 1130 1105 1184 velut
1128 1131 1315 1201 gratiae
1343 1130 1582 1185 sobolem
1609 1145 1917 1202 procreare,

342 1238 462 1293 qua:
514 1237 734 1292 semper
780 1222 966 1277 dicat:
1021 1240 1040 1274 ι
1070 1221 1199 1277 Mihi
1245 1231 1425 1276 autem
1475 1222 1755 1278 adhaerere
1808 1222 1921 1278 Deo

341 1316 540 1370 bonum
569 1324 654 1370 est
683 1312 857 1386 (Paul.
881 1313 1075 1387 Lxxn).
1103 1334 1120 1367 ι
1163 1313 1317 1370 Anna
1358 1324 1582 1385 generat
1607 1315 1775 1369 ﬁlium
1823 1315 1922 1369 Sa-

340 1408 515 1471 muel,
546 1405 614 1460 de
649 1422 755 1476 quo
782 1405 1021 1461 dicitur:
1054 1425 1072 1457 ι
1103 1404 1314 1478 Moyses
1353 1416 1408 1460 et
1444 1405 1624 1460 Aaron
1653 1407 1705 1460 in
1743 1421 1923 1461 sacer-

341 1501 555 1556 dotibus
599 1498 741 1568 ejus,
781 1506 838 1552 et
878 1496 1099 1553 Samuel
1126 1499 1270 1552 inter
1298 1513 1392 1552 eos
1421 1498 1512 1569 qui
1548 1498 1801 1552 invocant
1829 1512 1924 1551 no-

342 1609 465 1649 men
495 1591 612 1662 ejus
639 1590 824 1665 (Paul.
850 1589 1105 1664 XCVIII)J
1135 1590 1238 1658 Qui
1266 1591 1465 1645 dicitur
1490 1591 1578 1644 ubi
1611 1591 1720 1659 ipse
1747 1589 1923 1654 Deus;

2644 401 2872 457 CAPUT
2927 401 2985 454 ll.

2091 489 2366 546 Canticum
2408 493 2597 557 Anna’,
2627 494 2766 564 quod
2807 494 3033 564 cantavit
3066 501 3179 561 post
3210 494 3534 549 nativitatem

2663 561 2946 619 Samuelis.
3000 614 3007 621 ε

2092 674 2241 747 (Car.
2273 673 2359 747 ιι.)
2413 693 2432 725 ι
2461 674 2769 729 Exsultavit
2814 689 2912 729 cor
2952 690 3134 729 meum
3164 675 3219 728 in
3251 674 3512 739 Domino,
3553 686 3605 732 et

2019 770 2315 825 exaltatum
2364 778 2448 827 est
2488 785 2659 824 cornu
2698 784 2877 823 meum
2910 768 2965 822 in
2990 767 3103 824 Deo
3131 782 3271 822 meo.
3296 787 3316 820 ι
3350 779 3457 823 etc.
3490 768 3605 823 Non

2019 861 2294 916 invenitur
2324 876 2483 916 orare
2518 861 2573 914 in
2614 862 2721 939 hoc
2756 860 2991 924 cantico,
3039 859 3145 914 nisi
3183 874 3282 928 per
3308 860 3413 913 duo
3443 862 3612 913 verba

2020 960 2255 1018 tantum,
2285 960 2344 1005 ut
2370 951 2504 1006 dicit
2529 969 2541 1005 :
2576 969 2594 1000 ι
2629 950 2835 1004 Laetata
2865 964 2983 1025 sum
3013 949 3068 1003 in
3097 948 3321 1003 salutari
3351 959 3475 1014 tuo;
3508 968 3526 1001 ι
3553 959 3607 1003 et

2020 1044 2166 1098 aliud
2189 1051 2309 1098 est:
2345 1061 2365 1093 ι
2389 1041 2526 1109 Quia
2572 1057 2682 1097 non
2711 1049 2795 1095 est
2824 1040 2968 1095 Deus
2995 1048 3197 1110 praeter
3222 1047 3293 1094 te.
3324 1057 3343 1090 ι
3383 1039 3609 1107 Aposto-

2021 1134 2105 1188 lus
2135 1118 2318 1188 autem
2340 1134 2504 1189 dicit:
2536 1153 2554 1184 ‹
2581 1131 2747 1187 Orate
2774 1132 2892 1187 sine
2918 1131 3319 1186 intermissione
3343 1129 3393 1201 (Ι
3426 1128 3614 1184 Thess.

2021 1223 2098 1296 v).
2122 1244 2142 1277 ι
2176 1224 2255 1278 llli
2282 1225 2427 1279 enim
2463 1224 2552 1294 qui
2588 1224 2643 1277 in
2683 1223 2868 1277 divino
2897 1230 3146 1276 versatur
3183 1220 3386 1286 ofﬁcio,
3425 1220 3607 1274 omnia

2022 1323 2173 1385 gesta
2208 1311 2327 1383 ejus
2365 1313 2617 1383 dictaque
2656 1327 2756 1384 pro
2800 1311 3048 1365 oratione
3087 1318 3440 1381 reputantur,
3480 1308 3609 1378 quia

2017 1406 2198 1477 justus
2227 1406 2345 1461 sine
2370 1406 2778 1461 intermissione
2802 1400 3100 1473 qum‘justa
3131 1411 3257 1457 sunt
3281 1403 3411 1471 agit.
3445 1401 3515 1467 Et
3539 1398 3615 1455 ob

2028 1499 2133 1553 hoc
2173 1499 2290 1553 sine
2328 1488 2733 1553 intermissione
2761 1488 2943 1565 justus
2978 1495 3179 1551 orabit.
3212 1494 3278 1550 Et
3308 1495 3362 1548 in
3388 1494 3611 1565 psalmis

2025 1589 2195 1644 dicit:
2232 1609 2249 1640 ι
2277 1588 2524 1644 Elevatio
2568 1603 2827 1643 manuum
2877 1601 3123 1641 mearum
3161 1585 3489 1640 sacriﬁcium
3520 1600 3612 1639 ve-

343 1690 431 1743 nbi
480 1689 624 1743 enim
671 1684 910 1757 Spiritus
948 1686 1160 1757 gratiae,
1207 1684 1280 1739 ibi
1331 1683 1529 1739 dicitur
1565 1675 1725 1738 Deus.
1772 1681 1925 1738 Unde
2026 1678 2327 1749 sportinum
2356 1676 2531 1749 (Psal.
2556 1677 2702 1750 CXL).
2730 1698 2748 1728 ι
2776 1676 2965 1731 Elevat
2994 1690 3186 1731 manus
3207 1674 3405 1744 illc‘qui
3433 1674 3609 1729 elevat

342 1779 540 1834 Paulus
560 1777 729 1833 dicit:
764 1795 783 1828 ι
802 1774 871 1830 Et
895 1776 1096 1831 cadens
1120 1775 1175 1830 in
1200 1772 1413 1847 faciem,
1451 1774 1699 1829 adorabit
1727 1773 1919 1838 Deum,
1954 1781 1997 1839 Β
2025 1780 2181 1826 actus
2199 1785 2346 1825 suos.
2369 1768 2544 1824 Aliter
2562 1786 2581 1822 :
2606 1788 2623 1820 (
2649 1766 2831 1837 Moyse
2854 1766 3102 1822 elevante
3125 1780 3340 1830 manus,
3362 1765 3611 1818 vincebat

342 1869 530 1923 dicens
572 1885 586 1922 :
627 1881 756 1922 vere
804 1864 950 1921 Deus
1004 1864 1058 1919 in
1110 1865 1266 1920 vobis
1314 1870 1398 1920 est
1447 1862 1510 1935 (Ι
1544 1862 1666 1918 Cor.
1718 1866 1863 1934 xlv).
1896 1882 1914 1915 ι
1982 1859 2560 1926 'lsrael;dimittente
2579 1873 2713 1913 vero
2731 1854 3604 1926 vincebatAmalee(Exad.xvu).t

343 1958 435 2015 Sic
484 1973 615 2029 ergo
664 1957 766 2012 nisi
813 1955 1124 2026 prmcedant
1175 1971 1339 2028 Opera
1378 1956 1772 2021 conversionis,
1814 1971 1921 2010 non

343 2064 628 2122 possumus
656 2050 796 2105 dona
819 2048 986 2103 divini
1016 2047 1251 2120 Spiritus
1279 2063 1560 2120 generare.

418 2163 437 2195 ι
467 2143 661 2197 Mansit
695 2156 824 2215 ergo
854 2140 1072 2206 mulier,
1113 2148 1167 2196 et
1197 2140 1420 2195 lactavit
1451 2140 1619 2197 ﬁlium
1649 2153 1803 2194 suum
1834 2139 1926 2195 do-

349 2260 365 2288 ι
395 2254 496 2295 uec
534 2245 814 2293 amoveret
851 2252 984 2292 eum
1019 2252 1049 2291 a
1089 2236 1247 2293 lacte.
1303 2236 1372 2291 Et
1417 2236 1643 2292 adduxit
1680 2252 1802 2291 eum
1841 2252 1925 2292 se-

268 2350 285 2363 ε-
349 2351 365 2381 ι
398 2345 547 2395 cum,
570 2335 860 2400 postquam
887 2327 1279 2393 ablactaverat,
1319 2328 1374 2382 in
1413 2327 1596 2382 vitulis
1637 2327 1831 2391 tribus,
1871 2336 1927 2385 et

350 2439 368 2470 ι
401 2420 575 2475 tribus
621 2418 819 2474 modiis
863 2417 1084 2483 farinae,
1122 2426 1179 2474 et
1219 2418 1483 2491 amphora
1513 2419 1644 2473 vini.
1677 2441 1696 2472 ι
1736 2418 1795 2473 Ιιι
1822 2418 1927 2474 He-

343 2509 490 2565 braeo
513 2522 647 2573 non,
682 2526 701 2559 ι
727 2507 901 2563 tribus
934 2507 1131 2562 modiis
1159 2505 1370 2575 farinae,
1402 2529 1420 2562 ι
1465 2508 1561 2564 sed
1597 2526 1614 2559 ι
1639 2509 1818 2565 modio
1847 2508 1928 2565 fa-

347 2599 541 2665 rinae,»
574 2597 791 2670 legitur.
825 2597 998 2664 Quem
1034 2597 1213 2653 locum
1254 2600 1395 2671 apud
1431 2598 1654 2655 Latinos
1699 2600 1928 2670 scripto-

344 2704 465 2744 rum
512 2687 646 2744 vitio
689 2695 905 2744 constat
952 2703 1075 2744 esse
1119 2689 1491 2760 depravatum.
1526 2689 1584 2746 Si
1621 2692 1766 2747 enim
1803 2707 1926 2746 cum

344 2781 518 2837 tribus
550 2780 735 2840 vitulis
761 2788 872 2835 tres
908 2781 1121 2837 modios
1158 2780 1349 2837 farinae
1385 2783 1602 2848 obtulit,
1635 2796 1824 2839 contra
1852 2784 1928 2840 le—

344 2874 426 2946 gis
464 2880 794 2945 praeceptum
842 2870 992 2928 fecit.
1026 2874 1083 2928 In
1109 2873 1228 2946 lege
1263 2874 1447 2945 itaque
1473 2875 1545 2930 ita
1573 2877 1923 2947 praecipitur:

349 2984 367 3017 ι
398 2964 599 3020 Mensis
645 2964 891 3036 septimi,
904 2965 1080 3036 prima
1120 2966 1236 3023 dies
1281 2968 1607 3023 venerabilis
1649 2978 1705 3024 et
1742 2978 1927 3025 sancta

342 3056 450 3111 erit
473 3055 645 3112 vobis.
672 3053 843 3113 Omne
863 3072 997 3128 opus
1019 3058 1216 3114 servile
1244 3075 1353 3114 non
1376 3058 1609 3126 facietis,
1637 3061 1754 3117 dies
1780 3059 1947 3117 clanf

2026 1955 2161 2023 Quia
2192 1955 2363 2009 donec
2385 1951 2620 2008 famulus
2648 1951 2745 2006 Dei
2770 1951 2944 2006 elevat
2980 1958 3136 2005 actus
3175 1962 3302 2004 suos
3332 1947 3402 2003 ad
3430 1945 3610 2001 Domi-

2027 2062 2176 2113 num,
2192 2047 2363 2102 vincit
2377 2046 2531 2118 plebs
2548 2045 2662 2110 Dei;
2678 2059 2804 2099 cum
2819 2051 3002 2098 autem
3017 2041 3283 2099 dimiserit
3294 2049 3449 2095 actus
3459 2052 3616 2102 suos,

2025 2139 2194 2192 vincit
2236 2136 2485 2201 Amalec,
2503 2134 2756 2190 inimicus
2790 2133 2885 2188 Dei
2917 2151 2930 2187 :
2969 2153 2987 2185 ι
3016 2130 3341 2196 Exsultavit,
3376 2147 3397 2181 ι
3434 2126 3611 2196 inquit

2025 2228 2207 2294 Anna,
2239 2247 2257 2279 ι
2282 2243 2378 2283 cor
2399 2241 2601 2290 meum,
2623 2244 2641 2277 ι
2683 2232 2739 2278 et
2768 2222 3078 2278 necessarie
3111 2219 3339 2286 addidit,
3373 2236 3392 2269 ι
3422 2218 3476 2272 in
3504 2216 3613 2277 Do-

2029 2320 2197 2385 mino,
2226 2337 2248 2369 ι
2283 2327 2344 2372 ιιι
2378 2316 2578 2371 Paulus
2604 2315 2739 2380 dixit
2766 2327 2787 2366 ι
2812 2332 2830 2364 ι
2861 2312 3103 2367 Gaudete
3131 2310 3186 2364 in
3210 2308 3438 2365 Domino
3470 2320 3612 2363 sem-

2020 2428 2147 2484 .per,
2178 2431 2197 2464 ι
2231 2411 2359 2481 quia
2392 2418 2574 2480 potest
2600 2408 2723 2479 quis
2750 2404 2988 2478 gaudere
3023 2405 3079 2458 in
3108 2401 3436 2460 carnalibus.
3476 2399 3620 2455 Cum

2028 2524 2116 2566 me
2156 2509 2404 2564 homines
2440 2505 2688 2569 laudant,
2738 2518 2844 2558 non
2887 2501 2941 2557 in
2978 2499 3209 2557 Domino
3255 2494 3482 2570 gaudeo,
3517 2494 3612 2549 sed

2026 2600 2237 2674 gaudeo
2269 2599 2326 2652 in
2355 2597 2625 2652 vanitate.
2679 2593 2817 2648 Hinc
2867 2605 3203 2674 compungar
3234 2598 3458 2659 propter
3495 2600 3615 2641 ver-

2027 2662 2157 2749 bum
2187 2691 2303 2757 Dei,
2343 2705 2467 2746 cum
2507 2688 2638 2745 dicit
2665 2701 2680 2740 :
2713 2707 2731 2739 ι
2762 2662 3071 2740 Exsultavit
3097 2662 3194 2738 cor
3221 2697 3402 2737 meum
3427 2680 3481 2734 in
3507 2678 3623 2734 Do-r

2029 2785 2198 2842 mino.
2225 2803 2243 2835 ›
2287 2782 2445 2837 Dicat
2472 2796 2604 2852 ergo
2656 2777 2896 2834 Ecclesia
2945 2774 3188 2841 Christi,
3224 2773 3420 2828 civitas
3468 2770 3615 2843 regis

2029 2874 2249 2947 magni,
2291 2873 2466 2945 gratia
2514 2871 2702 2942 plena,
2751 2868 2903 2940 prole
2943 2866 3211 2931 fecunda,
3251 2864 3419 2928 dicat,
3469 2862 3624 2932 quoat

2033 2977 2180 3022 tanto
2214 2973 2341 3021 ante
2364 2964 2430 3019 de
2466 2977 2526 3018 se
2564 2960 2944 3032 prophetatum
2972 2972 3068 3028 per
3093 2972 3157 3011 os
3180 2954 3342 3024 hujus
3368 2954 3474 3024 piat
3501 2967 3616 3006 ma-

2032 3059 2445 3131 tris~agnoscitz
2483 3076 2500 3109 ι
2531 3055 2840 3111 Exsultavit
2863 3069 2959 3109 cor
2981 3067 3159 3108 meum
3181 3051 3235 3106 in
3268 3049 3520 3113 Domino,
3561 3055 3620 3102 et

345 3142 492 3214 geris
536 3150 621 3198 est
659 3151 713 3198 et
751 3143 1033 3198 tubarum.
1073 3142 1433 3216 Offeretisque
1467 3144 1840 3202 holocaustum
1872 3147 1926 3202 in
1955 3149 2000 3211 C
2032 3149 2331 3205 exaltatum
2374 3155 2459 3217 est
2507 3160 2675 3201 cornu
2722 3159 2902 3200 meum
2954 3142 3010 3197 in
3063 3143 3176 3201 Deo
3230 3154 3369 3196 meo.
3406 3160 3424 3192 ι
3481 3139 3617 3194 Vere

344 3234 566 3289 odorem
609 3233 993 3289 suavissimum
1047 3234 1276 3291 Domino
1325 3236 1553 3291 vitulum
1589 3237 1656 3294 de
1684 3246 1932 3295 armento

342 3339 546 3390 unum,
576 3323 803 3380 arietem
843 3340 1033 3391 unum,
1081 3341 1255 3398 agnos
1292 3328 1575 3384 anniculos
1614 3328 1933 3384 immacula-

346 3427 430 3472 tos
459 3425 669 3488 septem
707 3428 765 3473 et
793 3418 848 3472 in
879 3417 1163 3475 sacriﬁciis
1201 3435 1387 3475 eorum
1433 3421 1628 3476 simila:
1656 3422 1777 3477 oleo
1804 3437 1934 3478 con-

344 3523 546 3580 spersa:
576 3515 688 3566 tres
724 3509 964 3565 decimas
996 3525 1095 3582 per
1134 3511 1637 3583 singulos’vitulos,
1679 3514 1814 3568 duas
1842 3514 1934 3570 de-

346 3600 520 3655 cimas
570 3613 669 3671 per
725 3600 995 3667 arietem,
1058 3616 1220 3655 unam
1274 3603 1541 3658 decimam
1587 3617 1686 3673 per
1736 3618 1933 3675 agnum

348 3687 538 3760 (Nam.
569 3687 745 3761 xxix).
789 3687 918 3744 Haec
954 3704 1084 3746 vero
1128 3690 1341 3746 decima
1388 3691 1596 3747 decima
1638 3707 1764 3762 pars
1807 3692 1932 3762 ephi

350 3790 490 3846 erat,
522 3781 665 3836 unde
694 3780 853 3835 datur
880 3781 1102 3854 intelligi
1131 3782 1275 3853 quod
1299 3783 1500 3839 Eleana
1539 3797 1647 3838 non
1677 3782 1935 3838 obtulerit

349 3879 459 3951 tres
502 3870 715 3926 modios
766 3869 956 3927 farina:
995 3887 1120 3929 cum
1163 3872 1337 3928 tribus
1378 3873 1585 3939 vitulis,
1616 3874 1711 3929 sed
1737 3888 1933 3932 novem

346 3961 606 4025 decimas,
654 3962 852 4032 quibus
906 3963 1203 4020 secundum
1252 3963 1576 4021 Hebraicam
1619 3979 1932 4020 mensuram

347 4066 491 4106 unus
537 4050 771 4108 eﬁicitur
809 4054 955 4124 ephi.
986 4053 1139 4122 Quod
1169 4063 1352 4111 autem
1378 4055 1559 4122 Anna,
1590 4064 1717 4111 nato
1741 4071 1940 4126 puero,

347 4163 377 4197 ιι
390 4146 524 4203 aluit
551 4145 697 4200 illum
721 4146 922 4203 dueere
960 4149 1028 4204 ad
1054 4147 1273 4204 domum
1298 4148 1395 4203 Dei
1423 4159 1717 4219 antequam
1753 4150 1936 4205 ablac-

352 4245 592 4301 tarctur,
656 4236 926 4309 signiﬁcat
999 4238 1298 4294 Ecclesium
1354 4248 1586 4296 matrem
1640 4241 1941 4311 quemlibet

350 4327 581 4382 ﬁliorum
627 4344 848 4384 suorum
893 4344 999 4384 non
1050 4339 1176 4386 ante
1223 4331 1290 4387 ad
1330 4332 1697 4388 sacerdotium
1736 4347 1934 4402 piove-

350 4420 481 4475 here
502 4432 665 4490 quam
690 4420 839 4476 illmn
869 4438 898 4476 a
929 4421 1069 4478 lacte
1093 4421 1336 4479 infantiae
1361 4433 1417 4478 et
1438 4424 1711 4494 parvitate
1741 4439 1934 4479 sensus

2033 3240 2327 3298 exsultavit
2353 3253 2471 3305 cor,
2504 3238 2630 3307 quia
2678 3236 2732 3290 in
2777 3234 3047 3301 Domino;
3088 3240 3145 3289 et
3166 3247 3295 3288 vere
3321 3230 3617 3287 exaltatum

2032 3350 2225 3401 cornu,
2254 3334 2380 3404 quia
2403 3349 2513 3388 non
2536 3348 2605 3387 ex
2630 3347 2707 3396 se,
2739 3333 2836 3387 sed
2871 3331 2925 3387 in
2954 3329 3186 3386 Domino
3213 3328 3324 3383 Deo
3348 3342 3448 3382 suo
3469 3325 3619 3383 exal-

2036 3437 2206 3485 tatum
2227 3437 2330 3482 est.
2359 3428 2426 3481 Et
2452 3426 2506 3481 in
2533 3426 2640 3481 alio
2670 3425 2792 3481 loco
2820 3424 2952 3481 dicit
2976 3442 2988 3477 :
3028 3442 3047 3474 ι
3076 3420 3473 3476 Exaltahuntur
3499 3433 3620 3475 eor-

2034 3533 2141 3572 nua
2182 3517 2319 3586 justi
2370 3514 2543 3590 (Paul.
2587 3514 2847 3586 Lxmv)”
2890 3512 3019 3584 quia
3071 3512 3140 3568 de
3189 3510 3370 3566 crucis
3415 3508 3616 3564 Christi

2034 3606 2279 3676 apicibus
2307 3604 2470 3674 iustis
2505 3602 2863 3659 conferuntur
2892 3602 3010 3657 haec
3042 3614 3263 3656 cornua.
3286 3598 3344 3653 la
3375 3597 3462 3652 his
3489 3611 3620 3651 ven-

2035 3698 2316 3752 tilahimus
2345 3707 2508 3767 atque
2545 3696 2890 3751 destruemus
2918 3691 3265 3750 adversarias
3287 3696 3627 3760 potestates,

2035 3788 2233 3842 anima:
2258 3795 2458 3842 nostra:
2489 3786 2830 3841 insidiantes.
2870 3804 2887 3836 ι
2912 3783 3206 3840 Dilatatum
3232 3789 3316 3837 est
3347 3796 3411 3838 os
3437 3794 3627 3835 meum.

2035 3892 2202 3948 super
2235 3878 2487 3934 inimicos
2522 3893 2695 3944 meos,
2726 3895 2745 3930 ι
2787 3876 2914 3948 quia
2943 3884 3000 3930 et
3026 3875 3082 3929 in
3109 3874 3375 3945 angustiis
3403 3887 3629 3942 pressuv

2037 3986 2225 4025 rarum
2276 3985 2458 4027 sermo
2492 3970 2591 4025 Dei
2632 3984 2740 4025 non
2766 3978 2849 4024 est
2878 3966 3149 4039 alligatus,
3186 3979 3287 4021 nec
3323 3964 3380 4018 in
3417 3976 3617 4031 pramo-

2035 4062 2198 4118 nibus
2229 4061 2499 4133 alligatus.
2542 4082 2560 4112 ι
2590 4060 2728 4129 Quia
2758 4059 2942 4115 lzetata
2969 4071 3091 4112 sum
3122 4057 3176 4110 in
3203 4052 3425 4109 salutari
3452 4060 3562 4106 tuo.
3594 4070 3619 4103 ι

2038 4151 2307 4206 Salutaris
2350 4151 2453 4206 iste
2496 4150 2756 4205 Dominus
2799 4157 2887 4203 est
2925 4146 3082 4202 Iesus
3127 4138 3413 4207 Christus,
3457 4156 3629 4212 quem.

2039 4241 2282 4305 Simeon,
2342 4241 2485 4295 sicut
2533 4241 2587 4294 in
2635 4238 2927 4310 Evangelio
2975 4236 3200 4307 legitur,
3222 4250 3389 4290 senex
3418 4234 3620 4304 ample.

2038 4342 2193 4388 etens
2208 4347 2466 4403 parvum,
2495 4345 2797 4402 agnoscens
2818 4343 3072 4397 magnum
3100 4344 3113 4379 :
3144 4347 3164 4379 ι
3191 4326 3346 4381 Nunc
3373 4326 3627 4392 dimittis,

2040 4425 2239 4495 inquit,
2270 4424 2520 4488 Domine,
2552 4438 2772 4483 servum
2800 4433 2951 4477 tuum
2986 4422 3038 4476 in
3079 4436 3234 4492 pace,
3268 4420 3522 4490 quoniam
3550 4421 3625 4473 vi-

349 4514 633 4569 educatum
697 4512 938 4571 effecerit
994 4530 1247 4586 capacem
1306 4491 1569 4584 spiritalis
1627 4516 1929 4572 doctrinae:
1963 4491 2015 4550 D
2042 4491 2239 4573 derunt
2275 4516 2416 4571 oculi
2446 4516 2552 4569 mei
2583 4514 2819 4570 salutare
2857 4524 3005 4569 tuum
3037 4491 3190 4584 (Luc.
3223 4511 3305 4581 ιι).
3335 4530 3354 4562 ι
3397 4510 3456 4566 Si
3481 4509 3625 4565 lata-

354 4624 371 4655 ι
402 4603 590 4660 Omnis
640 4606 811 4669 enim,
857 4605 935 4658 ait
968 4604 1283 4676 Apostolus,
1331 4604 1423 4674 qui
1455 4605 1613 4660 lactis
1650 4615 1735 4660 est
1761 4606 1934 4676 parti-

350 4709 496 4765 ceps,
547 4709 742 4764 expers
788 4701 871 4750 est
922 4708 1232 4750 sermonum
1281 4694 1508 4763 iustitiae
1559 4694 1749 4769 (Hebr.
1802 4696 1877 4765 v).
1913 4714 1929 4747 ι

350 4785 521 4841 Oil‘crt
546 4800 668 4841 eum
701 4786 753 4840 in
791 4785 971 4840 vitulis
1010 4785 1198 4851 tribus;
1232 4796 1287 4842 et
1323 4786 1497 4843 tribus
1528 4787 1724 4843 modiis
1748 4787 1937 4842 farina:

350 4876 464 4931 sive
511 4875 693 4931 modio
742 4874 954 4941 furium,
1005 4885 1061 4931 et
1113 4878 1375 4947 amphora
1425 4878 1561 4945 vini,
1600 4878 1713 4943 hoc
1749 4888 1852 4945 est,
1888 4880 1941 4935 in

352 4966 624 5022 sacriﬁcio
660 4967 763 5036 piae
809 4965 1188 5033 confessionis,
1236 4969 1287 5024 in
1328 4971 1592 5026 exercitio
1630 4970 1785 5026 bona:
1811 4987 1940 5042 ope-

354 5056 602 5120 rationis,
649 5064 703 5109 et
732 5057 903 5126 gratia
933 5072 1103 5112 sacra:
1129 5059 1472 5125 eruditionis,
1516 5070 1570 5115 et
1613 5060 1715 5116 ﬁde
1742 5070 1946 5118 sancta:

359 5145 643 5200 Trinitatis
664 5148 898 5217 pleuiter
923 5149 1269 5217 instructum,
1293 5152 1385 5222 qui
1411 5153 1585 5223 possit
1609 5153 1788 5208 dicere
1819 5170 1944 5209 cum

353 5237 619 5307 propheta
663 5255 675 5290 :
724 5256 741 5288 ι
770 5237 1079 5294 Reddemus
1135 5238 1365 5296 Domino
1418 5242 1618 5298 vitulos
1676 5243 1947 5298 labiorunt

357 5335 666 5383 nostrorum
703 5326 849 5397 (Ose.
879 5341 1013 5402 xiv),
1046 5350 1065 5381 ι
1105 5340 1159 5386 et
1194 5331 1395 5404 jugiter
1421 5333 1476 5389 in
1516 5334 1676 5389 domo
1702 5333 1799 5389 Dei
1824 5340 1948 5405 per-

358 5440 584 5483 manens
608 5423 800 5480 oﬁ‘erat
836 5425 995 5499 digne
1023 5436 1426 5484 sacramentum
1467 5430 1714 5501 corporis
1739 5437 1791 5485 et
1816 5447 1941 5487 san-

363 5519 543 5597 guinis
568 5517 803 5577 Domini.

2044 4617 2131 4664 tus
2157 4610 2309 4663 fuero
2340 4608 2395 4663 in
2427 4608 2653 4663 salutari
2700 4606 2933 4670 Domini,
2980 4615 3108 4661 tunc
3146 4605 3430 4660 dilatatum
3450 4611 3537 4658 est
3560 4616 3630 4657 os

2044 4716 2245 4755 meum.
2273 4699 2378 4754 Per
2402 4698 2809 4753 meditationem
2834 4699 3030 4767 utique
3074 4694 3226 4750 verbi
3278 4693 3371 4747 Dei
3410 4693 3478 4757 ad
3514 4692 3629 4746 ele-

2043 4793 2313 4848 vationem
2354 4791 2534 4847 cordis
2585 4790 2880 4847 veniemus.
2927 4787 3079 4843 Unde
3118 4785 3411 4856 Apostolus
3451 4783 3622 4837 dicit:

2049 4905 2066 4936 ι
2098 4883 2170 4940 Os
2197 4892 2439 4940 nostrum
2471 4885 2539 4939 ad
2565 4900 2663 4939 vos
2690 4890 2924 4963 patetko
2950 4880 3241 4944 Corinthii,
3264 4893 3359 4932 cor
3380 4886 3629 4934 nostrum

2044 4974 2331 5028 dilatatum
2360 4982 2446 5028 est
2468 4971 2551 5044 (II
2579 4971 2702 5027 Car.
2737 4970 2833 5041 vi).
2866 4991 2885 5022 ι
2920 4970 2997 5026 Ex
3029 4968 3315 5023 latitudine
3335 4967 3480 5022 enim
3501 4980 3628 5021 eor-

2046 5065 2131 5120 dis
2157 5065 2241 5121 ori
2271 5065 2540 5134 sapientia
2581 5064 2957 5119 ministratur-
2993 5083 3013 5114 ς
3042 5060 3161 5116 Non
3188 5070 3273 5116 est
3296 5066 3538 5124 sanctus,
3568 5064 3641 5111 ut

2046 5165 2131 5213 est
2160 5157 2440 5219 Dominus.
2474 5175 2492 5208 ι
2527 5155 2882 5211 Distinctione
2913 5152 3247 5209 utitunNon
3282 5152 3441 5216 dixit,
3474 5168 3493 5200 ι
3524 5147 3627 5202 nisi

2049 5246 2350 5312 Dominus,
2386 5265 2405 5298 ι
2470 5246 2609 5311 sed,
2681 5263 2699 5297 ι
2737 5244 2927 5300 Nullus
2988 5252 3077 5301 est
3129 5245 3275 5299 sicut
3336 5240 3627 5305 Dominus,

2048 5351 2273 5397 sanctus
2313 5350 2372 5395 et
2409 5338 2777 5405 sanctiﬁcans,
2818 5338 3001 5408 justus
3044 5346 3099 5393 et
3132 5328 3461 5405 justiﬁea‘ns.
3493 5330 3639 5386 «Ne--

2050 5448 2156 5503 que
2195 5432 2340 5487 enim
2367 5440 2452 5487 est
2488 5430 2626 5486 alius
2661 5439 2816 5486 extra
2857 5441 2933 5496 te,
2959 5439 3016 5486 et
3043 5444 3150 5483 non
3191 5424 3457 5479 estfortis
3492 5423 3637 5477 sicut

2052 5525 2196 5579 Deus
2239 5532 2444 5578 noster.
2479 5543 2497 5576 ι
2546 5522 2662 5578 Non
2699 5533 2808 5589 est,
2848 5523 3042 5592 inquit,
3078 5527 3301 5574 sanctus
3328 5525 3526 5587 praeter
3557 5523 3643 5570 te..

2056 5613 2305 5677 Domine,
2329 5612 2456 5683 quia
2480 5628 2639 5668 nemo
2663 5613 2742 5677 ﬁt,
2767 5613 2870 5671 nisi
2888 5613 2984 5666 abs
3009 5619 3081 5665 te.
3112 5608 3207 5663 «Et
3228 5608 3273 5662 si
3297 5607 3530 5675 suntqui
3553 5605 3634 5659 qli-

2058 5713 2255 5759 cuutur
2280 5703 2355 5758 dii
2381 5702 2535 5759 multi
2557 5702 2605 5774 (1
2633 5702 2756 5759 Cor.
2776 5701 2893 5773 vm)
2917 5720 2933 5752 ι
2953 5710 3006 5755 et
3033 5698 3237 5756 domini
3257 5696 3432 5762 multi,
3458 5695 3641 5751 nullus
