4026 6202
373 406 439 460 19
1053 404 1123 458 Β.“
1151 404 1403 460 RABAM
1443 404 1659 461 MAURI
1698 401 2012 458 ARClllEP.
2055 401 2360 457 MOCUNT.
2403 401 2686 459 OPERUM
2728 403 2905 460 PARS
2942 403 2986 458 l.
3549 408 3621 462 20

369 515 616 587 superbis
661 516 888 585 resistit,
916 515 1209 573 humilibus
1259 523 1441 570 autem
1486 515 1578 569 dat
1618 513 1847 585 gratiam
1892 509 1943 577 (l
1975 513 2025 571 A
2055 529 2073 560 ι
2108 526 2255 564 mum
2298 520 2480 576 terrae,
2509 514 2637 583 quia
2676 502 2863 583 justus
2899 524 3004 570 est.
3046 535 3063 567 ι
3098 515 3332 572 Prorsus
3377 522 3623 577 ordinem

371 603 514 659 l'etr.
555 606 644 678 v);
676 625 694 656 ι
728 608 833 661 hoc
867 615 1012 662 totus
1037 607 1198 660 habet
1230 618 1426 667 sermo,
1450 601 1603 671 cujus
1630 618 1825 657 nomen
1871 602 1948 655 iu-

367 704 697 767 terpretatur
737 698 909 767 gratia
930 697 1066 766 ejus.
1091 695 1212 751 Jam
1234 710 1364 750 vero
1389 693 1735 763 adjungitur:
1770 712 1789 743 ι
1818 691 1949 772 Sus-

366 787 500 840 citat
523 802 553 839 a
586 796 732 841 terra
767 801 1093 856 pauperem,
1131 805 1149 836 ι
1185 785 1251 840 de
1277 784 1423 839 nullo
1462 783 1657 838 melius
1685 798 1848 853 quam
1876 783 1943 837 de

365 879 457 933 illo
502 879 743 950 intelligo
775 899 792 930 ι
826 878 920 947 qui
959 886 1182 947 propter
1235 892 1338 932 nos
1362 891 1567 946 pauper
1614 875 1791 930 factus
1834 884 1943 942 est,

364 984 486 1024 cum
507 969 664 1023 dives
691 976 856 1033 esset,
877 976 940 1022 ut
959 968 1078 1038 ejus
1104 975 1421 1037 paupertate
1448 965 1610 1041 (sicut
1633 964 1793 1034 paulo
1817 973 1945 1018 ante

364 1059 564 1114 dictum
588 1057 691 1127 est)
721 1058 1019 1112 ditaremur
1047 1054 1130 1126 (11
1182 1053 1303 1110 Cor.
1332 1054 1473 1126 Vill).
1517 1073 1536 1106 ι
1574 1055 1753 1124 Ipsum
1798 1053 1941 1110 enim

361 1148 429 1204 de
451 1157 593 1203 terra
616 1147 898 1202 suscitavit
929 1155 1039 1200 tam
1069 1146 1202 1211 cito,
1229 1155 1288 1200 ut
1311 1160 1438 1200 caro
1458 1143 1575 1212 ejus
1597 1160 1705 1216 non
1738 1143 1945 1197 videret

362 1238 786 1308 corruptionem.
836 1235 948 1292 Nec
991 1235 1121 1291 illud
1157 1236 1225 1291 ab
1272 1234 1363 1290 illo
1416 1234 1663 1288 alienabo
1693 1232 1835 1302 quod
1865 1234 1944 1287 di-

363 1335 509 1382 ctum
546 1335 634 1382 est
662 1345 677 1381 ἒ

434 1437 455 1470 ι
480 1419 547 1473 Et
569 1418 636 1473 de
656 1426 895 1473 stercore
922 1417 1081 1489 erigit
1103 1417 1373 1487 inopem.»
1400 1432 1558 1486 .nops
1578 1417 1774 1486 quippe
1799 1416 1943 1470 idem

358 1511 450 1583 qui
480 1525 702 1582 pauper.
750 1509 976 1565 Stercus
1005 1525 1157 1570 vero.
1200 1509 1340 1564 unde
1382 1517 1595 1563 erectus
1617 1516 1721 1573 est,
1753 1509 1943 1563 rectis-

358 1606 495 1662 sime
535 1604 914 1676 intelliguntur
961 1614 1337 1673 persecutores
1385 1601 1579 1667 Judaei,
1610 1603 1664 1657 in
1710 1617 1940 1671 quorum

359 1710 584 1750 numero
608 1710 734 1750 cum
784 1694 1095 1751 sedixisset
1138 1692 1426 1763 Apostolus
1476 1692 1772 1748 Ecclesium
1816 1708 1941 1763 per-

357 1791 602 1837 secutum
636 1803 649 1837 :
686 1803 704 1836 ι
741 1783 876 1851 Quae
922 1783 1054 1838 mihi
1101 1781 1339 1847 fuerunt,
1371 1783 1566 1853 inquit,
1617 1782 1787 1848 lucra,
1822 1782 1937 1837 haec

2050 608 2221 659 tenuit
2245 605 2603 661 confessionis
2623 606 2859 662 ﬁdelium
2891 610 3004 662 haec
3026 609 3386 678 prophetissa.
3422 614 3625 668 Ascen-

2047 694 2128 748 dit
2172 695 2224 748 in
2274 696 2470 750 ccelum
2514 697 2775 753 Dominus
2813 697 3082 763 Christus,
3115 707 3172 753 et
3200 699 3325 755 inde
3367 712 3627 761 venturus

2047 794 2130 838 est
2166 784 2234 837 ad
2255 782 2610 851 judicandum
2656 788 2808 842 vivos
2853 795 2909 843 et
2954 798 3220 844 mortuos.
3258 809 3275 841 ι
3313 791 3448 846 Nam
3502 795 3628 863 quis

2047 879 2315 944 ascendit,
2344 879 2486 934 sicut
2508 879 2641 934 dicit
2668 879 2978 949 Apostolus,
3012 881 3116 936 nisi
3139 891 3196 936 et
3218 883 3314 952 qui
3350 884 3626 941 descendit

2045 968 2099 1022 in
2125 968 2406 1023 inferiores
2426 966 2608 1038 partes
2636 978 2826 1025 terrae:
2854 972 2944 1040 qui
2971 972 3268 1038 descendit,
3296 973 3410 1043 ipse
3432 976 3625 1046 estqui

2047 1058 2290 1112 ascendit
2312 1074 2476 1128 super
2512 1074 2701 1114 omnes
2734 1059 2936 1125 cmlos,
2981 1069 3042 1114 ut
3086 1061 3411 1132 adimpleret
3445 1065 3626 1119 omnia

2046 1149 2261 1222 (Ephes.
2292 1150 2389 1222 tv).
2435 1170 2453 1202 ‹
2487 1150 2593 1206 Per
2616 1152 2787 1206 nubes
2808 1166 2937 1222 ergo
2960 1167 3089 1208 suas
3121 1154 3309 1218 tonuit,
3340 1169 3475 1224 quas
3502 1156 3627 1225 Spi-

2045 1242 2155 1296 ritu
2173 1250 2383 1306 sancto,
2412 1257 2535 1296 cum
2592 1241 2957 1306 ascendisset,
3001 1242 3258 1312 implevit.
3307 1242 3384 1298 De
3432 1244 3627 1312 quibus

2044 1330 2246 1383 carnali
2286 1328 2607 1396 Jerusalem,
2638 1332 2743 1386 hoc
2777 1340 2882 1395 est,
2907 1332 3132 1403 ingratae
3173 1332 3364 1398 vinem,
3408 1335 3630 1389 commi-

2043 1430 2206 1474 natus
2231 1430 2309 1475 est
2338 1420 2476 1491 apud
2501 1420 2696 1475 Isaiam
2710 1422 3052 1491 prophetam,
3085 1442 3104 1474 ι
3135 1438 3204 1477 ne
3242 1423 3429 1492 pl‘uaut
3466 1440 3630 1493 super

2043 1526 2162 1566 cam
2224 1511 2454 1565 imbrem
2499 1510 2636 1581 (Isa.
2687 1510 2786 1582 vi).
2825 1532 2842 1563 ι
2877 1512 2971 1568 Sic
3025 1520 3208 1567 autem
3253 1511 3456 1567 dictum
3496 1522 3626 1568 est;

2050 1619 2067 1651 ι
2104 1599 2363 1655 Dominus
2393 1597 2658 1667 judicahit
2687 1600 2822 1655 ﬁnes
2852 1608 3029 1666 teme,
3079 1621 3097 1653 ι
3140 1617 3205 1656 ac
3231 1601 3277 1655 si
3308 1602 3579 1657 diceretur
3610 1618 3628 1656 :

2041 1691 2303 1746 Dominus
2339 1690 2603 1760 jndicahit
2627 1700 2871 1747 extrema
2922 1693 3182 1758 hominis,
3228 1693 3484 1762 quoniam
3516 1709 3625 1747 non

2035 1779 2425 1849 judicabantur
2451 1796 2572 1851 quae
2599 1782 2653 1835 in
2688 1782 2881 1837 melius
2917 1783 3003 1838 vel
3058 1783 3115 1837 in
3163 1783 3405 1838 deterius
3450 1784 3631 1839 medio

356 1885 576 1945 propter
599 1875 877 1932 Christum
900 1876 1099 1930 damna
1126 1890 1245 1930 esse
1275 1875 1402 1931 duxi
1436 1890 1450 1928 :
1484 1891 1587 1930 nec
1629 1874 1801 1931 solum
1839 1875 1937 1930 de-
1966 1859 2018 1918 Β
2046 1881 2285 1942 tempore
2306 1881 2729 1939 commutantur,
2757 1876 2851 1931 sed
2872 1875 2926 1929 in
2949 1876 3144 1945 quibus
3165 1877 3619 1933 extremisinven-

359 1967 636 2032 trimeuta,
657 1982 852 2022 verum
881 1965 1050 2021 etiam
1087 1977 1333 2021 Stercore
1368 1963 1674 2021 existimavi
1704 1978 1849 2029 esse,
1877 1971 1939 2017 ut

354 2057 631 2113 Christum
661 2057 1036 2121 lucrifacerem
1059 2053 1315 2129 (Philipp.
1344 2054 1453 2128 tu).
1478 2075 1502 2108 ο
1535 2056 1613 2111 De
1637 2063 1782 2110 terra
1811 2069 1941 2123 ergo

355 2150 653 2204 suscitatus
675 2159 759 2204 est
787 2148 902 2215 ille,
927 2164 1090 2217 supra
1124 2162 1313 2202 omnes
1339 2146 1533 2201 divites
1567 2161 1773 2216 pauper
1818 2159 1939 2199 ere-

355 2249 475 2297 ctus
499 2249 609 2307 cst,
638 2250 695 2297 et
743 2241 811 2297 de
851 2241 951 2296 illo
985 2248 1224 2295 stercore
1252 2254 1413 2309 supra
1443 2230 1943 2308 omnes’Opalentos

357 2333 443 2388 ille
469 2332 647 2404 inops,
687 2341 746 2386 ut
774 2332 961 2387 sedeat
1011 2347 1133 2386 cum
1163 2331 1471 2401 potentibus
1508 2328 1710 2398 populi,
1742 2328 1937 2397 quibus

352 2423 431 2477 ait
454 2409 467 2476 ξ
497 2442 519 2475 ι
550 2422 816 2479 Sedebitis
840 2438 1003 2493 super
1022 2422 1307 2479 duodecim
1328 2422 1483 2477 sedes
1506 2419 1720 2491 (Matth.
1740 2420 1880 2491 xix).
1910 2438 1930 2471 ι

351 2521 409 2568 ct
435 2515 616 2569 sedem
656 2513 844 2585 gloria:
868 2514 1246 2568 htereditatem
1270 2514 1405 2569 dans
1434 2513 1537 2568 eis.

427 2624 446 2656 ι
484 2605 700 2660 Domini
726 2605 872 2661 enim
890 2613 1015 2660 sunt
1036 2605 1283 2660 cardines
1305 2613 1484 2670 terrae,
1498 2612 1554 2660 et
1572 2605 1753 2675 posuit
1775 2620 1936 2675 super

351 2711 445 2749 eos
487 2694 697 2749 orbem.
733 2712 752 2746 ι
781 2693 920 2761 Quia
964 2694 1082 2764 ipse
1108 2714 1127 2747 ‹
1164 2694 1473 2750 dominatur
1512 2710 1545 2749 a
1577 2696 1717 2750 mari
1763 2712 1934 2767 usque

352 2785 420 2843 ad
476 2800 649 2850 mare,
703 2792 760 2840 et
807 2801 840 2841 a
888 2784 1109 2842 ﬁumine
1153 2800 1325 2856 usque
1378 2786 1447 2841 ad
1486 2786 1749 2842 terminos
1785 2788 1941 2844 orbis

353 2884 513 2930 terrae
550 2874 721 2946 (Psal.
750 2892 876 2932 uxr
902 2873 941 2949 ).
988 2895 1007 2929 ι
1054 2895 1073 2928 ι
1114 2877 1349 2943 Domini,
1381 2878 1578 2948 inquit,
1605 2886 1730 2933 sunt
1757 2879 1935 2934 cardi-

353 2981 450 3021 nes
482 2975 665 3033 terrte,
708 2985 727 3018 ι
769 2967 873 3023 hoc
909 2976 1013 3034 est,
1048 2977 1283 3038 quatuor
1312 2968 1483 3040 plaga:
1505 2969 1717 3035 mundi,
1739 2969 1797 3023 in
1821 2970 1936 3039 qui-
1964 3022 1973 3025 -

354 3058 452 3111 bus
474 3056 714 3113 dilatavit
734 3058 925 3115 orbem
959 3058 1215 3114 Ecclesiae
1237 3074 1374 3126 sum,
1407 3074 1527 3129 qure
1560 3073 1593 3112 a
1635 3058 1765 3113 solis
1808 3067 1935 3113 ortu

354 3163 524 3218 usque
550 3147 616 3202 ad
640 3162 895 3205 occasum
939 3147 1120 3202 laudat
1159 3163 1355 3204 nomen
1386 3140 1522 3217 ejus:
1554 3167 1573 3199 ι
1608 3148 1779 3203 Pedes
1805 3164 1932 3203 sau-

2043 1969 2129 2016 tus
2157 1961 2321 2015 fuerit
2353 1962 2445 2032 qui
2467 1960 2818 2030 judicabitur.
2855 1984 2873 2014 ι
2910 1964 2976 2018 Ει
2997 1965 3149 2020 dabit
3181 1965 3469 2035 imperium
3513 1966 3625 2034 regi

2043 2067 2164 2117 suo,
2194 2070 2213 2102 ι
2250 2052 2355 2107 hoc
2379 2060 2481 2117 est,
2504 2053 2701 2123 populo
2749 2054 3089 2123 Christiano;
3121 2056 3218 2110 dat
3257 2050 3336 2112 eis
3370 2057 3629 2110 virtutem

2040 2155 2147 2211 qua
2187 2156 2430 2207 carnem,
2455 2142 2598 2197 sicut
2624 2158 2805 2213 reges,
2840 2154 3050 2214 regant,
3079 2152 3134 2201 ct
3162 2145 3216 2199 in
3253 2145 3345 2200 illo
3372 2145 3627 2215 quipro-

2038 2242 2160 2302 pter
2190 2247 2286 2309 eos
2325 2231 2462 2288 fudit
2509 2236 2825 2309 sanguinem
2870 2251 3024 2290 suum
3081 2224 3624 2291 mundum'vincaut.

2040 2320 2301 2391 Sequitur
2324 2340 2342 2376 ι
2376 2341 2395 2374 ι
2436 2323 2503 2377 Et
2536 2307 2846 2379 sublimahit
2870 2340 3035 2379 cornu
3061 2326 3264 2381 Christi
3292 2327 3394 2382 sui.
3436 2345 3454 2377 ι
3482 2326 3629 2393 Quo-

2037 2412 2198 2466 modo
2224 2412 2491 2468 exaltabit
2531 2413 2786 2469 Christus
2820 2430 2992 2470 cornu
3023 2414 3229 2471 Christi
3244 2416 3377 2503 sui?
3426 2416 3628 2473 Omnes

2036 2502 2234 2573 quippe
2263 2513 2456 2558 unctos
2495 2503 2612 2574 ejus
2642 2504 2935 2560 chrismate
2969 2516 3114 2561 recte
3146 2508 3385 2563 ehristos
3429 2524 3621 2579 possu-

2035 2590 2157 2649 mus
2184 2595 2396 2662 dicere,
2426 2598 2568 2665 quod
2608 2604 2788 2651 tamen
2818 2606 2986 2652 totum
3018 2614 3141 2653 cum
3165 2616 3261 2655 suo
3286 2600 3466 2670 capite
3503 2614 3629 2654 cor-

2033 2701 2137 2756 pus
2160 2701 2301 2740 unus
2341 2695 2426 2741 est
2450 2685 2725 2742 Christus.
2765 2687 2890 2743 [lare
2935 2688 3086 2743 Anna
3115 2691 3477 2760 pr0phetavit,
3509 2708 3632 2746 ma-

2035 2784 2120 2830 ter
2168 2774 2387 2830 Samuel
2417 2775 2593 2830 sancti
2623 2776 2745 2843 viri,
2777 2777 3112 2847 multumque
3158 2778 3384 2846 laudati,
3423 2780 3477 2834 in
3510 2797 3621 2851 quo

2037 2864 2257 2935 quidem
2283 2874 2415 2920 tunc
2446 2864 2678 2938 ﬁgurata
2703 2874 2788 2921 est
2815 2868 3045 2923 mutatio
3071 2868 3273 2924 veteris
3307 2871 3619 2935 sacerdotii,

2039 2965 2095 3012 et
2140 2973 2286 3012 nunc
2314 2956 2550 3028 impleta,
2592 2958 2809 3029 quando
2854 2958 3125 3013 inﬁrmata
3174 2969 3258 3015 est
3285 2976 3405 3031 qua
3447 2962 3623 3015 multa

2041 3053 2161 3101 erat
2191 3047 2246 3101 in
2276 3046 2424 3113 ﬁliis,
2447 3054 2506 3101 ut
2545 3063 2743 3103 novum
2766 3048 2993 3105 haberet
3013 3049 3066 3103 in
3097 3047 3318 3105 Christo
3362 3052 3622 3106 sacerdo~

2038 3138 2174 3193 tium
2230 3141 2433 3195 sterilis
2458 3156 2579 3210 quae
2609 3141 2819 3211 peperit
2862 3150 3089 3210 septem.
3142 3141 3355 3199 Interea
3404 3141 3629 3199 Samuel

353 3246 564 3293 ειυιιυιιι
590 3253 818 3294 suorum
841 3238 1102 3304 servabit,
1135 3258 1152 3289 ι
1185 3239 1287 3294 hoc
1316 3248 1425 3305 est,
1473 3238 1769 3294 electorum
1810 3254 1934 3294 suo.
1965 3220 2013 3282 C
2042 3237 2162 3284 erat
2190 3229 2505 3285 ministrans
2548 3231 2601 3285 in
2644 3231 2840 3301 templo
2873 3232 3102 3297 Domini,
3129 3233 3404 3289 accinctus
3447 3234 3625 3304 epbod

357 3345 475 3383 rum
505 3343 668 3400 opera
691 3330 744 3384 in
796 3330 939 3405 viam
957 3329 1183 3399 justitim
1207 3331 1418 3402 diriget.
1450 3350 1467 3382 ι
1505 3330 1572 3385 Ει
1598 3332 1745 3402 impii
1774 3332 1826 3387 in
1856 3343 1939 3387 te—

356 3418 540 3476 nebris
567 3419 958 3483 conticescent,
974 3420 1100 3490 quia
1128 3421 1412 3483 mittentur
1434 3420 1486 3474 in
1505 3422 1758 3476 tenebras
1783 3431 1936 3477 exte-

357 3512 546 3577 riores,
582 3509 658 3566 ibi
704 3512 815 3568 erit
856 3510 1015 3567 ﬂetus
1061 3520 1116 3567 et
1164 3511 1365 3568 stridor
1423 3512 1665 3568 dentium
1721 3512 1936 3583 (Matth.

358 3602 493 3673 χχιι)
519 3619 534 3668 ;
581 3620 601 3654 ι
644 3602 736 3658 ubi
767 3602 1157 3668 conticescent,
1184 3603 1237 3656 ιιι
1264 3611 1378 3668 est,
1398 3603 1467 3658 ab
1494 3603 1805 3673 arrogantia
1852 3620 1940 3658 su-

355 3693 556 3763 perbia:
618 3710 729 3750 sua:
785 3695 1101 3750 cessabunt.
1133 3713 1151 3745 ι
1197 3693 1331 3760 Quia
1383 3709 1489 3751 non
1525 3695 1579 3749 in
1621 3695 1941 3750 fortitudine

356 3801 453 3840 sua
492 3785 838 3842 roborabitur
868 3786 973 3851 vir,
1012 3805 1031 3836 ι
1064 3785 1169 3840 hoc
1188 3792 1292 3850 est,
1318 3801 1425 3839 non
1451 3784 1770 3843 fortitudine
1806 3802 1937 3856 pro-

355 3879 494 3948 pria,
526 3878 622 3935 sed
667 3878 721 3936 in
758 3879 959 3933 virtute
988 3877 1169 3934 divina
1224 3885 1416 3948 potens
1463 3887 1550 3933 est
1598 3878 1706 3944 vir,
1734 3878 1788 3935 id
1831 3886 1938 3944 est,

358 3970 586 4041 papulas
612 3970 972 4027 credentium.

433 4081 451 4113 ι
492 4061 781 4118 Dominum
838 4061 1204 4118 formidabant
1252 4062 1549 4118 adversarii
1598 4063 1758 4131 ejus,
1811 4064 1940 4134 quia

362 4170 378 4201 ι
420 4151 678 4208 Dominus
704 4150 978 4207 inﬁrmum
1009 4151 1175 4207 faciet
1197 4152 1566 4207 adversarium
1594 4152 1730 4222 ejus.
1783 4171 1802 4204 ι
1839 4151 1942 4209 Ρο-

359 4249 466 4301 test
498 4256 564 4296 ex
612 4241 864 4314 ambiguo
903 4240 1094 4298 Graeco
1123 4241 1375 4315 intelligi,
1426 4261 1445 4294 ‹
1481 4250 1538 4298 et
1569 4243 1943 4299 adversarium

357 4348 537 4388 suum.
574 4352 593 4384 ι
632 4332 769 4405 Cpm
797 4332 945 4388 enim
975 4333 1241 4389 Dominus
1259 4333 1537 4403 possidere
1567 4348 1669 4390 nos
1692 4334 1941 4403 coeperit,

357 4422 598 4491 profecto
634 4423 1004 4490 adversarius,
1033 4424 1126 4495 qui
1168 4432 1354 4481 noster
1378 4423 1554 4480 fuerat
1583 4426 1752 4495 ipsius
1778 4427 1859 4493 ﬁt,
1889 4436 1945 4482 et

359 4513 603 4571 vincetur
621 4529 652 4569 a
677 4514 855 4580 nobis,
883 4530 992 4570 non
1017 4515 1221 4571 viribus
1241 4516 1465 4581 nostris,
1488 4517 1612 4586 quia
1636 4532 1742 4573 non
1766 4518 1819 4572 in
1843 4518 1947 4571 vir-

362 4612 474 4659 tute
505 4604 720 4675 propria
738 4613 928 4675 potens
961 4613 1047 4661 est
1082 4606 1186 4660 vir.
1224 4606 1483 4662 Dominus
1508 4622 1636 4679 ergo
1667 4608 1943 4664 inﬁrmum

364 4696 522 4751 t‘aciet
570 4696 941 4752 adversarium
968 4712 1146 4753 suum.
1195 4696 1458 4752 Dominus
1490 4708 1712 4754 sanctus
1735 4711 1796 4754 ut
1820 4701 1940 4754 vin~

360 4797 517 4843 catur
541 4804 571 4842 a
608 4788 843 4855 sanctis,
883 4804 1019 4859 quos
1046 4789 1307 4846 Dominus
1354 4799 1576 4845 sanctus
1628 4800 1942 4846 sanctorum

360 4880 525 4936 allicit
548 4888 766 4943 sanctos
794 4880 881 4953 (‘2).
917 4880 997 4936 Ac
1029 4896 1129 4954 per
1168 4881 1310 4936 hoc:
1344 4901 1362 4932 ι
1398 4879 1516 4936 Non
1556 4880 1815 4952 glorietur
1849 4896 1946 4950 po-

365 4982 480 5026 tcns
508 4972 562 5026 in
609 4988 706 5028 sua
737 4974 997 5042 potentia,
1038 4981 1095 5028 et
1142 4989 1249 5027 non
1291 4973 1555 5046 glorietur
1601 4973 1838 5047 prudens
1889 4972 1944 5029 in

362 5078 458 5116 sua
494 5063 803 5133 prudentia,
842 5079 943 5119 nec
965 5064 1117 5121 dives
1151 5063 1207 5120 in
1243 5064 1445 5119 divitiis
1471 5065 1614 5129 suis;
1645 5063 1740 5120 sed
1768 5064 1820 5118 in
1842 5063 1944 5122 hoc

363 5154 641 5222 glorietur,
677 5154 771 5225 qui
824 5154 1111 5226 gloriatur,
1156 5154 1457 5225 intelligere
1487 5163 1542 5209 et
1571 5155 1709 5210 scire
1760 5154 1944 5211 Domi-

364 5261 513 5309 num,
537 5254 593 5299 et
630 5242 810 5301 facere
834 5244 1097 5313 judicium
1124 5255 1179 5301 et
1199 5244 1467 5314 justitiam
1494 5245 1547 5299 in
1579 5245 1757 5301 medio
1784 5254 1946 5301 terra:

363 5336 502 5408 (Jer.
535 5337 633 5408 Ix).
670 5356 688 5389 ι
731 5336 849 5393 Non
874 5354 1037 5407 parva
1065 5353 1132 5393 cx
1160 5348 1316 5409 parte
1358 5338 1608 5407 intelligit
1636 5347 1691 5393 et
1712 5338 1815 5396 scit
1842 5338 1947 5394 Do-

364 5428 592 5493 tuinum,
618 5428 711 5498 qui
739 5427 1011 5499 intelligit,
1050 5437 1107 5486 et
1131 5430 1236 5486 scit
1271 5430 1437 5485 etiam
1489 5430 1592 5486 hoc
1618 5429 1719 5486 sibi
1755 5447 1787 5488 a
1840 5432 1947 5487 Do-

368 5520 513 5575 mino
538 5520 678 5585 dari,
710 5528 766 5574 ut
792 5520 1057 5593 intelligat
1082 5531 1136 5576 et
1168 5521 1306 5577 sciat
1329 5522 1637 5579 Dominum.
1673 5524 1781 5579 Sed
1818 5524 1945 5595 quia

370 5612 653 5667 retributio
675 5609 822 5681 justa
859 5612 912 5666 in
943 5611 1031 5666 die
1063 5611 1254 5681 judicii
1313 5612 1495 5668 futura
1539 5624 1622 5668 est
1658 5628 1688 5667 a
1718 5613 1947 5669 Domino

370 5718 529 5774 super
558 5702 695 5758 ﬁlios
727 5701 881 5769 Adm,
912 5703 1034 5759 inde
1073 5703 1317 5772 sequitur
1348 5721 1362 5757 :
1399 5722 1417 5755 ‹
1456 5703 1719 5758 Dominus
1764 5718 1951 5758 ascen-

377 5814 392 5846 ι
437 5795 536 5857 dit,
564 5794 756 5863 inquit.
780 5794 947 5851 cmlos
991 5805 1045 5852 et
1081 5795 1281 5861 tonuit;
1337 5793 1734 5865 ipsejudicabit
1768 5804 1949 5849 extre-

2039 3335 2149 3384 rar,
2200 3320 2304 3373 hoc
2346 3316 2452 3385 eSt,
2483 3320 2908 3389 superhumerali
2966 3322 3131 3388 lineo,
3162 3324 3306 3393 quod
3344 3324 3515 3379 distat
3551 3324 3623 3379 ab
3705 3382 3708 3385 ,

2039 3409 2132 3464 illo
2177 3409 2353 3479 epbod
2380 3424 2488 3480 quo
2521 3409 2849 3466 induebatur
2873 3412 3133 3482 pontifex,
3169 3415 3295 3484 quia
3326 3415 3469 3469 istud
3500 3422 3618 3469 tau—

2040 3503 2318 3558 tummodo
2343 3504 2547 3559 linenm
2575 3504 2711 3572 fuit,
2736 3515 2791 3561 et
2816 3522 3134 3563 concessum
3166 3510 3470 3565 minoribus
3495 3525 3622 3580 gra-

2041 3592 2200 3647 dibus
2261 3593 2329 3647 ad
2378 3595 2669 3661 utendum;
2739 3595 2868 3650 illttd
2917 3606 3096 3651 autem
3154 3597 3297 3668 quod
3356 3601 3626 3655 vestiebat

2038 3682 2387 3753 pontiﬁcem,
2432 3699 2499 3738 ex
2548 3695 2783 3755 quatuor
2809 3685 3098 3753 coloribus,
3153 3688 3351 3754 id’est,
3396 3689 3622 3759 hyacin-

2039 3774 2157 3839 tho,
2208 3775 2390 3846 bysso,
2421 3790 2605 3841 cocco,
2634 3786 2978 3847 purpura,et
3027 3792 3093 3831 ex
3139 3793 3273 3833 auro
3322 3778 3626 3835 habebatur

2039 3873 2382 3921 contextum.

2115 3975 2133 4007 ι
2179 3954 2247 4009 Ει
2272 3956 2509 4011 tunicam
2536 3942 2760 4028 parvam
2780 3955 3014 4012 faciebat
3034 3959 3084 4013 ei
3116 3967 3296 4014 mater
3317 3975 3437 4025 sua,
3462 3975 3625 4030 quam

2046 4068 2064 4100 ι
2110 4048 2370 4105 afferebat
2396 4050 2617 4105 statutis
2644 4049 2856 4115 diebus,
2881 4051 3182 4106 ascendens
3210 4069 3332 4107 cum
3356 4052 3473 4106 viro
3499 4068 3625 4117 suo,

2047 4160 2065 4191 ε
2103 4148 2159 4194 ιιι
2186 4139 2493 4195 immolaret
2517 4140 2749 4195 hostiam
2775 4139 3069 4194 solemnem
3091 4140 3335 4196 Domino.
3371 4161 3389 4193 ι
3422 4141 3625 4197 Tunica

2043 4229 2157 4283 lnec
2185 4245 2373 4303 parva,
2406 4245 2569 4299 quam
2620 4229 2775 4281 Anna
2805 4237 3002 4295 mater,
3031 4229 3134 4284 hoc
3180 4241 3286 4295 est,
3317 4230 3489 4302 gratia
3520 4229 3627 4286 for-

2044 4321 2211 4376 mavit
2236 4331 2291 4374 et
2318 4336 2486 4392 puero
2510 4318 2751 4386 tradidit,
2781 4318 3050 4389 signiﬁcat
3074 4320 3375 4374 doctrinam
3409 4321 3626 4377 facilem

2046 4426 2151 4481 qua
2177 4410 2450 4465 imbuendi
2489 4418 2616 4463 sunt
2659 4409 2821 4464 rudes
2860 4409 3026 4463 animi
3057 4410 3417 4476 credentium,
3453 4411 3625 4480 quali-

2047 4504 2146 4557 bus
2197 4500 2398 4556 Paulus
2455 4501 2632 4557 dicit:
2684 4517 2703 4550 ι
2754 4500 2864 4555 Lac
2914 4500 3068 4555 vobis
3087 4508 3274 4569 potum
3317 4502 3461 4567 dedi,
3516 4519 3626 4557 non

2046 4610 2248 4661 escam,
2289 4595 2528 4650 nondum
2564 4593 2709 4648 enim
2746 4594 3008 4662 poteratis
3042 4593 3093 4667 (1
3124 4593 3247 4649 Cor.
3299 4595 3405 4668 ιιι).
3444 4616 3463 4648 ι
3498 4594 3626 4653 Per-

2046 4690 2310 4745 fectorum
2338 4695 2520 4741 autem
2544 4687 2698 4745 cibus
2723 4695 2807 4741 est
2833 4686 3055 4742 solidus.
3092 4685 3203 4741 Nec
3229 4703 3335 4741 non
3364 4694 3418 4741 et
3444 4694 3629 4759 super.

2047 4776 2325 4833 bumerale
2367 4775 2569 4830 lineum
2611 4775 2881 4847 signiﬁcat
2912 4775 3217 4829 castitatem
3256 4783 3310 4829 et
3344 4776 3628 4831 continen-

2049 4872 2175 4925 tiam
2242 4884 2364 4924 cum
2408 4867 2564 4922 bonis
2612 4867 2886 4937 operibus.
2942 4865 3078 4937 Quia
3141 4865 3387 4936 quisquis
3443 4866 3628 4922 divino

2048 4960 2353 5019 ministerio
2399 4958 2550 5029 fungi
2578 4957 2803 5027 appetit,
2831 4971 3054 5011 necesse
3078 4965 3163 5011 est
3189 4963 3250 5009 ut
3272 4954 3507 5026 primum
3532 4971 3625 5010 ca-

2050 5065 2131 5112 ste
2159 5055 2604 5125 continenterque
2632 5052 2801 5113 vivat,
2848 5067 2911 5106 ac
2945 5034 3023 5107 sic
3069 5052 3124 5105 in
3170 5051 3329 5111 bonis
3371 5052 3628 5121 operibus

2048 5143 2397 5214 semetipsum
2440 5146 2711 5195 exerceat.
2747 5139 2919 5194 Porro
2964 5138 3059 5193 ﬁlii
3090 5138 3207 5194 Heli
3238 5139 3419 5194 divina
3469 5155 3625 5196 sacra

2052 5244 2381 5292 temerantes
2420 5232 2716 5305 peccabant
2773 5247 2957 5287 coram
2997 5232 3245 5289 Domino.
3290 5234 3442 5291 Unde
3485 5237 3625 5292 scri-

2050 5339 2201 5399 ptum
2231 5340 2312 5393 est
2342 5346 2356 5380 :
2409 5345 2428 5377 ι
2486 5324 2607 5379 Filii
2640 5322 2754 5377 lleli
2774 5364 2788 5389 ,
2833 5323 2927 5379 ﬁlii
2957 5324 3161 5391 Belial,
3191 5326 3494 5381 nescientes
3519 5328 3627 5382 Do.

2018 5434 2031 5449 ³
2056 5444 2083 5493 ιν
2122 5423 2346 5485 minum,
2375 5431 2549 5491 neque
2571 5415 2811 5472 ofﬁcium
2842 5417 3182 5472 sacerdotum
3208 5418 3272 5471 ad
3292 5417 3570 5487 pupulum.
3605 5439 3624 5470 ι

2050 5516 2119 5571 Ει
2144 5514 2309 5586 paulo
2331 5519 2454 5581 post
2483 5528 2496 5563 :
2535 5528 2552 5561 ι
2590 5508 2741 5574 Erat,
2763 5523 2916 5579 ergo,
2952 5506 3142 5575 tnquit,
3174 5514 3453 5574 peccatum
3494 5523 3625 5577 pue-

2057 5629 2075 5661 c
2123 5621 2307 5662 rerum
2356 5603 2560 5676 grande
2595 5602 2759 5656 nimis
2791 5615 2972 5656 coram
3010 5600 3258 5666 Domino,
3292 5601 3419 5670 quia
3448 5603 3626 5658 detra-

2059 5722 2076 5753 ι
2124 5701 2324 5754 hebant
2369 5697 2615 5754 homines
2647 5709 2675 5747 a
2727 5692 2991 5747 sacriﬁcio
3021 5692 3252 5747 Domini.
3292 5712 3311 5744 ›
3339 5692 3623 5762 Iosephus,

2056 5791 2345 5848 historicus
2373 5786 2436 5843 ,ιιι
2458 5788 2699 5848 latorum,
2725 5784 2790 5839 dc
2816 5781 2900 5838 liis
2926 5782 3133 5840 duobus
3160 5782 3285 5839 ﬁliis
3318 5785 3395 5840 ita
3417 5784 3621 5843 refert:
