4026 6202
360 355 428 410 '2!
1201 347 1553 406 COMMENT.
1594 346 1661 403 IN
1697 344 1944 402 LlBROS
1982 344 2047 400 IV
2092 341 2355 398 REGUM.
2402 374 2469 383 ——
2510 342 2577 397 IN
2616 345 2741 401 LIB.
2778 344 2822 401 1.

370 487 390 517 .
439 426 564 519 lleli
590 460 862 518 sacerdoti
903 468 1060 514 erant
1087 456 1185 512 ﬁlii
1226 459 1352 524 duo,
1397 457 1572 527 Ophni
1603 466 1659 513 et
1698 456 1950 518 Phinces,
1982 458 2027 518 Α

364 557 521 611 circa
576 550 825 607 homines
879 548 1147 618 iujuriosi,
1186 557 1241 604 et
1281 550 1422 604 circa
1478 547 1823 602 Divinitatem
1864 546 1961 600 im-

360 647 469 717 pii,
510 644 754 712 nullique
801 640 1077 711 iniquitati
1121 637 1445 709 parcebant;
1486 645 1542 692 et
1587 635 1696 690 alia
1740 634 1957 705 quidem

362 752 600 793 munera
626 736 695 790 ab
719 732 987 789 oblaturis
997 739 1219 802 propter
1240 731 1502 786 honorem
1526 728 1740 785 sibimet
1762 742 1956 797 seque-

367 826 648 889 strabant,
676 824 783 878 alia
824 837 954 877 vero
982 821 1187 892 rapina
1209 821 1369 875 modo
1397 818 1675 874 tollebant.
1722 816 1957 872 Mulieri-

363 917 472 973 bus
500 913 780 985 religionis
802 926 966 968 causa
994 911 1336 967 venientibus
1365 908 1719 965 contumelias
1766 906 1958 961 infere-

362 1007 505 1061 bant
535 1005 700 1059 :aliis
744 1003 962 1075 quidem
988 1001 1277 1056 violentias
1325 999 1607 1064 facientes,
1658 996 1778 1052 aliis
1827 1011 1956 1051 vero

360 1096 762 1167 persuadentes
801 1094 989 1160 donis;
1043 1092 1287 1163 nihilque
1338 1105 1525 1147 eorum
1579 1090 1688 1144 vita
1716 1104 1747 1143 a
1776 1097 1957 1159 tyran-

364 1190 496 1244 nide
522 1188 761 1259 pessima
788 1185 1095 1241 diﬁ'erebat.
1149 1182 1303 1239 Unde
1322 1191 1377 1237 et
1408 1181 1527 1236 Heli
1550 1180 1809 1235 sacerdos
1855 1193 1954 1247 pro

362 1296 559 1336 eorum
588 1279 875 1349 iniquitate
915 1277 1206 1332 damnatus
1237 1283 1344 1341 est,
1373 1273 1519 1345 quod
1544 1287 1637 1328 eos
1669 1281 1954 1342 peccantes

362 1373 549 1426 minus
579 1385 769 1425 severa
815 1368 1283 1424 animadversione
1324 1366 1609 1436 plcetebat.
1636 1364 1705 1418 Et
1733 1363 1952 1433 quidem

362 1463 628 1524 coercuit,
644 1469 701 1516 et
721 1459 938 1529 quidem
967 1458 1245 1528 corripuit,
1268 1457 1362 1512 sed
1390 1456 1612 1511 lenitate
1634 1466 1689 1510 et
1703 1470 1952 1509 mansue-

365 1553 553 1607 tudine
573 1551 761 1621 patris,
782 1564 887 1603 non
907 1549 1195 1603 severitate
1206 1558 1260 1603 et
1275 1548 1593 1603 auctoritate
1607 1546 1899 1615 pontiﬁcis.
1924 1565 1943 1598 ι

364 1644 484 1709 Qua
513 1644 790 1698 sententia
829 1642 1043 1696 discant
1087 1642 1401 1695 sacerdotes
1435 1639 1705 1709 quomodo
1728 1648 1948 1710 propter

3571 350 3646 406 32

2135 474 2153 507 ι
2202 454 2361 511 Venit
2384 465 2566 512 autem
2593 460 2676 513 vir
2705 459 2798 514 Dei
2831 461 2899 515 ad
2929 459 3043 516 lleli
3071 472 3125 517 et
3149 462 3225 518 ait
3252 462 3320 520 ad
3345 479 3490 521 eum.
3517 467 3641 526 llac

2064 564 2084 597 Ι
2128 546 2259 602 dicit
2289 546 2548 621 Dominus
2578 563 2593 602 :
2617 548 2869 620 Nunquid
2891 566 2996 607 non
3020 562 3205 623 aperte
3227 554 3497 615 revelatus
3521 574 3639 615 sum

2063 655 2082 689 α
2127 639 2308 694 domui
2337 641 2507 710 patris
2533 640 2632 707 tui,
2664 658 2786 697 cum
2824 652 3008 700 essent
3036 645 3090 699 in
3120 645 3357 720 Egypto
3398 649 3452 705 in
3482 651 3642 708 domo

2062 750 2081 783 ι
2129 732 2443 799 Pharaonis,
2499 743 2554 790 et
2599 735 2734 807 elegi
2793 752 2918 792 eum
2973 750 3039 793 ex
3093 738 3345 793 omnibus
3394 739 3643 795 tribubus

2062 839 2080 871 ‹
2127 822 2288 878 lsrael
2318 823 2452 878 mihi
2479 824 2533 880 in
2556 826 2915 893 sacerdotem,
2939 837 2999 881 ut
3027 828 3341 884 ascenderet
3370 829 3435 885 ad
3470 829 3640 886 altare

2061 934 2080 965 ι
2127 932 2324 982 meum,
2358 925 2411 972 et
2469 917 2708 974 adoleret
2761 918 2892 973 mihi
2949 918 3250 982 incensum,
3281 928 3336 975 et
3394 930 3640 991 portaret

2061 1022 2080 1056 ‹
2124 1005 2307 1076 prol
2330 1022 2515 1062 coram
2544 1024 2629 1063 me
2648 1049 2663 1072 ,
2697 1016 2752 1064 et
2793 1008 2917 1063 dedi
2947 1008 3127 1064 domui
3157 1010 3330 1080 patris
3354 1011 3430 1065 tui
3456 1013 3637 1067 omnia

2059 1115 2077 1146 ‹
2121 1097 2185 1152 de
2211 1098 2493 1154 sacriﬁciis
2519 1098 2749 1154 ﬁliorum
2776 1099 2977 1159 lsrael?
3002 1099 3181 1168 Quare
3206 1102 3357 1159 calce
3401 1103 3636 1174 abjicitis

2060 1207 2078 1239 ι
2124 1190 2400 1245 victimam
2467 1207 2682 1258 meam,
2734 1202 2790 1247 et
2845 1209 3070 1249 munera
3141 1210 3263 1250 mea
3322 1210 3443 1265 qua
3500 1212 3639 1267 pra-

2058 1297 2075 1329 ι
2098 1274 2242 1349 'cepi
2271 1290 2330 1335 ut
2361 1278 2688 1336 offerrentur
2730 1281 2783 1337 in
2819 1282 3036 1354 templo,
3067 1291 3124 1339 et
3142 1284 3313 1355 magis
3356 1286 3636 1343 honorasti

2056 1390 2073 1421 ι
2117 1369 2255 1426 ﬁlios
2277 1378 2397 1426 tuos
2417 1387 2578 1442 quam
2607 1387 2712 1438 me,
2739 1382 2799 1427 ut
2828 1373 3185 1429 comederetis
3211 1374 3482 1445 primitias
3514 1391 3633 1430 om-

2056 1478 2073 1509 c
2121 1461 2205 1515 nis
2231 1459 2486 1515 sacriﬁcii
2516 1460 2681 1516 lsrael
2705 1462 2887 1532 populi
2925 1462 3068 1517 mei?
3096 1459 3391 1534 Pr0pterea
3417 1464 3493 1520 ait
3537 1464 3637 1519 Do-

2054 1572 2072 1603 ι
2118 1553 2294 1608 minus
2331 1554 2472 1607 Deus
2498 1553 2660 1608 lsrael
2707 1572 2721 1608 :
2754 1554 3009 1625 Loquens
3039 1554 3254 1611 locutus
3289 1571 3426 1620 sum,
3457 1567 3517 1611 ut
3542 1557 3649 1613 do—.

2052 1658 2071 1691 ι
2118 1657 2238 1696 mus
2270 1649 2359 1695 tua
2381 1654 2437 1697 et
2459 1642 2652 1699 domus
2676 1644 2846 1714 patris
2869 1644 2948 1698 tui
2972 1644 3308 1700 ministraret
3336 1645 3388 1700 in
3411 1658 3637 1718 conspe—

363 1742 589 1804 peccata
631 1733 888 1797 ﬁliorum,
929 1730 983 1786 id
1028 1741 1133 1797 est,
1155 1741 1375 1802 prOpter
1402 1730 1605 1785 scelera
1637 1730 1817 1799 populi
1846 1746 1947 1800 pu-
2051 1751 2069 1783 ‹
2114 1740 2202 1788 ctu
2232 1748 2352 1789 meo
2378 1749 2552 1804 usque
2581 1735 2634 1789 in
2661 1735 3074 1806 sempiternum.
3105 1735 3259 1793 Nunc
3288 1746 3468 1793 autem
3499 1737 3635 1794 dicit

362 1828 608 1881 niantur.
659 1826 875 1894 Quique
902 1826 1087 1891 etiam,
1136 1825 1384 1895 quamvis
1429 1826 1600 1880 sancti
1640 1826 1771 1885 sint.
1793 1825 1948 1895 culpa
1977 1806 2024 1868 Β
2056 1843 2075 1876 ι
2116 1824 2408 1881 Dominus:
2440 1824 2597 1881 Absit
2638 1825 2745 1882 hoc
2782 1842 2814 1882 a
2837 1842 2942 1883 me.
2978 1827 3085 1883 Sed
3120 1828 3429 1900 quicunque
3472 1828 3634 1900 glori-
3676 1871 3687 1884 ι

364 1926 554 1971 tamen
585 1916 923 1971 subditorum
952 1916 1176 1980 eisdem,
1202 1916 1247 1971 si
1277 1930 1384 1970 non
1416 1924 1719 1980 coerceant,
1736 1923 1949 1986 reputa-

363 2016 481 2058 tur.
511 2004 811 2059 Extraneus
839 2005 1035 2074 quippe
1057 2019 1090 2058 a
1114 2004 1224 2059 Deo
1244 2013 1348 2070 est,
1375 2004 1467 2073 qui
1488 2019 1595 2059 non
1616 2012 1762 2059 tenet
1787 2005 1949 2060 disci-

365 2098 673 2165 plinammt
702 2096 842 2152 ﬁlios
870 2112 977 2152 non
1003 2097 1227 2166 corrigit
1247 2105 1308 2151 ut
1328 2097 1465 2151 bene
1485 2097 1703 2164 etjuste
1742 2097 1944 2151 vivant.

367 2187 474 2254 Qui
503 2195 685 2241 autem
711 2202 818 2242 non
843 2188 1069 2257 corripit
1098 2187 1236 2243 ﬁlios
1264 2202 1413 2251 suos,
1436 2195 1495 2241 ut
1520 2185 1809 2241 emendent
1827 2201 1948 2256 qua

368 2292 539 2347 prave
560 2286 862 2347 gesserunt,
888 2278 1051 2349 impie
1071 2287 1153 2332 est
1179 2278 1299 2348 pius
1317 2318 1332 2343 ,
1364 2278 1491 2347 quia
1521 2276 1763 2348 indulget
1801 2277 1947 2332 vitiis

363 2378 421 2423 et
447 2384 773 2424 consensum
793 2370 1001 2438 prabet
1025 2369 1225 2438 iniquis
1255 2369 1309 2423 in
1338 2369 1537 2423 malum
1562 2383 1740 2422 suum.
1768 2366 1945 2437 Ophni

361 2462 582 2531 quidem
630 2461 1019 2531 interpretatur
1061 2461 1269 2529 insania
1310 2460 1691 2527 conversionis;
1738 2468 1795 2515 et
1832 2474 1944 2515 me-

363 2554 474 2606 rito
517 2553 592 2605 ita
628 2560 986 2621 nuncupatur,
1015 2551 1145 2621 quia
1168 2550 1347 2606 diﬁ‘ert
1374 2551 1616 2606 converti
1643 2550 1698 2604 in
1729 2549 1940 2617 melius,

360 2652 421 2697 et
459 2644 617 2714 longe
649 2642 876 2698 ellicitur
903 2658 935 2696 a
968 2657 1098 2699 vera
1145 2644 1497 2699 conversione
1542 2643 1610 2697 ad
1654 2642 1941 2697 Dominum

361 2749 489 2803 qua
519 2733 769 2788 emendat
796 2732 1069 2787 hominem
1096 2747 1130 2787 a
1158 2733 1308 2787 vitiis
1338 2740 1394 2787 et
1416 2740 1657 2802 peccato.
1686 2731 1937 2797 Pbinees,

359 2825 471 2877 oris
494 2823 778 2889 obturatio,
800 2824 914 2878 sive
965 2823 1045 2877 ori
1066 2839 1307 2893 parcens,
1350 2822 1756 2893 interpretatur.
1796 2821 1941 2879 Duos

360 2915 597 2969 l’binees
624 2914 936 2970 sacerdotes
968 2914 1195 2985 legimus
1217 2915 1271 2968 in
1298 2913 1582 2984 Scriptura
1614 2913 1813 2987 (Exod.
1843 2904 1897 2969 vi
1920 2932 1937 2982 ;

359 3004 531 3060 Nunt.
566 3004 736 3077 xxv):
770 3003 1164 3073 illumjustum,
1205 3003 1376 3058 ﬁlium
1398 3004 1652 3070 Eleazar;
1698 3012 1755 3060 et
1799 3005 1939 3076 inju-

356 3108 528 3161 stum,
553 3096 720 3150 ﬁlium
749 3094 885 3150 Heli.
920 3094 1060 3150 Sunt
1083 3103 1263 3150 autem
1286 3095 1340 3149 in
1361 3095 1735 3152 sacerdotibus
1754 3096 1933 3163 hodie,

2053 1933 2070 1965 ι
2116 1914 2359 1969 ﬁcaverit
2385 1929 2493 1981 me,
2515 1914 2831 1985 gloriﬁcabo
2858 1932 3004 1971 eum.
3034 1915 3135 1985 Qui
3166 1927 3346 1972 autem
3383 1926 3628 1973 contem-

2053 2022 2071 2055 ι
2117 2013 2253 2059 nunt
2280 2020 2398 2069 me,
2430 2013 2595 2060 erunt
2642 2005 2925 2076 ignobiles.
2951 2006 3090 2063 Ecce
3138 2007 3255 2064 dies
3298 2008 3544 2075 veniunt,
3577 2018 3631 2063 et

2052 2112 2071 2145 ι
2116 2096 2407 2166 pracidam
2453 2096 2735 2152 brachium
2794 2107 2977 2166 tuum,
3003 2107 3061 2155 et
3102 2098 3382 2155 brachium
3437 2101 3631 2157 domus

2052 2206 2071 2238 ι
2112 2188 2302 2257 patris,
2335 2197 2392 2243 ut
2428 2204 2536 2244 non
2587 2188 2658 2243 sit
2694 2204 2862 2245 senex
2893 2188 2947 2244 in
2978 2189 3137 2245 domo
3168 2197 3277 2244 tua.
3308 2189 3376 2245 Et
3422 2189 3632 2245 vi.lc‘i.is

2052 2296 2070 2329 ι
2111 2279 2365 2334 amulum
2396 2288 2547 2335 tuum
2594 2281 2651 2335 in
2699 2281 2898 2352 templo
2929 2281 2985 2337 in
3032 2282 3301 2339 universis
3353 2284 3631 2354 prosperis

2050 2386 2069 2419 ε
2114 2368 2300 2434 lsrael,
2349 2377 2408 2424 et
2434 2386 2543 2426 non
2577 2371 2681 2425 erit
2715 2385 2879 2426 senex
2925 2372 2978 2427 in
3034 2372 3194 2427 domo
3240 2378 3330 2427 tua
3379 2372 3630 2427 omnibus

2051 2478 2069 2511 ι
2111 2459 2321 2516 diebus.
2351 2460 2739 2517 Verumtamen
2784 2478 2893 2518 non
2936 2462 3177 2519 auferam
3206 2462 3421 2533 penitus
3450 2463 3626 2518 virum

2049 2568 2068 2602 ι
2110 2565 2176 2606 ex
2210 2558 2261 2605 te
2282 2551 2350 2607 ab
2378 2550 2540 2607 altari
2567 2567 2689 2608 meo
2721 2570 2734 2607 :
2766 2553 2860 2609 sed
2891 2561 2950 2608 ut
2975 2553 3229 2610 deﬁciant
3274 2554 3415 2610 oculi
3444 2555 3542 2621 tui,
3574 2563 3629 2610 et

2048 2659 2067 2693 ι
2114 2642 2358 2698 tabescat
2391 2643 2580 2698 anima
2615 2651 2705 2698 tua
2738 2663 2751 2699 :
2787 2653 2843 2700 et
2882 2660 3010 2716 pars
3060 2660 3255 2717 magna
3282 2645 3472 2701 domus
3522 2654 3627 2701 tua

2048 2750 2065 2783 ι
2110 2733 2392 2798 morietur,
2423 2747 2547 2788 cum
2593 2734 2661 2789 ad
2702 2733 2912 2790 virilem
2962 2744 3181 2791 atatem
3234 2736 3463 2792 venerit.
3509 2734 3625 2793 Hoc

2046 2838 2067 2872 ι
2109 2828 2290 2875 autem
2314 2821 2418 2876 erit
2443 2822 2539 2877 tibi
2570 2822 2782 2894 signum
2812 2825 2955 2894 quod
2979 2832 3270 2881 venturum
3309 2834 3394 2882 est
3418 2824 3624 2882 duobus
3719 2840 3725 2847 '

2046 2928 2064 2960 ι
2114 2909 2237 2965 ﬁliis
2268 2911 2398 2976 tuis,
2425 2910 2604 2981 Ophni
2634 2921 2687 2968 et
2720 2911 2953 2970 Phineas
2985 2933 2998 2969 :
3031 2914 3084 2969 in
3115 2915 3202 2970 die
3233 2931 3343 2971 uno
3384 2916 3621 2971 morien-

2044 3020 2069 3054 ι
2109 3013 2195 3057 tur
2240 3003 2421 3069 ambo,
2467 3024 2487 3057 ι
2529 3014 2637 3060 etc.
2677 3025 2696 3057 ι
2742 3006 2905 3072 Ecce,
2950 3026 2969 3060 ι
3014 3008 3233 3078 inquit,
3287 3027 3307 3062 ι
3369 3010 3485 3067 dies
3535 3025 3625 3066 vc-

2041 3093 2216 3160 niuut,
2248 3102 2303 3149 ct
2326 3094 2616 3164 pracidam
2640 3097 2919 3152 brachium
2944 3107 3118 3165 tuum,
3145 3108 3202 3155 et
3224 3100 3505 3156 brachium
3530 3101 3622 3156 do-

354 3190 453 3261 qui
480 3188 767 3258 utriusque
802 3195 987 3258 typum
1020 3194 1222 3241 tenent.
1277 3186 1600 3242 Sacerdotes
1634 3186 1800 3258 igitur
1845 3161 1940 3257 qui
1965 3161 2011 3224 C
2042 3197 2163 3238 mus
2187 3161 2356 3252 patris
2383 3183 2481 3237 tui.
2527 3203 2545 3237 ι
2589 3184 2692 3239 Per
2714 3186 2998 3240 brachium
3032 3161 3345 3259 dignitatem
3375 3197 3431 3244 et
3454 3190 3621 3245 robur

354 3280 675 3337 custodiunt
700 3293 763 3334 os
806 3293 962 3332 suum
989 3286 1046 3332 et
1084 3284 1432 3348 compescunt
1459 3291 1490 3330 a
1519 3276 1662 3332 malo
1689 3284 1744 3331 et
1772 3293 1940 3347 pravo

354 3373 598 3442 eloquio,
647 3370 947 3427 secundum
992 3368 1331 3439 Apostolum,
1354 3370 1523 3439 quod
1553 3370 1731 3426 omnis
1761 3386 1941 3426 sermo

354 3466 539 3521 malus
582 3479 648 3519 ex
678 3478 773 3518 ore
809 3477 1002 3518 eorum
1049 3477 1155 3517 non
1207 3462 1466 3532 procedat
1508 3460 1723 3533 (Epltes.
1754 3462 1853 3534 iv),
1883 3464 1939 3520 lii

353 3556 580 3610 Phinea
607 3553 718 3609 ﬁlio
754 3552 997 3608 Eleazari
1043 3559 1445 3622 comparantur.
1494 3550 1576 3605 llli
1622 3560 1803 3606 autem
1845 3553 1939 3623 qui

352 3650 668 3703 obturatum
688 3662 751 3703 os
781 3646 1001 3711 habent,
1031 3644 1144 3699 sive
1172 3643 1460 3713 imperitia,
1492 3644 1607 3699 sive
1635 3644 1789 3709 vitio,
1822 3645 1937 3700 sive

353 3737 694 3795 conscientia
748 3744 1114 3806 peccatorum,
1145 3742 1206 3788 ut
1245 3734 1509 3803 proximis
1553 3734 1667 3789 suis
1711 3738 1938 3790 verbum

354 3836 553 3891 salutis
613 3834 716 3888 rite
764 3847 874 3886 non
931 3828 1286 3899 impendant,
1339 3828 1444 3899 ipsi
1497 3826 1760 3893 Phinea,
1828 3829 1939 3887 ﬁlio

359 3927 503 3992 lleli,
541 3933 940 3994 comparantur.
965 3920 1121 3989 Quod
1157 3928 1341 3976 autem
1370 3920 1620 3988 sequitur
1657 3920 1713 3975 in
1757 3921 1939 3977 verbis

360 4017 475 4070 lleli
504 4033 520 4069 :

433 4124 455 4157 ι
490 4104 550 4160 Si
578 4103 884 4174 peccaverit
903 4102 988 4158 vir
1018 4100 1071 4155 in
1095 4100 1289 4165 virum,
1316 4098 1522 4170 placari
1547 4098 1747 4169 poterit
1773 4099 1934 4154 Deus.

356 4196 419 4252 Si
455 4197 512 4250 in
549 4195 778 4251 Domino
819 4192 1125 4263 peccaverit
1171 4191 1276 4257 vir,
1298 4193 1421 4261 quis
1441 4190 1622 4246 orabit
1643 4205 1742 4262 pro
1770 4190 1871 4245 eo?
1914 4208 1932 4241 ›

356 4286 476 4340 Non
503 4285 671 4355 igitur
701 4298 767 4339 eo
790 4282 948 4338 modo
977 4280 1032 4335 in
1075 4280 1251 4334 virum
1294 4295 1402 4350 quo
1451 4279 1507 4334 in
1531 4279 1700 4335 Deum
1744 4293 1937 4349 pecca-

357 4388 468 4441 tur,
500 4376 627 4445 quia
650 4376 705 4430 in
745 4377 918 4429 virum
948 4388 1194 4443 peccare,
1237 4380 1515 4441 peccatum
1567 4371 1941 4442 qualecunque

356 4477 465 4530 est,
495 4475 684 4521 contra
705 4464 1008 4535 proximum
1046 4461 1271 4527 factum,
1311 4461 1548 4531 levisque
1579 4469 1663 4517 est
1690 4461 1807 4532 ejus
1852 4476 1937 4516 re-

358 4560 568 4615 missio.
588 4557 650 4611 ln
674 4544 846 4611 Deum
870 4569 1000 4610 vero
1023 4566 1274 4624 peccare,
1303 4552 1358 4608 id
1384 4562 1491 4617 est,
1530 4552 1599 4607 ab
1640 4553 1759 4624 ejus
1784 4552 1934 4609 cultu

358 4647 635 4711 recedere,
667 4644 957 4716 impietatis
981 4654 1261 4715 peccatum
1287 4651 1393 4709 est,
1416 4641 1786 4713 diﬁiciliorque
1819 4644 1937 4715 ejus

360 4740 631 4796 remissio.
659 4738 729 4793 Et
765 4738 1025 4807 quoniam
1064 4751 1191 4800 cum
1242 4736 1299 4790 in
1325 4735 1501 4789 virum
1552 4735 1672 4804 quis
1725 4743 1935 4806 peccat,

359 4832 577 4901 placato
621 4827 725 4884 sibi
784 4826 904 4881 viro
952 4825 1086 4881 facit
1132 4826 1300 4881 Deum
1355 4824 1456 4880 sibi
1498 4823 1849 4894 placabilem;
1881 4824 1937 4878 in

362 4923 535 4977 Deum
576 4928 758 4973 autem
786 4931 909 4972 cum
941 4916 1063 4986 quis
1089 4924 1300 4986 peccat,
1329 4915 1452 4986 quis
1479 4916 1658 4972 orabit
1703 4931 1803 4986 pro
1840 4917 1939 4971 eo?

358 5011 442 5065 Ac
467 5009 516 5065 si
543 5008 757 5063 dicatur
786 5022 802 5059 :
828 5004 934 5061 Per
971 5019 1130 5074 quem
1159 5003 1262 5059 sibi
1290 5002 1481 5069 Deum,
1507 5003 1561 5058 in
1611 5019 1771 5074 quem
1815 5020 1939 5075 pec-

360 5101 539 5165 cavit,
591 5098 880 5168 propitium
930 5094 1111 5152 facere
1168 5094 1401 5165 poterit?
1448 5092 1653 5149 Tamen
1704 5109 1810 5149 non
1864 5095 1938 5149 ita

362 5190 772 5262 intelligendum
784 5196 887 5255 est,
908 5187 1052 5258 quod
1077 5186 1224 5241 nulla
1250 5186 1407 5240 venia
1449 5185 1715 5255 speranda
1758 5185 1829 5240 sit
1856 5185 1941 5240 his

362 5282 458 5354 qui
477 5282 534 5336 in
557 5279 739 5335 divino
756 5276 931 5332 cilicio
950 5276 1154 5345 aliquid
1176 5274 1521 5345 deliquerint,
1547 5273 1759 5329 etiamsi
1782 5275 1939 5345 digne

359 5370 737 5446 paenitentiam
763 5376 974 5440 gerant,
1001 5365 1097 5422 sed
1148 5366 1293 5437 quod
1331 5364 1597 5422 dillicilior
1638 5367 1711 5422 sit
1746 5367 1936 5434 venia,

361 5474 421 5520 et
473 5460 647 5530 major
706 5460 911 5531 agenda
960 5458 1277 5528 panitentia
1334 5458 1460 5525 his,
1516 5458 1610 5527 qui
1664 5458 1719 5513 iu
1780 5457 1940 5514 rebus

366 5556 476 5611 Deo
513 5553 744 5611 sacratis
790 5552 1130 5616 oﬁ'enderint,
1183 5566 1346 5620 quam
1381 5552 1427 5606 si
1474 5552 1597 5622 quis
1635 5551 1940 5621 proximum

365 5664 522 5702 suum
551 5648 607 5702 in
634 5634 821 5710 verbo,
867 5645 949 5700 vel
996 5644 1051 5699 in
1097 5643 1241 5699 facto
1290 5644 1490 5713 aliquid
1539 5643 1757 5698 laeserit.
1806 5643 1949 5711 Quia

368 5743 570 5804 quanto
591 5733 759 5802 major
779 5734 966 5804 gloria,
993 5740 1143 5788 tanto
1173 5734 1387 5804 gravior
1425 5732 1482 5787 ﬁt
1512 5732 1734 5788 oﬁ'ensa.

2040 3274 2237 3329 summi
2266 3275 2521 3345 exprimit
2566 3276 2878 3332 sacerdotii.
2920 3296 2938 3329 ι
2973 3275 3044 3334 Ut
3081 3294 3188 3332 non
3225 3279 3316 3346 sit,
3352 3297 3375 3333 ›
3422 3279 3618 3350 inquit,

2046 3383 2067 3416 ι
2110 3380 2277 3421 senex
2332 3368 2387 3422 in
2442 3366 2602 3424 domo
2657 3377 2767 3424 tua.
2817 3389 2836 3421 ›
2879 3369 2985 3425 Per
3036 3385 3221 3426 senem
3284 3373 3619 3428 sacerdotem

2039 3470 2293 3525 magnum
2337 3458 2595 3512 ostendit.
2634 3478 2661 3525 ι,
2697 3458 2763 3513 Et
2816 3458 3021 3515 videbis
3054 3458 3303 3516 amulum
3355 3469 3507 3517 tuum
3568 3461 3620 3517 in

2040 3546 2237 3618 templo
2289 3548 2344 3602 in
2408 3548 2674 3605 universis
2721 3550 2996 3620 prosperis
3050 3549 3238 3607 lsrael.
3297 3569 3316 3605 ι
3370 3550 3621 3608 ᾹΞιηιιΙιιδ

2039 3639 2231 3694 domus
2258 3638 2375 3694 lleli
2422 3638 2598 3696 Sadoc
2655 3643 2909 3698 sacerdos
2961 3642 3349 3713 exstitit,‘qui,
3404 3641 3617 3713 ahjecto

2040 3730 2320 3797 Abiathar,
2366 3746 2397 3785 a
2426 3729 2715 3787 Salomone
2756 3733 3119 3789 sacerdotium
3166 3734 3424 3806 suscepit,
3479 3734 3622 3791 sicut

2039 3820 2094 3874 in
2148 3819 2431 3877 Malachim
2482 3821 2678 3893 legitur
2724 3822 2844 3896 (ΙΙΙ
2891 3822 3019 3895 Reg.
3064 3823 3171 3898 ti):
3216 3842 3236 3878 ι
3279 3824 3620 3896 Projccitquc

2041 3910 2294 3968 Salomon
2344 3912 2640 3981 Abiathar,
2685 3932 2753 3970 ne
2805 3925 2948 3972 esset
2990 3919 3244 3974 sacerdos
3291 3917 3524 3984 Domini,
3560 3925 3620 3973 ut

2042 4002 2356 4072 impleretur
2385 4004 2610 4060 verbum
2657 4004 2871 4060 Domini
2920 4005 3063 4076 quod
3100 4005 3312 4062 locutus
3345 4014 3431 4065 est
3458 4020 3619 4077 super

2040 4092 2257 4147 domum
2288 4091 2425 4147 Heli.
2454 4112 2472 4146 ι
2513 4111 2531 4144 ι
2564 4091 2950 4150 Verumtamen
2996 4110 3104 4150 non
3129 4094 3372 4152 auferam
3402 4096 3618 4167 penitus

2046 4203 2064 4233 ι
2109 4185 2284 4237 virum
2314 4199 2380 4237 ex
2412 4194 2464 4240 te
2499 4185 2567 4240 ab
2593 4184 2752 4240 altari
2773 4200 2937 4253 meo,
2958 4194 3017 4240 ut
3038 4185 3293 4242 deﬁciant
3326 4187 3469 4243 oculi
3515 4187 3613 4253 tui,

2046 4293 2064 4325 ι
2109 4281 2165 4329 ct
2214 4275 2456 4329 tabescat
2494 4276 2675 4331 anima
2719 4284 2831 4330 tua.
2867 4295 2886 4329 s
2926 4275 3049 4331 ideo
3097 4276 3356 4333 Dominus
3400 4293 3459 4334 se
3508 4293 3615 4333 non

2038 4365 2254 4434 penitus
2301 4365 2623 4423 ablaturum.
2662 4382 2729 4422 ex
2782 4365 2943 4422 domo
2970 4366 3086 4422 Heli
3116 4367 3290 4422 virum
3345 4366 3415 4423 ab
3458 4368 3613 4423 altari

2041 4470 2141 4511 suo
2173 4456 2321 4521 dicit,
2355 4465 2416 4515 ut
2443 4472 2658 4528 semper
2683 4458 2750 4513 de
2790 4457 2949 4513 domo
2992 4457 3110 4514 Heli
3162 4466 3307 4514 esset
3351 4458 3408 4514 in
3458 4459 3616 4515 domo

2044 4547 2256 4603 Domini
2309 4548 2393 4604 vir
2442 4549 2534 4619 qui
2588 4549 2643 4604 in
2709 4550 3025 4622 dignitatem
3095 4551 3388 4608 sacerdotii
3450 4552 3613 4607 alium

2045 4639 2396 4694 substitutum
2464 4639 2716 4705 videret,
2762 4648 2819 4696 et
2866 4654 2924 4695 se
2951 4641 3139 4697 eadem
3185 4642 3446 4714 dignitate
3499 4643 3616 4714 pri-

2045 4736 2232 4783 vatum
2267 4728 2472 4796 videns,
2502 4728 2645 4784 oculi
2682 4728 2800 4799 ejus
2827 4729 3203 4787 deﬁcerentet
3240 4732 3420 4788 anima
3467 4733 3617 4789 tabc—

2044 4826 2240 4872 sceret.

2117 4909 2226 4982 (Ea:
2270 4908 2609 4982 Augustino)
2664 4909 2886 4983 Mystice
2947 4920 3126 4968 autem
3174 4913 3289 4969 hac
3331 4912 3613 4983 prophetia

2046 5004 2112 5057 de
2145 5003 2443 5059 mutatione
2492 5002 2780 5059 sacerdotii
2810 5018 2917 5058 non
2944 5012 3030 5059 est
3074 5004 3130 5058 in
3177 5002 3429 5059 Samuele
3470 5018 3619 5060 com-

2045 5092 2210 5162 pleta,
2244 5093 2338 5147 sed
2358 5092 2414 5147 in
2436 5092 2663 5147 Domino
2687 5091 2813 5148 Iesu
2856 5091 3073 5149 Christo
3098 5094 3305 5150 exstitit
3325 5094 3615 5149 adumbra-

2050 5191 2122 5236 ta.
2155 5180 2287 5235 Nam
2318 5189 2439 5250 post
2469 5178 2772 5237 Samuelem
2799 5182 3115 5253 prophetam
3141 5190 3329 5254 postea
3368 5183 3619 5239 sacerdo-

2045 5282 2126 5328 tes
2147 5273 2439 5329 fueruntde
2459 5288 2656 5344 genere
2679 5266 2880 5341 Aaron,
2905 5275 3047 5330 sicut
3068 5273 3241 5331 Sadoc
3258 5283 3313 5330 et
3335 5274 3614 5339 Abiathar,

2042 5373 2301 5434 regnante
2332 5363 2531 5428 David;
2564 5371 2618 5417 et
2646 5363 2737 5419 alii
2785 5364 3060 5435 deinceps,
3090 5374 3377 5438 antequam
3406 5374 3617 5436 tempus

2043 5455 2252 5511 veniret
2281 5470 2388 5524 quo
2418 5454 2520 5509 ista
2545 5470 2664 5526 qua
2690 5454 2758 5511 de
2806 5456 3113 5512 sacerdotio
3154 5457 3413 5512 mutando
3463 5462 3613 5510 tanto

2045 5555 2172 5602 ante
2199 5546 2457 5617 praedicta
2488 5552 2637 5611 sunt,
2663 5561 2761 5616 per
2805 5545 3081 5603 Christum
3132 5546 3269 5603 eﬁici
3310 5545 3613 5617 oportebat.

2045 5637 2184 5692 Nam
2215 5652 2344 5691 eum
2364 5636 2598 5692 diceret:
2621 5657 2638 5687 ‹
2670 5636 2918 5708 Loquens
2937 5638 3149 5694 locutus
3174 5654 3312 5704 sum,
3339 5646 3399 5693 ut
3424 5637 3617 5692 domus

2049 5741 2162 5796 tua,
2191 5736 2244 5783 et
2269 5726 2459 5782 domus
2499 5728 2670 5797 patris
2698 5728 2774 5783 tui
2834 5730 3169 5785 ministraret
3221 5729 3272 5782 iu
3324 5737 3613 5798 conspectu
