4026 6202
349 379 417 435 ίδ
1001 375 1059 427 Β.
1104 373 1354 427 ΗΑΒΑΝΙ
1394 373 1606 428 ΜΑΕΙὶΙ
1644 371 1929 428 ΑΒΕΗΙΕΡ

2028 373 2308 429 ηιοςυιςτ.
2351 375 2632 431 omnem
2669 377 2846 433 ms
2883 379 2924 433 ι.
3521 387 3589 453 ει

349 510 468 546 meo
488 505 658 560 usque
680 491 732 544 iu
776 490 1181 558 Sempiteruunt.
1216 485 1366 540 Nunc
1417 495 1594 540 autem
1643 486 1771 541 dicit
1817 486 1917 538 Do-
1945 492 1993 548 Α
2021 488 2177 541 nibus
2231 489 2481 543 conscius
2533 505 2876 555 arcanorum,
2910 493 3064 562 juxta
3101 496 3248 564 quod
3288 498 3352 552 de
3382 515 3440 552 se
3478 501 3590 569 ipse

350 584 565 638 minus:
604 581 756 637 Absit
800 581 903 635 hoc
950 596 980 634 a
1026 594 1131 634 me.
1165 578 1270 632 Sed
1305 578 1607 647 quicunque
1651 577 1916 647 gloriﬁca-

351 675 486 728 verit
507 689 610 737 me,
661 671 974 742 gloriﬁcabo
1009 685 1162 734 eum;
1211 669 1301 738 qui
1333 676 1514 722 autem
1569 676 1920 722 contemnunt

349 780 454 829 me,
483 772 642 818 erunt
690 762 966 830 ignobiles.
996 760 1132 813 Ecce
1180 758 1294 813 dies
1349 759 1591 822 veniunt,
1641 758 1772 812 dicit
1817 758 1920 811 Do-

352 857 546 910 minus.
586 873 604 906 ›
644 854 782 908 Ecce
814 852 902 905 isti
951 861 1078 906 sunt
1128 850 1242 904 dies
1267 849 1359 919 qui
1399 849 1727 919 pronuntiati
1771 857 1915 902 sunt.

348 946 464 1000 Jam
510 946 652 1001 enim
701 944 880 997 nullus
930 943 1182 997 sacerdos
1227 950 1308 995 est
1337 941 1630 995 secundum
1667 927 1919 993 ordinem

347 1037 548 1090 Aaron.
575 1033 725 1101 Quod
748 1033 888 1087 enim
913 1033 1154 1087 nominat
1192 1032 1409 1086 domum
1437 1031 1606 1100 patris
1648 1029 1784 1098 ejus,
1813 1044 1920 1084 non

350 1141 470 1180 cum
500 1123 568 1180 de
589 1125 836 1193 proximo
861 1131 1016 1194 patre
1040 1123 1242 1186 dicere,
1273 1122 1364 1176 sed
1394 1122 1458 1176 de
1481 1102 1568 1175 illo
1595 1121 1774 1175 Aaron
1829 1121 1923 1190 qui

349 1217 552 1284 primus
590 1214 841 1268 sacerdos
878 1223 960 1267 est
1012 1212 1310 1276 institutus,
1350 1211 1418 1265 de
1471 1209 1623 1278 cujus
1668 1212 1921 1281 progenie

347 1311 522 1363 caeteri
550 1312 929 1377 sequerentur,
963 1307 1239 1377 superiora
1265 1306 1655 1368 demonstrant,
1688 1305 1774 1358 ubi
1813 1306 1918 1359 ait:

351 1415 370 1448 ο
413 1397 706 1452 Revelatus
733 1413 852 1451 sum
879 1397 945 1451 ad
974 1397 1188 1452 domum
1237 1395 1404 1465 patris
1433 1395 1532 1458 tui,
1572 1410 1692 1448 cum
1738 1404 1924 1449 essent

347 1491 400 1543 in
435 1498 577 1545 terra
622 1485 844 1560 Egypti
873 1489 1012 1543 servi
1059 1489 1111 1543 In
1153 1489 1311 1544 domo
1342 1489 1674 1542 Pharaonis:
1705 1497 1760 1542 et
1785 1489 1920 1556 elegi

347 1585 563 1636 domum
605 1581 774 1650 patris
809 1581 884 1635 tui
911 1596 976 1634 ex
1019 1579 1268 1638 omnibus
1317 1578 1541 1648 sceptris
1595 1578 1760 1634 Israel
1790 1578 1924 1632 mihi

347 1671 650 1725 sacerdotio
695 1669 863 1739 fungi.
912 1689 931 1722 ι
977 1668 1107 1736 Quis
1149 1677 1360 1738 patrum
1410 1667 1512 1722 fuit
1538 1667 1696 1736 hujus
1737 1668 1789 1721 in
1832 1667 1920 1728 illa

353 1759 567 1830 κείω)ιί
623 1759 903 1824 servitute,
939 1759 1080 1812 unde
1119 1773 1240 1812 cum
1271 1757 1480 1812 liberati
1507 1766 1690 1812 essent
1717 1758 1922 1812 electus

2023 580 2305 635 manifesm
2327 590 2551 635 testatur
2567 583 2748 637 dicens
2779 603 2790 636 :
2827 603 2845 634 ι
2874 585 2939 638 Et
2967 601 2995 639 a
3022 601 3107 642 me
3130 588 3246 657 ipso
3273 589 3411 645 facio
3436 594 3591 658 nihil,

2021 669 2114 723 sed
2147 671 2286 725 sicut
2331 670 2514 726 docuit
2560 686 2646 727 me
2685 673 2864 738 Pater,
2895 676 3010 730 hmo
3041 676 3246 746 loquor,
3280 689 3334 734 et
3367 682 3459 751 qui
3508 699 3594 738 me

2022 762 2172 816 misit
2211 778 2418 817 mecum
2458 773 2560 829 est,
2600 779 2703 818 non
2748 766 2965 836 reliquit
2993 784 3078 822 me
3108 771 3303 834 solum,
3327 772 3451 840 quia
3492 789 3595 843 ego

2021 867 2140 919 qua:
2168 853 2362 922 placita
2387 863 2512 907 sunt
2541 855 2590 908 ei
2619 853 2759 909 facio
2787 871 3002 926 semper
3033 856 3214 926 (Joan.
3259 861 3398 930 vni).
3437 882 3454 913 ι
3495 863 3592 918 Cui

2021 942 2238 994 domum
2270 943 2477 997 ﬁdelem
2508 944 2740 998 aediﬁcat
2767 944 2944 1000 Pater.
2981 965 3000 997 ι
3036 947 3165 1014 Quae
3193 949 3380 1003 domus
3409 966 3598 1006 sumus

2022 1046 2118 1085 nos
2138 1071 2152 1095 ,
2184 1033 2228 1086 si
2260 1031 2512 1087 ﬁduciam
2540 1043 2592 1088 et
2621 1034 2846 1099 gloriam
2878 1036 2991 1106 spei
3023 1051 3191 1105 usque
3220 1038 3270 1092 in
3312 1039 3470 1093 ﬁnem
3506 1041 3596 1094 ﬁr-

2023 1137 2165 1174 mam
2212 1123 2542 1177 retineamus
2591 1123 2776 1196 (Hebr.
2810 1123 2913 1196 ιιι).
2953 1145 2972 1177 ι
3005 1126 3252 1194 Alioquin
3280 1168 3294 1191 ,
3326 1131 3596 1196 quomodo

2023 1212 2087 1264 de
2115 1209 2364 1263 Samuele
2390 1221 2562 1280 potest
2585 1211 2754 1280 accipi
2784 1213 2924 1280 quod
2946 1213 3210 1268 mdiﬁcata
3234 1216 3305 1268 sit
3325 1216 3374 1269 ei
3404 1217 3596 1270 domus

2024 1299 2216 1362 ﬁdelis,
2255 1315 2374 1369 quae
2404 1316 2585 1358 coram
2617 1301 2830 1356 Christo
2860 1303 3088 1368 Domini,
3123 1306 3175 1358 id
3216 1314 3316 1369 est,
3345 1307 3461 1374 ipso
3498 1307 3597 1362 Sa—

2023 1393 2232 1458 muele,
2261 1394 2471 1447 cunctis
2518 1393 2706 1448 diebus
2752 1394 3050 1460 incederet,
3080 1412 3200 1450 cum
3254 1397 3496 1465 legamus
3543 1399 3595 1450 in

2023 1490 2372 1558 sequentibus
2404 1490 2544 1558 quod
2572 1489 2664 1543 ﬁlii
2695 1489 2840 1543 illius
2863 1491 3037 1544 aversi
3065 1491 3130 1545 de
3171 1491 3272 1549 viis
3314 1491 3431 1560 ejus
3475 1500 3598 1561 post

2024 1580 2308 1634 avaritiam
2355 1579 2763 1643 declinaverint,
2795 1590 2850 1634 et
2894 1581 3254 1649 perverterint
3292 1579 3598 1648 judicium?

2025 1672 2129 1727 nisi
2162 1671 2301 1726 forte
2330 1672 2542 1726 domum
2572 1673 2688 1742 ejus
2718 1672 2820 1726 hoc
2854 1671 3211 1741 loco-plebem
3247 1674 3604 1748 Israeliticam.

2026 1762 2412 1832 intelligamus,
2465 1762 2590 1831 quia
2640 1761 2851 1816 cunctis
2909 1761 3099 1816 diebus
3148 1762 3431 1816 sacerdotii
3482 1760 3601 1828 ejus

348 1860 429 1903 est
460 1851 526 1903 ad
546 1848 926 1912 sacerdotium,
955 1848 1057 1902 nisi
1083 1848 1297 1902 Aaron?
1323 1847 1398 1904 De
1415 1845 1578 1916 hujus
1600 1863 1728 1919 ergo
1755 1848 1922 1916 stirpe
1952 1838 1996 1894 Β
2025 1851 2252 1907 Domino
2281 1851 2549 1912 servierit.
2581 1852 2647 1906 de
2672 1867 2778 1920 quo
2807 1851 3066 1920 scriptum
3089 1859 3174 1906 est
3202 1867 3215 1904 :
3255 1869 3273 1900 ι
3296 1851 3361 1904 Et
3381 1851 3592 1918 requie-

349 1942 451 1995 isto
477 1940 594 1994 loco
624 1939 759 1994 dixit
786 1937 1027 1993 futurum
1058 1937 1224 1994 fuisse
1262 1948 1321 1993 ut
1357 1955 1462 1995 non
1485 1949 1667 1994 essent
1693 1939 1922 1992 ulterius

349 2032 678 2098 sacerdotes,
707 2032 849 2103 quod
869 2031 984 2100 jam
1011 2032 1256 2087 videmus
1282 2031 1580 2101 impletum.
1611 2030 1798 2086 Nullus
1831 2046 1920 2085 sa-

348 2123 536 2176 cerdos
561 2130 643 2176 est
681 2122 975 2176 secundum
1003 2122 1248 2176 ordinem
1277 2123 1477 2176 Aaron.
1515 2119 1583 2175 Et
1618 2121 1922 2196 quicunque

347 2230 412 2266 ex
441 2213 554 2280 ejus
586 2223 780 2284 genere
807 2223 891 2268 est
915 2213 1100 2279 homo,
1121 2227 1243 2268 cum
1262 2213 1406 2267 videt
1430 2212 1752 2268 sacriﬁcium
1772 2211 1924 2267 Chri-

349 2304 645 2357 stianorum
692 2311 806 2357 toto
855 2305 986 2358 orbe
1017 2304 1236 2373 pollere,
1281 2303 1383 2358 sibi
1438 2312 1618 2357 autem
1663 2304 1920 2359 honorem

351 2395 495 2447 illum
526 2411 776 2465 magnum
803 2411 921 2455 esse
937 2398 1308 2459 Subtractum,
1333 2396 1590 2450 deﬁciunt
1616 2396 1753 2450 oculi
1781 2395 1916 2464 ejus.

348 2493 402 2539 et
421 2484 605 2539 deﬂuit
629 2485 808 2538 anima
830 2485 948 2554 ejus
970 2500 1080 2554 pra:
1100 2485 1377 2539 nimietate
1404 2485 1671 2542 mwroris.
1700 2485 1923 2554 Proprie

349 2583 528 2628 autem
577 2575 644 2628 ad
688 2577 847 2645 hujus
888 2575 1108 2629 domum
1147 2575 1284 2639 lleli,
1313 2576 1400 2630 cui
1443 2577 1558 2630 haec
1585 2577 1920 2640 dicebantur,

349 2665 491 2734 quod
521 2666 766 2735 sequitur
795 2667 1065 2736 pertinet:
1113 2685 1132 2716 ι
1177 2666 1245 2724 Et
1294 2667 1470 2722 omnis
1513 2667 1603 2736 qui
1655 2669 1925 2736 supererit
1969 2671 1974 2674 ’

353 2759 532 2812 domui
562 2765 666 2813 tute
712 2758 924 2813 decidet
974 2759 1027 2812 in
1077 2759 1253 2829 gladio
1295 2761 1556 2817 virorum.
1585 2759 1651 2814 Et
1675 2761 1778 2814 hoc
1827 2759 1924 2816 tibi

353 2853 584 2921 signum,
615 2853 758 2923 quod
781 2862 1068 2908 venturum
1089 2861 1174 2907 est
1200 2852 1406 2908 duobus
1430 2852 1554 2907 ﬁliis
1584 2853 1709 2917 tuis,
1747 2852 1922 2923 Ophni

353 2953 406 2995 (ι
452 2942 682 2999 l’hinees
735 2941 821 2999 die
875 2957 983 2998 uno
1022 2943 1322 2998 morientur
1358 2944 1537 2999 ambo.
1585 2964 1604 2996 ι
1647 2943 1759 2999 Hoc
1797 2959 1924 3014 ergo

353 3037 563 3104 signum
622 3035 822 3096 factum
877 3045 960 3090 est
1014 3037 1252 3094 mumndi
1307 3037 1595 3092 sacerdotii
1653 3038 1719 3092 de
1765 3039 1924 3093 domo

357 3119 681 3195 lnijuszquo
728 3125 880 3197 signo
915 3125 1271 3198 signiﬁcatum
1331 3134 1414 3179 est
1461 3127 1774 3181 mutandum
1837 3144 1925 3182 sa-

351 3215 654 3273 cerdotium
673 3217 864 3274 domus
893 3217 1092 3272 Aaron.
1119 3217 1263 3270 Mors
1289 3218 1484 3286 quippe
1508 3216 1736 3271 ﬁliorum
1759 3219 1924 3289 signi-

357 3307 536 3360 ﬁcavit
566 3315 816 3372 mortem,
846 3311 952 3362 non
985 3306 1283 3371 hemitium,
1308 3306 1402 3360 sed
1441 3306 1609 3376 ipsius
1638 3307 1922 3362 sacerdotii

357 3399 423 3452 de
479 3396 604 3452 ﬁliis
657 3396 861 3455 Aaron.
910 3393 1063 3464 Quod
1119 3403 1298 3451 autem
1354 3399 1599 3467 sequitur
1649 3398 1716 3452 ad
1772 3398 1924 3452 illum

349 3487 462 3555 jam
490 3489 720 3556 pertinet
756 3489 1085 3542 sacerdotem
1131 3487 1284 3562 cujus
1320 3487 1548 3558 figuram
1585 3488 1751 3560 gessit
1800 3489 1928 3542 huic

358 3577 694 3632 succedendo
750 3567 987 3631 Samuel.
1027 3571 1258 3630 Proinde
1317 3591 1434 3645 qute
1490 3586 1814 3645 sequuntur,
1861 3576 1927 3630 de

356 3663 573 3720 Christo
638 3665 798 3732 lese,
847 3664 978 3722 Novi
1031 3658 1359 3722 TcStamenti
1421 3681 1549 3722 vero
1605 3667 1935 3732 sacerdote,

363 3759 614 3812 dicuntur
652 3778 664 3812 :

435 3866 454 3900 ι
493 3849 559 3902 Et
586 3837 861 3911 suscitabo
885 3848 1016 3903 mihi
1041 3850 1374 3903 sacerdotem
1401 3848 1612 3903 ﬁdelem
1635 3850 1726 3918 qui
1749 3851 1928 3902 omnia

369 3961 385 3990 ι
432 3949 550 4011 quin
576 3941 627 3997 in
659 3939 819 3996 corde
850 3957 969 3995 meo
1003 3949 1058 3998 et
1082 3957 1200 4010 qua!
1227 3942 1280 3995 in
1310 3941 1489 4016 anima
1519 3955 1636 3994 mea
1669 3941 1852 4004 faciat,
1876 3947 1932 3994 et

369 4054 385 4086 ι
431 4035 708 4090 aediﬁcabo
733 4035 780 4089 ei
804 4034 1019 4088 domum
1051 4033 1280 4087 ﬁdelem.
1319 4054 1336 4084 ι
1371 4033 1484 4100 Ipsa
1511 4041 1711 4086 acterna
1742 4039 1798 4084 et
1845 4047 1934 4092 su-

364 4143 529 4196 perna
561 4135 642 4181 est
674 4124 992 4182 Jerusalem.
1041 4145 1058 4176 ι
1105 4126 1171 4180 Et
1199 4124 1485 4188 transibit,
1524 4124 1721 4192 inquit,
1749 4137 1933 4178 coram

371 4237 386 4266 α
434 4218 649 4271 Christo
670 4232 788 4270 meo
809 4218 1058 4271 omnibus
1078 4217 1285 4272 diebus.
1322 4236 1340 4268 ι
1368 4233 1384 4265 ι
1406 4215 1700 4280 Transibit,
1732 4235 1749 4266 ι
1779 4214 1929 4278 dixit,

363 4307 812 4372 eonversabitur,
869 4308 1006 4362 sicut
1069 4309 1314 4382 Superius
1379 4308 1586 4362 dixerat
1647 4310 1711 4364 de
1777 4308 1936 4361 domo

366 4402 542 4451 Aaron
569 4416 580 4450 :
607 4417 625 4450 ι
663 4397 1011 4462 Dixi,domus
1041 4407 1130 4451 tua
1160 4405 1214 4452 et
1248 4400 1438 4453 demus
1456 4400 1626 4468 patris
1657 4398 1730 4451 tui
1762 4405 1936 4450 trans-

2024 1944 2098 1997 vit
2133 1943 2308 1997 omnis
2329 1943 2518 1997 domus
2535 1942 2697 1997 Israel
2726 1951 2844 2012 post
2866 1941 3150 1996 Dominum
3179 1940 3230 2014 (1
3251 1939 3378 2011 Reg.
3407 1941 3538 2012 vn);
3572 1960 3593 1993 ι

2022 2041 2077 2088 et
2111 2032 2268 2102 paulo
2303 2041 2426 2102 post
2460 2049 2472 2084 :
2514 2051 2532 2083 ‹
2567 2031 2922 2087 Abstulerunt
2963 2046 3094 2102 ergo
3125 2031 3216 2088 ﬁlii
3257 2030 3417 2086 Israel
3459 2032 3596 2086 Baa-

2021 2123 2133 2185 lim,
2160 2131 2214 2177 et
2244 2123 2593 2187 Astaroth,et
2620 2123 2928 2178 servierunt
2956 2122 3184 2177 Domino
3210 2121 3308 2176 soli
3331 2119 3540 2193 (Ibid).
3573 2143 3595 2173 ι
3641 2182 3660 2198 θ’

2025 2214 2179 2280 Quod
2216 2228 2344 2267 vero
2375 2213 2622 2267 subditur
2645 2231 2657 2265 :

2099 2321 2117 2352 ι
2155 2301 2414 2354 Futurum
2457 2309 2542 2354 est
2576 2309 2754 2354 autem
2802 2309 2860 2353 ut
2905 2299 3162 2369 quidquid
3195 2300 3515 2354 remanserit
3542 2300 3598 2357 in

2030 2413 2049 2445 ι
2096 2393 2254 2448 domo
2279 2401 2390 2458 tua,
2407 2394 2614 2457 veniat,
2638 2403 2698 2446 ut
2724 2401 2911 2450 oretur
2933 2405 3040 2462 pro
3053 2401 3206 2457 eo,et
3231 2391 3423 2446 offerat
3445 2407 3599 2446 num-

2025 2500 2169 2538 mum
2199 2493 2510 2552 argenteum
2545 2494 2601 2536 et
2645 2492 2840 2536 tortam
2885 2484 3056 2551 panis.
3101 2503 3119 2535 ι
3152 2482 3266 2537 Non
3295 2483 3509 2552 proprie
3535 2483 3603 2538 de

2025 2577 2185 2630 domo
2220 2577 2417 2629 dicitur
2457 2573 2616 2642 huius
2663 2574 2798 2637 Heli,
2823 2573 2915 2628 sed
2961 2573 3102 2628 illius
3143 2573 3343 2636 Aaron,
3376 2573 3443 2626 de
3491 2587 3599 2642 quo

2024 2681 2223 2738 genere
2250 2668 2411 2721 etiam
2437 2667 2712 2736 hucusque
2752 2682 2857 2720 non
2905 2666 3096 2720 desunt
3139 2665 3232 2734 qui
3280 2667 3500 2720 veniant
3545 2675 3600 2720 et

2025 2767 2430 2814 convertantur.
2456 2759 2530 2812 De
2552 2758 2747 2828 quibus
2777 2757 2912 2811 alius
2938 2757 3197 2826 propheta
3225 2757 3357 2810 dixit
3382 2775 3394 2809 :
3433 2775 3450 2807 ι
3488 2756 3596 2810 Re—

2025 2847 2204 2918 liquiae
2260 2848 2423 2902 salva:
2467 2847 2597 2902 ﬁent
2645 2841 2790 2918 (lea.
2838 2847 2978 2914 xvi).
3017 2865 3036 2898 ι
3077 2845 3228 2900 Unde
3260 2845 3593 2914 Apostolus:

2031 2957 2050 2988 ι
2097 2937 2189 2993 Sic
2216 2952 2365 3008 ergo,
2399 2937 2592 3007 inquit,
2622 2946 2678 2992 et
2728 2937 2781 2990 in
2819 2937 2921 2991 hoc
2971 2944 3209 3005 tempore
3255 2935 3496 3004 reliquia’:
3520 2949 3601 2988 se-

1967 3023 1980 3042 ‘
2026 3027 2259 3084 cundum
2274 3011 2605 3082 'electionem
2632 3027 2818 3096 gratiae
2852 3026 3014 3080 salvae
3046 3025 3202 3081 facta:
3234 3034 3359 3080 sunt
3405 3023 3596 3095 (Rom.

2026 3121 2142 3191 ιι).
2203 3141 2224 3173 ι
2265 3120 2338 3174 De
2371 3120 2566 3175 talibus
2611 3121 2752 3174 enim
2806 3119 3048 3188 reliquiis
3097 3120 3232 3173 bene
3287 3118 3600 3188 intelligitur

2027 3213 2168 3283 quod
2193 3213 2397 3267 dictum
2441 3217 2563 3267 est:
2603 3231 2622 3264 ι
2660 3212 2761 3278 Qui
2809 3211 3132 3265 remanserit
3178 3213 3230 3265 in
3276 3211 3436 3265 domo
3486 3219 3597 3272 tua,

2023 3303 2203 3357 veniet
2248 3313 2307 3357 ut
2347 3312 2534 3358 oretur
2580 3319 2677 3373 pro
2716 3318 2800 3356 eo.
2855 3321 2872 3355 ι
2919 3301 3166 3357 Profecto
3211 3303 3299 3370 qui
3339 3302 3514 3356 credit
3545 3302 3603 3356 in

2025 3394 2262 3459 Christo,
2291 3395 2430 3450 sicut
2461 3396 2788 3463 temporibus
2817 3396 3178 3464 apostolorum
3205 3410 3272 3449 ex
3300 3397 3414 3464 ipsa
3443 3404 3602 3465 gente

2024 3488 2240 3558 plurimi
2266 3498 2529 3542 venerunt
2553 3498 2606 3541 et
2631 3487 2992 3542 crediderunt.
3031 3487 3214 3558 Neque
3240 3505 3380 3542 nunc
3407 3489 3605 3544 desunt

2026 3579 2141 3648 qui,
2167 3579 2292 3632 licet
2323 3579 2606 3639 rarissimi,
2637 3587 2814 3631 tamen
2845 3579 3089 3642 credant,
3121 3588 3180 3632 ut
3225 3579 3512 3646 impleatur
3547 3581 3600 3633 in

2028 3671 2112 3726 his
2138 3671 2280 3740 quod
2311 3667 2398 3726 hic
2425 3671 2586 3724 homo
2616 3669 2712 3722 Dei
2753 3669 2962 3723 locutus
2989 3679 3091 3722 est.
3130 3667 3284 3734 Quod
3314 3683 3441 3721 vero
3469 3683 3602 3721 con-

2029 3760 2180 3814 tinuo
2209 3769 2425 3814 secutus
2451 3759 2690 3827 adiungit
2721 3776 2733 3811 :
2778 3777 2796 3808 ‹
2834 3757 3032 3812 Oll'eret
3075 3771 3354 3811 nummum
3403 3745 3602 3827 argen-

2022 3855 2193 3908 tcum,
2227 3853 2280 3898 et
2301 3851 2499 3898 tortam
2531 3845 2708 3913 panis,
2750 3861 2770 3892 ι
2797 3843 2924 3912 quid
2951 3856 3046 3911 per
3072 3857 3353 3896 nummum
3410 3857 3602 3908 argen-

2030 3946 2199 3999 tcum,
2232 3934 2334 3990 nisi
2365 3936 2478 3990 oris
2503 3935 2777 3989 confessio
2803 3933 3140 4006 designatur,
3193 3947 3313 4000 quae
3376 3929 3434 3982 lit
3487 3946 3606 3982 ere-

2033 4027 2287 4081 dentibus
2322 4027 2388 4078 ad
2415 4025 2689 4080 salutem?
2713 4027 3008 4092 Argentum
3039 4022 3184 4076 enim
3227 4037 3324 4090 pio
3383 4019 3608 4083 eloquio

2036 4119 2162 4190 poni
2200 4120 2359 4183 solet,
2391 4117 2674 4171 Psalmisla
2709 4128 2962 4178 testante,
3003 4116 3093 4168 ubi
3144 4126 3398 4168 catntur:
3436 4129 3454 4160 ι
3489 4111 3609 4165 blcr

2034 4217 2158 4286 quia
2189 4213 2420 4277 Domini,
2449 4211 2660 4280 eloquia
2693 4213 2871 4271 easta,
2901 4212 3181 4275 argentum
3233 4205 3353 4272 igne
3401 4199 3605 4255 exami-

2033 4317 2218 4360 natum
2247 4303 2417 4374 (ρεστ.
2448 4318 2498 4355 xt
2526 4301 2565 4369 ).
2615 4318 2632 4349 ›
2668 4297 2870 4352 Oderat
2898 4305 2951 4349 et
2975 4307 3167 4362 panem
3195 4292 3445 4346 sacriﬁcii
3472 4291 3607 4344 alta-

2035 4401 2134 4458 ris,
2161 4395 2383 4462 abjectis
2417 4390 2722 4446 carnalibus
2765 4387 3016 4458 legalium
3045 4384 3408 4445 victimarum,
3438 4383 3607 4436 dicat-

368 4493 522 4544 ibunt
565 4506 748 4545 coram
792 4505 878 4544 me
906 4491 958 4544 in
1000 4499 1282 4543 aeternum.
1340 4510 1358 4541 ι
1407 4489 1557 4553 Quod
1601 4498 1778 4540 autem
1828 4487 1930 4548 ait,
1961 4502 2141 4564 une
2177 4506 2188 4538 :

373 4601 390 4631 ι
434 4599 554 4637 cum
584 4582 800 4636 Christo
835 4593 954 4636 meo
990 4580 1264 4643 transibit,
1298 4599 1316 4630 ι
1349 4580 1413 4631 de
1435 4579 1547 4645 ipsa
1570 4579 1729 4630 domo
1753 4579 1936 4644 utique

371 4673 770 4742 intelligendum
797 4682 898 4733 est,
919 4684 1022 4722 non
1051 4669 1116 4722 de
1148 4669 1240 4721 iUo
1265 4668 1540 4721 sacerdote
1556 4667 1647 4735 qui
1674 4675 1758 4720 est
1781 4666 1938 4720 Chri-

369 4779 482 4822 stus
515 4767 627 4834 ipse
657 4764 916 4819 Mediator
944 4770 1103 4830 atque
1135 4760 1398 4815 Salvator.
1432 4760 1632 4814 Domus
1677 4760 1792 4829 ejus
1844 4774 1936 4813 eo-

375 4873 488 4912 ram
527 4856 616 4910 illo
641 4854 908 4908 transibit.
935 4851 1118 4906 Potest
1142 4861 1197 4905 et
1231 4869 1247 4900 ι
1287 4850 1536 4904 transibit
1571 4871 1588 4900 ι
1623 4849 1843 4917 intelligi
1872 4850 1936 4903 de

373 4957 545 5000 morte
589 4947 656 5000 ad
705 4945 891 5021 vitam,
937 4941 1186 4998 omnibus
1215 4940 1401 4996 diebus
1439 4941 1630 5009 quibus
1665 4941 1939 5009 peragitur

374 5052 542 5107 usque
568 5038 620 5091 in
656 5035 814 5089 ﬁnem
859 5033 1038 5091 saeculi
1087 5031 1245 5101 hujus
1289 5033 1389 5087 ista
1441 5031 1760 5086 mortalitas.
1789 5031 1939 5095 Quod

373 5131 445 5183 ait
468 5125 609 5182 Deus
635 5146 647 5181 :
685 5146 703 5178 ι
740 5125 840 5194 Qui
870 5125 1073 5188 omnia,
1095 5140 1214 5193 qua:
1245 5124 1295 5177 in
1325 5123 1485 5178 corde
1517 5138 1637 5175 tneo
1662 5131 1716 5175 et
1739 5137 1858 5189 qum
1888 5123 1938 5174 in

374 5220 550 5274 anima
585 5234 701 5272 mea
731 5215 911 5280 faciat,
941 5233 960 5266 ‹
1003 5231 1109 5268 non
1139 5213 1464 5271 arbitremur
1483 5213 1682 5267 habere
1707 5211 1941 5264 animam

378 5305 566 5372 Deum,
603 5325 724 5362 cum
753 5309 822 5362 sit
845 5305 1090 5361 conditor
1123 5306 1341 5368 animai,
1371 5303 1461 5358 sed
1494 5303 1564 5362 ita
1602 5302 1703 5355 hoc
1740 5300 1806 5353 de
1836 5299 1944 5353 Deo

377 5399 599 5470 tropice,
636 5416 737 5454 non
767 5399 984 5470 proprie
1003 5439 1016 5461 ,
1045 5397 1271 5461 dicitur,
1307 5395 1447 5449 sicut
1478 5403 1668 5447 manus
1694 5400 1747 5445 et
1771 5407 1864 5462 pes
1888 5399 1941 5443 et

377 5491 482 5547 alia
511 5491 753 5560 corporis
783 5492 1041 5544 membra.
1070 5475 1143 5542 De
1173 5485 1423 5541 Samuele
1448 5486 1662 5554 quidem
1688 5493 1831 5538 recte
1858 5499 1946 5552 po-

380 5595 484 5640 test
514 5583 717 5654 accipi,
748 5582 888 5651 quod
939 5581 990 5636 in
1041 5577 1290 5634 omnibus
1336 5577 1452 5646 ejus
1501 5573 1946 5638 voluntati,sicut

382 5679 557 5737 homo,
593 5675 700 5728 Deo
728 5681 989 5743 paruerit.
1023 5669 1097 5722 De
1121 5669 1365 5722 Domino
1415 5677 1594 5720 autem
1647 5666 1944 5726 Salvatore,

384 5764 546 5834 quod,
571 5765 709 5818 sicut
732 5761 899 5817 Filius
921 5760 1243 5832 unigenitus,
1273 5768 1616 5827 paternorum
1647 5757 1712 5810 sit
1746 5756 1796 5808 in
1827 5771 1943 5808 on.-

2121 4592 2140 4626 ‹
2187 4574 2403 4628 Dimitte
2433 4588 2542 4637 me,
2572 4571 2817 4633 obsecro,
2841 4569 2904 4623 ad
2932 4581 3094 4622 unam
3121 4572 3331 4635 partem
3357 4561 3608 4616 sacerdo-

2038 4667 2220 4728 talem,
2261 4685 2278 4715 1
2308 4664 2360 4718 id
2387 4674 2492 4728 est,
2523 4663 2590 4716 ad
2617 4663 2784 4732 ipsam
2810 4660 3020 4728 plebem
3069 4655 3285 4710 Christo
3328 4651 3608 4708 sacerdote

2038 4755 2371 4827 praeclaram.
2405 4752 2501 4810 Cui
2531 4751 2723 4805 Petrus
2749 4749 2824 4802 ait
2853 4765 2868 4801 :
2906 4765 2924 4797 ι
2967 4748 3075 4800 Vos
3099 4754 3278 4799 autem
3307 4758 3473 4812 genus
3499 4740 3609 4794 ele-

2039 4857 2208 4910 ctum,
2239 4844 2414 4914 regale
2446 4841 2806 4897 sacerdOtium
2853 4837 2903 4908 (l
2934 4833 3074 4890 Petr.
3110 4835 3190 4904 ll).
3218 4849 3235 4884 ι
3263 4832 3398 4897 Quia
3429 4839 3610 4883 autem

2041 4937 2230 4996 adiit:
2279 4957 2297 4988 ι
2343 4936 2411 4990 Ut
2457 4933 2732 4988 comedam
2786 4928 3080 4983 buceellam
3145 4924 3319 4993 panis,
3377 4941 3396 4974 ι
3444 4921 3610 4975 etiam

2041 5031 2215 5099 ipsum
2244 5025 2492 5080 sacriﬁcii
2523 5039 2689 5095 genus
2737 5021 3011 5088 eleganter
3054 5011 3337 5083 expressit.
3378 5010 3457 5064 De
3505 5024 3612 5076 quo

2040 5124 2171 5178 dicit
2206 5119 2470 5175 Sacerdos
2515 5117 2626 5184 ipse
2659 5132 2670 5166 :
2716 5133 2734 5161 ι
2773 5110 2934 5164 Panis
2973 5122 3131 5177 quem
3160 5118 3259 5172 ego
3294 5103 3452 5164 dabo,
3485 5115 3615 5153 caro

2046 5227 2161 5267 mea
2191 5222 2275 5267 est
2301 5225 2396 5278 pro
2425 5206 2605 5258 mundi
2643 5203 2748 5255 vita
2781 5199 2960 5269 (Joan.
2995 5197 3092 5266 γι).
3130 5216 3149 5248 ›
3194 5193 3331 5260 Quia
3357 5193 3500 5246 enim
3529 5187 3610 5240 di-

2047 5309 2201 5356 xerat
2225 5296 2472 5365 superius
2498 5289 2709 5347 dedisse
2737 5304 2795 5344 se
2835 5288 2986 5344 cibos
3013 5284 3193 5340 domui
3234 5285 3413 5336 Aaron
3440 5282 3506 5331 de
3535 5279 3614 5329 vi—

2045 5388 2221 5443 ctimis
2269 5383 2475 5438 Veteris
2524 5379 2875 5443 Testamenti,
2920 5392 3040 5445 quae
3087 5376 3300 5428 fuerant
3349 5367 3614 5423 sacriﬁcia

2045 5478 2371 5538 Judxorum,
2400 5475 2519 5527 ideo
2543 5473 2629 5526 hie
2655 5471 2792 5524 dixit
2821 5467 3190 5538 postulandam
3232 5461 3299 5514 ad
3327 5456 3612 5511 conluden-

2047 5571 2171 5625 dum
2204 5565 2492 5620 buccellam
2523 5563 2694 5631 panis,
2728 5561 2870 5630 quod
2904 5567 2986 5613 est
3014 5559 3064 5609 in
3097 5553 3244 5607 Novo
3269 5551 3616 5605 Testamento

2047 5658 2372 5714 sacriﬁcium
2401 5655 2826 5709 Christianorum
2850 5659 2908 5704 ut
2937 5647 3188 5717 pabulum
3219 5644 3456 5698 ﬁdelium
3491 5642 3610 5694 auia

2052 5767 2279 5809 marum.
2315 5748 2567 5814 Sequitur
2602 5764 2615 5800 :
