4010 6194
323 342 397 398 25
1158 345 1510 402 COMMENT.
1552 348 1615 404 IN
1650 348 1897 408 LIBROS
1932 353 1998 409 IV
2041 355 2300 413 REGUM.
2340 392 2411 401 ——-
2448 361 2514 417 IN
2558 358 2683 419 LIB.
2725 365 2746 419 ι
3522 374 3593 429 26

952 454 1179 512 CAPUT
1214 457 1301 512 III.

325 572 405 626 De
440 570 737 644 ministerio
766 568 1107 644 Samuelisin
1135 572 1347 644 templo,
1378 580 1426 626 et
1456 574 1753 644 deercessu
1783 575 1920 644 ﬁlio-

396 659 518 715 rum
544 638 668 695 Ilcli
687 641 994 715 sacerdotis.
1015 640 1166 706 Quod
1188 638 1488 711 in'crepatur
1507 639 1629 698 Heli
1647 662 1738 715 per
1751 638 1918 700 uirum

395 712 499 766 Dei
520 718 845 793 protectore
873 709 1107 780 ﬁliorum
1120 709 1358 800 suerunt,
1375 730 1504 783 quos
1529 730 1632 770 non
1647 709 1753 769 'rite
1770 726 1921 787 pater

395 791 680 852 corripuit.

398 916 555 987 (CAP.
589 912 697 987 ιιι).
739 932 763 965 ‹
793 913 936 969 Puer
966 920 1146 969 autem
1192 911 1408 970 Samuel
1442 915 1785 972 ministrabat
1813 918 1918 973 Do-

335 1028 353 1056 ‹
400 1007 554 1060 mino
576 1019 764 1059 coram
796 1000 945 1066 Ileli,
976 1010 1032 1058 et
1080 1018 1259 1058 sermo
1304 1004 1515 1059 Domini
1560 1015 1677 1060 erat
1718 1007 1920 1077 pretio-

336 1118 353 1147 ι
397 1112 513 1160 sus,
549 1117 568 1148 ›
601 1096 706 1151 hoc
735 1103 849 1158 est,
882 1110 1059 1158 rarus,
1091 1096 1234 1163 quod
1264 1096 1317 1149 in
1354 1097 1703 1167 sequentibus
1738 1097 1916 1152 mani-

332 1191 584 1252 testatur,
614 1202 741 1241 cum
792 1185 923 1241 dicit
952 1205 965 1239 :
1003 1206 1022 1237 ‹
1058 1187 1117 1241 In
1147 1187 1336 1241 diebus
1366 1187 1473 1242 illis
1498 1204 1603 1242 non
1632 1198 1750 1242 erat
1778 1189 1918 1243 visio

334 1270 642 1337 manifesta.
691 1295 711 1328 ι
763 1276 995 1345 Propter
1015 1285 1234 1344 peccata
1261 1276 1402 1329 enim
1435 1278 1617 1346 populi
1646 1286 1700 1332 et
1729 1293 1917 1332 eorum

333 1369 423 1437 qui
464 1366 802 1437 praefuerunt
822 1365 1041 1435 pupula,
1074 1366 1330 1419 Dominus
1353 1366 1463 1435 jam
1494 1382 1600 1420 non
1631 1367 1917 1422 manifeste

337 1474 431 1528 per
463 1457 706 1512 visiones
751 1465 847 1510 aut
894 1470 991 1525 per
1033 1456 1306 1526 angelicas
1351 1458 1729 1525 responsiones
1773 1458 1915 1528 plebi

336 1547 495 1606 Israel
522 1548 799 1619 apparuit,
828 1548 969 1601 sicut
994 1546 1239 1617 patribus
1283 1561 1470 1600 eorum
1510 1546 1657 1601 fecit.
1690 1548 1756 1601 Et
1794 1549 1917 1604 ideo

337 1643 463 1697 dicit
485 1642 728 1710 scriptor
752 1636 990 1694 historia:
1018 1652 1319 1693 sermonem
1340 1637 1555 1692 Domini
1584 1638 1639 1691 in
1669 1639 1759 1692 illo
1783 1647 1923 1694 tetu—-

336 1750 463 1805 pore
481 1747 604 1787 esse
643 1732 967 1802 pretiosum.

1963 467 1989 528 \
2018 465 2170 532 Quod
2195 469 2398 527 dictum
2423 484 2505 528 est
2528 475 2593 529 de
2620 475 2893 541 Samuefc,
2926 488 3211 550 postquam
3232 485 3396 553 verba
3422 485 3593 541 divini

2018 560 2259 625 oraculi,
2290 577 2409 630 quae
2458 574 2618 619 noctu
2664 576 2968 636 acceperat,
3018 586 3178 626 inane
3225 572 3341 627 lleli
3388 574 3592 640 retulit,

2025 670 2045 702 ¢
2081 662 2136 707 et
2164 669 2271 709 non
2296 657 2488 710 cecidit
2516 673 2583 713 ex
2613 661 2865 715 omnibus
2893 664 3073 718 verbis
3094 666 3212 736 ejus
3234 667 3287 720 in
3318 676 3538 735 terram,
3569 690 3588 721 ι

2018 742 2287 812 signiﬁcat
2309 745 2434 814 quia
2461 748 2683 802 nihilex
2712 750 2796 805 his
2825 767 2944 821 qua
2984 740 3197 811 loculus
3244 764 3329 811 est
3374 757 3590 814 irritum

2017 832 2139 900 fuit,
2166 835 2259 889 sed
2286 837 2466 892 omnia
2499 849 2625 894 sunt
2654 842 2815 897 rebus
2844 845 3107 914 completa
3138 860 3259 917 quae
3284 849 3440 903 dixit.
3483 850 3591 905 Ca-

2017 924 2150 980 dunt
2175 942 2407 996 namque
2435 929 2488 984 in
2524 938 2724 986 terram
2752 935 2916 989 verba
2945 946 3301 1005 supervacua,
3328 954 3450 1009 qute
3492 956 3593 1011 pro

2016 1016 2187 1070 nihilo
2216 1017 2460 1072 habenda
2490 1027 2545 1075 et
2575 1022 2948 1078 universorum
2972 1036 3096 1081 sunt
3122 1028 3379 1084 calcanda
3399 1031 3593 1102 despe-

2016 1114 2126 1170 ctu,
2164 1109 2303 1162 sicut
2329 1117 2385 1163 et
2411 1111 2602 1166 beatus
2630 1112 2729 1167 Job
2768 1116 2905 1170 dixit
2941 1132 2956 1170 :
2991 1138 3010 1169 ‹
3050 1119 3116 1174 Et
3144 1120 3231 1174 lux
3261 1123 3441 1179 vultus
3483 1126 3591 1180 mei

2015 1200 2121 1251 non
2152 1200 2379 1254 cadebat
2407 1201 2461 1254 in
2492 1211 2693 1257 terram
2722 1203 2863 1275 (Job.
2889 1208 3062 1278 xxix).
3101 1228 3119 1259 ›
3148 1210 3281 1277 Quia
3330 1214 3590 1270 nimirum

2014 1287 2069 1341 in
2094 1295 2241 1343 tanta
2264 1292 2531 1360 gravitate
2552 1295 2755 1348 vultum
2778 1305 2962 1352 tenere
2986 1310 3361 1368 consueverat,
3377 1314 3435 1358 ut
3457 1322 3598 1361 nun-

2014 1384 2174 1448 quam
2223 1386 2611 1453 eontemptibili
2659 1387 2845 1443 laetitia
2889 1392 3271 1463 resolveretur,
3325 1399 3419 1452 sed
3457 1414 3594 1469 quo-

2016 1471 2332 1541 tiescunque
2391 1474 2705 1531 hilariorem
2767 1494 2827 1534 se
2878 1484 3235 1551 prazsentibus
3286 1488 3588 1555 exhiberet,

2013 1569 2158 1616 certa
2187 1579 2402 1634 semper
2425 1566 2528 1621 hoc
2557 1582 2720 1624 causa
2744 1571 2995 1628 utilitatis
3019 1590 3205 1630 eorum
3233 1577 3453 1633 faceret.

2089 1670 2109 1703 t
2144 1652 2213 1709 Et
2235 1657 2487 1725 cognovit
2518 1659 2802 1716 universus
2827 1662 2992 1718 Israel
3028 1681 3058 1719 a
3110 1666 3227 1721 Dan
3266 1683 3437 1738 usque
3460 1669 3597 1725 Ber-

2020 1759 2040 1794 t
2083 1746 2444 1815 sabee,quod
2495 1746 2669 1805 ﬁdelis
2725 1751 2942 1808 Samuel
2988 1758 3251 1827 propheta
3298 1767 3443 1817 esset
3484 1762 3599 1818 Βος

410 1842 429 1919 t
470 1822 696 1879 Factum
721 1829 806 1877 est
835 1836 964 1919 ergo
994 1821 1049 1919 in
1071 1821 1159 1877 die
1186 1822 1447 1919 quadam,
1473 1821 1590 1877 Heli
1612 1822 1830 1893 jacebat
1858 1822 1913 1877 in
1941 1839 1988 1897 Β
2020 1856 2040 1889 ‹
2084 1838 2234 1903 mini,
2272 1860 2291 1891 ι
2320 1850 2425 1896 etc.
2464 1841 2572 1913 (Ex
2596 1839 2963 1919 Hieronymo.)
2989 1821 3107 1903 'Per
3142 1852 3401 1908 terminos
3430 1862 3591 1911 teri-te

344 1932 362 1964 ι
404 1914 524 1969 loco
570 1929 689 1978 suo,
722 1922 779 1968 et
801 1911 942 1967 oculi
971 1911 1090 1981 ejus
1133 1911 1525 1982 caligaverant,
1555 1926 1656 1966 nec
1699 1919 1913 1982 poterat

343 2022 362 2054 ι
410 2004 592 2057 videre
618 2002 899 2058 lucernam
930 2001 1045 2068 Dei,
1074 2006 1363 2071 antequam
1393 2003 1847 2073 cxstingueretur,
1884 2022 1904 2056 ι

338 2103 439 2151 etc.
466 2094 584 2148 Prae
611 2092 777 2147 nimia
803 2093 947 2146 enim
982 2100 1264 2147 senectute
1284 2080 1422 2149 ’Ileli
1466 2093 1606 2148 oculi
1640 2093 1912 2164 ealigave-

341 2192 474 2247 rant,
508 2199 608 2239 nec
630 2189 846 2254 poterat
873 2183 1058 2239 videre
1080 2183 1357 2239 lucernam
1397 2184 1628 2249 Domini,
1663 2200 1786 2241 cum
1816 2198 1906 2238 ar-

338 2277 490 2330 deret
519 2276 573 2329 in
603 2273 971 2339 tabernaculo,
1016 2284 1304 2345 antequam
1345 2275 1434 2329 lux
1485 2277 1674 2331 diurna
1726 2277 1906 2342 ﬁeret,

337 2366 551 2436 quando
574 2365 762 2419 eadem
791 2365 1182 2434 exstinguenda
1208 2372 1327 2419 erat
1354 2364 1595 2421 lucerna.
1628 2364 1720 2420 Sic
1764 2366 1909 2420 enim

337 2471 368 2512 δ
394 2456 621 2511 Domino
646 2470 746 2525 per
770 2454 993 2527 Moysen
1019 2454 1233 2523 jnssum
1258 2464 1343 2511 est
1369 2465 1429 2510 ut
1457 2458 1646 2512 cadem
1687 2456 1908 2514 lucerna

340 2550 537 2604 luceret
558 2565 732 2619 usque
755 2564 933 2613 mane,
965 2550 1103 2603 sicut
1143 2556 1225 2603 est
1269 2548 1398 2603 illud
1428 2550 1483 2604 in
1512 2549 1650 2604 libro
1678 2548 1850 2604 Exodi
1894 2566 1907 2602 :

348 2660 361 2693 ι
403 2626 659 2710 Prtecipe,
699 2660 720 2693 ι
757 2640 835 2695 ait
871 2640 1152 2705 Dominus,
1184 2659 1204 2690 ‹
1240 2639 1364 2695 ﬁliis
1388 2640 1554 2695 Israel
1585 2651 1643 2695 ut
1680 2641 1910 2695 all'erant

339 2732 431 2787 tibi
462 2732 640 2787 oleum
678 2732 746 2787 de
774 2731 1059 2786 arbaribus
1085 2731 1352 2786 olivarum
1378 2733 1748 2803 purissimum,
1774 2732 1911 2801 pilo-

338 2837 437 2892 que
458 2831 764 2887 contusum,
791 2829 853 2876 ut
875 2822 1064 2877 ardeat
1092 2821 1310 2876 lucerna
1336 2836 1550 2891 semper
1569 2823 1622 2877 in
1659 2823 1911 2877 taberna-

338 2914 454 2970 culo
476 2914 717 2980 Domini,
748 2923 808 2969 et
826 2913 1166 2970 collocabunt
1208 2930 1329 2969 eam
1354 2914 1534 2968 Aaron
1566 2923 1621 2968 et
1649 2914 1742 2968 lilii
1771 2914 1908 2985 ejus,

338 3016 395 3060 ut
416 3021 587 3077 usque
618 3020 779 3061 mane
820 3005 994 3061 luceat
1022 3021 1207 3061 coram
1233 3006 1462 3062 Domino
1492 3000 1692 3079 (Exodi
1714 3006 1906 3078 xxvii).

337 3097 460 3153 Sive
485 3098 594 3154 hoc
623 3098 891 3166 signiﬁcat
919 3098 1064 3169 quod
1105 3100 1158 3154 in
1211 3099 1456 3155 caecitate
1505 3114 1601 3155 sua
1642 3100 1757 3168 ipse
1789 3098 1909 3154 lleli

2010 1928 2209 1986 Iudaea
2237 1931 2535 2003 descriptos
2568 1937 2975 1993 universitatem
3005 1939 3177 2011 plebis
3209 1944 3414 2013 pariter
3441 1960 3599 2001 com-

2010 2018 2313 2092 prehendit.
2344 2025 2457 2080 Dan
2487 2027 2695 2083 viculus
2723 2041 2805 2083 est
2830 2030 2883 2084 in
2915 2041 3109 2101 quarto
3138 2049 3168 2088 a
3198 2034 3443 2091 Paneade
3468 2038 3592 2092 mil-

2009 2112 2165 2168 liario
2191 2115 2442 2169 euntibus
2473 2114 2672 2188 Tyrum
2690 2160 2704 2183 ,
2733 2120 2823 2190 qui
2858 2135 3027 2191 usque
3056 2123 3214 2179 hodie
3242 2125 3321 2180 sic
3340 2134 3585 2193 vocatur,

2012 2202 2297 2265 Terminus
2324 2200 2523 2259 Iudaea:
2556 2208 2849 2276 provinciae
2897 2219 3086 2266 contra
3139 2218 3584 2284 septentrionem.

2011 2292 2087 2345 De
2120 2307 2227 2361 quo
2251 2301 2306 2346 et
2331 2291 2584 2350 Iordanis
2610 2295 2806 2352 ﬁumen
2834 2313 3157 2370 erumpens,
3185 2319 3214 2357 a
3264 2305 3383 2361 loco
3428 2311 3589 2364 sorti-

2010 2389 2099 2437 tus
2123 2391 2207 2437 est
2232 2398 2428 2438 nomen
2453 2403 2466 2438 :
2493 2400 2555 2439 or
2578 2386 2775 2456 quippe
2799 2388 3020 2457 ﬂuvium
3052 2391 3166 2447 sive
3188 2393 3354 2448 rivum
3377 2396 3586 2454 Hebraei

2010 2481 2227 2527 vocant.
2269 2473 2384 2529 Dan
2433 2475 2821 2547 interpretatur
2843 2478 3132 2547 judicium,
3166 2484 3282 2539 sive
3308 2485 3582 2555 judicans.

2009 2562 2274 2618 Bersabee
2303 2565 2356 2618 in
2380 2565 2521 2621 tribu
2542 2565 2677 2621 Juda
2700 2569 2814 2625 sive
2839 2570 3106 2628 Simeonis
3132 2583 3218 2630 est
3239 2592 3408 2647 usque
3430 2579 3590 2636 hodie

2008 2654 2160 2709 vicus
2186 2655 2406 2725 grandis
2433 2656 2487 2711 in
2517 2657 2771 2715 vicesimo
2791 2676 2821 2716 a
2845 2660 3055 2718 Cebron
3082 2664 3336 2723 milliaria
3358 2682 3589 2740 vergens

2009 2747 2078 2802 ad
2101 2757 2368 2815 austrum,
2399 2749 2451 2803 in
2480 2752 2589 2820 quo
2617 2761 2673 2807 et
2715 2751 3093 2810 Romanorum.
3126 2758 3355 2812 militum
3395 2760 3588 2830 praesi-

2009 2837 2157 2893 dium
2185 2838 2421 2910 positum
2447 2850 2549 2896 est.
2575 2841 2622 2896 A
2651 2858 2759 2913 quo
2789 2844 2909 2900 loco
2939 2847 3155 2901 termini
3186 2847 3383 2903 Jutfzete
3427 2857 3591 2904 terra:

2009 2927 2351 2998 incipientes,
2384 2931 2741 2987 tendebantur
2767 2949 2937 3005 usque
2982 2937 3050 2992 ad
3092 2937 3241 3006 Dan,
3272 2956 3394 3010 qute
3429 2942 3585 3011 juxta

2008 3017 2315 3077 Paneadcm
2368 3024 2627 3079 cernitur.
2699 3025 3090 3095 Interpretatur
3140 3044 3271 3086 vero
3317 3029 3587 3086 Bersabee

2005 3124 2193 3185 puteus
2225 3115 2514 3181 satietatis,
2541 3115 2624 3170 vel
2667 3125 2854 3188 puteus
2893 3118 3014 3184 viri,
3040 3120 3154 3174 sive
3170 3120 3488 3191 juramenti,
3520 3137 3586 3177 eo

335 3199 677 3259 permaneret
718 3190 889 3245 donec
938 3182 1181 3246 funditus
1227 3205 1346 3245 cum
1389 3191 1542 3261 prole
1572 3206 1666 3246 sua
1698 3192 1907 3246 exstin-

2010 3182 2150 3275 quod
2180 3207 2252 3261 ibi
2288 3204 2561 3262 Abraham
2602 3182 2847 3265 et'lsaac
2877 3182 3053 3266 {meus
3100 3182 3223 3267 cuin
3272 3182 3585 3269 Abimelecb

335 3290 608 3351 gueretur,
635 3280 739 3335 hoc
763 3280 866 3344 est,
888 3280 995 3335 vita
1013 3289 1226 3337 careret
1249 3281 1534 3350 corporali.
1566 3282 1786 3353 Mystice
1815 3298 1910 3337 au-

338 3378 440 3424 tem
471 3370 694 3425 accitas
728 3368 842 3425 Heli
872 3371 1144 3442 signiﬁcat
1170 3373 1468 3427 caecitatem
1491 3374 1669 3429 cordis
1690 3372 1906 3430 Judteo-

338 3480 476 3531 rum,
500 3465 594 3535 qui
623 3473 947 3536 prmsentem
976 3462 1314 3521 Salvatorem
1341 3480 1634 3537 agnoscere
1672 3482 1780 3523 non
1808 3482 1907 3538 po-

341 3566 534 3621 terant,
564 3570 665 3611 nec
697 3556 1078 3611 miraculorum
1123 3557 1409 3630 fulgorem,
1450 3574 1569 3629 qua:
1597 3557 1666 3613 ab
1706 3574 1772 3614 eo
1815 3558 1911 3614 lie-

341 3646 484 3712 bant,
512 3644 837 3718 'mtelligere,
866 3660 968 3703 nec
996 3646 1298 3704 decu-inani
1339 3647 1453 3715 ejus
1498 3649 1659 3705 corde
1704 3649 1909 3705 intento

339 3750 549 3806 capere,
576 3737 748 3792 donec
774 3737 944 3807 ipsum
967 3738 1327 3794 sacerdotium
1357 3739 1515 3796 simul
1550 3755 1673 3795 cum
1710 3740 1909 3811 templo

332 3834 386 3880 et
411 3824 608 3896 populo
632 3826 873 3883 funditus
919 3833 1272 3883 everteretur.
1311 3829 1519 3884 Interea
1551 3829 1767 3886 Samuel
1791 3832 1909 3886 dor.

336 3918 611 3973 miebatiu
662 3916 863 3989 templo
917 3920 1149 3986 Domini,
1173 3919 1267 3974 ubi
1324 3924 1444 3974 erat
1494 3936 1622 3976 arca
1671 3921 1905 3988 Domini,

329 4016 437 4062 eta
464 4009 695 4063 Domino
742 4019 824 4063 ter
869 4018 1111 4076 vocatus,
1155 4010 1480 4074 novissime,
1510 4010 1742 4079 qualiter
1787 4009 1906 4065 Heli

331 4108 549 4170 propter
582 4100 815 4156 ﬁliorum
844 4098 1064 4171 peccata
1093 4100 1257 4157 simul
1279 4112 1402 4157 cum
1427 4101 1559 4171 ipsis
1588 4102 1906 4157 interiturus

326 4198 496 4253 esset,
522 4204 654 4244 voce
682 4189 894 4245 Domini
929 4190 1226 4248 instructus
1252 4200 1352 4246 est.
1384 4190 1569 4246 Potest
1605 4190 1707 4246 hac
1745 4191 1905 4246 tertia

323 4280 614 4334 vocatione
660 4280 994 4351 pmﬁgurari
1041 4282 1185 4350 quod
1221 4282 1333 4352 ipse
1368 4296 1506 4354 puer
1542 4280 1759 4335 futurus
1788 4289 1907 4336 erat

325 4371 615 4439 propheta,
638 4372 747 4425 dux
778 4380 834 4424 et
880 4370 1154 4425 sacerdos.
1205 4370 1357 4437 Quod
1411 4378 1592 4425 autem
1641 4369 1904 4439 scriptum

323 4473 404 4517 est
435 4482 449 4516 :
476 4482 496 4514 ι
532 4461 702 4517 Porro
733 4459 953 4518 Samuel
1012 4463 1241 4516 necdum
1277 4462 1481 4516 sciebat
1526 4461 1837 4527 Dominum,
1876 4480 1895 4513 ι

2011 3299 2286 3354 sociavere
2318 3296 2567 3367 iurantes
2615 3298 2767 3373 (Gen.
2793 3313 2957 3357 xstet
2982 3300 3156 3376 xxvr).
3208 3304 3320 3361 Nec
3368 3322 3587 3364 movere

2009 3386 2170 3442 debet
2196 3391 2529 3460 quempiam,
2550 3393 2596 3446 si
2627 3393 2896 3449 interdum
2919 3394 3169 3451 civitates
3193 3395 3345 3452 Iudae
3366 3398 3583 3453 easdem

2008 3478 2063 3533 in
2092 3480 2236 3535 tribu
2285 3481 2554 3538 Simeonis
2591 3485 2706 3540 sive
2754 3485 3032 3555 Beniamin
3074 3489 3330 3558 reperiat.
3387 3489 3584 3544 Tribus

2004 3560 2152 3628 enim
2201 3573 2336 3631 Iuda
2374 3577 2506 3632 viris
2554 3577 2975 3635 bellicosissimis
3024 3580 3261 3650 pollens,
3305 3584 3360 3635 et
3392 3582 3585 3636 crebro

2007 3668 2346 3723 adversarios
2374 3684 2671 3739 superans,
2711 3671 2767 3726 in
2814 3673 3067 3727 omnibus
3119 3673 3364 3728 tribubus
3410 3673 3585 3727 tenuit

2006 3756 2384 3828 principatum.
2412 3760 2480 3815 Et
2505 3761 2707 3816 idcirco
2740 3761 2906 3817 etiam
2940 3762 3169 3816 aliarum
3201 3763 3436 3817 tribuum
3464 3777 3585 3816 sor-

2006 3858 2088 3905 tes
2119 3850 2174 3904 ln
2201 3850 2317 3919 ejus
2342 3851 2613 3907 interdum
2637 3852 2875 3911 funiculo
2903 3862 3301 3923 nuncupantur.
3329 3850 3579 3923 Alioquin

2005 3939 2059 3994 in
2088 3941 2265 3995 medio
2294 3942 2466 3997 tribus
2493 3940 2643 3998 Judte
2672 3944 2946 3999 habitasse
2969 3942 3275 3999 Simeonem
3301 3941 3580 4014 Scriptura

2006 4030 2449 4089 manifestissime
2476 4034 2651 4090 docet.

2608 4169 2833 4227 CAPUT
2867 4170 2957 4227 IV.

2003 4300 2083 4355 De
2104 4301 2390 4375 mutatione
2411 4303 2692 4375 sacerdotii
2708 4305 2901 4375 reteri:
2927 4304 3072 4375 legis.
3114 4303 3372 4360 Proelium
3395 4296 3580 4360 ‘Pltili-

2072 4372 2451 4445 sthiirncontrn
2472 4372 2661 4445 Israel,
2697 4374 2754 4427 in
2789 4391 2904 4445 quo
2927 4372 3051 4445 arca
3083 4375 3181 4429 Dei
3220 4386 3373 4445 capta
3397 4386 3471 4430 est
3490 4417 3505 4440 ,
3528 4387 3575 4431 et

2074 4441 2301 4517 duoﬁlii
2318 4440 2450 4517 ﬂeti
2483 4444 2658 4507 occisi,
2673 4452 2722 4498 et
2745 4440 2968 4515 populus
2988 4440 3314 4501 Israeliticae
3336 4447 3574 4517 fugatus,

322 4509 1253 4622 Quaesisti-11,3;
1272 4509 1683 4622 psi-prophetiae
1704 4509 1899 4624 "lysis

2072 4522 2119 4567 et
2151 4509 2273 4569 Heli
2293 4512 2592 4583 defunctus.

321 4644 460 4698 rium
490 4644 722 4699 necdum
751 4644 801 4697 ei
839 4643 1111 4698 revelatus
1137 4642 1316 4699 fuerat
1338 4657 1517 4703 sermo
1558 4644 1788 4698 Domini.
1831 4644 1899 4707 Et

317 4732 462 4801 quod
486 4732 738 4802 sequitur
776 4749 791 4784 :

394 4843 414 4873 ε
451 4822 603 4879 Dixit
630 4820 894 4876 Dominus
936 4821 1003 4875 ad
1049 4819 1353 4885 Sa_muelem
1386 4821 1566 4875 :Ecce
1612 4836 1713 4891 ego
1759 4819 1898 4877 facio

323 4933 342 4962 1
391 4913 614 4967 verbum
630 4912 685 4966 in
706 4909 898 4975 Israel,
910 4910 1053 4980 quod
1073 4911 1381 4981 quicunque
1400 4910 1652 4974 audierit,
1670 4910 1899 4971 tinuieut

324 5021 342 5051 ‹
390 5003 561 5056 amba:
584 5017 748 5056 aures
778 4998 913 5069 ejus,
949 5018 968 5050 ι
999 5008 1054 5054 et
1074 5009 1288 5055 ctetera.
1313 5000 1426 5061 Hoc
1454 5001 1508 5055 in
1537 4999 1654 5057 loco
1674 5002 1899 5059 commi~

316 5093 466 5147 natio
495 5093 591 5149 Dei
621 5100 707 5147 est
731 5106 896 5165 super
924 5089 1040 5145 Heli
1060 5132 1075 5157 ,
1098 5100 1154 5147 et
1179 5108 1342 5164 super
1382 5093 1607 5149 domum
1648 5091 1784 5161 ejus,
1830 5108 1896 5148 eo

312 5182 458 5252 quod
486 5183 541 5237 in
582 5194 810 5253 peccato
839 5181 1073 5236 ﬁliorum
1121 5181 1238 5236 Heli
1287 5198 1413 5238 arca
1458 5180 1554 5236 Dei
1591 5191 1891 5252 caperetur,

313 5282 373 5329 et
407 5270 569 5327 Israel
624 5280 829 5336 rueret,
872 5280 928 5327 et
973 5270 1090 5340 ejus
1134 5270 1230 5325 ﬁlii
1278 5272 1580 5334 interirent,
1623 5279 1677 5328 et
1703 5272 1895 5327 domus

2069 4627 2237 4698 Igitur
2261 4638 2613 4701 posteaquam
2645 4628 2760 4684 haec
2785 4629 2838 4684 in
2864 4628 3035 4699 ﬁgura
3064 4631 3379 4686 mutationis
3424 4631 3581 4687 Vete-t

2002 4721 2078 4774 ris
2104 4720 2438 4779 Testameuti
2462 4734 2493 4774 a
2518 4714 2779 4795 propheta
2810 4720 2902 4776 illo
2926 4722 3286 4791 praenuntiata
3328 4730 3457 4778 sunt
3506 4724 3577 4787 ad

1999 4810 2115 4871 Heli
2172 4810 2529 4871 oll'endentem
2594 4812 2877 4867 Dominum
2939 4813 3136 4881 Israel,
3195 4816 3574 4871 instruxerunt

1998 4902 2169 4957 aciem
2194 4901 2516 4968 Philistbaei,
2543 4903 2646 4959 hoc
2671 4910 2778 4968 est,
2805 4902 3098 4967 Palaestini,
3131 4914 3321 4959 contra
3362 4919 3457 4960 eos
3514 4906 3570 4960 in

2000 4992 2204 5063 Aphec,
2226 4993 2319 5063 qui
2346 4993 2496 5049 locus
2519 5002 2603 5049 est
2621 4993 2777 5062 juxta
2824 4995 3001 5051 vicum
3045 4995 3230 5051 Endor
3269 4996 3573 5055 Ezechielis

1999 5086 2251 5151 civitatis,
2281 5086 2370 5141 ubi
2420 5087 2695 5149 dimicavit
2738 5085 2879 5142 SauI
2916 5088 2972 5142 in
3022 5097 3167 5143 sorte
3199 5087 3358 5154 Aser,
3380 5089 3437 5143 in
3463 5105 3571 5159 qua

1997 5177 2331 5233 habitatores
2353 5179 2562 5247 pristini
2584 5187 3016 5250 permanserunt.
3057 5179 3448 5249 Interpretatur
3474 5196 3571 5233 an.

1997 5274 2107 5322 tem
2151 5267 2337 5337 Apbec
2382 5268 2533 5345 [uror
2574 5272 2914 5352 novus,‘sive
2961 5271 3370 5341 apprehendens.
3414 5269 3567 5336 Quod

320 5359 440 5414 Ileli
467 5362 772 5417 sacerdotio
816 5361 1011 5419 domus
1058 5360 1268 5415 Domini
1309 5360 1633 5430 privaretur,
1660 5371 1714 5416 et
1739 5361 1808 5416 ob
1837 5361 1891 5418 id
1994 5365 2131 5420 bene
2154 5365 2404 5419 convenit
2430 5366 2590 5420 rebus
2625 5365 2812 5435 gestis.
2856 5364 2959 5432 Qui
2998 5365 3144 5420 enim
3184 5366 3322 5421 iram
3352 5364 3571 5433 Domini,

317 5452 522 5506 factum
569 5452 903 5507 audientium
947 5467 1105 5507 aures
1149 5438 1413 5513 tinnirent
1457 5460 1677 5522 stupore
1723 5452 1886 5510 veher

314 5545 501 5600 tuenti.

392 5657 409 5689 ι
441 5637 624 5693 Crevit
652 5644 837 5691 autem
865 5634 1081 5691 Samuel
1122 5645 1179 5690 et
1211 5635 1471 5691 Dominus
1496 5645 1612 5691 erat
1640 5653 1761 5691 cum
1795 5652 1880 5698 eo.

320 5752 339 5783 ι
384 5739 436 5783 et
461 5744 567 5784 non
594 5728 792 5785 cecidit
811 5744 878 5785 ex
906 5728 1155 5793 omnibus
1178 5729 1358 5784 verbis
1378 5728 1495 5797 ejus
1526 5728 1579 5793 in
1600 5738 1819 5785 terram.
1858 5750 1876 5781 ι

1993 5466 2327 5521 meruerunt,
2353 5459 2421 5513 ab
2444 5458 2689 5513 hostibus
2710 5459 3032 5529 apprehensi
3057 5467 3204 5516 sunt.
3231 5458 3444 5514 Tollunt
3470 5473 3569 5516 au:

1993 5558 2100 5605 tem
2134 5549 2387 5605 Israelita:
2427 5565 2609 5604 arcam
2647 5551 2715 5605 ad
2742 5550 3025 5605 tuitionem
3051 5565 3224 5606 suam.
3270 5549 3435 5616 Capta
3479 5555 3571 5618 est

1989 5641 2057 5695 ab
2091 5640 2338 5695 hostibus
2374 5655 2517 5702 arca,
2548 5640 2757 5710 ipsique
2787 5656 2893 5696 non
2931 5640 3104 5696 solum
3131 5639 3259 5695 victi
3281 5646 3409 5694 sunt
3431 5647 3485 5695 et
3507 5640 3567 5709 in

1990 5730 2169 5801 fugam
2193 5730 2496 5796 versihiuio
2529 5732 2692 5787 etiam
2737 5747 2929 5800 magna
2953 5739 3162 5799 strages
3182 5728 3339 5817 facta
3362 5740 3446 5786 est
3467 5747 3560 5796 oe:
