4010 6194
395 360 463 415 Ξῗ
1027 352 1087 406 Β.
1131 348 1383 405 HABANI
1422 345 1640 403 MAURI
1674 338 1967 399 ABCHIEP

2072 336 2347 394 [OGUNT.
2389 336 2674 394 OPERUM
2712 335 2895 392 PARS
2933 335 2971 393 Ι.
3569 340 3636 396 28

399 468 654 526 cisorum.
714 465 965 522 Nonnihii
1007 476 1182 520 tamen
1232 462 1532 518 futurorum
1579 457 1847 529 signiﬁcat
1873 468 1960 508 res
1989 456 2041 515 Α
2066 468 2205 505 rum.
2233 451 2414 522 Dagon
2447 451 2829 520 interpretatur
2848 450 3005 521 piscis
3038 450 3298 515 tristitite,
3323 452 3639 522 signiﬁcans

403 559 516 613 haec
537 565 686 627 gesta
708 556 1023 627 prophetiae.
1047 555 1185 609 Area
1218 553 1361 608 enim
1410 551 1500 605 illa
1547 550 1616 604 ab
1654 547 1969 617 alienigenis

402 657 590 717 capta,
622 647 893 701 indicabat
927 652 1301 700 testamentum
1361 641 1455 694 Dei
1502 639 1851 694 transiturum
1901 636 1968 689 ad

400 744 603 806 gentes.
633 735 856 803 Quando
881 736 1024 789 enim
1069 733 1371 787 nuntiatum
1405 739 1489 785 est
1531 729 1648 783 Heli
1702 725 1967 783 sacerdoti

400 836 607 896 captam
637 827 803 881 fuisse
829 839 1011 880 arcam
1039 822 1365 885 Dei,cecidit
1395 822 1461 876 de
1487 820 1617 875 sella
1646 828 1966 882 retrorsum,

397 925 453 970 et
471 926 714 971 mortuus
740 924 843 971 est.
873 915 941 968 Et
967 915 1177 968 merito.
1204 913 1341 979 Quia
1386 911 1628 981 quisquis
1670 918 1967 964 retrorsum

397 1008 732 1061 convertitur
759 1021 790 1060 a
818 1005 921 1059 ﬁde
944 1012 1001 1060 et
1020 1004 1267 1067 veritate,
1292 1015 1513 1057 necesse
1539 1008 1624 1055 est
1650 1007 1709 1054 ut
1734 1000 1892 1054 cadat
1914 1005 1971 1052 et

394 1098 649 1152 continuo
691 1096 974 1150 moriatur.
1006 1095 1230 1165 Mystice
1255 1102 1456 1158 autem,
1486 1100 1800 1147 transeunte
1842 1103 1968 1144 arca

396 1186 607 1240 Domini
634 1186 699 1240 ad
727 1191 940 1255 gentes,
969 1183 1133 1252 periit
1171 1190 1334 1251 atque
1372 1181 1577 1235 interiit
1603 1180 1967 1236 sacerdotium

393 1275 722 1330 Judreorum.
771 1274 893 1328 Duo.
916 1288 1130 1343 quoque
1158 1271 1251 1326 ﬁlii
1303 1270 1421 1325 Heli
1467 1278 1813 1336 corruerunt,
1835 1284 1969 1340 quo-

344 1424 355 1433 ,
395 1387 514 1426 rum
544 1370 704 1425 unius
739 1384 877 1424 uxor
913 1369 1163 1432 viduata,
1189 1375 1246 1422 et
1286 1382 1409 1422 mox
1438 1366 1495 1419 in
1536 1365 1705 1434 partu
1755 1371 1966 1418 mortua

392 1472 475 1518 est
502 1469 723 1531 propter
764 1460 1006 1516 eamdem
1058 1457 1542 1529 perturbationem.
1578 1455 1655 1510 De
1683 1470 1791 1525 quo
1815 1452 1969 1509 Jose-

392 1557 532 1626 phus
554 1555 628 1609 ita
659 1552 825 1608 refert
850 1570 864 1605 :
895 1570 914 1602 ι
942 1550 1076 1606 Cum
1102 1550 1188 1605 vir
1216 1548 1333 1603 Heli
1372 1548 1534 1603 etiam
1568 1561 1751 1601 arcam
1790 1545 1970 1599 audis-

393 1652 475 1699 set
504 1644 573 1698 ab
597 1642 844 1697 hostibus
873 1648 1108 1709 captam,
1132 1637 1317 1693 dolore
1361 1637 1626 1700 turbatus,
1657 1649 1723 1690 eo
1746 1632 1890 1704 quod
1915 1633 1966 1687 ei

393 1742 589 1803 printer
610 1747 759 1801 spem
788 1738 995 1785 tantum
1032 1744 1168 1784 onus
1196 1735 1523 1791 accesserat,
1547 1739 1712 1780 ruens
1736 1725 1803 1780 de
1840 1725 1967 1779 sede

394 1796 681 1878 defunctus
707 1828 810 1885 est,
839 1819 963 1873 dum
995 1833 1091 1871 vm
1136 1826 1191 1871 et
1237 1832 1303 1870 xc
1340 1816 1564 1870 vixisset
1609 1828 1802 1878 annos,
1831 1829 1967 1883 quo-
2001 1796 2043 1854 Β

400 1929 514 1968 rum
542 1929 608 1967 xc
638 1917 885 1967 tenuerat
905 1907 1285 1978 principatum.
1316 1905 1391 1960 Ea
1422 1902 1688 1974 siquidem
1730 1903 1816 1959 die
1866 1904 1965 1958 de-

328 1986 331 1995 ’
398 2006 579 2059 functa
610 2010 693 2057 est
716 2009 771 2056 et
797 1997 995 2067 conjux
1016 1997 1248 2052 Phinees
1274 1994 1390 2064 ejus
1418 1994 1535 2061 ﬁlii,
1568 1995 1697 2050 dum
1739 2009 1838 2064 per
1874 2009 1967 2049 oc-

396 2112 580 2151 casum
614 2094 794 2149 mariti
824 2104 1162 2162 nequaquam
1184 2089 1367 2143 vivere
1392 2087 1692 2150 tolerasset,
1719 2087 1804 2142 cui
1826 2101 1966 2156 pra:-

395 2187 578 2256 gnauti
619 2186 833 2255 quidem
882 2183 1161 2237 nuntiatus
1208 2186 1293 2235 est
1336 2178 1513 2233 luctus
1573 2178 1706 2242 viri,
1744 2176 1966 2248 peperit

394 2285 573 2332 autem
606 2275 771 2329 ﬁlium
809 2281 1013 2343 septem
1041 2272 1328 2336 mensium,
1355 2284 1513 2339 quem
1559 2271 1628 2323 ob
1656 2269 1759 2323 hoc
1785 2268 1967 2339 appel-

395 2368 641 2422 laverunt
683 2365 934 2426 lchabod,
970 2363 1113 2433 quod
1160 2377 1356 2417 nomen
1383 2362 1629 2433 designat
1653 2361 1962 2432 inglorium,

393 2473 459 2511 eo
481 2457 622 2526 quod
644 2456 732 2510 illo
763 2465 1002 2524 tempore
1029 2453 1291 2509 exercitui
1311 2451 1617 2521 hujusmodi
1648 2451 1966 2508 deformitas

392 2546 729 2601 accessisset.
764 2562 785 2596 ι

462 2634 660 2688 Habuit
686 2640 866 2687 autem
898 2630 1255 2701 principatum
1279 2631 1490 2700 primus
1531 2630 1650 2686 Heli
1698 2647 1765 2686 ex
1805 2632 1964 2687 domo

391 2725 647 2790 Thamar,
661 2725 752 2795 qui
779 2722 880 2777 fuit
903 2739 1042 2777 unus
1065 2723 1296 2778 ﬁliorum
1317 2722 1521 2778 Aaron.
1554 2723 1688 2777 Nam
1716 2723 1965 2793 primitus

390 2818 459 2872 de
496 2817 656 2870 domo
697 2814 941 2870 Eleazari
989 2816 1297 2869 sacerdotes
1322 2821 1478 2869 erant
1508 2832 1520 2867 :
1557 2829 1625 2869 ex
1659 2830 1767 2884 quo
1796 2815 1965 2869 hono—

391 2922 506 2962 rem
549 2906 690 2960 ﬁlius
739 2921 767 2959 a
808 2914 964 2974 patre
1011 2904 1452 2974 percipiebat,et
1478 2905 1704 2959 Eleazar
1733 2904 1965 2960 Phinees

390 3012 489 3052 suo
520 2997 629 3051 ﬁlio
653 2996 890 3051 tradidit.
917 2995 1046 3050 Post
1074 3012 1234 3065 quem
1262 2995 1492 3049 Abiezer
1512 2995 1629 3065 ejus
1655 2994 1797 3049 ﬁlius
1820 2996 1965 3050 hunc

391 3087 651 3140 honorem
693 3087 922 3155 accepit,
946 3101 1105 3155 quem
1141 3085 1236 3141 Ozi
1280 3101 1378 3141 suo
1402 3085 1510 3139 ﬁlio
1532 3086 1837 3155 dereliquit.
1865 3086 1961 3141 Cui

390 3191 605 3229 rursum
635 3172 730 3230 Ozi
770 3175 911 3229 ﬁlius
944 3174 1205 3230 successit
1246 3190 1393 3229 suus.
1421 3175 1487 3229 Et
1512 3185 1634 3245 post
1666 3175 1812 3230 hunc
1845 3175 1962 3230 Heli

394 3266 565 3319 tenuit
606 3264 993 3330 sacerdotium,
1024 3267 1090 3320 de
1128 3281 1235 3335 quo
1278 3281 1421 3321 nunc
1465 3282 1645 3322 sermo
1684 3267 1840 3322 nobis
1883 3275 1967 3322 est

394 3354 624 3410 habitus.
656 3354 824 3423 Cujus
846 3372 1019 3427 genus
1047 3372 1217 3426 usque
1261 3358 1328 3411 ad
1378 3367 1619 3429 tempora
1658 3359 1965 3415 Salomonis

393 3445 496 3499 hoc
555 3445 836 3500 habuerat.
889 3445 1038 3501 Tunc
1087 3448 1230 3502 enim
1273 3449 1635 3503 sacerdotium
1689 3463 1757 3502 ex
1803 3450 1964 3503 domo

391 3535 635 3590 Eleazari
662 3536 837 3590 denuo
860 3545 1202 3605 receperunt.
1228 3536 1334 3607 (Ea:
1357 3537 1612 3608 Isidoro.)
1666 3539 1821 3593 Unde
1854 3540 1987 3593 evi-‘

391 3626 534 3687 denti
562 3626 717 3696 signo
741 3626 1142 3697 prteﬁguratum
1162 3636 1263 3694 est,
1282 3638 1401 3698 post
1430 3630 1759 3684 exstinctum
1791 3644 1967 3685 sacer-

390 3720 593 3775 dotium
616 3717 921 3774 Judaeorum
968 3720 1239 3793 carnalem
1282 3721 1552 3776 interiisse
1601 3722 1962 3793 Synagogam,

392 3808 467 3863 illi
512 3810 804 3865 carnaliter
849 3811 1235 3867 adhaerentem.
1295 3813 1682 3884 Prostratoque
1736 3815 1853 3870 Heli
1898 3816 1965 3870 de

391 3901 541 3965 sella,
568 3902 851 3972 pontiﬁces
874 3902 1183 3960 Iudaeorum
1209 3907 1389 3965 sedem
1434 3908 1673 3964 habuere
1712 3924 1963 3976 vacuam,

391 4001 447 4047 et
473 3992 700 4062 gloriam
730 3994 1021 4050 sacerdotii
1048 3997 1307 4066 regnique
1333 3999 1680 4054 exstinctam.

1014 4108 1241 4166 CAPUT
1281 4112 1344 4167 ν.

395 4212 475 4267 De
501 4231 560 4268 eo
582 4215 728 4290 quod
751 4213 1072 4290 Philistltiim
1114 4220 1469 4290 imposuerunt
1513 4240 1691 4278 arcam
1720 4224 1816 4279 Dei
1843 4242 1967 4281 ron-

461 4296 543 4365 tra
570 4286 1120 4365 simulacrurrtDagou
1138 4329 1154 4355 ,
1175 4286 1384 4365 propter
1407 4295 1546 4363 quod
1575 4297 1826 4365 percussit
1857 4296 1963 4349 Do-

462 4357 630 4436 minus
654 4373 828 4411 omnes
856 4356 1193 4414 Pliilistlta'os
1224 4356 1280 4415 iu
1305 4356 1679 4431 posterioribus
1706 4369 1769 4418 ob
1800 4366 1965 4419 insul-

463 4436 729 4480 tationem.

466 4539 615 4610 (Car.
641 4540 720 4611 v.)
759 4559 778 4591 ‹
810 4539 1135 4596 Philisthiim
1165 4551 1344 4598 autem
1376 4544 1613 4598 tulerunt
1633 4561 1815 4600 arcam
1845 4546 1962 4612 Dei,

402 4650 421 4681 ‹
465 4640 521 4687 et
556 4639 967 4700 asportaverunt
1005 4644 1124 4684 eam
1150 4647 1179 4685 a
1220 4633 1393 4702 lapide
1437 4635 1689 4704 adjutorii
1737 4637 1792 4690 in
1819 4636 1963 4692 Azo-

398 4736 417 4769 ‹
465 4729 596 4782 tum,
629 4738 649 4770 ι
683 4726 740 4772 et
774 4718 999 4787 reliqua.
1041 4718 1167 4791 (Ea:
1207 4720 1587 4795 Hieronymo.)
1618 4724 1779 4795 Lapis
1807 4726 1963 4795 adju-

397 4810 519 4864 torii
551 4810 749 4864 dicitur
770 4809 921 4864 locus
948 4810 1036 4865 ille
1072 4810 1126 4865 in
1154 4828 1263 4882 quo
1290 4815 1470 4883 posuit
1491 4815 1707 4871 Samuel
1731 4817 1962 4888 lapidem

396 4918 557 4956 unum
580 4903 721 4957 inter
748 4902 990 4972 Masphat
1016 4910 1072 4958 et
1100 4904 1242 4960 inter
1268 4904 1416 4971 Sem,
1441 4907 1581 4961 sicut
1605 4908 1657 4961 in
1690 4910 1962 4978 sequenti-

395 4995 494 5047 bus
528 4994 949 5048 demonstratur.
973 4994 1195 5061 Azotus,
1222 5012 1343 5066 quae
1371 5008 1426 5053 et
1449 4999 1611 5054 Astro
1639 5000 1855 5066 dicitur,
1885 5012 1970 5058 est

397 5091 563 5151 usque
592 5082 748 5138 hodie
776 5083 952 5138 nobile
975 5086 1325 5155 municipium
1356 5087 1640 5143 Palestinze
1654 5091 1963 5159 provinciae,

396 5181 453 5225 et
478 5187 583 5227 una
607 5174 673 5226 de
696 5175 934 5244 quinque
959 5176 1269 5232 civitatibus
1296 5178 1723 5250 Allophylorum,
1747 5181 1966 5236 decreta

395 5265 610 5334 quidem
639 5266 801 5322 tribui
820 5266 992 5335 Iudas,
1024 5285 1129 5325 non
1156 5278 1366 5327 retenta
1392 5283 1573 5328 tamen
1613 5276 1681 5330 ab
1725 5291 1809 5339 ea,
1839 5276 1965 5346 quia

397 5372 734 5427 nequaquam
761 5367 969 5416 veteres
996 5363 1173 5431 potuit
1214 5365 1424 5421 accolas
1451 5366 1740 5436 expellere.
1792 5368 1966 5423 Inter—

396 5458 639 5520 pretatur
677 5459 858 5506 autem
889 5453 1025 5523 ignis
1068 5456 1236 5523 patris
1270 5456 1402 5521 mei,
1423 5457 1510 5513 vel
1551 5458 1870 5513 incendium.
1903 5460 1972 5515 Et

395 5542 531 5597 bene
554 5543 852 5598 incendium
878 5545 1043 5614 patris
1070 5545 1220 5602 locus
1248 5548 1338 5603 ille
1381 5550 1598 5613 dicitur,
1629 5550 1716 5606 ubi
1768 5551 1966 5607 idolum

398 5629 576 5702 Dugon
606 5633 974 5690 consistebat:
1002 5636 1126 5705 quia
1158 5638 1424 5695 adventus
1453 5654 1592 5695 arca:
1628 5641 1720 5696 Dei
1751 5642 1804 5696 in
1828 5641 1970 5696 Azo-

399 5730 529 5790 tum,
559 5723 865 5781 incendium
889 5735 1007 5782 erat
1032 5727 1254 5797 diaboli,
1286 5732 1460 5801 patris
1493 5733 1730 5787 omnium
1759 5734 1970 5803 iniquo-

1990 4493 2043 4553 D

2066 542 2273 595 hostem
2296 541 2596 609 antiquum,
2618 540 2708 609 qui
2736 540 2789 594 in
2818 554 2970 594 mare
2994 538 3150 594 istius
3173 541 3356 595 mundi
3404 543 3639 611 positus,

2066 634 2290 687 devorat
2315 633 2634 703 piscatores.
2660 631 2831 699 Quem
2855 630 2994 686 liber
3015 628 3115 686 Job
3137 629 3424 686 Leviathan
3458 642 3514 689 et
3536 633 3641 689 Be-

2065 725 2271 778 Itemoth
2299 723 2441 790 (Job.
2465 740 2526 779 ιιι
2551 731 2600 778 et
2666 722 2761 797 xl.)
2791 731 3084 792 nuncupat.
3115 721 3222 795 (Ea:
3250 722 3504 795 Isidoro.)
3532 724 3640 781 Sed

2066 815 2193 885 quid
2217 822 2301 869 est
2329 814 2473 885 quod
2497 814 2623 869 dum
2664 812 2971 883 posuissent
3022 827 3206 867 arcam
3256 812 3469 868 Domini
3512 813 3640 869 Phi-

2066 905 2290 961 listhiim
2340 907 2395 960 in
2436 904 2692 975 templum
2728 898 2973 977 Dagonis
3030 903 3116 959 dei
3168 904 3286 970 sui,
3316 904 3641 960 introierunt

2068 997 2344 1066 templum,
2370 1003 2425 1051 et
2450 997 2772 1051 invenerunt
2796 990 3066 1067 Dagonem
3099 1002 3451 1064 prostratum,
3475 1001 3639 1064 atque

2066 1086 2401 1142 confractum
2423 1094 2587 1157 caput
2603 1087 2742 1158 ejus,
2758 1088 2981 1157 duaeque
3005 1101 3194 1141 manus
3222 1086 3445 1141 abscisa:
3474 1087 3641 1140 sunt?

2070 1178 2266 1234 Statim
2290 1187 2349 1233 ut
2374 1186 2755 1233 testamentum
2781 1178 2989 1233 Domini
3012 1178 3255 1249 pervenit
3283 1179 3337 1233 in
3366 1179 3637 1250 gentibus,

2066 1268 2353 1325 confestim
2384 1269 2548 1343 idola,
2578 1285 2699 1339 quae
2739 1270 3020 1339 deceptum
3047 1269 3395 1340 possidebant
3427 1270 3637 1332 orbem,

2066 1360 2342 1415 destructa
2369 1369 2514 1425 sunt,
2537 1359 2821 1435 omnisque
2864 1375 3019 1416 error
3063 1360 3474 1416 simulacrorum
3512 1373 3636 1415 cor-

2066 1449 2199 1513 ruit,
2228 1449 2574 1518 prtcsentiam
2595 1449 2807 1503 Domini
2841 1448 2985 1504 ferre
3025 1464 3130 1504 non
3176 1450 3467 1505 sustinens.
3503 1449 3640 1505 Nam

2068 1541 2121 1595 in
2154 1541 2404 1595 manibus
2426 1542 2608 1613 Dagon
2636 1541 2908 1611 przescisis
2949 1556 3087 1611 opus
3114 1541 3430 1597 idololatria:
3456 1557 3639 1612 ampu-

2068 1640 2231 1698 tatur,
2261 1634 2396 1689 etin
2420 1635 2599 1703 capite
2624 1633 2741 1702 ejus
2785 1634 3035 1704 superbia
3082 1634 3278 1689 diaboli
3319 1634 3530 1690 abscisa
3568 1636 3645 1690 si-

2068 1725 2379 1796 gniﬁcatur.
2404 1742 2434 1780 a
2459 1741 2566 1795 quo
2603 1727 2813 1781 initium
2840 1727 3049 1796 peccati
3080 1727 3202 1782 fuit.
3235 1727 3389 1796 Quod
3414 1744 3545 1783 vero
3586 1728 3639 1782 in

2072 1815 2275 1879 limine,
2298 1824 2359 1870 ut
2383 1824 2591 1871 certum
2614 1816 2821 1871 scilicet
2861 1815 3295 1887 praeﬁnitumque
3340 1817 3425 1877 sui
3471 1816 3643 1872 idolo-

2067 1905 2222 1960 latria
2252 1906 2413 1961 ﬁnem
2461 1915 2796 1977 agnosceret.
2847 1906 3029 1962 Limes
3056 1907 3202 1962 enim
3241 1906 3401 1962 ﬁnem
3431 1907 3643 1961 itineris

2067 1996 2351 2065 signiﬁcat.
2380 1997 2555 2051 Etiam
2576 2003 2633 2051 et
2658 1997 2786 2052 illud
2814 1996 2883 2051 ad
2906 2012 3157 2068 magnam
3181 1998 3416 2067 pertinet
3441 1998 3643 2069 signiﬁ-

2065 2086 2355 2151 cationem,
2372 2086 2423 2140 in
2450 2086 2565 2156 ipsa
2592 2086 2746 2140 ruina
2769 2086 2951 2156 Dagon
2977 2085 3062 2141 dei
3088 2086 3169 2141 sui
3192 2092 3353 2156 atque
3377 2084 3641 2151 fractura,

2065 2178 2208 2247 quod
2245 2179 2462 2232 dorsum
2512 2177 2656 2233 illius
2696 2177 2869 2232 solum
2908 2178 3276 2243 inveniretur,
3302 2174 3487 2233 fractis
3525 2176 3646 2246 ejus

2066 2269 2317 2324 omnibus
2338 2268 2615 2324 membris.
2639 2269 2867 2324 Dorsum
2893 2269 3091 2340 quippe
3129 2270 3306 2342 fugam
3351 2268 3642 2341 signiﬁcat.

2067 2357 2384 2428 Quicunque
2410 2359 2555 2414 enim
2580 2357 2823 2429 fugiunt,
2852 2361 3301 2430 persequentibus
3348 2362 3478 2417 dant
3514 2362 3645 2419 dor-

2067 2462 2207 2503 sum.
2234 2448 2386 2504 Unde
2407 2454 2464 2502 et
2486 2448 2746 2517 scriptum
2777 2457 2860 2502 est
2882 2448 2948 2504 de
2988 2449 3237 2506 hostibus
3269 2468 3283 2504 :
3322 2468 3342 2501 ι
3377 2449 3643 2518 Quoniam

2066 2554 2234 2607 pones
2261 2552 2352 2593 eos
2379 2539 2596 2593 dorsum
2628 2537 2799 2611 (Psal.
2820 2536 2935 2611 xx).
2971 2557 2990 2591 ι
3021 2538 3122 2594 Ubi
3146 2547 3273 2595 sunt
3293 2540 3439 2595 enim
3468 2540 3645 2597 idola?

2065 2628 2365 2694 Perierunt,
2389 2640 2444 2685 et
2469 2632 2513 2686 si
2553 2632 2730 2702 aliqua
2763 2635 3098 2689 remanentia
3124 2634 3192 2689 ab
3217 2635 3487 2706 aliquibus
3517 2637 3645 2693 abs-

2066 2720 2389 2786 conduntur,
2417 2720 2648 2792 fugiunt.
2709 2722 2861 2791 Quod
2904 2733 3085 2779 autem
3123 2726 3369 2795 percussi
3418 2736 3543 2782 sunt
3588 2729 3643 2783 in

2067 2811 2460 2882 posterioribus
2489 2813 2544 2867 hi
2582 2814 2676 2883 qui
2704 2830 2886 2870 arcam
2930 2814 3026 2869 Dei
3070 2816 3501 2886 captivaverunt,
3527 2819 3646 2874 lucc

2066 2919 2224 2972 poena
2255 2903 2467 2974 signum
2494 2906 2728 2970 videtur,
2767 2907 2894 2975 quia
2924 2907 2967 2962 si
2996 2908 3088 2978 qui
3117 2911 3452 2979 susceperint
3481 2919 3647 2967 testa-

2067 3001 2306 3049 mentum
2342 2994 2459 3060 Dei,
2486 3004 2542 3050 et
2569 2998 2873 3065 posteriora
2901 2997 3216 3064 dilexerint,
3242 3008 3297 3055 et
3324 3000 3648 3070 ipsisjustis-

2068 3086 2204 3142 sime
2233 3085 2642 3154 cruciabuntur,
2679 3089 2794 3158 qui,
2830 3086 3643 3161 sicutApostolus(PItilipp.nt),

2068 3178 2341 3232 aestimare
2367 3177 2564 3232 debent
2582 3179 2766 3233 eadem
2799 3179 2959 3235 sicuti
2988 3188 3247 3235 stercora.
3270 3178 3371 3245 Qui
3399 3180 3542 3234 enim
3566 3181 3645 3236 sic

2068 3274 2352 3321 assumunt
2381 3267 2623 3322 divinum
2647 3267 3051 3324 Testamentum
3070 3279 3129 3324 ut
3151 3270 3452 3339 posteriora
3473 3271 3646 3340 respi—

2068 3358 2293 3423 cientes,
2315 3359 2489 3413 veteri
2515 3374 2573 3413 se
2602 3359 2842 3414 vanitate
2873 3376 2981 3415 non
3010 3368 3232 3425 exuant,
3265 3360 3469 3416 similes
3516 3370 3647 3416 sunt

2068 3448 2314 3504 hostibus
2342 3448 2447 3504 illis
2476 3449 2564 3517 qui
2605 3465 2788 3504 arcam
2823 3450 3132 3505 testamenti
3180 3451 3449 3520 captivam
3488 3449 3646 3519 juxta

2069 3537 2210 3592 idola
2255 3554 2353 3592 sna
2388 3548 2707 3609 posuerunt.
2757 3541 2828 3595 Et
2874 3540 2964 3595 illa
3014 3541 3233 3611 quidem
3271 3549 3453 3597 vetera
3481 3542 3648 3597 etiam

2065 3630 2374 3686 nolentibus
2395 3631 2594 3686 cadunt
2626 3650 2639 3685 :
2670 3633 2795 3701 quia
2831 3650 2850 3684 ‹
2891 3634 3068 3688 omnis
3087 3647 3217 3687 caro
3239 3632 3445 3697 fenum,
3468 3641 3525 3687 et
3544 3633 3652 3689 cla-

2068 3721 2202 3775 ritas
2226 3722 2462 3776 hominis
2487 3731 2548 3776 ut
2568 3722 2664 3778 llos
2691 3721 2823 3777 feni.
2856 3722 3014 3777 Aruit
3040 3723 3243 3788 fenum,
3275 3722 3374 3778 ﬁos
3400 3722 3519 3793 ejus
3556 3723 3652 3779 de-

2069 3811 2197 3866 cidit
2233 3812 2371 3883 (Isa.
2421 3812 2535 3884 xc),
2568 3833 2586 3864 ι
2619 3829 2743 3868 arca
2783 3813 2995 3868 Domini
3039 3822 3224 3868 manet
3268 3813 3323 3867 in
3363 3821 3648 3877 aeternum,

2068 3913 2335 3960 secretum
2380 3906 2587 3960 scilicet
2639 3911 3023 3960 testamentum
3062 3904 3216 3974 regni
3246 3902 3531 3970 caelorum,
3556 3903 3645 3959 ubi

2067 4003 2151 4050 est
2179 3996 2404 4051 verbum
2431 3995 2548 4051 Dei.

2667 4107 2896 4165 CAPUT
2939 4107 3019 4162 VI.

2069 4219 2223 4287 Quod
2251 4218 2545 4273 Philislltmi
2565 4218 2815 4287 facientes
2841 4217 3131 4283 plaustrum
3157 4233 3345 4276 novum
3370 4216 3541 4272 vaccis
3570 4217 3648 4286 fe-

2138 4291 2203 4343 tis
2225 4289 2548 4342 trahentibus
2574 4289 2881 4341 remiserunt
2920 4304 3099 4340 arcam
3126 4287 3465 4352 Bethsames;
3506 4297 3553 4341 et
3583 4288 3648 4341 de

2135 4360 2250 4428 ejus
2275 4358 2347 4412 rei
2371 4358 2589 4427 mystica
2609 4357 3009 4428 signiﬁcatione.
3160 4366 3171 4379 ‘

2140 4467 2290 4538 (CAP.
2322 4468 2419 4537 vt.)
2448 4487 2465 4518 ‹
2495 4467 2622 4522 Fuit
2649 4484 2777 4538 ergo
2808 4484 2933 4523 arca
2967 4468 3180 4523 Domini
3204 4469 3257 4524 in
3286 4469 3504 4539 regione
3526 4467 3650 4523 Phi-

2075 4577 2093 4610 ι
2134 4559 2478 4613 listhinorum
2506 4566 2712 4629 septem
2735 4560 3033 4627 mensibus,
3063 4580 3083 4612 ι
3115 4569 3221 4615 etc.
3257 4559 3473 4630 Septem
3498 4574 3652 4615 men-

2069 4662 2177 4711 ses,
2209 4649 2406 4717 quibus
2448 4662 2575 4702 arca
2625 4647 2722 4702 Dei
2764 4648 2908 4703 inter
2952 4656 3138 4720 gentes
3172 4647 3291 4713 fuit,
3347 4647 3652 4719 ﬁguraliter

2067 4741 2377 4810 exprimunt
2404 4741 2813 4797 universitatem
2838 4752 3161 4811 temporum,
3197 4757 3317 4812 qua:
3346 4741 3652 4811 septenario

2068 4847 2296 4886 numero
2321 4833 2529 4887 dierum
2560 4832 2836 4895 discurrit,
2866 4839 2921 4886 et
2946 4832 3217 4903 signiﬁcat
3242 4831 3646 4887 Testamentum

2070 4922 2280 4976 Domini
2308 4938 2480 4992 usque
2508 4922 2576 4977 ad
2605 4923 3125 4978 consummationem
3167 4921 3347 4977 saeculi
3393 4922 3448 4976 in
3471 4923 3651 4992 genti-

2068 5014 2172 5068 bus
2198 5029 2634 5084 permansurum.

2146 5120 2165 5153 ‹
2197 5102 2265 5157 Et
2296 5111 2728 5158 convocaverunt
2766 5102 3094 5157 Philisthiim
3131 5101 3442 5157 sacerdotes
3472 5108 3528 5156 et
3568 5100 3650 5156 di-

2074 5211 2094 5245 (
2126 5194 2300 5257 vinos,
2324 5194 2607 5249 dicentes:
2637 5193 2777 5261 Quid
2814 5192 3077 5248 faciemus
3096 5194 3163 5249 de
3196 5208 3323 5248 arca
3347 5192 3477 5247 Dei?
3505 5191 3651 5247 ludi-

2074 5303 2094 5335 «
2129 5292 2251 5339 cate
2303 5284 2458 5340 nobis
2506 5288 2779 5355 quomodo
2824 5287 3161 5341 remittemus
3194 5302 3312 5341 eam
3367 5287 3421 5341 in
3471 5285 3647 5340 locum

2078 5392 2097 5426 ι
2134 5375 2327 5429 suum?
2348 5375 2448 5442 Qui
2473 5376 2724 5431 dixerunt
2743 5391 2758 5430 :
2779 5375 2838 5431 Si
2856 5378 3132 5443 remittitis
3151 5392 3332 5432 arcam
3351 5377 3444 5433 Dei
3465 5377 3648 5441 Israel,

2078 5482 2097 5516 ι
2132 5465 2298 5523 nolite
2318 5465 2594 5521 dimittere
2613 5482 2732 5521 eam
2756 5483 3004 5534 vacuam,
3032 5469 3125 5523 sed
3147 5466 3289 5536 quod
3309 5468 3515 5523 debetis
3535 5468 3650 5522 red-

2078 5572 2098 5604 ι
2135 5554 2247 5608 dite
2271 5555 2320 5607 ei
2345 5570 2442 5624 pro
2465 5564 2708 5625 peccato,
2756 5567 2810 5612 et
2842 5566 2970 5612 tunc
2991 5556 3329 5621 cnrabimini,
3367 5566 3424 5612 et
3463 5558 3649 5613 scietis

2078 5661 2099 5694 ς
2133 5658 2301 5713 quare
2328 5660 2435 5700 non
2484 5645 2701 5701 recedat
2725 5662 2918 5702 manus
2939 5647 3059 5716 ejus
3100 5662 3129 5700 a
3155 5647 3330 5702 vobis.
3358 5647 3459 5715 Qui
3498 5647 3651 5702 dixe-

2081 5752 2098 5785 ι
2138 5734 2460 5801 runtzQuid
2504 5744 2587 5792 est
2630 5736 2772 5805 quod
2814 5750 2914 5805 pro
2961 5734 3156 5792 delicto
3203 5738 3424 5794 reddere
3451 5736 3649 5793 debea-
