4026 6202
359 382 445 439 εει

368 518 389 550 ι
431 514 564 553 mus
615 497 700 550 ei?
744 494 1260 564 Responderuntque
1307 495 1385 549 eis
1421 512 1432 547 :
1467 492 1628 547 Juxta
1680 506 1962 546 numerum
1990 492 2038 550 Α

370 607 390 639 ι
427 585 839 660 provinciarum
871 582 1197 637 Philisthiim
1228 583 1467 653 quinque
1495 598 1628 638 anos
1652 596 1845 636 aureos
1883 578 1963 632 fa-

368 697 391 729 s
432 677 616 742 cietis,
656 682 713 729 et
758 674 998 743 quinque
1030 689 1214 728 mures
1244 688 1457 737 aureos,
1501 673 1625 743 quia
1656 672 1811 742 plaga
1855 684 1963 724 una

372 787 394 819 ι
437 767 545 822 fuit
568 765 821 822 omnibus
840 764 994 820 vobis
1017 772 1071 819 et
1105 764 1339 833 satrapis
1374 765 1593 819 vestris.
1625 762 1963 831 Facietisque

373 879 394 910 ο
432 857 823 913 similitudines
862 870 1088 910 anorum
1132 864 1458 921 vestrorum,
1489 863 1542 911 et
1587 854 1964 910 similitudines

374 966 395 999 r
432 949 677 1003 murium
708 946 800 1015 qui
838 946 1080 1001 demoliti
1130 954 1253 1000 sunt
1283 954 1503 1010 terram,
1533 954 1589 1001 ct
1632 945 1827 1000 dabitis
1854 945 1962 999 Deo

373 1058 395 1090 ε
436 1038 609 1093 Israel
637 1037 862 1108 gloriam
890 1036 935 1091 si
981 1034 1121 1092 forte
1145 1037 1320 1092 elevet
1362 1052 1578 1090 manum
1625 1051 1776 1091 suam
1815 1051 1845 1089 a
1874 1050 1965 1090 vo-

372 1148 393 1179 α
435 1130 547 1193 bis,
595 1137 652 1183 et
696 1144 726 1181 a
761 1127 866 1181 diis
898 1127 1116 1192 vestris,
1159 1136 1215 1182 et
1268 1143 1298 1181 a
1355 1136 1498 1184 terra
1547 1137 1754 1192 vestra,
1799 1146 1818 1179 ›
1854 1135 1959 1181 etc.

368 1221 629 1290 Quinque
653 1220 740 1274 ani
766 1218 915 1273 aurei
941 1227 996 1273 et
1026 1219 1264 1288 quinque
1308 1234 1488 1274 mures
1516 1218 1767 1273 similiter
1790 1216 1960 1279 aurei,

369 1325 515 1379 quos
553 1308 798 1364 fecerunt
821 1307 1114 1362 Philisthaei
1140 1317 1259 1378 post
1289 1309 1500 1381 plagam
1529 1324 1690 1378 quam
1721 1307 1963 1379 perpessi

370 1404 525 1460 sunt,
581 1404 636 1450 et
688 1395 986 1449 attulerunt
1029 1396 1095 1449 ad
1142 1411 1326 1450 arcam
1384 1397 1617 1461 Domini,
1659 1397 1965 1467 significant

369 1485 520 1554 quod
550 1486 769 1555 quidam
794 1485 1044 1540 carnales
1065 1486 1303 1555 quinque
1328 1488 1574 1557 corporis
1602 1487 1848 1543 sensibus
1868 1489 1963 1543 de-

372 1575 504 1638 diti,
531 1582 587 1629 et
619 1573 905 1629 illecebras
945 1575 1280 1644 voluptatum
1336 1584 1643 1645 sequentes,
1690 1592 1811 1632 eum
1844 1592 1963 1631 eor-

373 1666 519 1736 repti
563 1665 768 1721 fuerint
816 1682 847 1720 a
882 1665 1129 1731 Domino,
1169 1666 1373 1721 scelera
1425 1682 1523 1722 sua
1552 1676 1959 1738 cognoscentes,

373 1757 525 1826 ipsas
544 1755 733 1826 plagas
769 1756 916 1826 iuste
945 1772 1004 1812 se
1028 1758 1232 1828 perpeti
1277 1772 1306 1809 a
1339 1757 1566 1812 Domino
1614 1757 1959 1822 conﬁtentur,

1209 375 1559 437 COMMENT.
1600 376 1665 432 IN
1706 376 1949 432 LIBROS
1987 375 2354 432 lV~REGUM.
2395 405 2467 419 -
2500 374 2575 431 ΙΝ
2606 324 2737 434 [:lB.
2774 376 2816 433 l.
3575 378 3645 438 30

2143 506 2162 540 σ
2197 489 2404 544 Interea
2429 489 2698 546 Palaestini
2726 491 2984 548 facientes
3009 492 3304 563 plaustrum
3334 509 3558 563 novum,
3588 498 3645 553 in

2068 595 2090 630 ι
2123 592 2229 647 quo
2262 589 2558 648 posuerunt
2591 595 2795 647 arcam,
2820 589 2875 636 et
2890 581 3044 652 juxta
3071 598 3192 638 eam
3233 584 3524 654 capsellam
3548 586 3648 641 ha-

2046 680 2087 718 ·‹
2126 670 2339 724 bentem
2379 685 2512 725 auos
2553 678 2609 725 et
2654 685 2836 727 mures
2874 687 3092 738 amcos,
3126 689 3264 743 quos
3293 675 3648 732 exsolvebant

2069 776 2088 810 ι
2124 774 2224 829 pro
2268 759 2483 825 delicto,
2511 760 2933 827 collocaverunt,
2965 761 3319 834 adiungentes
3355 764 3490 819 duas
3520 780 3645 820 vac-

2067 872 2088 905 «
2126 869 2218 909 cas
2246 853 2402 919 fetas,
2430 854 2627 924 quibus
2674 869 2781 908 non
2830 863 2950 910 erat
3000 857 3311 927 impositum
3356 856 3565 929 iugum,
3592 867 3651 915 et

2069 963 2087 994 ι
2125 945 2320 1000 vitulos
2356 960 2542 999 earum
2573 946 2953 1001 eoneluserunt
2990 946 3156 1012 domi,
3197 966 3217 1000 ι
3254 956 3316 1001 ut
3351 949 3650 1017 probarent

2062 1035 2202 1090 unde
2228 1035 2308 1089 eis
2330 1036 2487 1106 plaga
2509 1037 2768 1103 venisset,
2791 1044 2897 1091 etc.
2930 1036 3039 1106 (Ex
3059 1036 3315 1107 Isidoro.)
3339 1038 3530 1095 Vacca:
3553 1056 3649 1094 au-

2062 1136 2171 1183 tem
2202 1128 2303 1183 illa:
2324 1127 2731 1198 Allophylornm
2764 1143 2946 1183 arcam
2974 1137 3250 1200 gestantes
3275 1130 3501 1202 ﬁguram
3525 1146 3649 1185 san-

2061 1228 2271 1273 ctorum
2326 1218 2754 1273 renuntiantium
2814 1218 3013 1273 saeculo
3058 1218 3498 1289 designaverunt,
3551 1219 3644 1288 qui

2062 1309 2265 1363 nullum
2303 1308 2480 1364 delicti
2497 1307 2686 1378 iugum
2720 1315 3023 1362 traxerunt.
3049 1307 3183 1363 Nam
3235 1310 3376 1364 sicut
3414 1308 3517 1363 illa:
3566 1309 3651 1379 pi-

2062 1413 2287 1470 gnorum
2322 1398 2604 1453 affectibus
2646 1414 2675 1451 a
2732 1406 2880 1453 recto
2912 1398 3108 1461 itinere
3141 1397 3365 1453 minime
3395 1399 3651 1469 digressae

2062 1498 2206 1556 sunt,
2237 1491 2312 1545 ita
2364 1490 2538 1545 sancti
2586 1491 2787 1545 mundo
2835 1490 3209 1544 renuntiantes
3249 1490 3510 1560 parentali
3552 1490 3653 1545 ob-

2062 1591 2214 1637 tentu
2248 1598 2353 1636 non
2384 1582 2584 1637 debent
2608 1597 2639 1635 a
2679 1581 2821 1636 bono
2845 1581 3130 1652 praepediri
3173 1582 3471 1652 proposito,
3510 1582 3652 1637 sicut

2064 1671 2277 1744 Moyses
2304 1671 2379 1725 ait
2412 1689 2426 1725 :
2457 1689 2476 1721 ι
2515 1669 2614 1737 Qui
2639 1670 2827 1725 dicunt
2865 1670 3005 1739 patri
3028 1685 3127 1724 suo
3145 1677 3201 1724 et
3223 1670 3382 1724 matri
3416 1688 3431 1724 :
3456 1668 3651 1726 Nescio

2063 1777 2182 1827 vos,
2212 1770 2267 1817 et
2296 1760 2555 1816 fratribus
2595 1760 2707 1815 suis
2739 1777 2751 1813 :
2779 1759 2973 1830 Ignoro
2998 1774 3118 1824 vos,
3158 1766 3214 1814 et
3241 1760 3555 1814 nescierunt
3582 1760 3650 1815 li-

370 1857 431 1901 et
456 1848 584 1903 licet
600 1848 795 1913 coacti,
824 1848 1059 1902 studium
1082 1849 1209 1902 vitae
1247 1863 1358 1903 sua:
1403 1848 1720 1902 meliorandi
1753 1849 1959 1917 impen-
1986 1833 2033 1891 Β
2060 1852 2162 1906 lios
2185 1866 2332 1915 suos,
2357 1851 2413 1905 1ιί
2441 1850 2816 1905 custodierunt
2847 1856 3231 1904 testamentum
3261 1849 3378 1913 Dei,
3418 1855 3475 1904 et
3514 1864 3653 1919 pra:-

370 1940 536 1994 dunt.
563 1939 711 2007 Quod
737 1940 877 1995 bene
926 1939 1235 2011 significant
1262 1940 1499 2009 quinque
1545 1939 1793 1993 civitates
1831 1939 1959 1994 Phi-

371 2030 742 2095 listhinorum,
788 2031 841 2085 id
884 2041 991 2095 est,
1031 2030 1252 2095 Azotus,
1299 2030 1466 2095 Gaza,
1509 2029 1765 2092 Ascalon,
1796 2028 1954 2092 Geth,

371 2120 645 2187 Aecaron,
690 2120 811 2175 illos
832 2121 1084 2175 videlicet
1129 2120 1493 2189 exprimentes
1531 2120 1622 2189 qui
1672 2104 1961 2174 exterioris

371 2212 614 2267 hominis
640 2219 795 2266 actus
826 2213 1159 2280 sequuntur!
1181 2209 1289 2282 (Ea:
1318 2207 1684 2279 Hieronymo.)
1712 2207 1858 2266 Gaza
1884 2209 1961 2263 ci—

371 2306 520 2359 vitas
556 2314 638 2359 est
666 2304 971 2369 Evmorum,
1000 2303 1054 2357 in
1104 2317 1209 2372 qua
1246 2301 1558 2356 habitavere
1589 2299 1954 2370 Cappadoces,

368 2398 625 2467 pristinis
671 2396 969 2453 cultoribus
1016 2394 1334 2449 interfectis.
1384 2393 1538 2463 Apud
1585 2401 1794 2447 veteres
1842 2399 1963 2445 erat

370 2488 641 2541 terminus
683 2484 1109 2540 Chananmorum
1132 2484 1286 2553 juxta
1316 2481 1631 2552 Egyptum,
1660 2480 1960 2549 ceciditque

371 2577 433 2630 in
457 2585 659 2630 sortem
704 2576 879 2629 tribus
900 2572 1071 2639 ludar,
1106 2573 1200 2627 sed
1232 2587 1350 2626 eam
1400 2580 1606 2625 tenere
1628 2586 1733 2624 non
1764 2571 1957 2640 potuit,

370 2670 502 2745 quia
532 2669 810 2734 Enachim,
842 2668 895 2722 id
941 2683 1046 2731 csr,
1090 2667 1336 2738 gigantes
1380 2665 1812 2736 ΑΙΙορὶιγιοιιιιηι,
1842 2663 1957 2719 for-

373 2764 586 2818 tissime
614 2765 952 2817 restiterunt.
977 2760 1046 2815 Et
1070 2770 1154 2816 est
1179 2776 1348 2829 usque
1390 2761 1549 2815 bodie
1574 2759 1803 2828 insignis
1830 2759 1960 2813 civi-

373 2866 457 2912 tas
487 2857 809 2913 Palmstinze.
837 2856 1105 2923 Qumritur
1125 2864 1305 2909 autem
1350 2854 1619 2923 quomodo
1646 2853 1700 2906 in
1723 2852 1957 2921 quodam

370 2947 636 3016 propheta
664 2944 850 3015 (Soph.
884 2943 946 3013 ιι)
975 2945 1189 2999 dicatur
1213 2943 1356 2998 Gaza
1404 2942 1585 2997 futura
1616 2943 1669 2995 in
1695 2941 1959 3026 tumplpm

372 3012 802 3103 sempiternum?
851 3012 1002 3100 Quod
1049 3032 1395 3095 solviturit-v,
1451 3012 1962 3107 εηῑίσιιιιθῗρῖῖιᾷῑτξῑξε

372 3126 554 3180 locum
604 3125 694 3178 vix
748 3122 1214 3178 fundamentorum
1262 3123 1503 3192 prmbere
1537 3112 1762 3192 vestigia
1780 3122 1813 3187 ;⁵
1846 3100 1995 3192 huic:

372 3224 579 3275 autem,
601 3228 722 3282 qua:
750 3227 891 3266 nunc
924 3211 1183 3273 cernitur,
1216 3210 1269 3264 in
1302 3210 1408 3265 alio
1443 3209 1560 3266 loco
1582 3209 1961 3287 ,proillavaedi-

374 3306 559 3359 licata.
595 3280 826 3359 Ascalon
870 3309 1061 3357 autem.
1097 3302 1230 3355 urbs
1276 3309 1360 3355 est
1406 3280 1957 3376 ιιοιιὶῐὶυεῖξᾶἰέεᾷἱᾷἓβ,

373 3395 509 3462 Quae
531 3404 585 3448 et
616 3396 731 3463 ipsa
758 3393 1056 3462 antiquitus
1080 3407 1184 3446 una
1221 3389 1324 3446 fuit
1359 3392 1424 3446 de
1454 3370 1693 3461 quinqde
1715 3370 1963 3458 satrapiis

374 3485 803 3555 Allopbylorum,
835 3492 1081 3553 separata
1107 3483 1322 3553 quidem
1360 3491 1417 3536 et
1451 3497 1550 3551 per
1573 3490 1772 3536 sortem
1801 3480 1962 3536 tribui

373 3574 530 3629 Iudae
556 3575 793 3639 decreta,
818 3590 921 3629 nec
944 3584 1122 3629 tamen
1152 3581 1361 3629 retenta
1390 3572 1456 3627 ab
1479 3588 1564 3637 ea,
1591 3573 1716 3642 quia
1747 3572 1961 3628 habita-

376 3674 527 3721 tores
560 3666 676 3735 eius
721 3679 976 3734 superare
1006 3680 1113 3718 non
1158 3664 1352 3733 potuit.
1383 3663 1543 3727 Getb,
1574 3663 1643 3717 ad
1681 3678 1841 3732 quem
1878 3662 1961 3718 lo-

373 3772 505 3813 cum
532 3757 921 3812 transtulerunt
946 3771 1128 3811 arcam
1166 3755 1475 3810 testamenti
1509 3754 1577 3809 de
1593 3753 1788 3820 Azow,
1818 3769 1963 3810 nunc

374 3849 531 3904 vicus
576 3848 819 3919 grandis,
870 3855 1097 3902 vocatur
1138 3846 1445 3903 .Gechtham
1477 3846 1619 3902 inter
1665 3845 1964 3916 Antipatri-

373 3942 497 3996 dem
529 3948 585 3996 et
607 3938 895 3993 Jamniam.
922 3938 1027 3994 Sed
1050 3946 1104 3993 et
1125 3938 1230 3992 alia
1252 3937 1376 3993 villa
1395 3936 1695 4007 appellatur
1713 3935 1958 3991 Gecbim.

372 4032 624 4087 Accaron
654 4032 709 4085 in
741 4031 883 4085 tribu
912 4039 997 4085 est
1041 4029 1178 4091 Dan,
1210 4029 1325 4084 sive
1353 4027 1437 4098 (ut
1473 4043 1574 4098 ego
1622 4025 1876 4098 arbitror)
1905 4027 1960 4082 in

373 4123 521 4178 tribu
561 4120 713 4175 Iudae
748 4122 815 4175 ad
862 4121 1046 4175 larvam
1090 4118 1537 4182 Cbananarorum,
1581 4117 1712 4172 urbs
1758 4133 1864 4172 una
1894 4117 1961 4172 de

372 4212 619 4281 quinque
642 4210 769 4266 olim
791 4210 1043 4280 satrapiis
1068 4208 1383 4273 Palaestina;
1408 4217 1464 4264 et
1482 4209 1702 4264 decreta
1729 4214 1814 4262 est
1837 4207 1961 4277 qui-

373 4306 498 4357 dem
528 4302 690 4356 tribui
710 4300 883 4366 Judze,
898 4316 998 4354 nec
1026 4308 1205 4354 tamen
1233 4307 1377 4354 tenta
1399 4300 1465 4354 ab
1488 4314 1575 4365 ea,
1597 4301 1722 4369 quia
1743 4299 1924 4354 habita
1939 4329 1958 4340 -

373 4401 526 4445 tores
556 4390 816 4460 pristinos
843 4389 1088 4458 nequivit
1115 4387 1403 4458 expellere.
1439 4387 1545 4442 Sed
1576 4396 1631 4442 et
1658 4402 1831 4456 usque
1860 4387 1957 4441 ho-

369 4483 461 4538 die
490 4482 710 4552 grandis
740 4483 891 4537 vicus
935 4483 1134 4537 civium
1161 4481 1468 4536 Judzeorum
1488 4484 1732 4537 Accaron
1757 4482 1957 4537 dicitur

370 4578 519 4630 inter
545 4574 774 4628 Azotum
809 4583 864 4629 et
906 4573 1176 4630 Jamniam
1217 4576 1284 4630 ad
1323 4576 1586 4630 orientem
1635 4576 1948 4647 respiciens.

304 4652 311 4657 ’
368 4667 603 4734 Quidam
652 4674 844 4736 putant
892 4664 1139 4722 Accaron
1189 4676 1392 4723 turrem
1422 4666 1725 4736 Stratonis,
1763 4679 1952 4738 postea

367 4757 672 4811 Caesaream
711 4764 1095 4825 nuncupatam.
1148 4755 1353 4810 Azotus
1390 4755 1472 4827 (ut
1515 4757 1762 4826 superius
1814 4741 1951 4813 dixti-

370 4848 524 4916 nms)
552 4846 942 4917 interpretatur
980 4846 1116 4915 ignis
1154 4847 1319 4918 patris
1367 4847 1469 4900 mei
1512 4846 1597 4901 vel
1625 4848 1946 4903 incendium.

367 4937 519 4992 Gaza
549 4937 941 5006 interpretatur
976 4936 1249 5004 fortitudo.
1272 4936 1525 5003 Asealon,
1546 4937 1681 5007 ignis
1707 4937 1945 5006 infamis,

369 5038 467 5082 aut
489 5028 624 5097 ignis
652 5026 916 5097 ignobilis.
944 5024 1081 5081 Getb
1102 5066 1116 5091 ,
1151 5027 1405 5082 torcular.
1445 5027 1691 5082 Accaron
1736 5040 1949 5096 quoque

368 5117 761 5185 interpretatur
779 5115 1005 5169 eruditio
1034 5117 1261 5172 tristitia:
1288 5116 1375 5172 vel
1402 5116 1717 5171 sterilitatis.
1760 5115 1949 5172 Omnis

367 5208 514 5262 enim
543 5207 980 5276 concupiscentia
1012 5204 1227 5262 infamis
1256 5215 1419 5278 atque
1440 5208 1691 5279 ignobilis
1714 5223 1812 5277 per
1832 5209 1948 5263 dia-

368 5300 555 5353 bolum
581 5297 929 5363 inllammata,
956 5306 1117 5369 atque
1151 5314 1250 5370 per
1273 5301 1574 5355 contrarias
1603 5298 1947 5356 fortitudines

368 5389 645 5460 instigata,
671 5396 727 5444 et
757 5389 908 5457 quasi
956 5404 1053 5459 per
1111 5389 1346 5448 torcular
1372 5390 1627 5460 nequitia:
1665 5404 1942 5458 expressa,

366 5480 554 5533 vinum
609 5477 885 5549 profundit
932 5480 1310 5535 amaritudinis
1364 5480 1420 5534 in
1477 5479 1724 5535 doctrina
1780 5496 1942 5551 prava

366 5576 423 5622 et
445 5567 844 5638 iwoperatione
864 5584 1141 5638 perversa.
1175 5569 1328 5624 Unde
1355 5584 1575 5625 necesse
1608 5577 1691 5625 est
1734 5578 1793 5623 ut
1830 5578 1946 5625 ten-

290 5728 293 5731 »
367 5659 464 5713 dat
486 5660 556 5716 ad
582 5667 834 5727 mortem,
854 5660 944 5716 ubi
964 5671 1048 5717 est
1073 5661 1289 5717 tristitia
1312 5678 1436 5717 vera
1467 5671 1521 5719 et
1544 5662 1797 5718 sterilitas
1823 5678 1946 5734 per-

370 5759 551 5819 petua.

1980 4527 2033 4586 D

2057 1952 2210 2012 cepta
2255 1941 2374 2012 ejus
2426 1947 2781 1996 servaverunt
2814 1957 2826 1992 :
2855 1938 3068 1993 Iudicia
3109 1946 3223 2003 tua,
3258 1937 3444 2004 Iacob,
3473 1949 3531 1996 et
3574 1940 3652 1996 le-

2058 2047 2177 2102 gem
2221 2042 2389 2096 tuam,
2419 2029 2585 2085 Israel
2632 2028 2811 2101 (Deut.
2853 2028 3074 2098 xxxm).
3114 2048 3134 2081 »
3168 2029 3261 2083 Ille
3307 2030 3454 2084 enim
3505 2031 3651 2086 scire
3690 2025 3700 2037 ’

2057 2121 2227 2176 Deum
2248 2121 2567 2176 familiarius
2594 2120 2817 2189 appetit,
2841 2120 2932 2189 qui
2960 2134 3073 2191 pra:
3100 2134 3286 2176 amere
3312 2121 3533 2190 pietatis
3560 2137 3652 2179 ne-

2059 2214 2202 2269 scire
2232 2214 2505 2269 desiderat
2533 2212 2893 2282 quodcunque
2919 2212 3213 2268 carnaliter
3235 2213 3434 2269 sciunt.

2136 2323 2155 2353 ι
2184 2303 2339 2358 Ibant
2369 2311 2571 2365 autem,
2597 2303 2794 2372 inquit,
2822 2303 2875 2357 in
2900 2303 3164 2358 directum
3186 2319 3365 2359 vacca:
3387 2320 3485 2374 per
3504 2306 3648 2361 viam

2064 2413 2084 2446 ι
2115 2411 2236 2464 quae
2287 2395 2437 2449 ducit
2476 2395 2831 2463 Bctbsames,
2882 2416 2901 2449 ι
2948 2405 3053 2453 etc.
3105 2398 3226 2467 (Ea:
3267 2400 3649 2475 Hieronymo.)
3736 2395 3751 2402 ’

2057 2483 2363 2539 Bethsamis
2386 2485 2576 2539 civitas
2605 2492 2687 2539 cst
2714 2487 3066 2543 sacerdotalis
3092 2489 3146 2543 in
3175 2490 3317 2543 tribu
3346 2490 3647 2559 Beniamin,

2059 2591 2179 2645 qua:
2226 2591 2396 2644 usque
2444 2577 2604 2631 hodie
2657 2578 3058 2634 demonstratur
3112 2581 3180 2637 de
3238 2582 3641 2653 Eleutheropeli

2059 2665 2407 2735 pergentibus
2430 2665 2751 2734 Nicopolim,
2809 2667 2865 2721 in
2921 2669 3131 2723 decimo
3161 2670 3415 2724 milliario
3459 2681 3649 2727 contra

2060 2754 2377 2810 orientalem
2407 2755 2643 2826 plagam.
2673 2755 2982 2811 Bethsamis
3009 2758 3178 2812 altera
3217 2759 3269 2813 in
3300 2759 3441 2814 tribu
3469 2759 3644 2832 Nepln.

2061 2845 2273 2911 thalim,
2333 2845 2386 2899 in
2439 2860 2545 2914 qua
2586 2854 2643 2900 et
2693 2846 2793 2916 ipsi
2852 2846 3090 2903 cultores
3137 2849 3350 2919 pristini
3400 2865 3652 2922 perman-

2061 2949 2202 2989 scre.

2078 3038 2158 3111 ,χι
2192 3023 2479 3111 Εειιριιριθ
2519 3040 2636 3111 uno
2683 3025 3070 3096 gradiebantur
3104 3008 3392 3099 pergentes
3427 3037 3484 3085 et
3530 3047 3649 3085 mu-

2060 3098 2095 3169 ί
2123 3098 2436 3201 gienreéic't
2457 3098 2939 3201 ιιςέιῖῗᾷθᾷιξιιέιῖιειηι
2960 3134 3134 3189 neque
3161 3098 3227 3176 ad
3250 3120 3529 3177 dexteram
3552 3138 3646 3179 ue-

2072 3226 2090 3257 ι
2127 3222 2232 3275 que
2258 3191 2718 3272 διιῖΐηῖεὴαώέί
2744 3191 2842 3264 ἐπὶ
2885 3209 3031 3266 Bene
3083 3211 3217 3266 dicit
3264 3214 3406 3283 quod
3453 3215 3650 3270 itinere

2026 3295 2946 3385 ’ilttogfgraglicbantur_Bcthsamis,
2976 3302 3079 3356 hoc
3116 3310 3221 3368 est,
3252 3304 3395 3357 viam
3444 3305 3649 3376 regiam

2045 3372 2378 3470 incedentes
2408 3372 2972 3470 Eri:d5!1_iuiﬁ:solls,;in
3006 3391 3183 3447 locum
3221 3372 3648 3463 videlicetjusti-

2064 3478 2152 3532 tize
2178 3486 2234 3533 et
2277 3460 2542 3533 veritalis‘.
2575 3459 2903 3535 ἢέιιγέᾰωῖεέ
2925 3482 3067 3550 enim
3118 3459 3507 3555 interpretatur
3554 3488 3652 3542 do-

2064 3585 2180 3622 mus
2208 3568 2358 3634 solis,
2381 3578 2434 3623 et
2456 3569 2723 3640 significat
2759 3571 3035 3627 cmlestem
3066 3571 3385 3632 Jerusalem.
3422 3578 3514 3631 ubi
3555 3575 3649 3634 Sol

2058 3656 2280 3728 iustitiae
2332 3674 2545 3729 semper
2598 3659 2760 3715 lucet.
2792 3661 2996 3717 «Ibant
3046 3672 3230 3719 autem
3279 3666 3332 3720 in
3380 3666 3647 3727 directum

2063 3765 2262 3813 vaccas,
2286 3760 2340 3804 et
2375 3765 2483 3805 non
2514 3750 2860 3806 declinabant
2880 3767 3054 3823 neque
3083 3754 3150 3809 ad
3170 3756 3448 3811 dexteram
3472 3774 3650 3830 neque

2063 3839 2130 3894 ad
2176 3838 2474 3903 sinistram,
2516 3858 2534 3890 ι
2566 3847 2669 3895 etc.
2700 3839 2756 3895 Id
2806 3849 2913 3906 est,
2953 3857 3057 3896 non
3104 3843 3499 3901 extollebantur
3523 3862 3651 3917 pro—

2062 3929 2254 3999 speris,
2278 3944 2452 3999 neque
2477 3929 2867 4000 frangebantur
2890 3932 3152 3986 adversis.
3176 3932 3328 3989 Unde
3347 3935 3478 3991 dicit
3499 3938 3646 4008 Apo-

2063 4020 2234 4075 stolus
2259 4037 2274 4074 :
2305 4037 2324 4070 ‹
2358 4019 2465 4074 Per
2497 4035 2647 4074 arma
2669 4021 2894 4090 iustitia:
2929 4037 2960 4075 a
2990 4022 3198 4077 dextris
3224 4032 3280 4079 et
3310 4039 3340 4080 a
3388 4028 3644 4095 sinistris,

2060 4127 2159 4182 per
2176 4112 2403 4183 gloriam
2434 4120 2488 4166 et
2511 4112 2923 4183 ignobilitatem,
2942 4129 3039 4183 per
3061 4114 3339 4171 infamiam
3368 4126 3424 4173 ct
3447 4119 3643 4174 bonam

2059 4201 2283 4267 famam,
2305 4211 2366 4257 ut
2395 4202 2708 4257 seductores
2729 4210 2785 4257 et
2801 4217 3046 4268 veraces,
3083 4222 3102 4255 ι
3129 4211 3236 4260 etc.
3276 4205 3360 4279 (II
3389 4207 3510 4262 Cor.
3541 4209 3642 4278 vr.)

2062 4291 2169 4363 (Ea:
2198 4288 2490 4363 Gregorio.)
2511 4290 2569 4345 Si
2593 4291 2755 4360 igitur
2774 4291 2841 4346 ad
2867 4292 3052 4346 mterni
3081 4291 3223 4348 Solis
3252 4294 3639 4353 habitationem

2062 4385 2351 4449 tendimus,
2394 4385 2614 4454 dignum
2647 4384 2892 4454 profecto
2918 4396 3002 4441 est
3027 4394 3087 4441 ut
3115 4387 3181 4442 de
3210 4389 3306 4443 Dei
3338 4389 3527 4445 itinere
3543 4406 3642 4460 pro

2061 4475 2367 4530 carnalibus
2419 4474 2702 4529 all‘ectibus
2750 4490 2858 4530 non
2912 4476 3261 4551 declinemus.
3318 4477 3453 4532 Tota
3497 4480 3639 4537 enim

2057 4566 2253 4619 virtute
2280 4564 2616 4634 pensandum
2642 4573 2727 4620 est
2743 4566 2888 4635 quod
2910 4581 3085 4620 vacca:
3110 4566 3206 4620 Dei
3237 4567 3481 4635 plaustro
3507 4584 3639 4639 sup-

2056 4658 2244 4726 posita:
2268 4665 2502 4727 pergunt
2529 4665 2585 4711 et
2618 4665 2857 4727 gemunt,
2882 4657 3013 4712 dant
3041 4659 3109 4714 ab
3131 4659 3335 4714 intimis
3379 4661 3634 4731 mugitus,

2056 4757 2111 4803 et
2145 4756 2324 4802 tamen
2374 4749 2441 4802 de
2472 4748 2665 4802 itinere
2703 4763 2809 4801 non
2858 4747 3141 4803 reﬂectunt
3189 4765 3426 4819 gressus.
3469 4750 3638 4806 Amo-

2059 4854 2172 4893 rem
2201 4839 2416 4908 quidem
2462 4852 2560 4906 per
2608 4838 3038 4907 compassionem
3069 4838 3328 4904 sentiunt,
3352 4839 3446 4895 sed
3501 4841 3637 4896 colla

2056 4929 2326 5000 posterius
2352 4943 2460 4982 non
2493 4925 2803 4985 deflectunt.
2835 4927 2927 4982 Sic
2970 4928 3227 4983 nimirum
3255 4931 3636 4998 pmdicatores

2055 5021 2170 5083 Dei,
2196 5020 2275 5074 sic
2294 5017 2479 5073 ﬁdeles
2498 5018 2698 5089 quique
2726 5031 2850 5071 esse
2874 5017 3016 5071 intra
3044 5026 3286 5072 sanctam
3335 5019 3636 5076 Ecclesiain

2054 5111 2270 5175 debent,
2295 5116 2354 5165 ut
2379 5117 2434 5163 et
2454 5108 2852 5178 compatiantur
2870 5109 3133 5178 proximis
3166 5125 3264 5179 per
3290 5111 3633 5179 charitatem,

2053 5208 2107 5254 et
2133 5209 2310 5254 tamen
2349 5199 2415 5255 de
2444 5199 2529 5253 via
2560 5198 2659 5252 Dei
2690 5214 2794 5253 non
2832 5199 3137 5253 exorbitent
3161 5216 3259 5270 per
3302 5204 3634 5272 compassio-

2051 5306 2193 5344 nem.
2210 5290 2407 5344 Arcam
2433 5289 2630 5359 quippe
2649 5288 3042 5359 superpositam
3060 5288 3364 5345 Bethsamis
3383 5308 3630 5363 pergere,

2049 5390 2133 5438 est
2159 5397 2279 5437 cum
2307 5396 2536 5450 superna
2558 5381 2785 5437 scientia
2814 5382 2882 5436 ad
2911 5382 3136 5438 internze
3180 5384 3317 5439 lucis
3345 5386 3627 5441 habitacu—

2045 5473 2158 5528 lum
2187 5474 2569 5544 propinquare.
2624 5473 2730 5529 Sed
2761 5481 2889 5528 tunc
2942 5489 3067 5529 vere
3095 5475 3401 5531 Bethsamis
3449 5477 3616 5530 tendi-

2046 5581 2185 5628 mus,
2219 5580 2343 5620 cum
2367 5565 2452 5618 via
2483 5564 2822 5619 rectitudinis
2843 5564 3152 5635 gradientes
3188 5567 3255 5621 ad
3281 5566 3457 5620 vicina
3477 5581 3629 5621 erro-

2048 5658 2123 5712 ris
2151 5659 2315 5709 latera
2343 5671 2444 5725 pro
2477 5649 2666 5711 affectu
2691 5656 2972 5725 pignorum
2997 5672 3104 5710 non
3151 5657 3506 5712 declinamus.
3533 5657 3626 5713 Sic

2051 5763 2283 5820 namque
2318 5763 2459 5803 nunc
2484 5762 2702 5802 necesse
2736 5757 2821 5801 est
2865 5755 2921 5801 ut
2964 5746 3209 5802 incedere
3253 5748 3504 5814 debeant,
3531 5751 3622 5821 qui
