4026 6202
304 354 386 415 οό
1142 353 1495 412 (ΞΟΜΗΕΝΤ.
1537 350 1603 411 IN
1641 352 1885 411 LIBROS

2030 352 2292 411 REGIZM.
2333 386 2401 397 ——
2440 352 2507 410 IN
2542 352 2670 413 LIB.
2709 356 2749 412 I.
3523 363 3589 419 BI

310 484 407 530 tur
432 485 677 542 namque
703 470 756 523 in
769 467 1150 538 \sequentibus
1173 467 1317 537 quod
1357 466 1689 535 temporibus
1735 464 1915 521 Saulis
1945 471 1990 527 Α
2026 483 2045 516 ε
2082 466 2185 520 rati
2224 476 2371 529 sunt,
2406 475 2463 522 et
2482 475 2868 536 percusserunt
2886 482 2981 523 eos
3006 484 3178 539 usque
3202 465 3267 524 ad
3293 464 3470 533 locum
3498 476 3591 546 qui

308 565 489 623 fuerit
514 565 655 619 elata
685 561 755 617 de
801 561 906 615 hac
946 560 1186 624 civitate,
1214 568 1269 614 et
1305 559 1466 613 allata
1492 559 1547 612 in
1587 565 1787 623 castra,
1817 573 1911 627 pu-

307 666 524 729 gnante
552 670 618 709 eo
661 653 951 707 adversum
1002 650 1362 705 Philisthmos.
1404 648 1498 704 Sic
1546 649 1746 703 etenim
1775 648 1910 703 scri-

246 736 257 743 ’
309 757 476 817 ptum
499 754 626 799 est:
664 761 683 795 ι
722 743 791 797 Et
824 742 903 796 ait
927 741 1057 796 Saul
1093 740 1160 795 ad
1185 740 1411 794 Achiam
1441 738 1908 809 :Applicaarcam

310 837 438 892 Dei.
473 837 603 891 Erat
631 835 778 890 enim
825 834 897 888 ibi
948 847 1074 887 arca
1110 832 1206 886 Dei
1244 831 1300 886 in
1347 830 1436 885 die
1488 829 1578 885 illo
1615 845 1749 887 cum.
1780 828 1909 885 ﬁliis

308 929 487 986 Israel
512 928 562 1001 (1
605 927 731 997 Reg.
770 924 905 995 xiv).
945 943 965 976 ι
1000 924 1069 978 Ει
1120 923 1247 994 quia
1290 929 1507 978 constat
1549 921 1691 991 quod
1738 920 1907 981 David

309 1040 438 1078 eam
469 1024 523 1077 in
553 1019 861 1075 Jerusalem
886 1017 1192 1081 adduxerit,
1216 1015 1452 1071 ablatam
1488 1014 1554 1068 de
1590 1013 1752 1067 domo
1772 1010 1907 1066 Abi-

311 1117 519 1180 nabad,
552 1116 606 1169 in
636 1128 798 1183 quam
828 1127 973 1166 nunc
1016 1109 1166 1163 illata
1202 1122 1322 1163 esse
1346 1106 1691 1177 perhibetur,
1737 1110 1910 1158 restat

310 1207 541 1277 intelligi
570 1203 715 1275 quod
741 1204 794 1257 in
818 1201 1007 1257 diebus
1034 1199 1218 1255 Saulis
1240 1199 1409 1254 relata
1429 1197 1496 1251 de
1521 1196 1740 1258 castris,
1772 1202 1827 1249 et
1853 1195 1908 1248 in

308 1299 595 1371 pratfatam
630 1297 701 1352 sit
741 1295 887 1350 illata
914 1294 1216 1359 civitatem,
1245 1292 1388 1346 unde
1410 1291 1609 1355 denuo,
1648 1295 1908 1359 regnante

313 1391 513 1455 David,
537 1388 797 1443 all‘eretur
824 1387 878 1440 in
907 1383 1229 1439 Jerusalem.
1264 1382 1362 1436 Est
1396 1395 1528 1451 ergo
1571 1393 1764 1434 sensus
1792 1392 1908 1431 me-

311 1490 540 1537 moratae
567 1476 855 1534 sententia:
878 1493 891 1528 :
917 1474 1052 1541 Quia
1081 1488 1150 1527 ex
1190 1487 1301 1543 quo
1324 1471 1525 1526 mansit
1550 1485 1677 1525 arca
1706 1471 1758 1524 in
1805 1468 1908 1524 Ca-

311 1571 661 1635 riathiarim,
707 1575 831 1623 erat
880 1580 1056 1620 annus
1099 1563 1392 1619 vicesimus
1436 1576 1561 1616 cum
1614 1576 1736 1616 eam
1782 1559 1907 1613 inde

314 1660 601 1716 transferri
629 1658 965 1729 temporibus
988 1655 1120 1712 Saul
1138 1669 1305 1710 causa
1326 1653 1449 1709 belli
1474 1652 1784 1722 contigerit.
1810 1650 1905 1705 Vel

308 1761 461 1808 certe
488 1750 783 1806 vicesimus
803 1756 923 1803 erat
947 1760 1122 1803 annus
1152 1760 1277 1801 cum
1306 1744 1482 1799 adhuc
1509 1743 1689 1798 omnis
1713 1743 1904 1797 domus

2020 573 2040 608 σ
2075 565 2196 612 erat
2245 558 2431 613 subter
2462 556 2714 613 Bethear.
2753 579 2773 611 ι
2809 559 3040 615 Bethcar
3080 562 3469 634 interpretatur
3505 569 3592 624 do»

2009 664 2127 702 mus
2156 650 2438 719 agnitionis
2464 650 2550 705 vel
2569 651 2757 706 domus
2803 653 3106 723 agni.‘Cum
3133 672 3231 727 per
3276 660 3578 728 pradicant)

2010 753 2099 792 res
2128 738 2400 810 Evangelii
2435 740 2696 799 Dominus
2720 758 2883 811 super
2920 743 3104 801 hostes
3146 747 3422 816 spiritales
3456 752 3594 807 into-

2008 829 2148 892 nuit,
2181 829 2235 883 in
2263 828 2443 900 fugam
2465 831 2608 885 versi
2630 842 2952 888 corruerunt
2983 849 3164 891 coram
3195 837 3383 905 Israel,
3406 841 3458 895 id
3485 851 3590 906 est,

2009 933 2193 974 coram
2222 920 2416 990 populo
2468 921 2583 976 Dei.
2616 922 2681 976 Et
2716 924 2986 992 persecuti
3032 934 3159 979 sunt
3202 942 3302 983 eos
3337 945 3508 999 usque
3535 932 3590 986 in

2008 1010 2227 1065 domum
2265 1012 2574 1081 agnitionis,
2603 1013 2706 1069 hoc
2747 1022 2853 1078 est,
2905 1030 3187 1086 quousque
3225 1020 3402 1075 omnis
3435 1035 3593 1079 error

2007 1110 2366 1170 expugnetur,
2389 1112 2443 1157 et
2469 1118 2596 1159 vere
2622 1104 2764 1158 Deus
2787 1114 3128 1175 agnoscatur.

2085 1210 2103 1243 ι
2143 1191 2293 1248 Tunc
2325 1196 2618 1264 assumpsit
2663 1182 2879 1251 Samuel
2920 1198 3155 1267 lapidem
3190 1216 3377 1268 unum,
3398 1213 3453 1259 et
3481 1214 3594 1261 sta-

2013 1303 2035 1337 c
2068 1287 2171 1341 tuit
2209 1286 2359 1341 illum
2389 1289 2532 1355 inter
2554 1288 2799 1359 Masphat
2824 1298 2879 1343 et
2921 1291 3064 1345 inter
3094 1290 3202 1347 Sen
3243 1293 3369 1366 (vel,
3397 1305 3460 1351 ut
3482 1298 3589 1351 alia

2006 1377 2173 1432 editio
2198 1379 2379 1444 habet,
2414 1398 2433 1430 ι
2462 1380 2604 1435 inter
2647 1382 2893 1452 Masphat
2921 1396 3118 1437 novum
3163 1394 3219 1439 et
3244 1393 3528 1458 veterem).
3566 1410 3585 1443 ι

2012 1485 2033 1518 ε
2064 1468 2133 1522 Ει
2160 1472 2373 1525 vocavit
2396 1487 2590 1526 nomen
2620 1472 2740 1541 ejus
2786 1474 3127 1544 Abenneger,
3175 1478 3320 1545 quod
3343 1487 3447 1544 est,
3483 1480 3589 1535 La-

2013 1582 2032 1615 c
2069 1566 2202 1631 tine,
2245 1564 2380 1636 lapis
2408 1568 2684 1639 adjutorii.
2720 1569 2787 1623 Et
2823 1571 3002 1625 dixit:
3035 1571 3217 1642 Usque
3241 1574 3349 1628 huc
3388 1574 3594 1644 adjuvit

2010 1671 2030 1704 ί
2067 1669 2166 1709 nos
2207 1655 2492 1723 Dominus,
2530 1678 2547 1710 ι
2585 1668 2691 1714 etc.
2740 1659 2982 1728 Maspbat
3006 1661 3087 1732 (ut
3134 1677 3294 1731 supra
3333 1663 3591 1737 diximus)

2005 1744 2396 1817 interpretatur
2414 1750 2648 1803 intentio.
2677 1748 2796 1821 (Ea:
2822 1751 3089 1824 Isidoro.)
3114 1753 3277 1824 Lapis
3308 1754 3397 1809 ille
3436 1754 3591 1825 adju-

305 1842 479 1899 Israel
538 1840 808 1911 requievit
858 1846 981 1909 post
1020 1837 1331 1901 Dominum,
1379 1833 1606 1902 abiectis
1645 1832 1900 1887 videlicet
1925 1827 1976 1887 Β
2005 1836 2127 1891 torii
2158 1839 2420 1894 medietas
2446 1848 2531 1894 est
2552 1839 2873 1908 Salvatoris,
2894 1856 2992 1913 per
3013 1858 3172 1912 quem
3201 1846 3589 1901 transeundum

308 1937 505 2001 idolis,
522 1934 599 1989 illi
633 1933 735 1988 soli
766 1932 1032 1989 serviens.
1059 1928 1215 1996 Quod
1261 1942 1381 1983 eam
1409 1926 1607 1981 fecisse
1628 1933 1743 1979 toto
1771 1932 1907 1979 tem-

305 2042 449 2098 pore
474 2025 797 2099 przesulatus
821 2022 1118 2084 Samuelis.
1158 2021 1252 2091 qui
1278 2017 1537 2094 (Josepbo
1561 2017 1719 2088 teste)
1751 2018 1908 2087 quin-

302 2120 489 2175 decim
516 2117 679 2173 annis
703 2115 1005 2186 completus
1026 2121 1134 2178 est,
1176 2120 1234 2167 et
1260 2111 1440 2182 primo
1480 2118 1725 2179 tempore
1752 2107 1905 2178 regni

305 2212 471 2277 Saul,
495 2210 641 2282 quod
668 2209 883 2282 (eodem
926 2205 1189 2262 historico
1229 2200 1563 2273 afﬁrmante)
1592 2198 1786 2272 viginti
1815 2214 1907 2252 an-

306 2305 397 2356 nis
429 2301 619 2364 tenuit,
652 2298 831 2353 nullus
871 2307 1073 2351 sancue
1107 2292 1349 2349 historiae
1375 2291 1627 2346 curiosus
1655 2289 1901 2359 ignorat:

304 2407 546 2461 namque
569 2388 912 2459 postmodum
938 2400 1062 2440 cum
1110 2381 1429 2438 recessisset
1465 2395 1499 2433 a
1529 2377 1693 2433 Saulo
1734 2376 1905 2446 Spiri-

306 2492 395 2535 tus
423 2480 675 2544 Domini,
702 2485 759 2532 et
784 2477 1016 2547 agitaret
1035 2489 1161 2529 eum
1187 2472 1413 2542 spiritus
1448 2483 1701 2539 nequam,
1728 2466 1905 2521 maxi-

303 2588 395 2627 me
448 2572 518 2625 ad
555 2567 992 2641 persequendum
1043 2563 1217 2619 David
1250 2561 1531 2616 innoxium
1569 2568 1626 2615 et
1668 2556 1900 2627 justum,

302 2675 540 2718 necesse
560 2668 676 2716 erat
697 2667 912 2731 partem
946 2655 1154 2710 militiae
1193 2653 1279 2707 vel
1321 2650 1496 2721 plebis
1522 2648 1640 2718 ejus
1666 2646 1902 2703 nonnul-

303 2757 414 2811 lam
443 2754 664 2809 malitiae
693 2752 837 2806 illius
861 2748 1138 2805 exstitisse
1171 2744 1514 2815 compllcem.

382 2864 404 2898 ι
430 2844 792 2900 Abstulerunt
816 2855 947 2912 ergo
978 2839 1074 2893 filii
1095 2836 1267 2893 Israel
1303 2834 1507 2889 Baalim
1546 2841 1603 2888 et
1622 2830 1899 2895 Astarotlt,

308 2956 333 2988 ι
362 2946 419 2993 et
460 2936 775 2992 servierunt
815 2930 1046 2987 Domino
1075 2928 1203 2984 soli.
1234 2947 1255 2980 ι
1287 2926 1548 2982 Astarotb
1577 2926 1900 2994 interpreta-

304 3039 396 3085 tur
446 3029 661 3098 factura
737 3024 1154 3094 exploratorum.
1234 3018 1443 3073 Baalim
1514 3017 1903 3084 interpretatur

2006 1937 2091 1983 est
2116 1944 2146 1982 a
2172 1928 2418 1999 Masphat
2442 1939 2627 1987 vetere
2649 1932 2715 1987 ad
2738 1946 2955 1998 novam,
2974 1934 3033 1989 id
3060 1943 3167 2001 est,
3193 1935 3262 1991 ah
3290 1935 3592 1994 intentione

2004 2036 2110 2091 qua
2138 2022 2556 2091 exspectabatur
2602 2024 2655 2078 in
2703 2025 2907 2080 carnali
2936 2041 3104 2097 regno
3140 2028 3419 2087 beatitudo
3454 2028 3595 2086 falsa

2004 2110 2257 2176 carnalis,
2292 2110 2359 2167 ad
2412 2112 2804 2181 intentionem;
2842 2130 2950 2186 qua
2997 2131 3096 2186 per
3143 2116 3355 2173 Novum
3405 2117 3603 2174 Testa-2

2002 2210 2244 2255 mentum
2272 2209 2621 2271 exspectatur
2646 2203 2700 2257 in
2724 2218 2891 2276 regno
2919 2206 3178 2261 caelorum
3204 2209 3483 2263 beatitudo
3499 2226 3603 2265 γει-ο

2004 2290 2221 2345 rissima
2248 2292 2532 2361 spiritalis.
2556 2292 2670 2360 Qua
2701 2296 2958 2363 quoniam
2982 2297 3114 2351 nihil
3141 2306 3227 2352 est
3245 2299 3455 2366 melius,
3485 2301 3591 2357 huc
3616 2282 3630 2297 ⁸

2002 2382 2422 2452 usqueadjuvat
2449 2384 2610 2440 Deus.
2649 2403 2668 2436 ε
2704 2386 2946 2458 Eratque
2996 2404 3100 2459 pax
3154 2391 3298 2446 inter
3334 2392 3498 2449 Israel
3534 2406 3592 2451 et

2008 2489 2028 2522 ‹
2055 2472 2451 2528 Αιιιοιτὴεευιη.
2491 2493 2510 2527 ι
2544 2475 2893 2532 Amorrhaaus
2933 2479 3322 2550 interpretatur
3350 2500 3587 2552 amarus,

2001 2563 2086 2617 vel
2106 2563 2342 2634 loquens.
2370 2565 2440 2619 Et
2461 2564 2752 2636 Apostolus
2772 2569 2840 2623 ad
2858 2568 3126 2638 Ephesios
3146 2571 3222 2626 ita
3241 2572 3390 2628 dicit.
3413 2592 3432 2626 ι
3456 2575 3597 2641 Vos,-

1999 2653 2093 2723 qui
2127 2653 2419 2722 aliquando
2444 2656 2614 2711 eratis
2634 2656 2811 2728 longe,
2860 2658 2991 2713 facti
3017 2661 3153 2716 estis
3170 2676 3339 2733 prope
3367 2664 3422 2719 in
3465 2676 3600 2721 san:

2001 2744 2164 2815 guine
2191 2744 2416 2801 Christi.
2440 2746 2560 2817 Ipse
2605 2748 2751 2802 enim
2786 2756 2871 2804 est
2923 2765 3027 2821 pax
3062 2760 3285 2818 nostra,
3326 2755 3419 2825 qui
3460 2755 3592 2812 fecit

2000 2843 2232 2906 utraque
2256 2851 2443 2890 unum.
2488 2837 2558 2891 Et
2605 2837 2840 2893 medium
2881 2839 3145 2909 parietem
3195 2842 3445 2897 maceriae
3490 2842 3593 2899 sol-

1999 2940 2154 2991 vens,
2179 2926 2495 2982 inimicitias
2538 2928 2601 2981 in
2632 2942 2797 2983 carne
2844 2944 2943 2984 sua
2990 2929 3164 3000 legem
3208 2933 3590 2990 mandatorum

2002 3014 2236 3069 decretis
2261 3030 2555 3080 evacuans.
2581 3024 2646 3070 ut
2662 3018 2796 3071 duos
2824 3019 3024 3074 condat
3048 3019 3102 3073 in
3145 3022 3498 3093 semetipsum
3530 3025 3587 3083 in

304 3120 643 3176 ascendentes
668 3119 783 3174 sive
828 3117 1143 3188 superiores.
1182 3113 1285 3181 Qui
1311 3127 1444 3183 ergo
1472 3126 1637 3168 verus
1658 3108 1901 3164 Israelita
1936 3178 1971 3188 Α
2003 3122 2170 3161 unum
2199 3121 2396 3161 novum
2425 3107 2697 3162 hominem
2720 3107 2927 3164 faciens
2952 3123 3167 3179 pacem,
3197 3119 3253 3167 et
3274 3112 3592 3169 reconciliet

302 3222 408 3276 est,
449 3212 503 3266 id
531 3220 641 3277 est,
688 3209 770 3263 vir
814 3208 995 3263 videns
1037 3205 1349 3270 Dominum,
1379 3204 1493 3259 sive
1530 3217 1677 3256 mm
1718 3200 1901 3254 videns
1927 3178 1972 3241 (ἶ
2005 3200 2193 3254 ambos
2220 3199 2274 3253 in
2313 3214 2423 3254 uno
2467 3214 2694 3270 corpore
2718 3198 2829 3255 Deo
2853 3178 3231 3271 percrueem,
3256 3201 3590 3259 interﬁciens

302 3305 617 3370 Dontinam,
661 3300 840 3357 aufert
865 3316 897 3355 a
924 3314 983 3355 se
1007 3291 1235 3353 omnem‘
1252 3296 1518 3351 facturam
1538 3293 1899 3363 malignorum

302 3371 622 3467 apii-imum,
668 3392 849 3448 aufert
892 3389 1212 3462 iactantiam
1259 3396 1424 3457 atque
1466 3384 1796 3454 superbiam,
1836 3395 1900 3439 ac

303 3488 383 3542 sic
412 3489 613 3541 serviet
641 3485 870 3540 Domino
899 3482 1024 3546 soli,
1049 3481 1175 3551 quia
1206 3499 1227 3533 ε
1259 3479 1405 3534 nulla
1430 3477 1662 3533 societas
1705 3483 1793 3531 est
1827 3475 1904 3529 lu-

302 3579 386 3634 cis
414 3577 484 3632 ad
515 3576 797 3640 tenebras,
820 3588 923 3629 nec
950 3572 1060 3627 ulla
1086 3571 1379 3626 conventio
1405 3567 1609 3624 Christi
1630 3566 1698 3622 ad
1730 3564 1903 3621 Belial

306 3666 395 3738 (II
433 3665 557 3720 Cor.
587 3664 686 3737 vt).
717 3684 736 3716 ι

382 3781 403 3814 ι
436 3760 816 3829 Iudicavitque
861 3754 1082 3812 Samuel
1119 3753 1261 3810 filios
1282 3750 1451 3807 Israel
1478 3750 1535 3805 in
1572 3748 1841 3819 Masphat,
1874 3767 1895 3799 ι

305 3864 415 3911 etc.
460 3852 572 3924 (Ex
600 3847 969 3921 Hieronymo.)
1013 3847 1257 3916 Maspbat
1292 3851 1378 3898 est
1411 3842 1603 3897 civitas
1650 3840 1706 3895 in
1756 3839 1901 3894 tribu

308 3946 467 4011 Iuda,
483 3945 626 4016 apud
648 3958 811 4014 quam
835 3939 1100 3996 habitavit
1116 3938 1331 4008 Jepbte,
1349 3934 1500 4004 juxta
1515 3929 1902 3988 Cariathiarim

306 4038 527 4102 urbem,
555 4035 624 4091 de
650 4050 755 4104 qua
776 4047 939 4104 supra
966 4030 1214 4087 diximus.
1245 4028 1743 4096 Interpretaturque
1764 4021 1903 4076 Mas-

304 4122 442 4202 phat
484 4125 797 4199 speculatio,
847 4123 933 4179 vel
969 4118 1355 4190 contemplatio,
1398 4117 1514 4171 sive
1538 4114 1783 4176 intentio,
1817 4111 1903 4167 vel

306 4222 455 4275 Iocus
502 4217 723 4288 iudicii.
775 4214 984 4284 Saphat
1031 4211 1175 4265 enim
1223 4208 1472 4279 judicare
1519 4212 1622 4260 est.
1666 4203 1735 4258 Et
1766 4203 1903 4258 bene

307 4308 563 4366 convenit
608 4308 714 4361 iste
751 4305 904 4360 locus
930 4312 1047 4357 tam
1068 4308 1257 4356 sancto
1285 4299 1422 4361 viro,
1447 4296 1540 4367 qui
1564 4295 1776 4366 plebem
1798 4294 1903 4349 sibi

306 4400 656 4457 commissam
684 4398 738 4452 in
754 4396 963 4468 iustitia
983 4402 1039 4449 et
1057 4394 1288 4449 veritate
1320 4389 1587 4459 judicavit
1612 4398 1667 4446 et
1692 4403 1904 4444 summa

306 4490 600 4563 prudentia
645 4487 989 4560 gubernavit.

2002 3289 2315 3345 inimicitias
2341 3290 2394 3343 in
2416 3290 2727 3359 semetipso,
2751 3298 2807 3345 et
2834 3291 3058 3347 veniens
3084 3292 3474 3363 evangelizavit
3497 3309 3591 3365 pa-

2001 3395 2122 3435 cem
2141 3381 2318 3446 vobis,
2339 3381 2431 3450 qui
2460 3380 2617 3452 longe
2639 3379 2841 3448 fuistis,
2869 3392 2924 3437 et
2942 3397 3135 3453 pacem
3154 3383 3243 3438 his
3267 3384 3361 3454 qui
3383 3399 3585 3456 prope:

2000 3472 2255 3541 quoniam
2285 3487 2384 3541 per
2411 3472 2588 3542 ipsum
2616 3472 2880 3529 habemus
2908 3488 3188 3529 accessum
3212 3476 3375 3531 ambo
3400 3476 3457 3531 in
3478 3493 3591 3533 uno

2000 3564 2209 3633 Spiritu
2231 3564 2298 3617 ad
2331 3578 2542 3635 pacem.
2581 3585 2601 3616 ι
2628 3564 2899 3619 Hactenus
2918 3563 3208 3636 Apostolus
3227 3564 3445 3639 (Ephes.
3475 3567 3569 3641 rt).

2080 3672 2098 3705 ι
2134 3650 2419 3708 Iudicabat
2445 3670 2658 3725 quoque
2691 3654 2911 3711 Samuel
2957 3654 3127 3711 Israel
3146 3657 3356 3712 cunctis
3397 3656 3601 3713 diebus

2007 3763 2029 3796 ε
2063 3744 2189 3800 vitae
2238 3760 2367 3800 sua).
2411 3745 2479 3800 Et
2528 3746 2642 3800 ibat
2692 3761 2792 3816 per
2833 3745 3075 3818 singulos
3112 3761 3282 3802 annos
3318 3746 3600 3803 circuiens

2002 3856 2026 3888 ι
2062 3835 2272 3901 Bethel,
2286 3845 2341 3891 et
2357 3836 2580 3907 Calgala
2602 3844 2657 3890 et
2678 3836 2953 3906 Masphat,
2972 3848 3029 3892 et
3046 3835 3309 3904 iudicavit
3331 3836 3593 3892 Israelem

2007 3945 2028 3978 ι
2066 3927 2119 3981 in
2175 3928 2500 3996 supradictis
2547 3927 2702 3993 locis,
2733 3946 2753 3979 ι
2795 3936 2901 3983 etc.
2948 3926 3135 3982 Bethel
3163 3935 3247 3982 est
3301 3928 3497 3985 civitas
3529 3930 3596 3984 in-

2001 4018 2320 4073 duodecimo
2350 4020 2417 4072 ab
2458 4019 2829 4089 Hierosolyma
2872 4019 3075 4090 lapide,
3102 4034 3132 4074 a
3164 4020 3370 4076 dextris
3404 4021 3585 4076 eunti-

2000 4108 2103 4163 bus
2131 4106 2429 4179 Neapolim,
2477 4123 2599 4178 quae
2639 4110 2792 4178 prius
2819 4108 2985 4175 Luza,
3036 4110 3091 4165 id
3146 4119 3249 4175 est,
3282 4111 3595 4183 amigdalon

2000 4200 2317 4268 vocabatur,
2343 4211 2398 4257 et
2420 4202 2616 4257 cecidit
2642 4201 2696 4255 in
2724 4208 2924 4256 sortem
2956 4202 3132 4257 tribus
3153 4201 3452 4271 Beniamin.
3481 4201 3599 4259 νοω

2002 4294 2228 4350 cabatur
2255 4300 2436 4349 autem
2464 4294 2620 4363 prius
2661 4291 2807 4346 Luza
2843 4292 3052 4358 Bethel,
3080 4300 3140 4347 ut
3170 4292 3423 4350 diximus.
3451 4292 3598 4348 Nam
3662 4358 3669 4365 ,

2002 4395 2059 4442 et
2083 4387 2186 4441 hoc
2215 4386 2358 4456 quod
2403 4384 2680 4441 Bethaven
2732 4383 2877 4438 aliud
2928 4385 3184 4454 oppidum
3219 4385 3598 4453 suspicantur,

2002 4494 2111 4535 non
2138 4479 2211 4532 ita
2232 4487 2339 4544 est,
2363 4477 2455 4532 sed
2487 4491 2555 4532 ex
2579 4491 2645 4530 eo
2696 4481 2938 4546 tempore
2974 4490 3081 4545 quo
3115 4474 3190 4529 ibi
3215 4488 3246 4529 a
3275 4473 3600 4543 Jeroboam,

382 4601 403 4633 ι
442 4579 591 4634 Tulit
638 4555 820 4633 autem
870 4576 1089 4632 Samuel
1134 4589 1332 4646 agnum
1376 4573 1670 4628 laetantem
1708 4555 1976 4637 unum,D
2005 4570 2115 4626 lilio
2158 4569 2392 4635 Nabatb,
2425 4569 2578 4625 vituli
2609 4566 2759 4623 aurei
2791 4566 3042 4624 fabricati
3087 4576 3213 4623 sunt
3257 4575 3368 4623 eta
3399 4568 3599 4624 decem

314 4693 337 4725 ο
370 4681 426 4726 et
456 4669 659 4726 obtulit
682 4669 831 4722 illum
858 4667 1234 4723 holocaustum
1261 4665 1510 4721 Domino.
1554 4664 1623 4719 Et
1648 4663 1903 4719 clamavit

315 4784 337 4816 ι
375 4744 602 4819 Samuel
649 4761 716 4815 ad
768 4760 1053 4814 Dominum
1104 4773 1207 4828 pro
1254 4755 1461 4822 Israel,
1517 4764 1573 4809 et
1625 4755 1902 4812 exaudivit

318 4875 337 4907 ι
373 4871 521 4918 eum,
559 4873 577 4905 ι
610 4860 714 4907 etc.
751 4869 769 4902 ι
798 4848 1155 4914 Exclamavit,
1188 4846 1384 4916 inquit,
1436 4844 1653 4900 Samuel
1695 4845 1763 4899 ad
1794 4844 1901 4898 Do-

314 4948 524 5001 minum
553 4956 654 5015 pro
678 4940 868 5004 Israel,
949 4947 1005 4993 et
1044 4938 1320 4993 exaudivit
1348 4950 1492 4991 eum:
1511 4953 1562 4989 η
1596 4934 1733 5001 Quia
1761 4933 1902 4989 oculi

312 5038 532 5094 Domini
557 5050 723 5104 super
742 5031 942 5100 iustos,
972 5038 1029 5086 et
1050 5044 1211 5085 aures
1238 5026 1355 5097 eius
1389 5028 1459 5082 ad
1500 5040 1689 5095 preces
1710 5039 1900 5080 eorum

316 5129 493 5204 (Psal.
518 5127 729 5197 xxxln).
749 5124 852 5179 iEt
882 5138 1006 5179 cum
1032 5120 1253 5178 oﬂ'erret
1294 5134 1493 5191 agnum
1524 5118 1812 5173 laetantem
1845 5116 1900 5170 in

314 5223 717 5281 holocaustum,
743 5215 847 5270 hoc
880 5221 986 5280 est,
1030 5213 1373 5267 innocentem
1418 5211 1607 5276 vitam,
1644 5224 1742 5280 per
1773 5221 1905 5262 con-

316 5309 603 5365 tinentiam
642 5304 932 5361 salutarem
979 5303 1212 5358 hostiam
1238 5300 1470 5356 Domino
1524 5298 1805 5361 mactavit,
1836 5310 1902 5351 ac

316 5405 445 5475 igne
482 5396 763 5456 cbaritatis
805 5396 864 5451 in
888 5395 1113 5451 odorem
1153 5393 1438 5450 suavitatis
1477 5399 1647 5446 totam
1677 5403 1903 5445 concre-

317 5496 510 5553 mavit.
1210 5540 1211 5543 η

395 5606 415 5637 ο
450 5583 785 5641 Accedentes
811 5579 1125 5649 alienigenae
1163 5578 1231 5634 ad
1257 5593 1492 5649 pugnam
1521 5585 1711 5633 contra
1733 5590 1905 5649 popu-

326 5698 347 5731 ι
381 5675 494 5730 lum
517 5672 753 5738 Domini,
780 5670 1016 5725 intonuit
1042 5668 1304 5724 Dominus
1328 5682 1491 5738 super
1528 5681 1644 5731 eos,
1686 5676 1742 5722 et
1769 5681 1901 5722 con-

324 5788 353 5822 o
382 5766 488 5823 fusi
514 5773 663 5830 sunt,
685 5771 739 5820 et
762 5762 1104 5819 oll'enderunt
1133 5767 1321 5816 contra
1365 5759 1529 5815 Israel
1553 5768 1714 5829 atque
1741 5773 1903 5831 supe-

640 5886 671 5901 δ

2003 4662 2254 4717 tribubus
2277 4661 2514 4717 -adorati
2551 4659 2669 4727 (ΙΙΙ
2713 4658 2844 4730 Reg.
2882 4658 3007 4745 xu),
3036 4666 3288 4714 vocatum
3324 4674 3446 4715 esse
3488 4658 3603 4714 Be-r

2002 4754 2223 4819 thaven,
2258 4753 2310 4808 id
2359 4762 2461 4818 est,
2490 4752 2677 4807 domus
2731 4750 2880 4817 idoli,
2919 4767 3039 4821 qua:
3095 4759 3255 4807 antea
3293 4751 3604 4807 vocabatur

2005 4844 2203 4898 Domus
2225 4844 2345 4899 Dei.
2373 4843 2593 4915 Calgala
2621 4844 2736 4897 haec
2762 4849 2865 4909 est,
2895 4857 3058 4912 quam
3086 4856 3247 4912 supra
3281 4842 3600 4911 posuimus,

2002 4934 2211 5005 Galgol,
2239 4933 2306 4989 ad
2353 4934 2672 4989 orientalem
2714 4933 2928 5005 plagam
2977 4932 3472 5004 antiqutelericho
3511 4936 3606 4991 cis

2003 5023 2315 5089 Iordanem,
2337 5024 2429 5079 ubi
2470 5022 2630 5079 Iesus
2680 5025 2916 5079 secundo
2941 5025 3197 5094 populum
3227 5025 3603 5093 circumcidit,

2001 5125 2057 5170 et
2093 5117 2295 5185 pascha
2325 5116 2642 5183 celebravit,
2672 5132 2758 5182 ac,
2788 5116 3072 5171 deficiente
3120 5131 3339 5181 manna,
3362 5117 3607 5172 triticeisr

1999 5208 2232 5277 panibus
2252 5224 2383 5263 usus
2412 5218 2497 5263 est
2513 5208 2683 5263 Israel
2702 5207 2839 5281 (los.
2871 5210 2949 5279 v).
2972 5209 3029 5262 In
3070 5208 3185 5278 ipso
3235 5207 3354 5263 loco
3383 5208 3606 5279 lapides

2003 5313 2219 5368 quoque
2246 5314 2384 5368 quos
2421 5300 2487 5354 de
2521 5299 2674 5355 alveo
2699 5297 2950 5354 Iordanis
2973 5298 3227 5363 tulerant,
3260 5302 3595 5363 statuerunt,

2006 5385 2098 5441 ubi
2127 5394 2183 5442 et
2202 5388 2607 5444 tabernaculum
2631 5389 2927 5444 testimonii
2953 5388 3118 5442 ﬁxum
3148 5389 3318 5443 multo
3349 5396 3597 5457 tempore

2009 5477 2111 5532 fuit
2133 5477 2269 5549 (los.
2292 5477 2390 5551 tv).
2412 5478 2619 5535 Cecidit
2643 5487 2823 5534 autem
2843 5479 2898 5534 in
2921 5487 3121 5534 sortem
3153 5479 3326 5533 tribus
3350 5476 3507 5543 Iuda,
3534 5486 3592 5531 et

2008 5568 2313 5625 ostenditur
2340 5584 2513 5639 usque
2537 5569 2699 5624 hodie
2741 5568 2895 5624 locus
2941 5568 3189 5623 desertus
3217 5568 3269 5621 in
3294 5565 3528 5620 secundo
3556 5582 3592 5619 a

2008 5659 2226 5715 Jericho
2270 5659 2539 5725 milliaria,
2570 5661 2637 5715 ab
2666 5658 2811 5716 illius
2841 5658 3077 5728 regionis
3106 5657 3422 5713 mortalibus
3453 5657 3598 5713 miro

2011 5755 2159 5811 cultu
2185 5755 2420 5810 habitus.
2453 5753 2557 5809 Sed
2585 5752 2809 5824 ctjuxta
2828 5750 3010 5808 Bethel
3035 5751 3251 5821 quidam
3282 5751 3441 5806 aliam
3464 5751 3584 5806 Gal-
