4010 6194
442 352 512 409 55

1082 343 1145 398 Β.
1182 336 1434 397 BADANI
1475 297 1691 419 nsum
1728 328 2046 389 AltCltlEP.
2090 324 2396 383 uocum.
2437 322 2721 380 OPERUM
2761 321 2939 377 rans
2976 319 3017 375 ι.

3618 319 3690 377 36

358 494 364 499 .
438 467 615 542 gulam
661 461 1024 532 suspicantur.
1071 455 1289 525 Galgala
1344 455 1733 542 interpretatur
1774 448 2021 542 volutatio
2052 451 2096 505 Α
2127 458 2233 497 non
2265 443 2318 542 ina
2351 435 3297 542 inchoatajustitia“permanserunt,

438 536 554 612 sive
590 551 853 609 revelatio.
890 548 1026 618 Apte
1072 547 1234 617 igitur
1277 543 1537 613 propheta
1588 540 1679 594 Dei
1725 540 1777 593 in
1809 536 2018 599 Bethel,

440 645 665 715 Galgala
686 651 742 697 et
768 633 1288 710 Masphatjudicavit
1310 632 1494 687 Israel.
1520 631 1716 700 Sicque
1746 636 2023 683 revertens

441 734 496 788 in
520 732 808 795 Itamatha,
833 729 925 783 ubi
946 735 1064 781 erat
1092 726 1282 780 domus
1297 723 1437 793 ejus,
1459 722 1531 776 ibi
1548 719 1809 788 judicavit
1833 717 2020 781 Israel,

440 823 833 891 :ediﬁeavitque
880 820 951 872 ibi
1004 817 1176 871 altare
1220 814 1453 869 Domino
1485 830 1497 865 :
1528 812 1683 866 nobis
1717 809 2022 878 exemplum

444 912 710 975 tribuens,
736 924 859 963 cum
888 906 1141 962 consistit
1168 905 1324 959 nobis
1345 902 1650 957 faciendum
1676 900 1941 971 judicium
1969 899 2023 952 in

442 1003 600 1057 domo
630 1000 741 1063 Dei,
776 1014 885 1053 non
918 1003 1171 1065 proterve
1199 993 1285 1048 vel
1333 991 1752 1054 inconsiderate,
1782 988 1866 1042 vel
1905 1002 2023 1041 ma-

422 1078 600 1146 livola
633 1100 840 1153 mente,
882 1085 978 1142 sed
1004 1084 1162 1153 juxta
1206 1085 1260 1138 id
1307 1082 1451 1152 quod
1502 1081 1660 1135 nobis
1694 1078 1897 1133 revelat
1946 1093 2027 1132 sa-

440 1195 533 1234 era
578 1178 883 1247 Scriptura,
916 1183 977 1228 ut
1031 1172 1331 1228 intentione
1372 1171 1532 1232 bona,
1573 1178 1629 1224 et
1680 1184 1864 1222 amore
1911 1167 2016 1221 ira-

443 1278 598 1323 terno
620 1268 923 1336 judieemus
951 1263 1224 1333 proximos
1249 1271 1481 1316 nostros.
1513 1260 1712 1329 Sicque
1750 1261 1807 1313 in
1835 1259 2027 1312 Rama-

443 1361 539 1413 tha
573 1359 793 1412 domum
844 1361 1086 1409 nostram
1137 1363 1515 1406 revertamur:
1563 1352 1665 1405 hoc
1708 1359 1812 1415 est,
1847 1348 1915 1402 ad
1946 1349 2027 1401 in-

446 1457 597 1501 terna
624 1444 937 1515 pectoribus
964 1441 1163 1497 nostris
1188 1441 1570 1505 redeamus,ut
1588 1439 2027 1509 contemplationi

446 1538 539 1591 Dei
570 1551 843 1600 vacemus,
868 1545 925 1590 et
956 1534 1127 1588 vitam
1153 1541 1393 1587 nostram
1424 1532 1476 1585 in
1522 1531 1922 1599 nobismetipsis
1947 1531 2027 1585 di-

438 1625 765 1696 judicemns,
794 1632 1061 1694 quatenus
1082 1624 1137 1677 in
1159 1622 1316 1677 altari
1349 1621 1470 1676 ﬁdei
1496 1630 1678 1692 gratas
1707 1621 1912 1675 hostias
1931 1620 2027 1675 bo-

445 1732 640 1771 norum
666 1724 883 1771 actuum
906 1722 963 1769 et
988 1713 1144 1770 bona:
1184 1712 1476 1768 voluntatis
1515 1710 1746 1767 Domino
1785 1709 2028 1765 immole-

450 1822 593 1861 υιιιε.

1041 1912 1269 1970 CAPUT
1311 1908 1443 1969 νω.

447 2028 600 2093 Quod
615 2026 829 2082 Samuel
853 2027 986 2081 duos
1004 2026 1144 2097 ﬁlios
1160 2044 1282 2082 suos
1296 2025 1504 2097 judice:
1529 2023 1719 2079 Israeli
1736 2024 2022 2097 constituit,

515 2099 608 2168 qui
636 2107 964 2168 excesserunt
988 2095 1013 2161 ;‘
1036 2096 1635 2168 quaproptergpetierunt
1663 2111 1851 2165 regem,
1883 2095 2022 2168 ipse-

517 2164 615 2237 gue
646 2167 780 2222 Saul
807 2164 1071 2237 requirens
1096 2164 1274 2221 asinos
1301 2164 1370 2220 ad
1388 2165 1691 2236 prophetam
1716 2164 1967 2235 pervenit,
1993 2182 2026 2218 α

518 2255 619 2308 quo
650 2239 705 2289 in
731 2253 899 2307 regem
937 2247 1123 2290 unctus
1148 2246 1242 2290 est.

519 2346 667 2420 (Car.
694 2347 833 2418 νιιι.)
870 2366 889 2398 ε
914 2347 1138 2402 Factum
1163 2355 1245 2402 est
1260 2356 1462 2412 autem,
1482 2360 1606 2401 cum
1636 2345 1904 2400 senuisset
1930 2342 2029 2397 Sa-

452 2459 471 2490 ι
503 2438 667 2503 muel,
681 2439 860 2508 posuit
874 2439 1014 2493 ﬁlios
1035 2437 1377 2506 suosjudices
1390 2436 1573 2491 Israel.
1590 2436 1820 2505 Fuitque
1834 2449 2030 2489 nomen

452 2547 473 2579 ι
506 2528 597 2581 ﬁlii
628 2526 744 2596 ejus
771 2528 1109 2598 primogeniti
1150 2526 1288 2593 Joel,
1317 2535 1373 2583 et
1399 2541 1594 2581 nomen
1622 2525 1843 2581 secundi
1870 2524 2028 2589 Abia,

452 2635 477 2678 ρ
500 2612 743 2684 iudicum
789 2616 844 2668 in
891 2615 1175 2669 Bersabee.
1250 2616 1316 2670 Et
1344 2631 1453 2671 non
1487 2614 1901 2670 ambulaverunt
1937 2612 2031 2667 ﬁlii

454 2726 474 2759 ι
505 2707 648 2762 illius
696 2707 752 2760 in
792 2707 895 2761 viis
940 2704 1077 2773 ejus,
1120 2707 1215 2762 sed
1264 2707 1668 2763 declinaverunt
1710 2715 1834 2776 post
1865 2704 2034 2759 avari-

456 2817 474 2849 ι
510 2797 664 2863 tiam,
693 2814 713 2848 ι
756 2807 863 2850 etc.
913 2795 989 2850 De
1024 2796 1128 2850 hoc
1150 2794 1417 2866 .losephus
1453 2795 1526 2849 ita
1567 2794 1771 2859 refert:
1815 2811 1835 2844 ι
1868 2791 2035 2864 Igitur

449 2888 540 2942 illo
563 2897 802 2957 tempore
833 2885 975 2941 inter
1005 2885 1273 2942 lsraelitas
1319 2894 1376 2941 et
1417 2886 1655 2954 reliquos
1700 2883 2034 2939 Chananaeos

402 2998 421 3006 ε
449 2978 711 3047 propheta
754 2975 971 3030 Samuel
1019 2975 1093 3030 ita
1121 2976 1383 3041 decrevit,
1436 2982 1497 3029 ut
1545 2973 1788 3043 deposito
1839 2972 2035 3045 populo

452 3066 896 3129 Chananaeorum,
927 3062 1235 3134 Judteisque
1265 3063 1474 3118 reddita
1495 3063 1737 3129 civitate,
1765 3063 1821 3117 in
1849 3078 1914 3118 ea
1939 3078 2033 3118 eos

453 3156 741 3210 convenire
768 3155 1045 3226 praecepit,
1073 3164 1128 3210 et
1150 3153 1381 3210 diversis
1416 3154 1626 3210 artibus
1675 3155 1745 3210 ad
1799 3155 2032 3211 invicem

453 3262 673 3317 operam
704 3248 851 3301 dare.
903 3246 1022 3317 Ipse
1046 3260 1176 3301 vero
1196 3246 1431 3301 secundo
1457 3245 1515 3299 in
1543 3259 1686 3300 anno
1707 3245 2033 3315 circumiens

456 3339 705 3394 civitates
738 3339 1040 3410 judicabat,
1063 3346 1120 3393 et
1146 3337 1317 3393 multo
1344 3345 1587 3406 tempore
1628 3337 1728 3392 sub
1779 3337 2035 3407 mquitate

456 3428 637 3481 omnia
660 3427 912 3499 explevit.
958 3427 1161 3482 Deinde
1184 3435 1459 3481 senectute
1480 3436 1752 3497 gravatus,
1798 3437 1854 3483 et
1873 3443 2036 3500 agere

456 3516 718 3573 solemnia
740 3519 1087 3589 prmpeditus,
1135 3517 1258 3572 ﬁliis
1283 3518 1396 3573 suis
1427 3518 1615 3573 tribuit
1651 3519 2032 3591 principatum,

459 3622 691 3676 quorum
718 3608 900 3663 senior
932 3608 1147 3677 quidem
1175 3608 1455 3663 dicebatur
1477 3607 1612 3674 Joel,
1634 3606 1819 3677 junior
1851 3619 2035 3667 autem

457 3696 614 3749 Abia.
664 3695 965 3766 Praeposuit
991 3705 1172 3752 autem
1202 3698 1365 3753 alium
1392 3699 1609 3769 quidem
1648 3700 1703 3755 in
1721 3700 2036 3757 Bethlehem

456 3787 701 3852 civitate,
738 3795 799 3840 ut
827 3787 936 3842 illic
968 3788 1180 3843 sederet
1203 3796 1259 3843 et
1277 3786 1551 3856 judicaret
1579 3806 1594 3856 ;
1628 3782 1793 3845 alium
1822 3807 1953 3847 vero
1979 3792 2033 3847 in

458 3876 743 3932 Bersabee.
792 3877 899 3933 Sed
927 3888 986 3932 ut
1012 3880 1138 3935 boni
1164 3881 1380 3951 quidem
1405 3891 1461 3937 et
1479 3882 1744 3938 moderati
1773 3899 1839 3939 ex
1853 3884 2032 3950 malis,

460 3967 534 4020 ita
562 3975 619 4022 et
647 3967 801 4037 pravi
847 3969 1221 4039 producuntur
1265 3986 1334 4025 ex
1381 3972 1559 4026 bonis.
1637 3971 1841 4028 Namet
1866 3975 2036 4044 patris

459 4058 541 4113 sui
567 4059 804 4113 studium
818 4075 926 4115 non
952 4062 1322 4128 recordantes,
1338 4070 1395 4117 et
1412 4063 1555 4116 viam
1581 4064 1907 4118 contrariam
1921 4080 2036 4119 am-

458 4146 731 4213 bulantes,
780 4156 836 4202 et
861 4150 1175 4206 muneribus
1198 4151 1548 4223 turpibusque
1569 4151 1735 4207 lucris
1766 4152 2035 4224 justitiam

460 4236 906 4304 comprimebant,
958 4247 1013 4292 et
1038 4237 1242 4307 judicia
1280 4256 1385 4294 non
1436 4256 1587 4307 vera,
1618 4242 1714 4297 sed
1740 4244 2034 4298 secundum

461 4326 682 4397 praemia
702 4326 1067 4397 profereban’,
1121 4331 1188 4385 ad
1217 4331 1402 4401 epulas
1427 4341 1482 4386 ct
1523 4333 1760 4402 pretiosa
1788 4334 2036 4388 convivia

462 4418 813 4475 declinantes.
868 4419 1106 4476 Primum
1133 4424 1386 4495 quidem,
1439 4439 1560 4493 quae
1600 4433 1759 4479 erant
1813 4426 2034 4480 inimica

460 4510 571 4565 Deo
596 4512 889 4581 gerebant;
928 4516 1163 4570 secundo
1188 4516 1350 4569 etiam
1393 4517 1535 4585 patri
1565 4516 1925 4571 reddebantur
1948 4518 2039 4573 ad-

462 4604 628 4671 versi,
657 4604 751 4675 qui
800 4606 969 4661 multo
1022 4606 1200 4660 studio
1236 4621 1300 4661 ac
1340 4590 1676 4675 providentia
1707 4617 1949 4678 gesserat
1981 4616 2041 4663 ut

461 4696 626 4749 etiam
647 4695 799 4764 plebs
824 4697 990 4751 sciret
1014 4711 1233 4751 servare
1253 4694 1541 4765 justitiam.
1583 4695 1816 4765 Populus
1836 4697 2036 4766 itaque,

463 4788 594 4842 dum
621 4786 1002 4841 contumeliam
1026 4787 1193 4858 priori
1223 4788 1617 4842 conversationi
1647 4788 1920 4858 propheta:
1946 4788 2040 4843 ﬁlii

463 4877 730 4943 fecerunt,
758 4878 995 4948 graviter
1037 4880 1137 4933 hoc
1160 4879 1359 4944 ferens,
1393 4878 1461 4933 ad
1486 4888 1695 4948 patrem
1730 4880 1907 4933 denuo
1957 4894 2042 4934 re-

464 4968 684 5034 meavit,
731 4969 821 5037 qui
846 4968 899 5023 in
924 4968 1187 5023 Ramatha
1209 4969 1429 5024 civitate
1474 4969 1934 5034 commorabatur,
1965 4969 2043 5024 ei-

466 5074 570 5128 que
604 5059 896 5130 injuslitias
948 5060 1182 5114 ﬁliorum
1231 5076 1419 5115 omnes
1477 5062 1745 5130 exposuit.
1800 5061 1867 5114 Et
1915 5061 2041 5129 quia

467 5162 590 5200 cum
647 5160 815 5200 senex
864 5155 1032 5213 esset,
1076 5157 1129 5204 et
1166 5157 1404 5217 tempore
1447 5150 1559 5219 jam
1588 5149 1848 5216 defectus,
1881 5152 2042 5206 rebus

465 5252 701 5306 praeesse
721 5253 828 5293 non
855 5248 1066 5309 poterat
1090 5258 1103 5291 :
1151 5240 1524 5309 supplicabant
1549 5258 1671 5296 eum
1699 5251 1860 5311 atque
1888 5257 2043 5312 roga-

468 5331 617 5395 bant,
648 5338 708 5383 ut
746 5330 978 5401 aliquem
1001 5346 1187 5389 eorum
1217 5349 1398 5404 regem
1425 5335 1665 5406 eligeret,
1710 5335 1803 5404 qui
1838 5343 1894 5389 et
1914 5351 2043 5389 eon-

471 5432 552 5475 tra
581 5421 939 5491 principatum
969 5423 1141 5495 gentis
1156 5424 1395 5490 haberet,
1427 5435 1483 5481 et
1509 5426 1825 5482 l’ahestinos
1844 5424 2044 5498 alllige-

2051 1793 2100 1853 B

2128 542 2234 587 tem
2268 529 2477 585 Domini
2519 541 2736 583 servare
2762 524 3135 592 neglexerunt,
3192 519 3292 588 fuit
3324 518 3417 573 Dei
3446 517 3528 574 vel
3556 531 3707 589 pater

2124 624 2248 695 fuit,
2278 621 2646 683 itmninantur,
2679 627 2738 671 ut
2767 611 3450 685 signiﬁcetnrpaternitate
3496 610 3591 664 Dei
3613 626 3709 667 eos

2125 726 2245 767 esse
2266 711 2516 781 indignos
2536 709 2646 778 qui,
2667 706 2879 776 justitia
2908 704 3118 767 relicta,
3143 702 3194 756 in
3219 701 3559 771 iniquitatem
3587 718 3707 757 cor-

2127 815 2370 860 ruerunt.
2419 802 2528 858 Sed
2544 802 2672 872 quia
2694 799 2791 853 ﬁlii
2820 796 3041 852 Samuel
3059 794 3481 864 (sicutsuperius
3504 794 3707 850 dictum

2124 896 2228 964 est)
2258 892 2665 948 declinaverunt
2688 896 2809 958 post
2838 885 3145 948 avaritiam,
3169 893 3223 936 et
3244 892 3569 951 acceperunt
3591 898 3709 936 mu-

2124 997 2275 1044 nera,
2310 989 2366 1035 et
2397 989 2505 1032 tam
2538 976 2707 1045 iniqui
2728 974 2943 1043 judices
2973 973 3321 1035 exstiterunt,
3375 979 3436 1023 ut
3480 969 3708 1039 populus

2124 1089 2466 1145 nequaquam
2495 1087 2592 1126 eos
2618 1069 2819 1131 ferens,
2848 1080 3032 1136 regem
3071 1065 3174 1119 sibi
3200 1064 3253 1117 in
3299 1062 3707 1129 similitudinem

2126 1176 2445 1221 exterarum
2500 1161 2741 1233 gentium
2795 1157 3134 1228 postularet,
3207 1154 3290 1209 his
3357 1153 3707 1223 petitionibus

2127 1258 2269 1311 Deus
2319 1255 2565 1310 irritatus
2618 1251 2687 1306 ad
2735 1248 3007 1305 dolentem
3054 1247 3378 1316 prophetam
3429 1244 3505 1300 ita
3564 1245 3713 1300 locu-

2128 1354 2214 1401 tus
2249 1354 2334 1400 est
2365 1363 2379 1398 :

2202 1457 2222 1489 ι
2266 1437 2405 1492 Audi
2430 1451 2616 1491 vocem
2644 1431 2824 1504 populi
2879 1433 2935 1486 in
2974 1430 3226 1486 omnibus
3267 1445 3389 1500 quae
3419 1428 3713 1498 loquuntur

2133 1545 2153 1577 ι
2201 1527 2333 1582 tibi..
2372 1525 2489 1580 Non
2519 1525 2665 1579 enim
2697 1533 2748 1578 te
2781 1519 3116 1590 abiecerunt,
3141 1520 3235 1575 sed
3262 1535 3367 1584 me,
3398 1535 3466 1574 ne
3490 1534 3712 1589 regnem

2134 1639 2154 1671 ι
2199 1635 2362 1689 super
2385 1633 2498 1674 eos.
2526 1616 2687 1671 Juxta
2714 1615 2894 1670 omnia
2917 1628 3082 1683 opera
3107 1627 3204 1667 sua
3253 1628 3376 1681 qua:
3401 1612 3648 1667 fecerunt
3680 1628 3711 1667 a

2134 1730 2153 1763 ι
2199 1712 2286 1766 die
2309 1727 2412 1780 qua
2433 1710 2595 1765 eduxi
2621 1724 2716 1764 eos
2742 1709 2808 1763 de
2827 1706 3064 1777 Egypto
3086 1721 3256 1775 usque
3282 1705 3352 1759 ad
3379 1704 3520 1759 diem
3549 1704 3709 1771 hanc,
3757 1741 3760 1743 λ

2132 1822 2152 1856 ‹
2197 1805 2340 1860 sicut
2357 1803 2763 1873 dereliquerunt
2786 1815 2892 1865 me,
2924 1808 2980 1855 et
3003 1799 3315 1855 servierunt
3354 1798 3458 1852 diis
3492 1798 3708 1863 alienis,

2129 1915 2149 1946 ι
2192 1896 2271 1951 sic
2310 1894 2517 1949 faciunt
2563 1893 2728 1948 etiam
2779 1892 2874 1946 tibi
2914 1909 2928 1945 :
2983 1904 3128 1945 nunc
3167 1904 3298 1960 ergo
3340 1889 3466 1945 audi
3511 1905 3706 1946 vocem

2130 2006 2150 2038 ι
2210 2001 2400 2040 eorum
2433 1999 2449 2038 :
2505 1992 2879 2049 verumtamen
2907 1988 3213 2037 contestare
3248 1996 3363 2047 eos,
3419 1989 3476 2036 et
3505 1982 3710 2051 praedic

2132 2095 2151 2128 ι
2193 2076 2272 2130 eis
2304 2074 2394 2143 jus
2420 2075 2562 2145 regis
2595 2073 2689 2143 qui
2719 2080 3041 2143 regnaturus
3087 2082 3171 2126 est
3197 2086 3361 2140 super
3388 2086 3503 2138 eos,
3542 2092 3561 2125 ι
3600 2083 3709 2128 etc.

2127 2167 2258 2222 Saul
2295 2181 2446 2235 ergo,
2483 2164 2595 2233 qui,
2631 2163 2836 2218 offenso
2876 2162 3009 2227 Deo,
3059 2161 3389 2216 constitutus
3433 2171 3519 2215 est
3551 2177 3714 2232 super

2127 2257 2401 2313 Israelitas
2431 2272 2548 2321 rex,
2575 2264 2762 2326 typum
2796 2262 2939 2309 tenet
2969 2252 3150 2323 populi
3186 2250 3516 2308 Judazorum.
3574 2252 3712 2308 Nam

2129 2349 2269 2404 sicut
2295 2347 2409 2416 ipse
2454 2347 2510 2400 in
2547 2345 2729 2416 regale
2757 2345 2972 2399 culmen
3002 2343 3312 2399 sublevatus
3334 2341 3492 2410 juxta
3518 2359 3713 2399 conveo

2100 2438 2340 2509 ,nientes
2376 2449 2557 2491 mores
2578 2449 2765 2489 eorum
2791 2433 2883 2503 qui
2912 2434 3186 2502 petierunt
3209 2447 3373 2501 super
3400 2447 3459 2487 se
3487 2447 3605 2488 esse
3628 2449 3715 2488 re-

2059 3136 2104 3198 C

2066 4473 2115 4536 D

471 5520 554 5566 ret
584 5513 676 5584 qui
707 5514 788 5570 eis
811 5522 965 5567 erant
990 5514 1185 5583 prioris
1206 5514 1481 5583 injustitia:
1526 5517 1814 5573 debitores.
1849 5538 1868 5570 ι
1926 5516 2042 5572 ,ιοει
2078 5562 2084 5569 .

472 5603 858 5673 interpretatur
884 5603 1148 5675 incipiens,
1179 5606 1258 5659 vel
1299 5607 1401 5676 fuit
1430 5609 1542 5661 Dei.
1596 5608 1732 5663 Abia
1772 5609 2039 5677 interpre-

475 5702 619 5749 tatur
641 5706 790 5766 patcr
815 5696 1088 5763 Dominus,
1121 5699 1200 5753 vel
1235 5701 1382 5770 pizlcr
1409 5702 1528 5773 fuit.
1589 5702 1751 5758 Recte
1774 5718 1903 5772 ergo
1948 5703 2039 5771 qui

2130 2543 2251 2598 gem
2288 2535 2344 2581 et
2382 2524 2850 2581 mansuetudinem
2899 2523 3111 2578 Domini
3160 2523 3512 2592 spernebant,
3547 2523 3715 2579 durus

2132 2633 2197 2673 ac
2219 2617 2424 2688 rigidus
2446 2631 2511 2671 ac
2539 2616 2803 2686 superbus
2831 2614 3056 2671 eﬁ'ectus
3082 2624 3186 2680 est,
3220 2615 3297 2670 ita
3331 2623 3390 2669 ut
3411 2630 3507 2670 eos
3529 2615 3714 2671 servili

2131 2724 2297 2764 onere
2323 2708 2493 2779 magis
2520 2716 2813 2778 premeret,
2843 2722 3006 2776 quam
3030 2706 3267 2761 libertati
3298 2707 3525 2762 donaret
3558 2725 3572 2760 :
3632 2707 3714 2764 sic

2132 2808 2189 2854 et
2218 2799 2447 2870 populus
2485 2798 2763 2865 Judaicus,
2824 2798 2951 2853 licet
2994 2805 3189 2853 unctus
3242 2799 3295 2853 in
3339 2799 3733 2855 sacerdotibus.

2134 2899 2189 2947 et
2218 2892 2435 2962 regibus
2460 2891 2621 2957 foret,
2655 2899 2833 2946 tamen
2854 2889 2981 2960 quia
3015 2888 3157 2944 ﬁlius
3187 2890 3396 2945 ancilla:
3422 2899 3564 2955 erat,
3593 2905 3716 2959 quas

2134 2984 2189 3038 in
2225 2984 2540 3038 servitutem
2569 2984 2885 3054 generabat,
2932 2997 3209 3051 nunquam
3257 2981 3559 3036 libertatem
3592 2996 3718 3050 per—

2134 3072 2333 3128 fectant
2353 3089 2451 3145 per
2476 3075 2649 3143 ipsam
2681 3074 2990 3128 unctionem
3027 3072 3287 3142 consequi
3345 3072 3560 3142 potuit:
3599 3086 3720 3126 ma-

2136 3165 2280 3219 xime
2300 3165 2426 3234 quia
2470 3164 2619 3219 illum
2660 3163 2728 3221 ad
2752 3179 2811 3219 se
2832 3163 3160 3228 venientem,
3190 3162 3282 3232 qui
3302 3176 3431 3217 vere
3460 3178 3551 3217 rex
3576 3171 3717 3229 erat,

2136 3263 2193 3309 et
2219 3263 2536 3310 mansuetus
2574 3256 2642 3309 ad
2682 3269 2779 3310 eos
2824 3264 3069 3320 venerat,
3119 3255 3362 3324 recipere
3402 3254 3717 3321 noluerunt,

2134 3360 2232 3415 per
2255 3346 2409 3416 cujus
2437 3346 2862 3402 dominationem
2906 3346 3084 3412 liberi,
3117 3346 3162 3401 si
3212 3346 3454 3412 mallent,
3476 3344 3592 3402 ﬁeri
3621 3360 3718 3417 po.

2137 3436 2389 3490 tuissent.

2748 3521 2975 3577 CAPUT
3013 3521 3107 3576 IX.

2648 3610 2897 3683 Sequitur
2923 3621 2978 3665 ut
3011 3629 3194 3683 supra.

2208 3705 2338 3761 Saul
2367 3720 2500 3776 ergo
2517 3704 2696 3775 petitio
2730 3703 3144 3772 interpretatur,
3184 3702 3276 3772 qui
3301 3701 3403 3756 fuit
3449 3703 3516 3758 de
3544 3703 3720 3774 stirpe

2137 3795 2439 3866 Benjamin,
2487 3803 2541 3848 et
2570 3792 2712 3847 ﬁlius
2733 3791 2824 3846 Cis
2857 3811 2875 3842 ι
2910 3791 3005 3845 ﬁlii
3025 3791 3175 3846 Abiel
3202 3831 3219 3857 ,
3266 3790 3362 3845 ﬁlii
3393 3791 3580 3857 Seror,
3620 3792 3721 3848 lilii

2134 3884 2463 3951 Beehorath,
2487 3882 2582 3938 ﬁlii
2604 3881 2802 3952 Aphia.
2848 3900 2866 3933 ι
2920 3880 2988 3935 Et
3037 3881 3155 3936 haec
3199 3882 3421 3936 nomina
3447 3882 3586 3937 bene
3612 3896 3714 3937 ex—

2136 3977 2375 4046 primunt
2400 3983 2584 4045 typum
2612 3971 2942 4028 Judmorum.
3001 3971 3280 4044 Benjamiu
3305 3972 3519 4042 quidem
3547 3972 3722 4027 inter-

2134 4074 2379 4138 pretatur
2422 4064 2565 4135 ﬁlius
2612 4064 2830 4119 dextra).
2890 4062 2999 4128 Cis,
3034 4062 3199 4116 durus
3226 4062 3308 4118 vel
3337 4063 3558 4116 vomitus
3592 4061 3720 4128 viri,

2135 4158 2222 4213 vel
2246 4174 2453 4213 vomens
2481 4158 2576 4211 vir.
2623 4155 2799 4220 Abiel,
2827 4152 2990 4208 Pater
3008 4170 3153 4209 meus
3182 4153 3342 4208 Deus.
3373 4153 3561 4219 Seror,
3594 4170 3717 4225 par-

2136 4250 2286 4306 uulus
2314 4250 2428 4305 sive
2456 4246 2804 4301 turbulentus.
2858 4247 2927 4301 Et
2975 4246 3277 4301 Becherth
3329 4246 3722 4316 interpretatur

2135 4340 2510 4412 primogenitus
2524 4348 2675 4391 tuus.
2742 4337 2845 4407 Qui
2874 4353 3001 4407 ergo
3035 4336 3138 4397 fuit
3174 4338 3568 4408 primogenitus
3600 4339 3716 4407 Dei,

2140 4430 2431 4486 secundum
2455 4430 2509 4483 id
2539 4427 2681 4498 quod
2705 4429 2756 4482 in
2781 4429 3040 4498 propheta
3061 4429 3322 4498 scriptum
3348 4436 3464 4484 est:
3496 4451 3513 4480 ι
3548 4428 3723 4487 Filius

2140 4520 2532 4592 primogenitus
2554 4534 2707 4574 meus
2729 4519 2891 4574 Israel
2922 4518 3055 4592 (Jer.
3087 4517 3264 4591 xxxx),
3297 4538 3316 4571 ι
3344 4527 3399 4573 et
3425 4527 3581 4589 pater
3600 4518 3722 4589 ejus

2140 4611 2317 4677 Deus;
2367 4610 2511 4665 ﬁlius
2526 4609 2628 4663 fuit
2648 4610 2875 4673 dextrae,
2896 4610 3023 4679 quia
3048 4624 3187 4679 stupe
3211 4624 3310 4678 per
3333 4609 3590 4663 auxilium
3620 4611 3721 4665 Do-

2140 4702 2273 4758 mini
2308 4700 2644 4756 confortatus
2685 4699 2933 4754 hostibus
2958 4698 3071 4754 suis
3099 4698 3395 4769 prtevalui‘t.
3442 4696 3548 4753 Sed
3588 4699 3718 4769 quia

2141 4806 2356 4861 semper
2388 4792 2632 4861 ingratus
2659 4788 2867 4843 exstitit
2914 4788 3296 4843 beneﬁciorum
3326 4787 3444 4853 Dei,
3474 4796 3531 4841 et
3551 4788 3721 4844 durus

2142 4884 2353 4939 cervice
2388 4882 2443 4935 in
2467 4879 2855 4951 blasphemiam
2882 4878 3079 4946 erupit,
3114 4879 3181 4932 de
3210 4892 3406 4947 magno
3436 4877 3716 4947 parvulus,

2142 4979 2199 5027 et
2218 4970 2284 5025 de
2306 4969 2518 5041 placido
2562 4967 2905 5023 turbulentus
2930 4967 3151 5023 eﬁ‘eetus
3171 4977 3273 5023 est.
3340 4966 3494 5033 Quod
3536 4978 3718 5023 autem

2143 5071 2338 5117 unctus
2361 5062 2522 5117 estin
2542 5075 2744 5130 regem,
2762 5059 3049 5131 imaginem
3074 5059 3275 5114 Christi
3289 5058 3539 5129 portavit.
3565 5057 3720 5113 Unde

2143 5160 2200 5206 et
2238 5152 2430 5207 beatus
2464 5151 2651 5213 David,
2683 5158 2739 5204 et
2763 5150 2877 5220 ipse
2902 5148 3148 5205 Christus
3174 5158 3532 5220 nuncupatus,
3560 5150 3635 5202 ait
3650 5151 3719 5203 ad

2145 5258 2269 5299 eum
2299 5243 2474 5313 quise
2523 5242 2755 5297 ﬁnxerat
2809 5241 2941 5297 Saul
2993 5242 3305 5297 occidisse:
3375 5261 3394 5293 ι
3441 5241 3719 5308 Quomodo

2148 5350 2254 5390 non
2283 5334 2506 5390 timuisti
2547 5333 2771 5404 injicere
2800 5349 3017 5387 manum
3048 5342 3193 5387 tuam
3217 5332 3273 5386 in
3318 5331 3592 5385 Christum
3617 5332 3720 5384 Do—

2148 5426 2328 5480 mini?
2358 5424 2439 5496 (ll
2470 5424 2595 5495 Reg.
2629 5423 2693 5496 ι.)
2718 5443 2737 5477 ι
2782 5424 2917 5479 Hinc
2936 5433 2991 5479 et
3017 5424 3159 5494 quod
3180 5431 3235 5477 et
3260 5422 3329 5476 ab
3352 5422 3578 5477 humero
3606 5436 3724 5476 sur-

2147 5533 2266 5573 sum
2285 5516 2412 5571 Saul
2431 5516 2864 5587 supereminebat
2882 5515 3159 5579 omnibus,
3190 5515 3453 5585 signiﬁcat
3473 5518 3598 5583 quia
3628 5531 3716 5568 ca-

2146 5620 2241 5681 put
2267 5618 2508 5663 nostrum
2536 5606 2786 5663 Christus
2819 5621 3032 5662 sursum
3072 5621 3234 5676 super
3257 5621 3357 5660 nos
3392 5615 3496 5670 est,
3558 5621 3717 5675 quem

2149 5702 2305 5756 Pater
2334 5716 2492 5770 super
2513 5716 2726 5759 omnem
2756 5708 3099 5769 potestatem,
3135 5708 3189 5754 ct
3210 5714 3425 5753 onmem
3448 5698 3716 5769 principa-
