4026 6202
367 311 447 412 3'7

1199 300 1553 406 COMMENT.
1591 348 1658 403 ΙΝ
1699 347 1944 404 LIBROS

2086 348 2348 405 REGUM.
2399 380 2457 390 —
2495 348 2562 405 lN
2601 350 2729 406 LIB.
2767 350 2809 406 1.
3581 357 3652 415 58

370 484 515 537 tum,
537 478 595 524 et
625 480 789 539 super
812 478 974 521 omne
1001 476 1200 518 nomen
1222 464 1364 533 quod
1396 462 1729 529 nominatur,
1761 461 1969 517 exalta-
1998 464 2050 520 Α
2073 469 2176 516 est.
2209 460 2363 529 Quod
2387 471 2568 517 autem
2590 461 2743 533 signa
2763 478 2884 533 qua:
2903 463 3229 533 przedixerat
3242 463 3462 523 Samuel
3484 465 3655 534 Sauli,

371 572 492 616 tum
523 557 821 614 consedere
849 568 1034 609 secum
1058 550 1187 608 fecit
1233 552 1288 605 in
1321 552 1634 607 coelestibus
1678 550 1839 622 (Eph.
1875 549 1961 621 ιι).

370 652 489 707 Nec
515 665 625 705 non
657 658 712 703 et
740 647 846 701 hoc
873 646 1020 716 quod
1046 645 1113 699 de
1140 644 1271 699 Saul
1294 643 1491 699 dicitur
1515 644 1659 714 quod
1687 643 1891 697 electus
1915 650 1970 696 et

370 745 553 800 bonus
579 750 746 805 esset,
778 747 833 794 ct
859 737 987 792 ﬁliis
1016 735 1185 791 Israel
1206 751 1312 790 non
1340 745 1488 791 esset
1514 751 1582 791 eo
1607 735 1821 799 melior,
1855 748 1971 788 ma-

371 836 461 906 gis
484 834 555 888 ad
582 832 858 888 Christum
885 828 1124 899 pertinet
1162 842 1325 897 quam
1367 826 1435 881 ad
1463 826 1642 896 ipsum
1678 824 1828 880 Saul.
1890 822 1969 877 De

371 944 486 997 quo
519 925 786 995 propheta
811 921 944 977 dicit
971 936 1036 976 ex
1066 934 1297 991 persona
1324 918 1539 973 Domini
1567 934 1580 970 :
1613 936 1632 969 ‹
1669 918 1808 972 Ecce
1835 931 1971 986 puer

368 1034 532 1073 meus
566 1016 789 1081 electus,
818 1028 979 1082 quem
1000 1012 1161 1083 elegi,
1184 1027 1385 1081 ponam
1435 1026 1600 1082 super
1634 1026 1760 1065 eum
1793 1010 1968 1085 Spiri-

370 1120 492 1163 tum
525 1121 705 1162 meum
733 1147 751 1172 ,
806 1114 864 1160 et
912 1103 1174 1173 judicium
1211 1102 1461 1173 gentibus
1512 1102 1781 1156 nuntiabit
1830 1099 1964 1170 (Isa.

370 1200 564 1272 ιιιι).›
598 1199 669 1253 Et
706 1196 974 1253 Jeremias
998 1196 1073 1250 ita
1094 1194 1225 1250 dicit
1255 1211 1269 1248 :
1308 1213 1326 1246 ι
1349 1193 1392 1250 Ο
1415 1210 1510 1249 rex
1534 1194 1794 1263 gentium,
1818 1201 1969 1247 tuum

369 1298 458 1345 est
487 1289 631 1343 enim
670 1286 839 1343 decus
867 1286 1011 1340 inter
1061 1294 1289 1340 cunctos
1323 1284 1597 1353 sapientes
1625 1283 1886 1354 gentium,
1916 1291 1972 1338 et

371 1383 431 1436 in
461 1379 731 1436 universis
759 1377 942 1447 regnis
967 1376 1181 1431 illorum
1211 1376 1394 1429 nullus
1418 1383 1499 1429 est
1527 1376 1721 1430 similis
1738 1376 1818 1429 tui
1831 1375 1965 1447 (Jer.

373 1473 455 1535 ι).
500 1492 520 1524 ι
567 1470 637 1525 Ει
683 1470 740 1524 in
784 1468 1042 1539 psalmo:
1102 1486 1120 1518 ς
1155 1466 1422 1533 Quoniam
1478 1467 1604 1536 quis
1651 1466 1705 1519 in
1737 1467 1969 1521 nubibus

373 1560 680 1630 arquabitur
702 1561 953 1624 Domino,
1000 1567 1096 1613 aut
1150 1558 1271 1627 quis
1315 1558 1510 1612 similis
1548 1558 1650 1612 erit
1679 1556 1791 1611 Deo
1831 1558 1971 1611 inter

378 1652 519 1707 ﬁlios
548 1651 691 1706 Dei?
717 1648 893 1723 (Psal.
924 1647 1217 1720 Luxvm.)
1247 1668 1268 1700 ›
1319 1648 1474 1715 Quod
1499 1657 1679 1703 autem
1706 1646 1833 1702 Saul
1864 1647 1970 1701 asi—

372 1760 475 1799 nas
490 1744 663 1814 patris
684 1743 770 1799 sui
799 1741 890 1797 Cis
917 1740 1162 1812 perditas
1187 1739 1458 1811 quaesivit,
1473 1748 1529 1794 et
1555 1739 1611 1794 in
1640 1740 1834 1794 itinere
1860 1753 1969 1807 quo

2073 561 2268 606 cuncta
2291 552 2365 606 ita
2405 561 2718 618 evenerunt,
2740 561 2796 608 et
2817 554 2933 623 ipse
2960 552 3109 620 Saul,
3136 558 3462 625 pertransita
3493 574 3656 630 quer-

2072 658 2139 699 cu
2169 644 2409 711 Tbabor,
2437 646 2713 715 quimons
2756 655 2841 701 est
2871 647 2925 701 in
2968 650 3146 705 medio
3167 648 3421 717 Galilaeaa,
3463 667 3663 722 campo

2070 734 2223 790 mirae
2250 735 2596 790 rotunditatis
2637 736 2900 802 sublimis,
2935 747 2992 793 et
3031 740 3423 810 interpretatur
3452 741 3661 795 veniens

2071 824 2247 879 lumen
2269 865 2284 893 ,
2318 825 2384 879 ad
2413 825 2604 881 collem
2634 826 2846 882 Domini
2870 830 3192 897 perveniens
3230 832 3327 901 (ita
3364 832 3478 901 ipse
3500 847 3660 887 voca.

2071 925 2161 971 tur
2186 917 2337 972 locus
2354 917 2428 971 ob
2452 917 2667 988 aliquod
2693 918 2944 973 collatum
2976 935 3007 973 a
3040 921 3268 975 Domino
3289 922 3661 993 beneﬁcium),

2070 998 2415 1078 prophetavit
2438 1008 2494 1062 in
2515 1008 2692 1063 medio
2716 1010 3101 1079 prophetarum
3126 1012 3201 1066 ibi
3222 1012 3655 1077 consistentium,

2072 1098 2343 1168 signiﬁcat
2366 1101 2509 1169 quod
2534 1098 2735 1153 Judzeis
2756 1099 2940 1154 omnia
2962 1116 3081 1170 qua:
3100 1100 3166 1155 de
3195 1102 3274 1155 eis
3296 1100 3572 1172 lcgislator
3606 1115 3660 1157 et

2071 1187 2347 1257 propheta:
2367 1186 2747 1256 praedixerant,
2776 1187 2850 1241 ita
2883 1185 3328 1254 evenerunt,sive
3359 1190 3413 1243 in
3436 1205 3660 1260 prospe-

2074 1278 2170 1342 ris,
2196 1278 2310 1332 sive
2337 1278 2390 1332 in
2418 1278 2677 1333 adversis.
2725 1278 2977 1334 Attamen
2994 1280 3096 1350 ipsi
3126 1280 3293 1336 libros
3318 1281 3453 1352 legis
3472 1292 3660 1338 tenen-

2076 1378 2159 1423 tes
2178 1378 2231 1422 et
2255 1369 2664 1439 prophetarum,
2715 1369 2868 1438 quasi
2916 1370 3185 1426 divinasse
3211 1372 3481 1438 videntur,
3534 1388 3658 1429 cum

2072 1458 2254 1513 futura
2284 1458 2541 1530 mysteria
2576 1460 2640 1513 de
2685 1457 2902 1515 Christo
2931 1468 2986 1514 et
3018 1461 3262 1515 Ecclesia
3299 1461 3353 1516 in
3402 1464 3483 1518 eis
3522 1479 3657 1519 con-

2074 1550 2273 1619 scripta
2314 1551 2538 1619 legendo
2561 1560 2616 1604 et
2646 1552 3049 1620 pronuntiando
3072 1552 3318 1621 proferre
3339 1564 3657 1609 noscuntur.

2076 1640 2183 1712 (Ea:
2209 1640 2477 1714 Ilebrwo.)
2500 1642 2654 1708 Quod
2676 1654 2856 1697 autem
2880 1643 2946 1698 de
2976 1642 3092 1713 ipso
3130 1642 3259 1698 Saul
3287 1644 3545 1714 scriptum
3576 1655 3660 1701 est

2074 1732 2217 1800 quod
2257 1732 2499 1786 videntes
2526 1748 2649 1787 eum
2679 1748 2868 1817 omnes
2892 1735 2982 1804 qui
3004 1749 3126 1790 eum
3152 1744 3417 1789 noverant
3450 1735 3569 1791 heri
3606 1747 3661 1791 et

369 1836 607 1906 perrexit
634 1834 700 1889 ad
723 1833 1047 1904 prophetam
1061 1830 1230 1896 venit,
1254 1830 1347 1900 qui
1367 1844 1490 1884 eum
1507 1830 1562 1883 in
1584 1843 1765 1900 regem
1790 1827 1963 1893 unxit,
1994 1830 2042 1889 B
2072 1824 2462 1879 nudiustertius
2494 1825 2637 1894 quod
2681 1834 2827 1880 esset
2849 1841 2971 1880 cum
2992 1827 3268 1896 prophetis
3292 1835 3347 1882 et
3370 1828 3661 1898 propheta-

370 1924 648 1998 signiﬁcat
672 1922 818 1994 quod
846 1921 1018 1977 Judaei
1065 1920 1350 1976 stultitiam
1385 1919 1624 1975 carnalis
1653 1921 1849 1975 sensus
1880 1933 1969 1973 se-

372 2027 624 2089 quentes,
670 2032 768 2088 per
792 2016 998 2071 erroris
1026 2015 1182 2071 devia
1209 2014 1395 2068 luxum
1439 2014 1599 2069 istius
1624 2012 1812 2068 mundi
1838 2028 1967 2082 per-

370 2109 683 2179 quirebant.
742 2104 965 2179 (Asinus
994 2106 1139 2161 enim
1169 2106 1386 2160 brutum
1416 2112 1472 2159 et
1521 2103 1859 2158 luxuriosum
1886 2109 1969 2157 est

371 2197 622 2268 animal.)
655 2197 760 2265 Qui
796 2198 865 2251 ad
916 2196 1235 2268 prophetam
1257 2194 1562 2259 venientes,
1606 2194 1712 2248 hoc
1739 2199 1843 2258 est,
1899 2192 1969 2247 ad

371 2288 624 2359 Moysen,
664 2287 915 2342 inventas
940 2299 1063 2340 esse
1089 2286 1275 2341 asinas
1302 2285 1373 2340 ab
1418 2299 1484 2339 eo
1527 2283 1835 2347 audierant,
1865 2282 1969 2336 hoc

368 2389 483 2446 est,
515 2381 662 2435 bona
691 2388 844 2433 terra:
869 2392 1184 2432 comesuros
1208 2391 1330 2431 esse
1350 2375 1677 2439 didicerant,
1706 2388 1737 2426 a
1763 2388 1869 2442 quo
1887 2372 1968 2427 eis

370 2471 653 2526 unctionis
676 2469 850 2524 oleum
875 2466 1135 2533 infusum,
1149 2477 1204 2523 et
1227 2465 1379 2537 regni
1402 2463 1770 2535 gubernacula
1786 2462 1968 2517 futura

370 2564 632 2634 praedicta
659 2571 807 2626 sunt,
838 2561 894 2615 in
922 2560 1119 2631 quibus
1164 2560 1363 2615 fratres
1390 2572 1518 2614 suos
1542 2556 1611 2611 ad
1663 2565 1876 2626 tempus
1902 2556 1969 2611 de

373 2655 628 2709 manibus
679 2653 922 2709 hostium
974 2665 1197 2706 suorum
1243 2651 1501 2720 eriperet.
1573 2648 1726 2713 Quod
1785 2655 1968 2701 autem

375 2744 598 2799 Samuel
625 2741 757 2798 Saul
806 2741 863 2796 in
896 2740 1172 2796 excelsum
1226 2740 1399 2806 ducit,
1427 2746 1483 2793 et
1510 2738 1585 2793 ibi
1613 2737 1967 2793 refectionem

370 2842 678 2905 praeparat,
726 2832 999 2905 signiﬁcat
1048 2831 1269 2903 Moysen
1328 2839 1385 2886 et
1441 2845 1631 2886 omnes
1677 2829 1968 2900 prophetas

294 2969 299 2972 .
368 2925 641 2980 doctrinis
661 2924 776 2978 suis
800 2922 1056 2993 populum
1081 2920 1431 2977 Hebrazorum
1454 2935 1667 2990 semper
1693 2919 1761 2973 ad
1776 2919 1970 2974 altiora

368 3029 723 3084 provocasse,
754 3021 817 3067 ut
836 3012 1062 3067 scientia
1090 3011 1323 3082 spiritali
1374 3009 1583 3074 reiecti,
1638 3011 1692 3065 in
1733 3008 1969 3064 culmine

369 3106 637 3160 virtutum
668 3103 1049 3168 consisterent,
1079 3115 1179 3157 nec
1234 3099 1612 3156 relaberentur
1660 3098 1715 3154 in
1755 3096 1969 3153 foveam

2069 1924 2175 1980 ret,
2204 1917 2458 1971 dixerunt
2482 1915 2549 1971 ad
2577 1916 2807 1971 invicem
2842 1935 2856 1969 :

2146 2027 2165 2060 ι
2213 2009 2471 2074 Quaenam
2494 2025 2582 2063 res
2624 2008 2820 2065 accidit
2845 2009 2956 2064 ﬁlio
2989 2009 3079 2066 Cis
3108 2011 3132 2064 ’ἰ
3189 2009 3328 2065 Num
3363 2020 3419 2066 et
3447 2010 3577 2067 Saul
3604 2013 3660 2067 in

2075 2119 2093 2153 ι
2136 2099 2459 2170 prophetis?
2508 2099 2805 2170 Respondit
2826 2100 2964 2156 alius
2987 2102 3055 2156 ad
3082 2101 3312 2156 alterum
3336 2101 3524 2159 dicens
3551 2121 3564 2156 ;
3592 2103 3660 2158 Et

2075 2210 2093 2242 ι
2140 2192 2262 2261 quis
2288 2200 2444 2262 pater
2457 2193 2679 2247 eorum?
2704 2192 2993 2263 Propterea
3011 2207 3227 2248 versum
3253 2194 3404 2248 estin
3438 2209 3660 2263 prover-

2076 2300 2095 2332 ι
2141 2281 2290 2335 bium
2317 2296 2331 2333 :
2383 2281 2520 2335 Num
2547 2290 2603 2336 et
2624 2280 2756 2335 Saul
2782 2282 2923 2336 inter
2948 2284 3241 2352 prophetas
3270 2285 3292 2335 ἳ
3324 2304 3343 2336 ι
3369 2292 3476 2339 etc.
3523 2284 3657 2339 illud

2067 2372 2214 2441 quod
2233 2371 2469 2426 dicitur:
2521 2390 2541 2422 ι
2581 2374 2706 2441 quis
2749 2382 2904 2442 pater
2932 2375 3166 2428 eorum?
3198 2394 3217 2426 ι
3267 2374 3449 2429 taliter
3476 2375 3659 2444 prola-

2068 2470 2183 2515 tum
2205 2469 2290 2515 est
2312 2477 2374 2515 ac
2394 2461 2439 2515 si
2463 2462 2666 2516 dceret
2692 2479 2705 2515 :
2754 2462 2886 2529 Quis
2914 2461 3087 2532 major
3115 2463 3206 2518 illo
3234 2464 3287 2517 in
3308 2464 3573 2536 dignitate
3604 2475 3659 2520 et

2069 2548 2125 2603 in
2163 2551 2480 2620 sapientia?
2530 2550 2743 2622 Optime
2765 2552 2911 2606 enim
2955 2562 3136 2623 potest
3170 2554 3312 2608 inter
3360 2555 3660 2625 prophetas

2068 2644 2273 2697 versari
2303 2653 2357 2697 et
2378 2650 2535 2712 pater
2568 2658 2784 2708 eorum,
2814 2643 2867 2698 id
2902 2654 2986 2698 est
3017 2643 3292 2714 magister,
3331 2645 3538 2710 vocari,
3560 2645 3656 2715 qui

2069 2742 2179 2788 tam
2210 2735 2399 2790 doctus
2418 2743 2470 2789 et
2493 2737 2708 2805 sapiens
2733 2746 2835 2791 est.
2883 2736 3045 2792 Pater
3070 2737 3215 2791 enim
3240 2736 3528 2807 aliquando
3542 2755 3658 2795 ma—

2068 2825 2238 2894 gister
2261 2826 2316 2879 in
2340 2823 2642 2895 Scripturis
2663 2835 2890 2881 vocatur
2921 2844 2934 2879 :
2964 2827 3105 2882 sicut
3130 2827 3340 2883 Eliseus
3365 2828 3538 2885 Eliam
3559 2845 3659 2900 pa—

2070 2928 2232 2984 trem,
2278 2918 2331 2972 id
2371 2929 2475 2985 est,
2509 2919 2827 2989 magistrum
2849 2927 3026 2984 vocat,
3054 2919 3278 2975 dicens:
3312 2938 3331 2971 c
3355 2920 3520 2977 Pater
3554 2922 3654 2989 mi,

2068 3015 2223 3077 pater
2243 3007 2341 3073 mi,
2368 3024 2559 3063 currus
2583 3008 2749 3063 Israel
2769 3017 2824 3063 et
2850 3010 3035 3081 auriga
3063 3008 3180 3079 ejus
3206 3008 3253 3081 (l
3269 3012 3310 3067 Y
3354 3010 3488 3083 Reg.
3510 3012 3597 3084 ιι).
3629 3034 3650 3066 ι

2069 3096 2138 3151 Et
2165 3098 2219 3151 in
2242 3097 2380 3152 libro
2400 3096 2501 3154 Job
2526 3098 2646 3152 Eliu
2671 3100 2848 3168 ipsum
2883 3098 2985 3154 Job
3011 3108 3244 3169 patrem,
3284 3100 3388 3155 hoc
3408 3109 3520 3168 est,
3543 3118 3660 3156 ma-

371 3195 653 3251 vitiorum.
684 3193 847 3262 Quod
867 3202 1050 3248 autem
1077 3191 1298 3248 Samuel
1328 3190 1479 3247 Sauli
1510 3190 1793 3248 Videntem
1821 3204 1963 3260 qua?
1990 3190 2035 3252 C
2066 3189 2294 3258 gistrum
2328 3199 2508 3255 vocat,
2559 3190 2663 3245 hoc
2684 3191 2844 3244 modo
2877 3208 2890 3243 :
2936 3190 3099 3245 Pater
3127 3191 3225 3258 mi,
3259 3191 3518 3262 probetur
3555 3191 3663 3249 Job

370 3286 518 3341 renti
538 3299 809 3356 apparens
828 3284 1171 3349 locutus'est,
1205 3284 1394 3339 dicens
1426 3300 1440 3337 :

447 3374 605 3446 (Car.
633 3372 736 3446 ix.)
794 3392 813 3425 ι
848 3373 965 3446 Ego
992 3389 1112 3429 sum
1133 3372 1355 3438 Videas,
1386 3371 1619 3431 ascende
1646 3379 1774 3428 ante
1799 3385 1885 3426 me
1910 3371 1966 3425 in

378 3488 398 3518 ι
446 3466 745 3532 excelsum,
776 3475 836 3520 ut
868 3464 1165 3520 comedetis
1194 3478 1409 3519 mecum
1456 3463 1637 3530 hodie,
1675 3470 1733 3518 et
1784 3462 1968 3517 dimit-

379 3575 400 3607 ς
464 3565 577 3609 tam
628 3562 680 3610 te
707 3569 888 3619 mane,
936 3563 992 3608 et
1023 3553 1204 3609 omnia
1233 3567 1354 3622 quae
1401 3560 1532 3607 sunt
1580 3552 1635 3608 in
1683 3552 1848 3607 corde
1875 3560 1968 3605 tuo

378 3662 405 3696 ι
449 3644 702 3699 indicabo
734 3640 852 3709 tibi,
875 3651 925 3697 et
960 3643 1026 3698 de
1056 3642 1225 3697 asinis
1255 3656 1390 3712 quas
1417 3640 1697 3711 perdidisti
1738 3640 1966 3695 nudius-

379 3755 402 3786 ι
450 3735 644 3799 tertius
668 3749 737 3789 ne
764 3734 1029 3789 sollicitus
1048 3734 1153 3800 sis,
1180 3732 1309 3803 quia
1351 3734 1586 3787 inventa:
1607 3740 1755 3799 sunt,
1798 3752 1818 3785 ›
1855 3740 1963 3787 etc.

374 3823 490 3895 (Ea:
518 3821 709 3895 Hebr.)
734 3823 865 3878 Erat
891 3823 944 3877 in
967 3824 1131 3879 corde
1148 3821 1298 3889 Saul,
1315 3823 1458 3878 sicut
1486 3821 1696 3878 Hebraai
1722 3823 1966 3888 tradunt,

374 3914 524 3985 quod
559 3929 657 3969 rex
677 3912 889 3969 futurus
912 3923 1077 3981 esset,
1125 3916 1254 3985 quia
1279 3915 1491 3970 viderat
1514 3929 1612 3984 per
1635 3915 1811 3969 visum
1830 3929 1888 3970 se
1915 3914 1971 3969 in

376 4008 587 4063 vertice
614 4009 828 4065 arboris
856 4009 1049 4080 palmae
1067 4009 1340 4067 collocari.
1384 4008 1516 4077 Quae
1572 4008 1712 4065 visio
1754 4008 1969 4079 signum

378 4099 561 4172 regale
596 4110 738 4157 erat.

997 4191 1229 4249 CAPUT
1291 4192 1363 4248 X.

893 4281 1157 4355 \Sequitur
1183 4293 1239 4338 ut
1261 4301 1445 4355 supra.

456 4392 479 4424 ι
518 4371 765 4445 Cumque
791 4374 992 4430 abieris
1014 4374 1160 4441 inde,
1192 4383 1249 4430 et
1289 4375 1431 4431 ultra
1461 4375 1771 4441 transieris,
1796 4382 1853 4431 et
1873 4390 1970 4431 ve-

383 4481 406 4515 ι
452 4464 605 4519 neris
643 4464 711 4518 ad
739 4480 1002 4535 quercum
1047 4465 1288 4533 Thabor,
1333 4466 1611 4522 invenient
1650 4476 1704 4522 te
1756 4467 1830 4522 ibi
1861 4476 1973 4522 tres

2072 3292 2243 3351 usque
2262 3281 2328 3337 ad
2353 3280 2514 3336 ﬁnem
2537 3281 2677 3355 (Job.
2716 3281 2926 3355 xxxnv).

2687 3394 2916 3451 CAPUT
2955 3382 3045 3451 XI.

2070 3482 2276 3537 Bellum
2290 3485 2439 3562 aa_s
2452 3484 3061 3562 Ammpnitceadversum
3072 3485 3108 3540 J
3111 3486 3233 3542 abes
3247 3485 3482 3562 Galaad,
3506 3506 3657 3562 quem

2283 3553 2415 3609 Saul
2439 3571 2557 3608 cum
2589 3554 2849 3610 lsraelitis
2882 3574 3124 3627 pugnans
3147 3560 3447 3629 prostravit.

2143 3650 2291 3723 (CAP.
2320 3649 2423 3724 xi.)
2492 3670 2511 3702 ι
2548 3651 2676 3708 Post
2709 3653 2826 3709 haec
2854 3656 3100 3710 ascendit
3136 3655 3279 3713 Naas
3298 3656 3663 3726 Ammonites,

2077 3761 2096 3794 ι
2142 3752 2196 3797 et
2224 3758 2465 3813 pugnare
2497 3745 2663 3813 coepit
2707 3746 2993 3800 adversum
3036 3747 3199 3804 Jabes
3220 3749 3447 3817 Galaad,
3484 3773 3503 3804 ι
3548 3764 3659 3809 etc.

2071 3832 2209 3899 Quid
2237 3832 2505 3905 signiﬁcat
2534 3833 2642 3888 hoc
2664 3832 2867 3889 factum
2907 3838 3051 3905 quod
3076 3836 3217 3893 Naas
3237 3839 3573 3895 Ammonites
3601 3842 3662 3896 in

2069 3923 2175 3977 hoc
2197 3921 2360 3978 ferire
2386 3938 2510 3978 cum
2535 3921 2696 3979 Jabes
2717 3922 2921 3978 Galaad
2939 3926 3103 3980 voluit
3126 3924 3326 3993 fcedus,
3355 3937 3416 3983 ut
3438 3937 3656 3984 erueret

2070 4014 2308 4068 omnium
2328 4013 2511 4068 oculos
2540 4015 2784 4079 dextros,
2804 4025 3069 4083 quatenus
3091 4014 3282 4073 ﬁerent
3307 4021 3660 4090 Opprobrium

2072 4103 2127 4157 in
2169 4104 2422 4158 universo
2444 4102 2633 4169 lsrael,
2688 4104 2795 4182 nisi
2828 4104 3029 4159 bellum
3056 4100 3433 4163 haereticorum
3469 4120 3662 4165 contra

2075 4193 2372 4248 Ecclesium
2393 4194 2417 4247 ?
2437 4193 2580 4249 Naas
2597 4194 2793 4265 quippe
2816 4195 3203 4275 interpretatur
3241 4215 3473 4271 serpens.
3521 4202 3664 4256 Am-

2074 4300 2223 4351 mon,
2246 4286 2589 4354 comprimens
2616 4286 2701 4339 vel
2728 4296 3099 4357 coangustans,
3123 4288 3206 4343 vel
3228 4289 3450 4360 populus
3473 4308 3662 4347 maero-

2077 4377 2170 4430 ris.
2224 4374 2388 4431 labes
2424 4376 2810 4446 interpretatur
2834 4380 3094 4432 exs'ccata
3119 4396 3139 4444 ;
3172 4379 3395 4448 Ga'laad,
3441 4400 3659 4439 acervus

2076 4470 2378 4523 testimonii.
2422 4469 2562 4539 Ergo
2600 4467 2740 4524 Naas
2779 4486 3003 4541 serpens
3050 4474 3306 4543 antiquus
3334 4483 3387 4528 et
3407 4474 3661 4544 princeps

382 4572 403 4604 ε
451 4554 559 4608 viri
581 4529 943 4610 ascendentes
965 4555 1033 4610 ad
1053 4529 1340 4610 Dominum
1360 4556 1414 4610 in
1437 4555 1641 4611 Bethel.
1680 4576 1700 4609 ι
1739 4556 1840 4612 Ubi
1871 4557 1972 4626 lly-
1997 4529 2050 4589 Β
2076 4529 2526 4628 Ammonitaruni,
2551 4563 2655 4618 hoc
2682 4574 2784 4629 est,
2820 4529 3222 4632 hz-ereticorutn,
3272 4566 3361 4636 qui
3391 4529 3527 4622 bene
3559 4529 3661 4637 ρόὲ

377 4644 486 4700 biri
513 4643 614 4716 [hi
647 4642 775 4716 viri}
793 4659 955 4699 causa
978 4645 1241 4702 orationis
1268 4644 1421 4700 ibant
1450 4646 1507 4700 in
1526 4643 1719 4701 Bethel
1736 4685 1758 4711 ,
1802 4644 1970 4701 εἰειεῶ

376 4736 616 4806 lapidem
639 4744 911 4790 erexerat.

459 4848 480 4882 ι
529 4829 656 4884 Post
683 4829 801 4885 haec
824 4830 1013 4885 venies
1042 4831 1111 4885 ad
1138 4831 1329 4887 collem
1354 4832 1471 4887 Dei.
1511 4852 1532 4886 ι
1585 4832 1748 4889 Collis
1776 4832 1871 4888 Dei
1894 4832 1972 4888 lo-

377 4940 483 4982 cus
503 4932 623 4978 erat
647 4922 737 4977 ubi
764 4922 1044 4992 prophetae
1063 4923 1402 4978 habitabant.
1501 4942 1509 4963 ι

458 5032 483 5068 ι
527 5014 596 5068 Et
616 5013 815 5069 insiﬁet
842 5014 900 5068 in
944 5021 997 5068 te
1027 5012 1263 5084 Spiritus
1284 5014 1518 5080 Domini,
1542 5023 1599 5070 et
1625 5017 1972 5086 prophetabis

387 5129 413 5161 ι
454 5125 582 5165 cum
604 5110 703 5174 eis,
741 5130 759 5162 ι
796 5120 901 5165 etc.
954 5110 1317 5181 Prophetasse
1339 5127 1466 5167 eum
1484 5112 1556 5166 ibi
1588 5110 1757 5167 Judaei
1787 5112 1972 5168 dicunt

380 5202 454 5257 de
493 5200 676 5256 futuro
704 5202 919 5269 saeculo,
961 5186 1037 5259 "de
1069 5202 1185 5274 Gog
1221 5212 1279 5259 et
1316 5203 1527 5275 Magog,
1560 5212 1615 5259 et
1642 5202 1709 5258 de
1733 5204 1971 5275 praemiis

373 5292 653 5362 iustorum
672 5299 728 5345 et
750 5306 912 5361 poma
935 5292 1246 5362 impiorum.

464 5402 484 5435 ι
531 5384 756 5451 Quando
783 5400 914 5454 ergo
932 5387 1180 5441 venerint
1204 5387 1357 5459 signa
1379 5388 1494 5443 haec
1522 5388 1703 5444 omnia
1735 5388 1852 5453 tibi,
1887 5386 1973 5443 hic

389 5495 412 5528 ι
456 5490 790 5546 qutecunque
816 5476 1084 5531 invenerit
1111 5494 1306 5534 manus
1332 5488 1442 5545 tua,
1469 5481 1596 5550 quia
1627 5481 1768 5535 Dens
1794 5488 1973 5535 tecum

390 5588 413 5619 ι
459 5576 568 5632 est,
606 5585 626 5619 ι
654 5576 764 5622 etc.
815 5567 895 5623 Ac
922 5567 970 5622 si
1021 5569 1222 5631 diceret
1256 5587 1271 5625 :
1316 5570 1412 5625 llis
1443 5571 1613 5640 signis
1638 5586 1800 5627 nosse
1825 5580 1977 5642 pote-

386 5658 468 5712 ris
498 5657 624 5727 quia
655 5657 797 5712 Deus
821 5662 876 5713 te
896 5674 1079 5730 regem
1106 5660 1222 5716 fore
1264 5661 1457 5728 voluit,
1488 5672 1544 5717 et
1570 5662 1774 5720 idcirco
1793 5665 1976 5720 omnia

384 5768 518 5824 qtae
542 5751 633 5806 tibi
663 5752 869 5823 agenda
899 5765 1047 5822 sunt,
1086 5753 1338 5828 regaliter
1376 5770 1494 5827 age,
1538 5764 1593 5811 et
1612 5756 1753 5814 Deus
1798 5768 1977 5816 tecum

2076 4651 2232 4720 pulus
2278 4653 2530 4708 maeroris
2573 4653 2786 4719 dicitur,
2834 4656 3087 4725 quoniam
3131 4658 3386 4735 gaudium
3425 4656 3669 4729 Spiritus

2056 4744 2251 4808 sancti
2282 4759 2389 4798 non
2417 4743 2635 4809 habent,
2663 4745 2900 4814 disponit
2929 4744 3103 4800 foedus
3125 4762 3246 4801 cum
3268 4748 3463 4819 pepulo
3476 4747 3664 4805 Ecclc-
3689 4804 3693 4821 ι

2076 4839 2194 4903 size,
2219 4847 2275 4891 ut
2295 4847 2452 4892 eruat
2480 4838 2719 4892 omnium
2744 4840 2930 4894 oculos
2949 4841 3188 4906 dextros,
3230 4843 3446 4909 liocest,
3482 4844 3663 4901 visum

2079 4943 2224 4983 sanae
2247 4938 2303 4983 et
2324 4929 2639 4983 orthodoxa:
2673 4927 2797 4982 ﬁdei
2827 4929 3056 4984 auferat.
3115 4931 3206 4985 Sic
3245 4934 3389 4987 enim
3420 4933 3533 4987 vult
3563 4949 3668 4990 eos

2078 5020 2280 5075 habere
2305 5018 2614 5081 fmderatos,
2645 5027 2707 5074 ut
2734 5019 3015 5075 sinistrum
3041 5023 3254 5077 oculum
3286 5024 3575 5090 habentes,
3593 5043 3656 5081 ea

2079 5121 2287 5165 tantum
2339 5126 2459 5180 qua:
2513 5125 2678 5180 prava
2727 5119 2873 5176 sunt,
2920 5113 3176 5167 sentiant.
3230 5112 3335 5168 Sed
3383 5116 3665 5175 exsiccata

2079 5217 2232 5257 mens
2257 5201 2493 5256 ﬁdelium
2523 5201 2593 5255 ab
2622 5202 2875 5257 omnibus
2911 5203 3164 5258 sordibus
3205 5205 3463 5263 vitiorum
3508 5226 3666 5265 accr-

2080 5295 2204 5347 vu‘m
2245 5291 2559 5357 testimonii,
2599 5292 2707 5347 hoc
2725 5301 2832 5358 est,
2858 5295 3153 5349 sententias
3182 5308 3493 5354 sanctarum
3510 5301 3660 5356 Scri-

2079 5394 2363 5458 pturarum
2411 5384 2707 5455 congerit,
2761 5393 3027 5454 quatenus
3088 5388 3231 5446 hos'ti
3277 5392 3667 5448 nefandissimo

2080 5494 2267 5534 carum
2290 5479 2625 5548 protectione
2646 5479 2839 5534 muniti
2875 5480 3106 5539 viriliter
3140 5488 3395 5541 resistere
3424 5485 3661 5540 valeant.

2083 5570 2405 5639 Mittuntque
2431 5570 2485 5624 in
2516 5571 2792 5626 universos
2832 5573 3096 5631 terminos
3126 5576 3307 5638 lsrael,
3334 5577 3435 5629 hoc
3460 5586 3564 5640 est,
3598 5576 3668 5629 ad

2083 5663 2333 5718 doctores
2358 5661 2609 5717 Ecclesiae
2647 5662 2737 5732 qui
2761 5676 3003 5737 [tmesunt
3025 5666 3535 5737 populis,quatenus
3562 5665 3668 5720 sibi

2084 5770 2241 5827 opem
2274 5752 2468 5820 ferant,
2513 5765 2566 5809 et
2601 5763 2818 5813 scutum
2866 5758 2989 5813 ﬁdei
3025 5766 3215 5813 contra
3243 5756 3424 5811 hostes
3465 5774 3534 5812 ex
3570 5758 3668 5813 ad-
