  <div class='ocr_page' id='page_1' title='image "/cluster/home/n/w/nwhite01/storage/ocr_20150623/109/hvd.32044054759741/025.png"; bbox 0 0 4026 6202; ppageno 0'>
   <div class='ocr_carea' id='block_1_1' title="bbox 439 349 3009 428">
    <p class='ocr_par' dir='ltr' id='par_1_1' title="bbox 439 349 3009 428">
     <span class='ocr_line' id='line_1_1' title="bbox 439 349 3009 428; baseline 0.003 -14"><span class='ocrx_word' id='word_1_1' title='bbox 439 361 515 428; x_wconf 72' lang='lat'><strong>59</strong></span> <span class='ocrx_word' id='word_1_2' title='bbox 1080 360 1141 416; x_wconf 78' lang='grc' dir='ltr'><strong>Β.</strong></span> <span class='ocrx_word' id='word_1_3' title='bbox 1185 360 1434 416; x_wconf 77' lang='lat' dir='ltr'><strong>RABAM</strong></span> <span class='ocrx_word' id='word_1_4' title='bbox 1472 357 1688 417; x_wconf 67' lang='lat' dir='ltr'><strong>suum</strong></span> <span class='ocrx_word' id='word_1_5' title='bbox 1726 352 2045 417; x_wconf 76' lang='lat' dir='ltr'><strong>ARCHIEP.</strong></span> <span class='ocrx_word' id='word_1_6' title='bbox 2083 349 2394 419; x_wconf 67' lang='lat' dir='ltr'><strong>nouum.</strong></span> <span class='ocrx_word' id='word_1_7' title='bbox 2435 358 2717 420; x_wconf 70' lang='lat' dir='ltr'><strong>OPERUM</strong></span> <span class='ocrx_word' id='word_1_8' title='bbox 2759 365 2936 422; x_wconf 64' lang='lat' dir='ltr'><strong>rans</strong></span> <span class='ocrx_word' id='word_1_9' title='bbox 2969 366 3009 422; x_wconf 91' lang='lat' dir='ltr'><strong>l.</strong></span> 
     </span>
    </p>
   </div>
   <div class='ocr_carea' id='block_1_2' title="bbox 438 475 2087 552">
    <p class='ocr_par' dir='ltr' id='par_1_2' title="bbox 438 475 2087 552">
     <span class='ocr_line' id='line_1_2' title="bbox 438 475 2087 552; baseline -0.008 -11"><span class='ocrx_word' id='word_1_10' title='bbox 438 498 596 541; x_wconf 86' lang='lat' dir='ltr'><strong>verso</strong></span> <span class='ocrx_word' id='word_1_11' title='bbox 622 486 913 552; x_wconf 87' lang='lat' dir='ltr'><strong>opponant.</strong></span> <span class='ocrx_word' id='word_1_12' title='bbox 976 476 1205 547; x_wconf 76' lang='lat' dir='ltr'><strong>Moxque</strong></span> <span class='ocrx_word' id='word_1_13' title='bbox 1233 476 1381 542; x_wconf 90' lang='lat' dir='ltr'><strong>Saul,</strong></span> <span class='ocrx_word' id='word_1_14' title='bbox 1434 476 1640 546; x_wconf 90' lang='lat' dir='ltr'><strong>Spiritu</strong></span> <span class='ocrx_word' id='word_1_15' title='bbox 1696 475 1905 531; x_wconf 85' lang='lat' dir='ltr'><strong>Domini</strong></span> <span class='ocrx_word' id='word_1_16' title='bbox 1934 477 2011 530; x_wconf 92' lang='lat' dir='ltr'><strong>in-</strong></span> <span class='ocrx_word' id='word_1_17' title='bbox 2036 487 2087 545; x_wconf 71' lang='grc' dir='ltr'>Α</span> 
     </span>
    </p>
   </div>
   <div class='ocr_carea' id='block_1_3' title="bbox 438 568 2004 639">
    <p class='ocr_par' dir='ltr' id='par_1_3' title="bbox 438 568 2004 639">
     <span class='ocr_line' id='line_1_3' title="bbox 438 568 2004 639; baseline -0.006 -7"><span class='ocrx_word' id='word_1_18' title='bbox 438 577 690 639; x_wconf 90' lang='lat' dir='ltr'><strong>stinctus,</strong></span> <span class='ocrx_word' id='word_1_19' title='bbox 720 572 881 627; x_wconf 84' lang='lat' dir='ltr'><strong>simul</strong></span> <span class='ocrx_word' id='word_1_20' title='bbox 909 586 1032 626; x_wconf 87' lang='lat' dir='ltr'><strong>cum</strong></span> <span class='ocrx_word' id='word_1_21' title='bbox 1061 568 1313 624; x_wconf 88' lang='lat' dir='ltr'><strong>Samuele</strong></span> <span class='ocrx_word' id='word_1_22' title='bbox 1336 571 1598 639; x_wconf 79' lang='lat' dir='ltr'><strong>pmpheta</strong></span> <span class='ocrx_word' id='word_1_23' title='bbox 1621 578 1678 624; x_wconf 92' lang='lat' dir='ltr'><strong>et</strong></span> <span class='ocrx_word' id='word_1_24' title='bbox 1702 569 2004 633; x_wconf 87' lang='lat' dir='ltr'><strong>sacerdote,</strong></span> 
     </span>
    </p>
   </div>
   <div class='ocr_carea' id='block_1_4' title="bbox 437 659 2009 733">
    <p class='ocr_par' dir='ltr' id='par_1_4' title="bbox 437 659 2009 733">
     <span class='ocr_line' id='line_1_4' title="bbox 437 659 2009 733; baseline -0.005 -13"><span class='ocrx_word' id='word_1_25' title='bbox 437 663 710 720; x_wconf 77' lang='lat' dir='ltr'><strong>recensuit</strong></span> <span class='ocrx_word' id='word_1_26' title='bbox 732 661 1006 733; x_wconf 85' lang='lat' dir='ltr'><strong>populum,</strong></span> <span class='ocrx_word' id='word_1_27' title='bbox 1068 678 1087 711; x_wconf 74' lang='grc' dir='ltr'><strong>ι</strong></span> <span class='ocrx_word' id='word_1_28' title='bbox 1129 671 1184 713; x_wconf 90' lang='lat' dir='ltr'><strong>et</strong></span> <span class='ocrx_word' id='word_1_29' title='bbox 1218 659 1424 714; x_wconf 82' lang='lat' dir='ltr'><strong>invenit</strong></span> <span class='ocrx_word' id='word_1_30' title='bbox 1450 660 1517 714; x_wconf 91' lang='lat' dir='ltr'><strong>de</strong></span> <span class='ocrx_word' id='word_1_31' title='bbox 1551 659 1677 714; x_wconf 90' lang='lat' dir='ltr'><strong>ﬁliis</strong></span> <span class='ocrx_word' id='word_1_32' title='bbox 1703 659 1863 714; x_wconf 89' lang='lat' dir='ltr'><strong>Israel</strong></span> <span class='ocrx_word' id='word_1_33' title='bbox 1901 668 2009 713; x_wconf 85' lang='lat' dir='ltr'><strong>tre-</strong></span> 
     </span>
    </p>
   </div>
   <div class='ocr_carea' id='block_1_5' title="bbox 434 748 2007 821">
    <p class='ocr_par' dir='ltr' id='par_1_5' title="bbox 434 748 2007 821">
     <span class='ocr_line' id='line_1_5' title="bbox 434 748 2007 821; baseline -0.006 -10"><span class='ocrx_word' id='word_1_34' title='bbox 434 765 596 812; x_wconf 83' lang='lat' dir='ltr'><strong>centa</strong></span> <span class='ocrx_word' id='word_1_35' title='bbox 611 754 775 810; x_wconf 83' lang='lat' dir='ltr'><strong>millia</strong></span> <span class='ocrx_word' id='word_1_36' title='bbox 800 753 1139 817; x_wconf 79' lang='lat' dir='ltr'><strong>bellatorum,</strong></span> <span class='ocrx_word' id='word_1_37' title='bbox 1156 752 1402 806; x_wconf 77' lang='lat' dir='ltr'><strong>virorum</strong></span> <span class='ocrx_word' id='word_1_38' title='bbox 1431 759 1610 804; x_wconf 89' lang='lat' dir='ltr'><strong>autem</strong></span> <span class='ocrx_word' id='word_1_39' title='bbox 1624 748 1760 803; x_wconf 72' lang='lat' dir='ltr'><strong>Iuda</strong></span> <span class='ocrx_word' id='word_1_40' title='bbox 1790 749 2007 821; x_wconf 77' lang='lat' dir='ltr'><strong>triginta</strong></span> 
     </span>
    </p>
   </div>
   <div class='ocr_carea' id='block_1_6' title="bbox 437 847 690 901">
    <p class='ocr_par' dir='ltr' id='par_1_6' title="bbox 437 847 690 901">
     <span class='ocr_line' id='line_1_6' title="bbox 437 847 690 901; baseline -0.012 -1"><span class='ocrx_word' id='word_1_41' title='bbox 437 847 625 901; x_wconf 84' lang='lat' dir='ltr'><strong>millia.</strong></span> <span class='ocrx_word' id='word_1_42' title='bbox 671 864 690 897; x_wconf 75' lang='grc' dir='ltr'><strong>ι</strong></span> 
     </span>
    </p>
   </div>
   <div class='ocr_carea' id='block_1_7' title="bbox 514 948 2008 1025">
    <p class='ocr_par' dir='ltr' id='par_1_7' title="bbox 514 948 2008 1025">
     <span class='ocr_line' id='line_1_7' title="bbox 514 948 2008 1025; baseline -0.004 -16"><span class='ocrx_word' id='word_1_43' title='bbox 514 977 532 1009; x_wconf 82' lang='grc' dir='ltr'><strong>ι</strong></span> <span class='ocrx_word' id='word_1_44' title='bbox 575 958 641 1011; x_wconf 86' lang='lat' dir='ltr'><strong>Et</strong></span> <span class='ocrx_word' id='word_1_45' title='bbox 660 954 931 1010; x_wconf 90' lang='lat' dir='ltr'><strong>recensuit</strong></span> <span class='ocrx_word' id='word_1_46' title='bbox 974 953 1309 1025; x_wconf 37' lang='lat' dir='ltr'><strong>eoshinquit,</strong></span> <span class='ocrx_word' id='word_1_47' title='bbox 1332 953 1387 1006; x_wconf 90' lang='lat' dir='ltr'><strong>in</strong></span> <span class='ocrx_word' id='word_1_48' title='bbox 1415 950 1644 1006; x_wconf 86' lang='lat' dir='ltr'><strong>Bezech.</strong></span> <span class='ocrx_word' id='word_1_49' title='bbox 1681 971 1700 1004; x_wconf 70' lang='grc' dir='ltr'><strong>ι</strong></span> <span class='ocrx_word' id='word_1_50' title='bbox 1744 949 1851 1021; x_wconf 79' lang='lat' dir='ltr'><strong>(Ea:</strong></span> <span class='ocrx_word' id='word_1_51' title='bbox 1879 948 2008 1003; x_wconf 77' lang='lat' dir='ltr'><strong>Hie-</strong></span> 
     </span>
    </p>
   </div>
   <div class='ocr_carea' id='block_1_8' title="bbox 436 1039 2009 1116">
    <p class='ocr_par' dir='ltr' id='par_1_8' title="bbox 436 1039 2009 1116">
     <span class='ocr_line' id='line_1_8' title="bbox 436 1039 2009 1116; baseline -0.004 -16"><span class='ocrx_word' id='word_1_52' title='bbox 436 1047 696 1116; x_wconf 83' lang='lat' dir='ltr'><strong>renymo.)</strong></span> <span class='ocrx_word' id='word_1_53' title='bbox 736 1045 945 1099; x_wconf 87' lang='lat' dir='ltr'><strong>Bezech</strong></span> <span class='ocrx_word' id='word_1_54' title='bbox 969 1045 1100 1098; x_wconf 85' lang='lat' dir='ltr'><strong>urbs</strong></span> <span class='ocrx_word' id='word_1_55' title='bbox 1130 1053 1213 1097; x_wconf 88' lang='lat' dir='ltr'><strong>est</strong></span> <span class='ocrx_word' id='word_1_56' title='bbox 1241 1042 1380 1111; x_wconf 84' lang='lat' dir='ltr'><strong>regis</strong></span> <span class='ocrx_word' id='word_1_57' title='bbox 1403 1040 1802 1105; x_wconf 82' lang='lat' dir='ltr'><strong>Adonibezech,</strong></span> <span class='ocrx_word' id='word_1_58' title='bbox 1826 1039 2009 1094; x_wconf 90' lang='lat' dir='ltr'><strong>hodie-</strong></span> 
     </span>
    </p>
   </div>
   <div class='ocr_carea' id='block_1_9' title="bbox 434 1130 2006 1205">
    <p class='ocr_par' dir='ltr' id='par_1_9' title="bbox 434 1130 2006 1205">
     <span class='ocr_line' id='line_1_9' title="bbox 434 1130 2006 1205; baseline -0.002 -18"><span class='ocrx_word' id='word_1_59' title='bbox 434 1151 537 1205; x_wconf 90' lang='lat' dir='ltr'><strong>que</strong></span> <span class='ocrx_word' id='word_1_60' title='bbox 566 1137 683 1189; x_wconf 76' lang='lat' dir='ltr'><strong>duae</strong></span> <span class='ocrx_word' id='word_1_61' title='bbox 715 1134 853 1189; x_wconf 72' lang='lat' dir='ltr'><strong>villa:</strong></span> <span class='ocrx_word' id='word_1_62' title='bbox 878 1141 1002 1188; x_wconf 91' lang='lat' dir='ltr'><strong>sunt</strong></span> <span class='ocrx_word' id='word_1_63' title='bbox 1037 1133 1253 1186; x_wconf 78' lang='lat' dir='ltr'><strong>nomine</strong></span> <span class='ocrx_word' id='word_1_64' title='bbox 1297 1131 1529 1196; x_wconf 81' lang='lat' dir='ltr'><strong>Bezech,</strong></span> <span class='ocrx_word' id='word_1_65' title='bbox 1567 1130 1760 1184; x_wconf 80' lang='lat' dir='ltr'><strong>vicinae</strong></span> <span class='ocrx_word' id='word_1_66' title='bbox 1803 1130 1925 1195; x_wconf 84' lang='lat' dir='ltr'><strong>sibi,</strong></span> <span class='ocrx_word' id='word_1_67' title='bbox 1950 1131 2006 1184; x_wconf 89' lang='lat' dir='ltr'><strong>in</strong></span> 
     </span>
    </p>
   </div>
   <div class='ocr_carea' id='block_1_10' title="bbox 433 1220 2006 1297">
    <p class='ocr_par' dir='ltr' id='par_1_10' title="bbox 433 1220 2006 1297">
     <span class='ocr_line' id='line_1_10' title="bbox 433 1220 2006 1297; baseline -0.005 -16"><span class='ocrx_word' id='word_1_68' title='bbox 433 1228 661 1297; x_wconf 79' lang='lat' dir='ltr'><strong>septimo</strong></span> <span class='ocrx_word' id='word_1_69' title='bbox 706 1226 879 1295; x_wconf 82' lang='lat' dir='ltr'><strong>lapide</strong></span> <span class='ocrx_word' id='word_1_70' title='bbox 902 1240 932 1278; x_wconf 92' lang='lat' dir='ltr'><strong>a</strong></span> <span class='ocrx_word' id='word_1_71' title='bbox 958 1222 1177 1293; x_wconf 83' lang='lat' dir='ltr'><strong>Neapoli</strong></span> <span class='ocrx_word' id='word_1_72' title='bbox 1210 1221 1664 1277; x_wconf 79' lang='lat' dir='ltr'><strong>descendentibus</strong></span> <span class='ocrx_word' id='word_1_73' title='bbox 1703 1220 2006 1291; x_wconf 84' lang='lat' dir='ltr'><strong>Scythopo-</strong></span> 
     </span>
    </p>
   </div>
   <div class='ocr_carea' id='block_1_11' title="bbox 431 1311 2005 1384">
    <p class='ocr_par' dir='ltr' id='par_1_11' title="bbox 431 1311 2005 1384">
     <span class='ocr_line' id='line_1_11' title="bbox 431 1311 2005 1384; baseline -0.004 -13"><span class='ocrx_word' id='word_1_74' title='bbox 431 1319 545 1371; x_wconf 88' lang='lat' dir='ltr'><strong>lim.</strong></span> <span class='ocrx_word' id='word_1_75' title='bbox 586 1317 791 1372; x_wconf 89' lang='lat' dir='ltr'><strong>Besech</strong></span> <span class='ocrx_word' id='word_1_76' title='bbox 822 1317 1211 1384; x_wconf 80' lang='lat' dir='ltr'><strong>interpretatur</strong></span> <span class='ocrx_word' id='word_1_77' title='bbox 1236 1323 1434 1383; x_wconf 77' lang='lat' dir='ltr'><strong>egestas</strong></span> <span class='ocrx_word' id='word_1_78' title='bbox 1454 1353 1469 1378; x_wconf 97' lang='lat'><strong>,</strong></span> <span class='ocrx_word' id='word_1_79' title='bbox 1502 1322 1557 1368; x_wconf 90' lang='lat' dir='ltr'><strong>et</strong></span> <span class='ocrx_word' id='word_1_80' title='bbox 1594 1312 1897 1383; x_wconf 84' lang='lat' dir='ltr'><strong>signiﬁcare</strong></span> <span class='ocrx_word' id='word_1_81' title='bbox 1928 1311 2005 1382; x_wconf 87' lang='lat' dir='ltr'><strong>(ni</strong></span> 
     </span>
    </p>
   </div>
   <div class='ocr_carea' id='block_1_12' title="bbox 433 1403 2006 1479">
    <p class='ocr_par' dir='ltr' id='par_1_12' title="bbox 433 1403 2006 1479">
     <span class='ocr_line' id='line_1_12' title="bbox 433 1403 2006 1479; baseline -0.003 -18"><span class='ocrx_word' id='word_1_82' title='bbox 433 1408 606 1479; x_wconf 84' lang='lat' dir='ltr'><strong>fallor)</strong></span> <span class='ocrx_word' id='word_1_83' title='bbox 648 1415 823 1476; x_wconf 87' lang='lat' dir='ltr'><strong>potest</strong></span> <span class='ocrx_word' id='word_1_84' title='bbox 849 1405 1175 1475; x_wconf 88' lang='lat' dir='ltr'><strong>paucitatem</strong></span> <span class='ocrx_word' id='word_1_85' title='bbox 1236 1403 1564 1468; x_wconf 86' lang='lat' dir='ltr'><strong>electorum;</strong></span> <span class='ocrx_word' id='word_1_86' title='bbox 1603 1403 1745 1457; x_wconf 91' lang='lat' dir='ltr'><strong>unde</strong></span> <span class='ocrx_word' id='word_1_87' title='bbox 1779 1412 1837 1457; x_wconf 89' lang='lat' dir='ltr'><strong>et</strong></span> <span class='ocrx_word' id='word_1_88' title='bbox 1889 1403 2006 1473; x_wconf 89' lang='lat' dir='ltr'><strong>ipsa</strong></span> 
     </span>
    </p>
   </div>
   <div class='ocr_carea' id='block_1_13' title="bbox 432 1492 2006 1562">
    <p class='ocr_par' dir='ltr' id='par_1_13' title="bbox 432 1492 2006 1562">
     <span class='ocr_line' id='line_1_13' title="bbox 432 1492 2006 1562; baseline -0.003 -12"><span class='ocrx_word' id='word_1_89' title='bbox 432 1497 643 1550; x_wconf 73' lang='lat' dir='ltr'><strong>Veritas</strong></span> <span class='ocrx_word' id='word_1_90' title='bbox 668 1496 777 1548; x_wconf 89' lang='lat' dir='ltr'><strong>ait:</strong></span> <span class='ocrx_word' id='word_1_91' title='bbox 844 1513 861 1544; x_wconf 87' lang='grc' dir='ltr'><strong>ι</strong></span> <span class='ocrx_word' id='word_1_92' title='bbox 893 1494 1209 1548; x_wconf 72' lang='lat' dir='ltr'><strong>Multi‘sunt</strong></span> <span class='ocrx_word' id='word_1_93' title='bbox 1243 1494 1440 1559; x_wconf 87' lang='lat' dir='ltr'><strong>vocati,</strong></span> <span class='ocrx_word' id='word_1_94' title='bbox 1471 1493 1629 1562; x_wconf 84' lang='lat' dir='ltr'><strong>pauci</strong></span> <span class='ocrx_word' id='word_1_95' title='bbox 1672 1507 1801 1562; x_wconf 81' lang='lat' dir='ltr'><strong>ve_ro</strong></span> <span class='ocrx_word' id='word_1_96' title='bbox 1848 1492 2006 1547; x_wconf 90' lang='lat' dir='ltr'><strong>electi</strong></span> 
     </span>
    </p>
   </div>
   <div class='ocr_carea' id='block_1_14' title="bbox 431 1554 2008 1655">
    <p class='ocr_par' dir='ltr' id='par_1_14' title="bbox 431 1554 2008 1655">
     <span class='ocr_line' id='line_1_14' title="bbox 431 1554 2008 1655; baseline -0.001 -18"><span class='ocrx_word' id='word_1_97' title='bbox 431 1585 645 1655; x_wconf 75' lang='lat' dir='ltr'><strong>(Matth.</strong></span> <span class='ocrx_word' id='word_1_98' title='bbox 673 1584 829 1654; x_wconf 60' lang='lat' dir='ltr'><strong>xui).</strong></span> <span class='ocrx_word' id='word_1_99' title='bbox 864 1603 881 1635; x_wconf 76' lang='grc' dir='ltr'><strong>ι</strong></span> <span class='ocrx_word' id='word_1_100' title='bbox 920 1583 1033 1638; x_wconf 74' lang='lat' dir='ltr'><strong>Rex</strong></span> <span class='ocrx_word' id='word_1_101' title='bbox 1061 1598 1274 1653; x_wconf 87' lang='lat' dir='ltr'><strong>quoque</strong></span> <span class='ocrx_word' id='word_1_102' title='bbox 1300 1554 1490 1637; x_wconf 72' lang='lat' dir='ltr'><strong>noster</strong></span> <span class='ocrx_word' id='word_1_103' title='bbox 1517 1554 1786 1647; x_wconf 49' lang='lat' dir='ltr'><strong>Christus,</strong></span> <span class='ocrx_word' id='word_1_104' title='bbox 1811 1583 1903 1652; x_wconf 87' lang='lat' dir='ltr'><strong>qui</strong></span> <span class='ocrx_word' id='word_1_105' title='bbox 1925 1590 2008 1637; x_wconf 90' lang='lat' dir='ltr'><strong>est</strong></span> 
     </span>
    </p>
   </div>
   <div class='ocr_carea' id='block_1_15' title="bbox 432 1673 2006 1745">
    <p class='ocr_par' dir='ltr' id='par_1_15' title="bbox 432 1673 2006 1745">
     <span class='ocr_line' id='line_1_15' title="bbox 432 1673 2006 1745; baseline -0.003 -13"><span class='ocrx_word' id='word_1_106' title='bbox 432 1676 684 1732; x_wconf 84' lang='lat' dir='ltr'><strong>sacerdos</strong></span> <span class='ocrx_word' id='word_1_107' title='bbox 711 1684 766 1730; x_wconf 92' lang='lat' dir='ltr'><strong>et</strong></span> <span class='ocrx_word' id='word_1_108' title='bbox 784 1676 1064 1745; x_wconf 85' lang='lat' dir='ltr'><strong>propheta,</strong></span> <span class='ocrx_word' id='word_1_109' title='bbox 1106 1674 1358 1744; x_wconf 78' lang='lat' dir='ltr'><strong>congredi</strong></span> <span class='ocrx_word' id='word_1_110' title='bbox 1387 1674 1646 1728; x_wconf 89' lang='lat' dir='ltr'><strong>adversus</strong></span> <span class='ocrx_word' id='word_1_111' title='bbox 1663 1673 1846 1727; x_wconf 84' lang='lat' dir='ltr'><strong>hostes</strong></span> <span class='ocrx_word' id='word_1_112' title='bbox 1880 1688 2006 1727; x_wconf 88' lang='lat' dir='ltr'><strong>suos</strong></span> 
     </span>
    </p>
   </div>
   <div class='ocr_carea' id='block_1_16' title="bbox 429 1761 2007 1838">
    <p class='ocr_par' dir='ltr' id='par_1_16' title="bbox 429 1761 2007 1838">
     <span class='ocr_line' id='line_1_16' title="bbox 429 1761 2007 1838; baseline -0.001 -19"><span class='ocrx_word' id='word_1_113' title='bbox 429 1781 649 1838; x_wconf 89' lang='lat' dir='ltr'><strong>parans,</strong></span> <span class='ocrx_word' id='word_1_114' title='bbox 690 1764 1012 1833; x_wconf 40' lang='lat' dir='ltr'><strong>de‘utroque</strong></span> <span class='ocrx_word' id='word_1_115' title='bbox 1054 1764 1248 1834; x_wconf 83' lang='lat' dir='ltr'><strong>pepulo</strong></span> <span class='ocrx_word' id='word_1_116' title='bbox 1292 1763 1492 1817; x_wconf 88' lang='lat' dir='ltr'><strong>milites</strong></span> <span class='ocrx_word' id='word_1_117' title='bbox 1525 1762 1686 1833; x_wconf 84' lang='lat' dir='ltr'><strong>elegit</strong></span> <span class='ocrx_word' id='word_1_118' title='bbox 1723 1761 2007 1817; x_wconf 87' lang='lat' dir='ltr'><strong>Trinitatis</strong></span> 
     </span>
    </p>
   </div>
   <div class='ocr_carea' id='block_1_17' title="bbox 2336 116 2430 169">
    <p class='ocr_par' dir='ltr' id='par_1_17' title="bbox 2336 116 2430 169">
     <span class='ocr_line' id='line_1_17' title="bbox 2336 116 2430 169; baseline 0 0"><span class='ocrx_word' id='word_1_119' title='bbox 2336 116 2339 119; x_wconf 16' lang='lat' dir='ltr'><em>r</em></span> <span class='ocrx_word' id='word_1_120' title='bbox 2410 140 2430 169; x_wconf 93' lang='lat'><strong>/</strong></span> 
     </span>
    </p>
   </div>
   <div class='ocr_carea' id='block_1_18' title="bbox 3619 370 3739 433">
    <p class='ocr_par' dir='ltr' id='par_1_18' title="bbox 3619 370 3739 433">
     <span class='ocr_line' id='line_1_18' title="bbox 3619 370 3739 433; baseline -0.033 0"><span class='ocrx_word' id='word_1_121' title='bbox 3619 370 3739 433; x_wconf 71' lang='grc' dir='ltr'><strong>ιιιι</strong></span> 
     </span>
    </p>
   </div>
   <div class='ocr_carea' id='block_1_19' title="bbox 2701 499 3099 558">
    <p class='ocr_par' dir='ltr' id='par_1_19' title="bbox 2701 499 3099 558">
     <span class='ocr_line' id='line_1_19' title="bbox 2701 499 3099 558; baseline 0.005 -3"><span class='ocrx_word' id='word_1_122' title='bbox 2701 499 2927 557; x_wconf 82' lang='lat' dir='ltr'><strong>CAPUT</strong></span> <span class='ocrx_word' id='word_1_123' title='bbox 2967 502 3099 558; x_wconf 81' lang='lat' dir='ltr'><strong>XIII.</strong></span> 
     </span>
    </p>
   </div>
   <div class='ocr_carea' id='block_1_20' title="bbox 2106 606 3683 687">
    <p class='ocr_par' dir='ltr' id='par_1_20' title="bbox 2106 606 3683 687">
     <span class='ocr_line' id='line_1_20' title="bbox 2106 606 3683 687; baseline 0.014 -25"><span class='ocrx_word' id='word_1_124' title='bbox 2106 606 2183 662; x_wconf 86' lang='lat' dir='ltr'><strong>De</strong></span> <span class='ocrx_word' id='word_1_125' title='bbox 2208 624 2268 663; x_wconf 81' lang='lat' dir='ltr'><strong>eo</strong></span> <span class='ocrx_word' id='word_1_126' title='bbox 2304 611 2443 680; x_wconf 84' lang='lat' dir='ltr'><strong>quod</strong></span> <span class='ocrx_word' id='word_1_127' title='bbox 2478 609 2616 687; x_wconf 67' lang='lat' dir='ltr'><strong>Sauf</strong></span> <span class='ocrx_word' id='word_1_128' title='bbox 2642 628 2732 687; x_wconf 71' lang='lat' dir='ltr'><strong>rea:</strong></span> <span class='ocrx_word' id='word_1_129' title='bbox 2764 616 3074 687; x_wconf 56' lang='lat' dir='ltr'><strong>constitutus</strong></span> <span class='ocrx_word' id='word_1_130' title='bbox 3108 619 3371 676; x_wconf 75' lang='lat' dir='ltr'><strong>ordinavit</strong></span> <span class='ocrx_word' id='word_1_131' title='bbox 3399 627 3683 683; x_wconf 70' lang='lat' dir='ltr'><strong>exercitum</strong></span> 
     </span>
    </p>
   </div>
   <div class='ocr_carea' id='block_1_21' title="bbox 2175 681 3685 756">
    <p class='ocr_par' dir='ltr' id='par_1_21' title="bbox 2175 681 3685 756">
     <span class='ocr_line' id='line_1_21' title="bbox 2175 681 3685 756; baseline 0.014 -25"><span class='ocrx_word' id='word_1_132' title='bbox 2175 694 2373 756; x_wconf 46' lang='grc' dir='ltr'><strong>ευ-ςιηιερ</strong></span> <span class='ocrx_word' id='word_1_133' title='bbox 2397 690 2457 756; x_wconf 79' lang='lat' dir='ltr'><strong>et_</strong></span> <span class='ocrx_word' id='word_1_134' title='bbox 2477 682 2616 756; x_wconf 75' lang='lat' dir='ltr'><strong>quod</strong></span> <span class='ocrx_word' id='word_1_135' title='bbox 2642 682 2750 749; x_wconf 81' lang='lat' dir='ltr'><strong>ipse</strong></span> <span class='ocrx_word' id='word_1_136' title='bbox 2776 681 2909 737; x_wconf 62' lang='lat' dir='ltr'><strong>Sau&#39;l</strong></span> <span class='ocrx_word' id='word_1_137' title='bbox 2949 685 3296 756; x_wconf 29' lang='lat' dir='ltr'><strong>iuno/ferendo</strong></span> <span class='ocrx_word' id='word_1_138' title='bbox 3324 681 3685 752; x_wconf 56' lang='lat' dir='ltr'><strong>holocaustum</strong></span> 
     </span>
    </p>
   </div>
   <div class='ocr_carea' id='block_1_22' title="bbox 2177 749 3687 830">
    <p class='ocr_par' dir='ltr' id='par_1_22' title="bbox 2177 749 3687 830">
     <span class='ocr_line' id='line_1_22' title="bbox 2177 749 3687 830; baseline 0.015 -31"><span class='ocrx_word' id='word_1_139' title='bbox 2177 749 2393 830; x_wconf 63' lang='lat' dir='ltr'><strong>o/fendit</strong></span> <span class='ocrx_word' id='word_1_140' title='bbox 2415 749 2718 830; x_wconf 52' lang='lat' dir='ltr'><strong>pernitiem,</strong></span> <span class='ocrx_word' id='word_1_141' title='bbox 2742 764 2790 806; x_wconf 82' lang='lat' dir='ltr'><strong>et</strong></span> <span class='ocrx_word' id='word_1_142' title='bbox 2818 755 2959 830; x_wconf 72' lang='lat' dir='ltr'><strong>quod</strong></span> <span class='ocrx_word' id='word_1_143' title='bbox 2993 749 3285 830; x_wconf 45' lang='grc' dir='ltr'><strong>Ρήξὶιὶδιιιώ</strong></span> <span class='ocrx_word' id='word_1_144' title='bbox 3312 749 3687 830; x_wconf 67' lang='lat' dir='ltr'><strong>prohibuerunt</strong></span> 
     </span>
    </p>
   </div>
   <div class='ocr_carea' id='block_1_23' title="bbox 2177 818 3246 887">
    <p class='ocr_par' dir='ltr' id='par_1_23' title="bbox 2177 818 3246 887">
     <span class='ocr_line' id='line_1_23' title="bbox 2177 818 3246 887; baseline 0.01 -17"><span class='ocrx_word' id='word_1_145' title='bbox 2177 834 2328 872; x_wconf 84' lang='lat' dir='ltr'><strong>arma</strong></span> <span class='ocrx_word' id='word_1_146' title='bbox 2351 818 2603 887; x_wconf 79' lang='lat' dir='ltr'><strong>fabricari</strong></span> <span class='ocrx_word' id='word_1_147' title='bbox 2630 822 2686 875; x_wconf 74' lang='lat' dir='ltr'><strong>in</strong></span> <span class='ocrx_word' id='word_1_148' title='bbox 2712 818 2855 876; x_wconf 65' lang='lat' dir='ltr'><strong>omni</strong></span> <span class='ocrx_word' id='word_1_149' title='bbox 2885 833 3025 878; x_wconf 82' lang='lat' dir='ltr'><strong>terra</strong></span> <span class='ocrx_word' id='word_1_150' title='bbox 3052 825 3246 881; x_wconf 78' lang='lat' dir='ltr'><strong>Israel.</strong></span> 
     </span>
    </p>
   </div>
   <div class='ocr_carea' id='block_1_24' title="bbox 2176 920 3687 1007">
    <p class='ocr_par' dir='ltr' id='par_1_24' title="bbox 2176 920 3687 1007">
     <span class='ocr_line' id='line_1_24' title="bbox 2176 920 3687 1007; baseline 0.014 -23"><span class='ocrx_word' id='word_1_151' title='bbox 2176 930 2327 1001; x_wconf 69' lang='lat' dir='ltr'><strong>(Car.</strong></span> <span class='ocrx_word' id='word_1_152' title='bbox 2361 932 2503 1007; x_wconf 75' lang='lat' dir='ltr'><strong>snt.)</strong></span> <span class='ocrx_word' id='word_1_153' title='bbox 2546 920 2770 990; x_wconf 50' lang='lat' dir='ltr'><strong>(Filius</strong></span> <span class='ocrx_word' id='word_1_154' title='bbox 2796 946 2914 992; x_wconf 88' lang='lat' dir='ltr'><strong>erat</strong></span> <span class='ocrx_word' id='word_1_155' title='bbox 2948 938 3077 993; x_wconf 89' lang='lat' dir='ltr'><strong>Saul</strong></span> <span class='ocrx_word' id='word_1_156' title='bbox 3108 943 3268 997; x_wconf 86' lang='lat' dir='ltr'><strong>unius</strong></span> <span class='ocrx_word' id='word_1_157' title='bbox 3296 945 3424 1000; x_wconf 91' lang='lat' dir='ltr'><strong>anni</strong></span> <span class='ocrx_word' id='word_1_158' title='bbox 3444 962 3566 1002; x_wconf 91' lang='lat' dir='ltr'><strong>cum</strong></span> <span class='ocrx_word' id='word_1_159' title='bbox 3590 965 3687 1006; x_wconf 88' lang='lat' dir='ltr'><strong>re-</strong></span> 
     </span>
    </p>
   </div>
   <div class='ocr_carea' id='block_1_25' title="bbox 2112 1024 3688 1106">
    <p class='ocr_par' dir='ltr' id='par_1_25' title="bbox 2112 1024 3688 1106">
     <span class='ocr_line' id='line_1_25' title="bbox 2112 1024 3688 1106; baseline 0.017 -37"><span class='ocrx_word' id='word_1_160' title='bbox 2112 1035 2131 1069; x_wconf 77' lang='grc' dir='ltr'><strong>ι</strong></span> <span class='ocrx_word' id='word_1_161' title='bbox 2176 1034 2344 1089; x_wconf 84' lang='lat' dir='ltr'><strong>gnare</strong></span> <span class='ocrx_word' id='word_1_162' title='bbox 2365 1024 2641 1091; x_wconf 75' lang='lat' dir='ltr'><strong>ccepisset.</strong></span> <span class='ocrx_word' id='word_1_163' title='bbox 2700 1024 2917 1082; x_wconf 90' lang='lat' dir='ltr'><strong>Duobus</strong></span> <span class='ocrx_word' id='word_1_164' title='bbox 2940 1040 3122 1085; x_wconf 85' lang='lat' dir='ltr'><strong>autem</strong></span> <span class='ocrx_word' id='word_1_165' title='bbox 3155 1033 3310 1088; x_wconf 89' lang='lat' dir='ltr'><strong>annis</strong></span> <span class='ocrx_word' id='word_1_166' title='bbox 3336 1038 3688 1106; x_wconf 84' lang='lat' dir='ltr'><strong>regnavitsu-</strong></span> 
     </span>
    </p>
   </div>
   <div class='ocr_carea' id='block_1_26' title="bbox 2112 1110 3687 1190">
    <p class='ocr_par' dir='ltr' id='par_1_26' title="bbox 2112 1110 3687 1190">
     <span class='ocr_line' id='line_1_26' title="bbox 2112 1110 3687 1190; baseline 0.02 -31"><span class='ocrx_word' id='word_1_167' title='bbox 2112 1129 2129 1159; x_wconf 78' lang='grc' dir='ltr'><strong>ι</strong></span> <span class='ocrx_word' id='word_1_168' title='bbox 2175 1125 2273 1178; x_wconf 91' lang='lat' dir='ltr'><strong>per</strong></span> <span class='ocrx_word' id='word_1_169' title='bbox 2297 1110 2478 1166; x_wconf 75' lang='lat' dir='ltr'><strong>Israel.</strong></span> <span class='ocrx_word' id='word_1_170' title='bbox 2514 1134 2534 1166; x_wconf 74' lang='grc' dir='ltr'><strong>ι</strong></span> <span class='ocrx_word' id='word_1_171' title='bbox 2575 1114 2679 1169; x_wconf 85' lang='lat' dir='ltr'><strong>Per</strong></span> <span class='ocrx_word' id='word_1_172' title='bbox 2703 1118 3144 1190; x_wconf 86' lang='lat' dir='ltr'><strong>anticipationem</strong></span> <span class='ocrx_word' id='word_1_173' title='bbox 3177 1124 3312 1179; x_wconf 84' lang='lat' dir='ltr'><strong>dixit</strong></span> <span class='ocrx_word' id='word_1_174' title='bbox 3353 1128 3418 1183; x_wconf 91' lang='lat' dir='ltr'><strong>de</strong></span> <span class='ocrx_word' id='word_1_175' title='bbox 3441 1128 3687 1189; x_wconf 86' lang='lat' dir='ltr'><strong>lsboseth</strong></span> 
     </span>
    </p>
   </div>
   <div class='ocr_carea' id='block_1_27' title="bbox 2107 1200 3685 1287">
    <p class='ocr_par' dir='ltr' id='par_1_27' title="bbox 2107 1200 3685 1287">
     <span class='ocr_line' id='line_1_27' title="bbox 2107 1200 3685 1287; baseline 0.016 -34"><span class='ocrx_word' id='word_1_176' title='bbox 2107 1200 2218 1255; x_wconf 85' lang='lat' dir='ltr'><strong>ﬁlio</strong></span> <span class='ocrx_word' id='word_1_177' title='bbox 2245 1202 2393 1257; x_wconf 83' lang='lat' dir='ltr'><strong>Saul.</strong></span> <span class='ocrx_word' id='word_1_178' title='bbox 2426 1206 2500 1260; x_wconf 89' lang='lat' dir='ltr'><strong>De</strong></span> <span class='ocrx_word' id='word_1_179' title='bbox 2522 1222 2627 1276; x_wconf 87' lang='lat' dir='ltr'><strong>quo</strong></span> <span class='ocrx_word' id='word_1_180' title='bbox 2650 1216 2705 1262; x_wconf 88' lang='lat' dir='ltr'><strong>et</strong></span> <span class='ocrx_word' id='word_1_181' title='bbox 2735 1210 2788 1263; x_wconf 91' lang='lat' dir='ltr'><strong>in</strong></span> <span class='ocrx_word' id='word_1_182' title='bbox 2809 1213 3159 1280; x_wconf 87' lang='lat' dir='ltr'><strong>sequentibus</strong></span> <span class='ocrx_word' id='word_1_183' title='bbox 3181 1215 3252 1268; x_wconf 86' lang='lat' dir='ltr'><strong>ita</strong></span> <span class='ocrx_word' id='word_1_184' title='bbox 3275 1209 3536 1287; x_wconf 82' lang='lat' dir='ltr'><strong>scriptum</strong></span> <span class='ocrx_word' id='word_1_185' title='bbox 3561 1231 3647 1278; x_wconf 89' lang='lat' dir='ltr'><strong>est</strong></span> <span class='ocrx_word' id='word_1_186' title='bbox 3669 1239 3685 1278; x_wconf 91' lang='lat'><strong>:</strong></span> 
     </span>
    </p>
   </div>
   <div class='ocr_carea' id='block_1_28' title="bbox 2108 1290 3689 1377">
    <p class='ocr_par' dir='ltr' id='par_1_28' title="bbox 2108 1290 3689 1377">
     <span class='ocr_line' id='line_1_28' title="bbox 2108 1290 3689 1377; baseline 0.015 -35"><span class='ocrx_word' id='word_1_187' title='bbox 2108 1308 2131 1340; x_wconf 52' lang='grc' dir='ltr'><strong>π(</strong></span> <span class='ocrx_word' id='word_1_188' title='bbox 2169 1290 2536 1363; x_wconf 80' lang='lat' dir='ltr'><strong>Quadraginta</strong></span> <span class='ocrx_word' id='word_1_189' title='bbox 2570 1311 2834 1351; x_wconf 89' lang='lat' dir='ltr'><strong>annorum</strong></span> <span class='ocrx_word' id='word_1_190' title='bbox 2869 1310 2990 1354; x_wconf 88' lang='lat' dir='ltr'><strong>erat</strong></span> <span class='ocrx_word' id='word_1_191' title='bbox 3036 1300 3275 1357; x_wconf 90' lang='lat' dir='ltr'><strong>lsboseth</strong></span> <span class='ocrx_word' id='word_1_192' title='bbox 3302 1319 3424 1359; x_wconf 91' lang='lat' dir='ltr'><strong>cum</strong></span> <span class='ocrx_word' id='word_1_193' title='bbox 3462 1322 3689 1377; x_wconf 87' lang='lat' dir='ltr'><strong>regnare</strong></span> 
     </span>
    </p>
   </div>
   <div class='ocr_carea' id='block_1_29' title="bbox 2105 1385 3687 1467">
    <p class='ocr_par' dir='ltr' id='par_1_29' title="bbox 2105 1385 3687 1467">
     <span class='ocr_line' id='line_1_29' title="bbox 2105 1385 3687 1467; baseline 0.013 -30"><span class='ocrx_word' id='word_1_194' title='bbox 2105 1385 2360 1454; x_wconf 68' lang='lat' dir='ltr'><strong>coepisset</strong></span> <span class='ocrx_word' id='word_1_195' title='bbox 2378 1402 2539 1456; x_wconf 86' lang='lat' dir='ltr'><strong>super</strong></span> <span class='ocrx_word' id='word_1_196' title='bbox 2566 1388 2747 1455; x_wconf 88' lang='lat' dir='ltr'><strong>Israel,</strong></span> <span class='ocrx_word' id='word_1_197' title='bbox 2781 1400 2837 1445; x_wconf 88' lang='lat' dir='ltr'><strong>et</strong></span> <span class='ocrx_word' id='word_1_198' title='bbox 2863 1392 3072 1448; x_wconf 89' lang='lat' dir='ltr'><strong>duobus</strong></span> <span class='ocrx_word' id='word_1_199' title='bbox 3098 1396 3252 1450; x_wconf 88' lang='lat' dir='ltr'><strong>annis</strong></span> <span class='ocrx_word' id='word_1_200' title='bbox 3276 1401 3538 1467; x_wconf 78' lang='lat' dir='ltr'><strong>regnavit.</strong></span> <span class='ocrx_word' id='word_1_201' title='bbox 3574 1422 3593 1454; x_wconf 73' lang='grc' dir='ltr'><strong>ι</strong></span> <span class='ocrx_word' id='word_1_202' title='bbox 3627 1402 3687 1459; x_wconf 88' lang='lat' dir='ltr'><strong>Si</strong></span> 
     </span>
    </p>
   </div>
   <div class='ocr_carea' id='block_1_30' title="bbox 2105 1478 3689 1554">
    <p class='ocr_par' dir='ltr' id='par_1_30' title="bbox 2105 1478 3689 1554">
     <span class='ocr_line' id='line_1_30' title="bbox 2105 1478 3689 1554; baseline 0.013 -28"><span class='ocrx_word' id='word_1_203' title='bbox 2105 1488 2286 1545; x_wconf 88' lang='lat' dir='ltr'><strong>ergoa</strong></span> <span class='ocrx_word' id='word_1_204' title='bbox 2318 1486 2491 1531; x_wconf 87' lang='lat' dir='ltr'><strong>morte</strong></span> <span class='ocrx_word' id='word_1_205' title='bbox 2513 1478 2626 1532; x_wconf 84' lang='lat' dir='ltr'><strong>Heli</strong></span> <span class='ocrx_word' id='word_1_206' title='bbox 2673 1481 2834 1534; x_wconf 87' lang='lat' dir='ltr'><strong>simul</strong></span> <span class='ocrx_word' id='word_1_207' title='bbox 2883 1497 3045 1537; x_wconf 89' lang='lat' dir='ltr'><strong>omne</strong></span> <span class='ocrx_word' id='word_1_208' title='bbox 3075 1494 3284 1554; x_wconf 85' lang='lat' dir='ltr'><strong>tempus</strong></span> <span class='ocrx_word' id='word_1_209' title='bbox 3338 1488 3689 1547; x_wconf 80' lang='lat' dir='ltr'><strong>concludatur</strong></span> 
     </span>
    </p>
   </div>
   <div class='ocr_carea' id='block_1_31' title="bbox 2106 1563 3688 1641">
    <p class='ocr_par' dir='ltr' id='par_1_31' title="bbox 2106 1563 3688 1641">
     <span class='ocr_line' id='line_1_31' title="bbox 2106 1563 3688 1641; baseline 0.012 -26"><span class='ocrx_word' id='word_1_210' title='bbox 2106 1577 2215 1631; x_wconf 85' lang='lat' dir='ltr'><strong>quo</strong></span> <span class='ocrx_word' id='word_1_211' title='bbox 2241 1563 2457 1620; x_wconf 82' lang='lat' dir='ltr'><strong>Samuel</strong></span> <span class='ocrx_word' id='word_1_212' title='bbox 2484 1578 2539 1621; x_wconf 89' lang='lat' dir='ltr'><strong>et</strong></span> <span class='ocrx_word' id='word_1_213' title='bbox 2569 1577 2757 1636; x_wconf 85' lang='lat' dir='ltr'><strong>postea</strong></span> <span class='ocrx_word' id='word_1_214' title='bbox 2781 1568 2910 1623; x_wconf 87' lang='lat' dir='ltr'><strong>Saul</strong></span> <span class='ocrx_word' id='word_1_215' title='bbox 2932 1570 3097 1626; x_wconf 86' lang='lat' dir='ltr'><strong>Israel</strong></span> <span class='ocrx_word' id='word_1_216' title='bbox 3120 1583 3337 1628; x_wconf 78' lang='lat' dir='ltr'><strong>rexerat</strong></span> <span class='ocrx_word' id='word_1_217' title='bbox 3361 1614 3376 1641; x_wconf 95' lang='lat'><strong>,</strong></span> <span class='ocrx_word' id='word_1_218' title='bbox 3404 1577 3688 1634; x_wconf 89' lang='lat' dir='ltr'><strong>inveniun-</strong></span> 
     </span>
    </p>
   </div>
   <div class='ocr_carea' id='block_1_32' title="bbox 2108 1654 3681 1731">
    <p class='ocr_par' dir='ltr' id='par_1_32' title="bbox 2108 1654 3681 1731">
     <span class='ocr_line' id='line_1_32' title="bbox 2108 1654 3681 1731; baseline 0.011 -26"><span class='ocrx_word' id='word_1_219' title='bbox 2108 1661 2195 1706; x_wconf 89' lang='lat' dir='ltr'><strong>tur</strong></span> <span class='ocrx_word' id='word_1_220' title='bbox 2219 1654 2345 1707; x_wconf 87' lang='lat' dir='ltr'><strong>anni</strong></span> <span class='ocrx_word' id='word_1_221' title='bbox 2380 1655 2757 1726; x_wconf 77' lang='lat' dir='ltr'><strong>quadraginta,</strong></span> <span class='ocrx_word' id='word_1_222' title='bbox 2774 1660 3069 1714; x_wconf 86' lang='lat' dir='ltr'><strong>secundum</strong></span> <span class='ocrx_word' id='word_1_223' title='bbox 3083 1659 3475 1719; x_wconf 86' lang='lat' dir='ltr'><strong>Chronicorum</strong></span> <span class='ocrx_word' id='word_1_224' title='bbox 3500 1666 3681 1731; x_wconf 79' lang='lat' dir='ltr'><strong>fidem,</strong></span> 
     </span>
    </p>
   </div>
   <div class='ocr_carea' id='block_1_33' title="bbox 2108 1746 3686 1828">
    <p class='ocr_par' dir='ltr' id='par_1_33' title="bbox 2108 1746 3686 1828">
     <span class='ocr_line' id='line_1_33' title="bbox 2108 1746 3686 1828; baseline 0.012 -31"><span class='ocrx_word' id='word_1_225' title='bbox 2108 1758 2276 1812; x_wconf 82' lang='lat' dir='ltr'><strong>usque</strong></span> <span class='ocrx_word' id='word_1_226' title='bbox 2292 1746 2360 1800; x_wconf 84' lang='lat' dir='ltr'><strong>ad</strong></span> <span class='ocrx_word' id='word_1_227' title='bbox 2383 1746 2812 1804; x_wconf 83' lang='lat' dir='ltr'><strong>interfectionem</strong></span> <span class='ocrx_word' id='word_1_228' title='bbox 2837 1750 2985 1805; x_wconf 88' lang='lat' dir='ltr'><strong>Saul.</strong></span> <span class='ocrx_word' id='word_1_229' title='bbox 3019 1752 3144 1807; x_wconf 86' lang='lat' dir='ltr'><strong>Inde</strong></span> <span class='ocrx_word' id='word_1_230' title='bbox 3156 1770 3219 1824; x_wconf 87' lang='lat' dir='ltr'><strong>pa</strong></span> <span class='ocrx_word' id='word_1_231' title='bbox 3228 1764 3304 1809; x_wconf 90' lang='lat' dir='ltr'><strong>tct</strong></span> <span class='ocrx_word' id='word_1_232' title='bbox 3317 1759 3460 1826; x_wconf 90' lang='lat' dir='ltr'><strong>quod</strong></span> <span class='ocrx_word' id='word_1_233' title='bbox 3473 1752 3686 1828; x_wconf 71' lang='lat' dir='ltr'><strong>q‘hando</strong></span> 
     </span>
    </p>
   </div>
   <div class='ocr_carea' id='block_1_34' title="bbox 429 1833 2009 1926">
    <p class='ocr_par' dir='ltr' id='par_1_34' title="bbox 429 1833 2003 1926">
     <span class='ocr_line' id='line_1_34' title="bbox 429 1833 2003 1926; baseline -0.001 -17"><span class='ocrx_word' id='word_1_234' title='bbox 429 1833 533 1910; x_wconf 75' lang='lat' dir='ltr'><strong>lide</strong></span> <span class='ocrx_word' id='word_1_235' title='bbox 558 1856 869 1926; x_wconf 58' lang='lat' dir='ltr'><strong>praeclaros,</strong></span> <span class='ocrx_word' id='word_1_236' title='bbox 895 1863 949 1909; x_wconf 88' lang='lat' dir='ltr'><strong>et</strong></span> <span class='ocrx_word' id='word_1_237' title='bbox 974 1833 1236 1910; x_wconf 89' lang='lat' dir='ltr'><strong>bonorum</strong></span> <span class='ocrx_word' id='word_1_238' title='bbox 1266 1863 1483 1909; x_wconf 89' lang='lat' dir='ltr'><strong>actuum</strong></span> <span class='ocrx_word' id='word_1_239' title='bbox 1511 1853 1841 1924; x_wconf 80' lang='lat' dir='ltr'><strong>perfectione</strong></span> <span class='ocrx_word' id='word_1_240' title='bbox 1866 1864 2003 1923; x_wconf 70' lang='lat' dir='ltr'><strong>pm:-</strong></span> 
     </span>
    </p>
   </div>
   <div class='ocr_carea' id='block_1_35' title="bbox 2111 1833 3685 1926">
    <p class='ocr_par' dir='ltr' id='par_1_35' title="bbox 2111 1833 3685 1917">
     <span class='ocr_line' id='line_1_35' title="bbox 2111 1833 3685 1917; baseline 0.01 -28"><span class='ocrx_word' id='word_1_241' title='bbox 2111 1833 2235 1889; x_wconf 87' lang='lat' dir='ltr'><strong>Saul</strong></span> <span class='ocrx_word' id='word_1_242' title='bbox 2261 1836 2578 1908; x_wconf 82' lang='lat' dir='ltr'><strong>(secundum</strong></span> <span class='ocrx_word' id='word_1_243' title='bbox 2607 1838 2746 1894; x_wconf 87' lang='lat' dir='ltr'><strong>hanc</strong></span> <span class='ocrx_word' id='word_1_244' title='bbox 2776 1843 3250 1911; x_wconf 84' lang='lat' dir='ltr'><strong>computationem)</strong></span> <span class='ocrx_word' id='word_1_245' title='bbox 3299 1861 3526 1917; x_wconf 86' lang='lat' dir='ltr'><strong>regnare</strong></span> <span class='ocrx_word' id='word_1_246' title='bbox 3574 1864 3685 1904; x_wconf 66' lang='lat' dir='ltr'><strong>ca:-</strong></span> 
     </span>
    </p>
   </div>
   <div class='ocr_carea' id='block_1_36' title="bbox 426 1944 2007 2017">
    <p class='ocr_par' dir='ltr' id='par_1_36' title="bbox 426 1944 2007 2017">
     <span class='ocr_line' id='line_1_36' title="bbox 426 1944 2007 2017; baseline -0.002 -15"><span class='ocrx_word' id='word_1_247' title='bbox 426 1946 617 2017; x_wconf 89' lang='lat' dir='ltr'><strong>cipuos</strong></span> <span class='ocrx_word' id='word_1_248' title='bbox 647 1963 662 2011; x_wconf 90' lang='lat'><strong>;</strong></span> <span class='ocrx_word' id='word_1_249' title='bbox 692 1945 875 2000; x_wconf 84' lang='lat' dir='ltr'><strong>hostes</strong></span> <span class='ocrx_word' id='word_1_250' title='bbox 895 1962 1022 2001; x_wconf 89' lang='lat' dir='ltr'><strong>suos</strong></span> <span class='ocrx_word' id='word_1_251' title='bbox 1056 1945 1221 2016; x_wconf 80' lang='lat' dir='ltr'><strong>fugat,</strong></span> <span class='ocrx_word' id='word_1_252' title='bbox 1250 1952 1303 2000; x_wconf 90' lang='lat' dir='ltr'><strong>et</strong></span> <span class='ocrx_word' id='word_1_253' title='bbox 1323 1945 1557 2014; x_wconf 89' lang='lat' dir='ltr'><strong>percutit</strong></span> <span class='ocrx_word' id='word_1_254' title='bbox 1575 1959 1668 1999; x_wconf 89' lang='lat' dir='ltr'><strong>eos</strong></span> <span class='ocrx_word' id='word_1_255' title='bbox 1688 1944 1865 2014; x_wconf 85' lang='lat' dir='ltr'><strong>gladio</strong></span> <span class='ocrx_word' id='word_1_256' title='bbox 1887 1944 2007 2014; x_wconf 80' lang='lat' dir='ltr'><strong>Spi—</strong></span> 
     </span>
    </p>
   </div>
   <div class='ocr_carea' id='block_1_37' title="bbox 2105 1926 3682 2010">
    <p class='ocr_par' dir='ltr' id='par_1_37' title="bbox 2105 1926 3682 2010">
     <span class='ocr_line' id='line_1_37' title="bbox 2105 1926 3682 2010; baseline 0.009 -30"><span class='ocrx_word' id='word_1_257' title='bbox 2105 1927 2205 1997; x_wconf 88' lang='lat' dir='ltr'><strong>pit,</strong></span> <span class='ocrx_word' id='word_1_258' title='bbox 2229 1926 2395 1982; x_wconf 83' lang='lat' dir='ltr'><strong>ﬁlium</strong></span> <span class='ocrx_word' id='word_1_259' title='bbox 2419 1929 2605 1984; x_wconf 85' lang='lat' dir='ltr'><strong>habuit</strong></span> <span class='ocrx_word' id='word_1_260' title='bbox 2622 1931 2784 1986; x_wconf 81' lang='lat' dir='ltr'><strong>unius</strong></span> <span class='ocrx_word' id='word_1_261' title='bbox 2804 1934 2952 1998; x_wconf 91' lang='lat' dir='ltr'><strong>anni,</strong></span> <span class='ocrx_word' id='word_1_262' title='bbox 2974 1934 3077 1988; x_wconf 90' lang='lat' dir='ltr'><strong>hoc</strong></span> <span class='ocrx_word' id='word_1_263' title='bbox 3094 1943 3179 1989; x_wconf 85' lang='lat' dir='ltr'><strong>est</strong></span> <span class='ocrx_word' id='word_1_264' title='bbox 3202 1937 3362 2006; x_wconf 82' lang='lat' dir='ltr'><strong>primi</strong></span> <span class='ocrx_word' id='word_1_265' title='bbox 3386 1939 3542 2004; x_wconf 88' lang='lat' dir='ltr'><strong>anni;</strong></span> <span class='ocrx_word' id='word_1_266' title='bbox 3567 1942 3682 2010; x_wconf 84' lang='lat' dir='ltr'><strong>qui,</strong></span> 
     </span>
    </p>
   </div>
   <div class='ocr_carea' id='block_1_38' title="bbox 428 2019 2009 2104">
    <p class='ocr_par' dir='ltr' id='par_1_38' title="bbox 428 2034 2002 2104">
     <span class='ocr_line' id='line_1_38' title="bbox 428 2034 2002 2104; baseline -0.001 -14"><span class='ocrx_word' id='word_1_267' title='bbox 428 2037 581 2099; x_wconf 88' lang='lat' dir='ltr'><strong>ritus,</strong></span> <span class='ocrx_word' id='word_1_268' title='bbox 626 2052 655 2089; x_wconf 90' lang='lat' dir='ltr'><strong>a</strong></span> <span class='ocrx_word' id='word_1_269' title='bbox 688 2050 848 2089; x_wconf 87' lang='lat' dir='ltr'><strong>mane</strong></span> <span class='ocrx_word' id='word_1_270' title='bbox 898 2035 1258 2090; x_wconf 86' lang='lat' dir='ltr'><strong>illucescentis</strong></span> <span class='ocrx_word' id='word_1_271' title='bbox 1287 2035 1412 2090; x_wconf 89' lang='lat' dir='ltr'><strong>ﬁdei</strong></span> <span class='ocrx_word' id='word_1_272' title='bbox 1448 2051 1619 2104; x_wconf 91' lang='lat' dir='ltr'><strong>usque</strong></span> <span class='ocrx_word' id='word_1_273' title='bbox 1664 2035 1791 2089; x_wconf 87' lang='lat' dir='ltr'><strong>dum</strong></span> <span class='ocrx_word' id='word_1_274' title='bbox 1823 2034 2002 2090; x_wconf 89' lang='lat' dir='ltr'><strong>lumen</strong></span> 
     </span>
    </p>
   </div>
   <div class='ocr_carea' id='block_1_39' title="bbox 2111 2019 3681 2104">
    <p class='ocr_par' dir='ltr' id='par_1_39' title="bbox 2111 2019 3681 2097">
     <span class='ocr_line' id='line_1_39' title="bbox 2111 2019 3681 2097; baseline 0.008 -26"><span class='ocrx_word' id='word_1_275' title='bbox 2111 2026 2454 2088; x_wconf 84' lang='lat' dir='ltr'><strong>posteaquam</strong></span> <span class='ocrx_word' id='word_1_276' title='bbox 2480 2019 2572 2074; x_wconf 90' lang='lat' dir='ltr'><strong>ille</strong></span> <span class='ocrx_word' id='word_1_277' title='bbox 2593 2021 2735 2075; x_wconf 85' lang='lat' dir='ltr'><strong>diem</strong></span> <span class='ocrx_word' id='word_1_278' title='bbox 2764 2022 3011 2076; x_wconf 90' lang='lat' dir='ltr'><strong>ultimum</strong></span> <span class='ocrx_word' id='word_1_279' title='bbox 3026 2023 3244 2089; x_wconf 82' lang='lat' dir='ltr'><strong>clausit,</strong></span> <span class='ocrx_word' id='word_1_280' title='bbox 3268 2040 3491 2097; x_wconf 86' lang='lat' dir='ltr'><strong>regnum</strong></span> <span class='ocrx_word' id='word_1_281' title='bbox 3515 2027 3681 2084; x_wconf 89' lang='lat' dir='ltr'><strong>Israel</strong></span> 
     </span>
    </p>
   </div>
   <div class='ocr_carea' id='block_1_40' title="bbox 426 2125 2006 2195">
    <p class='ocr_par' dir='ltr' id='par_1_40' title="bbox 426 2125 2006 2195">
     <span class='ocr_line' id='line_1_40' title="bbox 426 2125 2006 2195; baseline 0.001 -16"><span class='ocrx_word' id='word_1_282' title='bbox 426 2126 688 2191; x_wconf 64' lang='lat' dir='ltr'><strong>scientiae,</strong></span> <span class='ocrx_word' id='word_1_283' title='bbox 718 2136 773 2180; x_wconf 91' lang='lat' dir='ltr'><strong>et</strong></span> <span class='ocrx_word' id='word_1_284' title='bbox 792 2126 1039 2180; x_wconf 88' lang='lat' dir='ltr'><strong>ardorem</strong></span> <span class='ocrx_word' id='word_1_285' title='bbox 1063 2125 1343 2179; x_wconf 87' lang='lat' dir='ltr'><strong>charitatis</strong></span> <span class='ocrx_word' id='word_1_286' title='bbox 1371 2141 1469 2195; x_wconf 89' lang='lat' dir='ltr'><strong>per</strong></span> <span class='ocrx_word' id='word_1_287' title='bbox 1496 2134 1663 2180; x_wconf 86' lang='lat' dir='ltr'><strong>totam</strong></span> <span class='ocrx_word' id='word_1_288' title='bbox 1692 2126 1879 2180; x_wconf 88' lang='lat' dir='ltr'><strong>urbem</strong></span> <span class='ocrx_word' id='word_1_289' title='bbox 1905 2126 2006 2181; x_wconf 88' lang='lat' dir='ltr'><strong>Ec-</strong></span> 
     </span>
    </p>
   </div>
   <div class='ocr_carea' id='block_1_41' title="bbox 425 2208 2004 2287">
    <p class='ocr_par' dir='ltr' id='par_1_41' title="bbox 425 2208 2004 2287">
     <span class='ocr_line' id='line_1_41' title="bbox 425 2208 2004 2287; baseline -0.002 -14"><span class='ocrx_word' id='word_1_290' title='bbox 425 2218 605 2273; x_wconf 67' lang='lat' dir='ltr'><strong>clesia:</strong></span> <span class='ocrx_word' id='word_1_291' title='bbox 639 2218 917 2272; x_wconf 74' lang='lat' dir='ltr'><strong>diffundat.</strong></span> <span class='ocrx_word' id='word_1_292' title='bbox 963 2218 1113 2274; x_wconf 89' lang='lat' dir='ltr'><strong>Unde</strong></span> <span class='ocrx_word' id='word_1_293' title='bbox 1137 2227 1194 2272; x_wconf 89' lang='lat' dir='ltr'><strong>et</strong></span> <span class='ocrx_word' id='word_1_294' title='bbox 1222 2217 1359 2272; x_wconf 90' lang='lat' dir='ltr'><strong>bene</strong></span> <span class='ocrx_word' id='word_1_295' title='bbox 1379 2217 1636 2287; x_wconf 91' lang='lat' dir='ltr'><strong>scriptum</strong></span> <span class='ocrx_word' id='word_1_296' title='bbox 1658 2225 1743 2271; x_wconf 90' lang='lat' dir='ltr'><strong>est</strong></span> <span class='ocrx_word' id='word_1_297' title='bbox 1760 2208 1906 2285; x_wconf 79' lang='lat' dir='ltr'><strong>quod</strong></span> <span class='ocrx_word' id='word_1_298' title='bbox 1928 2216 2004 2270; x_wconf 90' lang='lat' dir='ltr'><strong>illi</strong></span> 
     </span>
    </p>
   </div>
   <div class='ocr_carea' id='block_1_42' title="bbox 424 2308 2005 2379">
    <p class='ocr_par' dir='ltr' id='par_1_42' title="bbox 424 2308 2005 2379">
     <span class='ocr_line' id='line_1_42' title="bbox 424 2308 2005 2379; baseline -0.002 -15"><span class='ocrx_word' id='word_1_299' title='bbox 424 2312 517 2379; x_wconf 93' lang='lat' dir='ltr'><strong>qui</strong></span> <span class='ocrx_word' id='word_1_300' title='bbox 555 2310 751 2364; x_wconf 87' lang='lat' dir='ltr'><strong>residui</strong></span> <span class='ocrx_word' id='word_1_301' title='bbox 783 2310 1000 2364; x_wconf 86' lang='lat' dir='ltr'><strong>fuerant</strong></span> <span class='ocrx_word' id='word_1_302' title='bbox 1020 2310 1084 2363; x_wconf 92' lang='lat' dir='ltr'><strong>de</strong></span> <span class='ocrx_word' id='word_1_303' title='bbox 1115 2310 1215 2363; x_wconf 86' lang='lat' dir='ltr'><strong>hac</strong></span> <span class='ocrx_word' id='word_1_304' title='bbox 1244 2308 1419 2374; x_wconf 82' lang='lat' dir='ltr'><strong>clade,</strong></span> <span class='ocrx_word' id='word_1_305' title='bbox 1474 2308 1699 2378; x_wconf 78' lang='lat' dir='ltr'><strong>dispersi</strong></span> <span class='ocrx_word' id='word_1_306' title='bbox 1749 2318 1894 2372; x_wconf 86' lang='lat' dir='ltr'><strong>sunt,</strong></span> <span class='ocrx_word' id='word_1_307' title='bbox 1931 2308 2005 2361; x_wconf 91' lang='lat' dir='ltr'><strong>ita</strong></span> 
     </span>
    </p>
   </div>
   <div class='ocr_carea' id='block_1_43' title="bbox 424 2399 2006 2470">
    <p class='ocr_par' dir='ltr' id='par_1_43' title="bbox 424 2399 2006 2470">
     <span class='ocr_line' id='line_1_43' title="bbox 424 2399 2006 2470; baseline 0 -16"><span class='ocrx_word' id='word_1_308' title='bbox 424 2411 484 2455; x_wconf 87' lang='lat' dir='ltr'><strong>ut</strong></span> <span class='ocrx_word' id='word_1_309' title='bbox 513 2416 618 2455; x_wconf 90' lang='lat' dir='ltr'><strong>non</strong></span> <span class='ocrx_word' id='word_1_310' title='bbox 665 2401 1095 2470; x_wconf 85' lang='lat' dir='ltr'><strong>relinquerentur</strong></span> <span class='ocrx_word' id='word_1_311' title='bbox 1127 2415 1195 2454; x_wconf 84' lang='lat' dir='ltr'><strong>ex</strong></span> <span class='ocrx_word' id='word_1_312' title='bbox 1229 2401 1308 2455; x_wconf 90' lang='lat' dir='ltr'><strong>eis</strong></span> <span class='ocrx_word' id='word_1_313' title='bbox 1334 2400 1439 2455; x_wconf 90' lang='lat' dir='ltr'><strong>duo</strong></span> <span class='ocrx_word' id='word_1_314' title='bbox 1470 2401 1695 2469; x_wconf 89' lang='lat' dir='ltr'><strong>pariter,</strong></span> <span class='ocrx_word' id='word_1_315' title='bbox 1721 2399 1845 2468; x_wconf 88' lang='lat' dir='ltr'><strong>quia</strong></span> <span class='ocrx_word' id='word_1_316' title='bbox 1882 2410 2006 2469; x_wconf 85' lang='lat' dir='ltr'><strong>pra-</strong></span> 
     </span>
    </p>
   </div>
   <div class='ocr_carea' id='block_1_44' title="bbox 422 2478 2009 2563">
    <p class='ocr_par' dir='ltr' id='par_1_44' title="bbox 422 2478 2009 2563">
     <span class='ocr_line' id='line_1_44' title="bbox 422 2478 2009 2563; baseline 0 -16"><span class='ocrx_word' id='word_1_317' title='bbox 422 2478 615 2547; x_wconf 82' lang='lat' dir='ltr'><strong>verum</strong></span> <span class='ocrx_word' id='word_1_318' title='bbox 640 2493 985 2563; x_wconf 82' lang='lat' dir='ltr'><strong>congregatio</strong></span> <span class='ocrx_word' id='word_1_319' title='bbox 1027 2507 1148 2546; x_wconf 88' lang='lat' dir='ltr'><strong>cum</strong></span> <span class='ocrx_word' id='word_1_320' title='bbox 1186 2507 1327 2547; x_wconf 68' lang='lat' dir='ltr'><strong>verae</strong></span> <span class='ocrx_word' id='word_1_321' title='bbox 1375 2491 1678 2546; x_wconf 90' lang='lat' dir='ltr'><strong>dilectionis</strong></span> <span class='ocrx_word' id='word_1_322' title='bbox 1711 2492 1901 2561; x_wconf 91' lang='lat' dir='ltr'><strong>copula</strong></span> <span class='ocrx_word' id='word_1_323' title='bbox 1953 2500 2009 2547; x_wconf 90' lang='lat' dir='ltr'><strong>et</strong></span> 
     </span>
    </p>
   </div>
   <div class='ocr_carea' id='block_1_45' title="bbox 424 2579 2009 2650">
    <p class='ocr_par' dir='ltr' id='par_1_45' title="bbox 424 2579 2009 2650">
     <span class='ocr_line' id='line_1_45' title="bbox 424 2579 2009 2650; baseline -0.001 -16"><span class='ocrx_word' id='word_1_324' title='bbox 424 2580 549 2635; x_wconf 70' lang='lat' dir='ltr'><strong>ﬁdei</strong></span> <span class='ocrx_word' id='word_1_325' title='bbox 575 2582 782 2635; x_wconf 88' lang='lat' dir='ltr'><strong>unitate</strong></span> <span class='ocrx_word' id='word_1_326' title='bbox 813 2595 918 2634; x_wconf 90' lang='lat' dir='ltr'><strong>non</strong></span> <span class='ocrx_word' id='word_1_327' title='bbox 940 2580 1205 2650; x_wconf 89' lang='lat' dir='ltr'><strong>jungitur,</strong></span> <span class='ocrx_word' id='word_1_328' title='bbox 1240 2580 1308 2633; x_wconf 91' lang='lat' dir='ltr'><strong>ab</strong></span> <span class='ocrx_word' id='word_1_329' title='bbox 1334 2579 1563 2634; x_wconf 77' lang='lat' dir='ltr'><strong>invicem</strong></span> <span class='ocrx_word' id='word_1_330' title='bbox 1593 2593 1692 2649; x_wconf 91' lang='lat' dir='ltr'><strong>per</strong></span> <span class='ocrx_word' id='word_1_331' title='bbox 1717 2579 2009 2633; x_wconf 87' lang='lat' dir='ltr'><strong>dissensio-</strong></span> 
     </span>
    </p>
   </div>
   <div class='ocr_carea' id='block_1_46' title="bbox 424 2668 2010 2740">
    <p class='ocr_par' dir='ltr' id='par_1_46' title="bbox 424 2668 2010 2740">
     <span class='ocr_line' id='line_1_46' title="bbox 424 2668 2010 2740; baseline -0.001 -15"><span class='ocrx_word' id='word_1_332' title='bbox 424 2686 548 2725; x_wconf 90' lang='lat' dir='ltr'><strong>ncm</strong></span> <span class='ocrx_word' id='word_1_333' title='bbox 579 2679 918 2739; x_wconf 81' lang='lat' dir='ltr'><strong>separantur,</strong></span> <span class='ocrx_word' id='word_1_334' title='bbox 954 2678 1009 2724; x_wconf 89' lang='lat' dir='ltr'><strong>et</strong></span> <span class='ocrx_word' id='word_1_335' title='bbox 1038 2671 1228 2725; x_wconf 87' lang='lat' dir='ltr'><strong>incerti</strong></span> <span class='ocrx_word' id='word_1_336' title='bbox 1254 2681 1308 2724; x_wconf 92' lang='lat' dir='ltr'><strong>et</strong></span> <span class='ocrx_word' id='word_1_337' title='bbox 1332 2669 1609 2725; x_wconf 85' lang='lat' dir='ltr'><strong>instabiles</strong></span> <span class='ocrx_word' id='word_1_338' title='bbox 1632 2668 1781 2734; x_wconf 89' lang='lat' dir='ltr'><strong>facti,</strong></span> <span class='ocrx_word' id='word_1_339' title='bbox 1811 2682 1908 2740; x_wconf 88' lang='lat' dir='ltr'><strong>per</strong></span> <span class='ocrx_word' id='word_1_340' title='bbox 1927 2670 2010 2724; x_wconf 55' lang='lat' dir='ltr'><strong>diu-</strong></span> 
     </span>
    </p>
   </div>
   <div class='ocr_carea' id='block_1_47' title="bbox 427 2757 2005 2827">
    <p class='ocr_par' dir='ltr' id='par_1_47' title="bbox 427 2757 2005 2827">
     <span class='ocr_line' id='line_1_47' title="bbox 427 2757 2005 2827; baseline 0.002 -16"><span class='ocrx_word' id='word_1_341' title='bbox 427 2759 536 2812; x_wconf 84' lang='lat' dir='ltr'><strong>vini</strong></span> <span class='ocrx_word' id='word_1_342' title='bbox 570 2758 839 2812; x_wconf 78' lang='lat' dir='ltr'><strong>examinis</strong></span> <span class='ocrx_word' id='word_1_343' title='bbox 874 2759 1196 2827; x_wconf 88' lang='lat' dir='ltr'><strong>potentiam,</strong></span> <span class='ocrx_word' id='word_1_344' title='bbox 1245 2758 1390 2812; x_wconf 89' lang='lat' dir='ltr'><strong>sicut</strong></span> <span class='ocrx_word' id='word_1_345' title='bbox 1430 2758 1485 2811; x_wconf 91' lang='lat' dir='ltr'><strong>in</strong></span> <span class='ocrx_word' id='word_1_346' title='bbox 1511 2758 1691 2811; x_wconf 91' lang='lat' dir='ltr'><strong>animo</strong></span> <span class='ocrx_word' id='word_1_347' title='bbox 1736 2757 1812 2811; x_wconf 88' lang='lat' dir='ltr'><strong>ita</strong></span> <span class='ocrx_word' id='word_1_348' title='bbox 1840 2766 1901 2812; x_wconf 85' lang='lat' dir='ltr'><strong>et</strong></span> <span class='ocrx_word' id='word_1_349' title='bbox 1951 2759 2005 2814; x_wconf 91' lang='lat' dir='ltr'><strong>in</strong></span> 
     </span>
    </p>
   </div>
   <div class='ocr_carea' id='block_1_48' title="bbox 423 2847 2004 2921">
    <p class='ocr_par' dir='ltr' id='par_1_48' title="bbox 423 2847 2004 2921">
     <span class='ocr_line' id='line_1_48' title="bbox 423 2847 2004 2921; baseline -0.001 -17"><span class='ocrx_word' id='word_1_350' title='bbox 423 2865 656 2919; x_wconf 86' lang='lat' dir='ltr'><strong>corpore</strong></span> <span class='ocrx_word' id='word_1_351' title='bbox 691 2847 938 2917; x_wconf 84' lang='lat' dir='ltr'><strong>sejuncti,</strong></span> <span class='ocrx_word' id='word_1_352' title='bbox 980 2850 1047 2903; x_wconf 88' lang='lat' dir='ltr'><strong>ab</strong></span> <span class='ocrx_word' id='word_1_353' title='bbox 1094 2850 1326 2903; x_wconf 84' lang='lat' dir='ltr'><strong>invicem</strong></span> <span class='ocrx_word' id='word_1_354' title='bbox 1374 2849 1571 2918; x_wconf 88' lang='lat' dir='ltr'><strong>ubique</strong></span> <span class='ocrx_word' id='word_1_355' title='bbox 1608 2848 2004 2921; x_wconf 84' lang='lat' dir='ltr'><strong>dispergentur.</strong></span> 
     </span>
    </p>
   </div>
   <div class='ocr_carea' id='block_1_49' title="bbox 426 2938 2005 3009">
    <p class='ocr_par' dir='ltr' id='par_1_49' title="bbox 426 2938 2005 3009">
     <span class='ocr_line' id='line_1_49' title="bbox 426 2938 2005 3009; baseline 0.003 -18"><span class='ocrx_word' id='word_1_356' title='bbox 426 2938 563 2993; x_wconf 84' lang='lat' dir='ltr'><strong>Ilinc</strong></span> <span class='ocrx_word' id='word_1_357' title='bbox 590 2940 855 3009; x_wconf 82' lang='lat' dir='ltr'><strong>Propheta</strong></span> <span class='ocrx_word' id='word_1_358' title='bbox 876 2941 942 2993; x_wconf 91' lang='lat' dir='ltr'><strong>ad</strong></span> <span class='ocrx_word' id='word_1_359' title='bbox 959 2939 1245 2994; x_wconf 90' lang='lat' dir='ltr'><strong>Dominum</strong></span> <span class='ocrx_word' id='word_1_360' title='bbox 1266 2940 1439 2993; x_wconf 81' lang='lat' dir='ltr'><strong>dixit:</strong></span> <span class='ocrx_word' id='word_1_361' title='bbox 1470 2956 1488 2989; x_wconf 74' lang='grc' dir='ltr'><strong>ι</strong></span> <span class='ocrx_word' id='word_1_362' title='bbox 1515 2940 1653 2994; x_wconf 87' lang='lat' dir='ltr'><strong>Ecce</strong></span> <span class='ocrx_word' id='word_1_363' title='bbox 1679 2940 1884 2995; x_wconf 89' lang='lat' dir='ltr'><strong>inimici</strong></span> <span class='ocrx_word' id='word_1_364' title='bbox 1908 2941 2005 3006; x_wconf 90' lang='lat' dir='ltr'><strong>tui,</strong></span> 
     </span>
    </p>
   </div>
   <div class='ocr_carea' id='block_1_50' title="bbox 414 3031 2004 3105">
    <p class='ocr_par' dir='ltr' id='par_1_50' title="bbox 414 3031 2004 3105">
     <span class='ocr_line' id='line_1_50' title="bbox 414 3031 2004 3105; baseline 0.003 -21"><span class='ocrx_word' id='word_1_365' title='bbox 414 3031 672 3097; x_wconf 73' lang='lat' dir='ltr'><strong>Domine,</strong></span> <span class='ocrx_word' id='word_1_366' title='bbox 692 3033 948 3102; x_wconf 86' lang='lat' dir='ltr'><strong>peribunt</strong></span> <span class='ocrx_word' id='word_1_367' title='bbox 969 3041 1024 3086; x_wconf 92' lang='lat' dir='ltr'><strong>ct</strong></span> <span class='ocrx_word' id='word_1_368' title='bbox 1052 3033 1428 3101; x_wconf 84' lang='lat' dir='ltr'><strong>dispergentur</strong></span> <span class='ocrx_word' id='word_1_369' title='bbox 1451 3046 1642 3088; x_wconf 88' lang='lat' dir='ltr'><strong>omnes</strong></span> <span class='ocrx_word' id='word_1_370' title='bbox 1661 3032 1752 3103; x_wconf 89' lang='lat' dir='ltr'><strong>qui</strong></span> <span class='ocrx_word' id='word_1_371' title='bbox 1774 3047 2004 3105; x_wconf 79' lang='lat' dir='ltr'><strong>Operati-</strong></span> 
     </span>
    </p>
   </div>
   <div class='ocr_carea' id='block_1_51' title="bbox 426 3120 1303 3194">
    <p class='ocr_par' dir='ltr' id='par_1_51' title="bbox 426 3120 1303 3194">
     <span class='ocr_line' id='line_1_51' title="bbox 426 3120 1303 3194; baseline 0.001 -21"><span class='ocrx_word' id='word_1_372' title='bbox 426 3129 519 3174; x_wconf 89' lang='lat' dir='ltr'><strong>tur</strong></span> <span class='ocrx_word' id='word_1_373' title='bbox 537 3121 875 3191; x_wconf 86' lang='lat' dir='ltr'><strong>iniquitatem</strong></span> <span class='ocrx_word' id='word_1_374' title='bbox 909 3120 1080 3194; x_wconf 80' lang='lat' dir='ltr'><strong>(Psal.</strong></span> <span class='ocrx_word' id='word_1_375' title='bbox 1113 3121 1247 3193; x_wconf 78' lang='lat' dir='ltr'><strong>xm).</strong></span> <span class='ocrx_word' id='word_1_376' title='bbox 1284 3140 1303 3174; x_wconf 72' lang='grc' dir='ltr'><strong>ι</strong></span> 
     </span>
    </p>
   </div>
   <div class='ocr_carea' id='block_1_52' title="bbox 1034 3259 1407 3317">
    <p class='ocr_par' dir='ltr' id='par_1_52' title="bbox 1034 3259 1407 3317">
     <span class='ocr_line' id='line_1_52' title="bbox 1034 3259 1407 3317; baseline -0.003 -2"><span class='ocrx_word' id='word_1_377' title='bbox 1034 3259 1261 3317; x_wconf 83' lang='lat' dir='ltr'><strong>CAPUT</strong></span> <span class='ocrx_word' id='word_1_378' title='bbox 1293 3260 1407 3315; x_wconf 75' lang='lat' dir='ltr'><strong>XII.</strong></span> 
     </span>
    </p>
   </div>
   <div class='ocr_carea' id='block_1_53' title="bbox 946 3372 1498 3444">
    <p class='ocr_par' dir='ltr' id='par_1_53' title="bbox 946 3372 1498 3444">
     <span class='ocr_line' id='line_1_53' title="bbox 946 3372 1498 3444; baseline 0 -17"><span class='ocrx_word' id='word_1_379' title='bbox 946 3372 1196 3444; x_wconf 63' lang='lat' dir='ltr'><strong>Seguitur</strong></span> <span class='ocrx_word' id='word_1_380' title='bbox 1231 3382 1289 3426; x_wconf 78' lang='lat' dir='ltr'><strong>ut</strong></span> <span class='ocrx_word' id='word_1_381' title='bbox 1316 3389 1498 3444; x_wconf 80' lang='lat' dir='ltr'><strong>supra.</strong></span> 
     </span>
    </p>
   </div>
   <div class='ocr_carea' id='block_1_54' title="bbox 500 3483 2009 3555">
    <p class='ocr_par' dir='ltr' id='par_1_54' title="bbox 500 3483 2009 3555">
     <span class='ocr_line' id='line_1_54' title="bbox 500 3483 2009 3555; baseline 0.001 -16"><span class='ocrx_word' id='word_1_382' title='bbox 500 3484 654 3555; x_wconf 84' lang='lat' dir='ltr'><strong>Quod</strong></span> <span class='ocrx_word' id='word_1_383' title='bbox 681 3492 864 3539; x_wconf 89' lang='lat' dir='ltr'><strong>autem</strong></span> <span class='ocrx_word' id='word_1_384' title='bbox 887 3485 941 3538; x_wconf 87' lang='lat' dir='ltr'><strong>in</strong></span> <span class='ocrx_word' id='word_1_385' title='bbox 962 3484 1144 3538; x_wconf 81' lang='lat' dir='ltr'><strong>verbis</strong></span> <span class='ocrx_word' id='word_1_386' title='bbox 1168 3483 1387 3539; x_wconf 87' lang='lat' dir='ltr'><strong>Samuel</strong></span> <span class='ocrx_word' id='word_1_387' title='bbox 1429 3499 1550 3554; x_wconf 76' lang='lat' dir='ltr'><strong>qua:</strong></span> <span class='ocrx_word' id='word_1_388' title='bbox 1576 3483 1788 3541; x_wconf 88' lang='lat' dir='ltr'><strong>locutus</strong></span> <span class='ocrx_word' id='word_1_389' title='bbox 1812 3494 1899 3541; x_wconf 90' lang='lat' dir='ltr'><strong>est</strong></span> <span class='ocrx_word' id='word_1_390' title='bbox 1944 3486 2009 3540; x_wconf 88' lang='lat' dir='ltr'><strong>ad</strong></span> 
     </span>
    </p>
   </div>
   <div class='ocr_carea' id='block_1_55' title="bbox 428 3577 2010 3647">
    <p class='ocr_par' dir='ltr' id='par_1_55' title="bbox 428 3577 2010 3647">
     <span class='ocr_line' id='line_1_55' title="bbox 428 3577 2010 3647; baseline 0.002 -19"><span class='ocrx_word' id='word_1_391' title='bbox 428 3578 708 3647; x_wconf 84' lang='lat' dir='ltr'><strong>populum,</strong></span> <span class='ocrx_word' id='word_1_392' title='bbox 754 3577 1041 3645; x_wconf 78' lang='lat' dir='ltr'><strong>increpans</strong></span> <span class='ocrx_word' id='word_1_393' title='bbox 1069 3589 1165 3630; x_wconf 88' lang='lat' dir='ltr'><strong>eos</strong></span> <span class='ocrx_word' id='word_1_394' title='bbox 1209 3577 1275 3631; x_wconf 90' lang='lat' dir='ltr'><strong>de</strong></span> <span class='ocrx_word' id='word_1_395' title='bbox 1318 3577 1505 3646; x_wconf 89' lang='lat' dir='ltr'><strong>iniqua</strong></span> <span class='ocrx_word' id='word_1_396' title='bbox 1560 3577 1822 3632; x_wconf 89' lang='lat' dir='ltr'><strong>electione</strong></span> <span class='ocrx_word' id='word_1_397' title='bbox 1867 3579 2010 3646; x_wconf 87' lang='lat' dir='ltr'><strong>regis</strong></span> 
     </span>
    </p>
   </div>
   <div class='ocr_carea' id='block_1_56' title="bbox 430 3665 2010 3740">
    <p class='ocr_par' dir='ltr' id='par_1_56' title="bbox 430 3665 2010 3740">
     <span class='ocr_line' id='line_1_56' title="bbox 430 3665 2010 3740; baseline 0.001 -20"><span class='ocrx_word' id='word_1_398' title='bbox 430 3668 652 3731; x_wconf 85' lang='lat' dir='ltr'><strong>terreni,</strong></span> <span class='ocrx_word' id='word_1_399' title='bbox 679 3682 803 3721; x_wconf 91' lang='lat' dir='ltr'><strong>cum</strong></span> <span class='ocrx_word' id='word_1_400' title='bbox 831 3665 1094 3721; x_wconf 86' lang='lat' dir='ltr'><strong>haberent</strong></span> <span class='ocrx_word' id='word_1_401' title='bbox 1112 3666 1286 3736; x_wconf 90' lang='lat' dir='ltr'><strong>ipsum</strong></span> <span class='ocrx_word' id='word_1_402' title='bbox 1318 3667 1603 3722; x_wconf 90' lang='lat' dir='ltr'><strong>Dominum</strong></span> <span class='ocrx_word' id='word_1_403' title='bbox 1626 3683 1828 3740; x_wconf 90' lang='lat' dir='ltr'><strong>regem,</strong></span> <span class='ocrx_word' id='word_1_404' title='bbox 1853 3667 2010 3722; x_wconf 80' lang='lat' dir='ltr'><strong>addi-</strong></span> 
     </span>
    </p>
   </div>
   <div class='ocr_carea' id='block_1_57' title="bbox 431 3765 682 3812">
    <p class='ocr_par' dir='ltr' id='par_1_57' title="bbox 431 3765 682 3812">
     <span class='ocr_line' id='line_1_57' title="bbox 431 3765 682 3812; baseline -0.004 0"><span class='ocrx_word' id='word_1_405' title='bbox 431 3767 545 3812; x_wconf 89' lang='lat' dir='ltr'><strong>tum</strong></span> <span class='ocrx_word' id='word_1_406' title='bbox 570 3765 682 3812; x_wconf 87' lang='lat' dir='ltr'><strong>est:</strong></span> 
     </span>
    </p>
   </div>
   <div class='ocr_carea' id='block_1_58' title="bbox 502 3864 2006 3941">
    <p class='ocr_par' dir='ltr' id='par_1_58' title="bbox 502 3864 2006 3941">
     <span class='ocr_line' id='line_1_58' title="bbox 502 3864 2006 3941; baseline -0.001 -19"><span class='ocrx_word' id='word_1_407' title='bbox 502 3867 650 3939; x_wconf 76' lang='lat' dir='ltr'><strong>(CAP.</strong></span> <span class='ocrx_word' id='word_1_408' title='bbox 679 3867 799 3941; x_wconf 68' lang='grc' dir='ltr'><strong>χιι.)</strong></span> <span class='ocrx_word' id='word_1_409' title='bbox 863 3886 882 3919; x_wconf 74' lang='grc' dir='ltr'><strong>ι</strong></span> <span class='ocrx_word' id='word_1_410' title='bbox 912 3867 978 3922; x_wconf 86' lang='grc' dir='ltr'><strong>Ει</strong></span> <span class='ocrx_word' id='word_1_411' title='bbox 1002 3868 1167 3934; x_wconf 90' lang='lat' dir='ltr'><strong>misit,</strong></span> <span class='ocrx_word' id='word_1_412' title='bbox 1202 3868 1399 3937; x_wconf 89' lang='lat' dir='ltr'><strong>inquit,</strong></span> <span class='ocrx_word' id='word_1_413' title='bbox 1435 3867 1694 3923; x_wconf 88' lang='lat' dir='ltr'><strong>Dominus</strong></span> <span class='ocrx_word' id='word_1_414' title='bbox 1735 3864 2006 3934; x_wconf 82' lang='lat' dir='ltr'><strong>Jerobaal,</strong></span> 
     </span>
    </p>
   </div>
   <div class='ocr_carea' id='block_1_59' title="bbox 436 3957 2011 4028">
    <p class='ocr_par' dir='ltr' id='par_1_59' title="bbox 436 3957 2011 4028">
     <span class='ocr_line' id='line_1_59' title="bbox 436 3957 2011 4028; baseline 0.002 -17"><span class='ocrx_word' id='word_1_415' title='bbox 436 3978 455 4011; x_wconf 79' lang='grc' dir='ltr'><strong>ι</strong></span> <span class='ocrx_word' id='word_1_416' title='bbox 502 3968 555 4015; x_wconf 90' lang='lat' dir='ltr'><strong>et</strong></span> <span class='ocrx_word' id='word_1_417' title='bbox 579 3960 784 4022; x_wconf 88' lang='lat' dir='ltr'><strong>Bedan,</strong></span> <span class='ocrx_word' id='word_1_418' title='bbox 811 3968 865 4013; x_wconf 92' lang='lat' dir='ltr'><strong>et</strong></span> <span class='ocrx_word' id='word_1_419' title='bbox 886 3959 1115 4025; x_wconf 85' lang='lat' dir='ltr'><strong>Barach,</strong></span> <span class='ocrx_word' id='word_1_420' title='bbox 1169 3968 1224 4014; x_wconf 91' lang='lat' dir='ltr'><strong>et</strong></span> <span class='ocrx_word' id='word_1_421' title='bbox 1267 3957 1518 4028; x_wconf 85' lang='lat' dir='ltr'><strong>Jepbtbe,</strong></span> <span class='ocrx_word' id='word_1_422' title='bbox 1576 3966 1631 4013; x_wconf 92' lang='lat' dir='ltr'><strong>et</strong></span> <span class='ocrx_word' id='word_1_423' title='bbox 1670 3957 1907 4024; x_wconf 89' lang='lat' dir='ltr'><strong>Samuel,</strong></span> <span class='ocrx_word' id='word_1_424' title='bbox 1956 3968 2011 4014; x_wconf 92' lang='lat' dir='ltr'><strong>et</strong></span> 
     </span>
    </p>
   </div>
   <div class='ocr_carea' id='block_1_60' title="bbox 436 4051 2009 4121">
    <p class='ocr_par' dir='ltr' id='par_1_60' title="bbox 436 4051 2009 4121">
     <span class='ocr_line' id='line_1_60' title="bbox 436 4051 2009 4121; baseline 0.001 -19"><span class='ocrx_word' id='word_1_425' title='bbox 436 4071 455 4102; x_wconf 76' lang='grc' dir='ltr'><strong>ι</strong></span> <span class='ocrx_word' id='word_1_426' title='bbox 501 4054 643 4107; x_wconf 84' lang='lat' dir='ltr'><strong>eruit</strong></span> <span class='ocrx_word' id='word_1_427' title='bbox 671 4068 767 4108; x_wconf 88' lang='lat' dir='ltr'><strong>vos</strong></span> <span class='ocrx_word' id='word_1_428' title='bbox 796 4052 860 4107; x_wconf 89' lang='lat' dir='ltr'><strong>de</strong></span> <span class='ocrx_word' id='word_1_429' title='bbox 881 4068 1041 4106; x_wconf 90' lang='lat' dir='ltr'><strong>manu</strong></span> <span class='ocrx_word' id='word_1_430' title='bbox 1068 4052 1409 4106; x_wconf 87' lang='lat' dir='ltr'><strong>inimicorum</strong></span> <span class='ocrx_word' id='word_1_431' title='bbox 1432 4061 1736 4105; x_wconf 87' lang='lat' dir='ltr'><strong>vestrorum</strong></span> <span class='ocrx_word' id='word_1_432' title='bbox 1776 4064 1873 4121; x_wconf 90' lang='lat' dir='ltr'><strong>per</strong></span> <span class='ocrx_word' id='word_1_433' title='bbox 1899 4051 2009 4105; x_wconf 86' lang='lat' dir='ltr'><strong>cir-</strong></span> 
     </span>
    </p>
   </div>
   <div class='ocr_carea' id='block_1_61' title="bbox 437 4139 2011 4206">
    <p class='ocr_par' dir='ltr' id='par_1_61' title="bbox 437 4139 2011 4206">
     <span class='ocr_line' id='line_1_61' title="bbox 437 4139 2011 4206; baseline 0.002 -15"><span class='ocrx_word' id='word_1_434' title='bbox 437 4156 455 4191; x_wconf 82' lang='grc' dir='ltr'><strong>ι</strong></span> <span class='ocrx_word' id='word_1_435' title='bbox 502 4143 725 4205; x_wconf 83' lang='lat' dir='ltr'><strong>cnitum,</strong></span> <span class='ocrx_word' id='word_1_436' title='bbox 757 4150 814 4196; x_wconf 89' lang='lat' dir='ltr'><strong>et</strong></span> <span class='ocrx_word' id='word_1_437' title='bbox 840 4142 1124 4196; x_wconf 86' lang='lat' dir='ltr'><strong>habitastis</strong></span> <span class='ocrx_word' id='word_1_438' title='bbox 1166 4141 1519 4206; x_wconf 87' lang='lat' dir='ltr'><strong>conﬁdenter,</strong></span> <span class='ocrx_word' id='word_1_439' title='bbox 1546 4162 1564 4194; x_wconf 76' lang='grc' dir='ltr'><strong>ι</strong></span> <span class='ocrx_word' id='word_1_440' title='bbox 1600 4150 1706 4196; x_wconf 91' lang='lat' dir='ltr'><strong>etc.</strong></span> <span class='ocrx_word' id='word_1_441' title='bbox 1762 4139 2011 4197; x_wconf 81' lang='lat' dir='ltr'><strong>Jerobaal</strong></span> 
     </span>
    </p>
   </div>
   <div class='ocr_carea' id='block_1_62' title="bbox 434 4230 2011 4306">
    <p class='ocr_par' dir='ltr' id='par_1_62' title="bbox 434 4230 2011 4306">
     <span class='ocr_line' id='line_1_62' title="bbox 434 4230 2011 4306; baseline -0.001 -19"><span class='ocrx_word' id='word_1_442' title='bbox 434 4236 606 4306; x_wconf 85' lang='lat' dir='ltr'><strong>Ipsum</strong></span> <span class='ocrx_word' id='word_1_443' title='bbox 633 4235 894 4299; x_wconf 85' lang='lat' dir='ltr'><strong>nominat,</strong></span> <span class='ocrx_word' id='word_1_444' title='bbox 910 4235 1131 4304; x_wconf 73' lang='lat' dir='ltr'><strong>quialio</strong></span> <span class='ocrx_word' id='word_1_445' title='bbox 1157 4233 1375 4288; x_wconf 89' lang='lat' dir='ltr'><strong>nomine</strong></span> <span class='ocrx_word' id='word_1_446' title='bbox 1400 4234 1453 4286; x_wconf 90' lang='lat' dir='ltr'><strong>in</strong></span> <span class='ocrx_word' id='word_1_447' title='bbox 1480 4233 1617 4287; x_wconf 91' lang='lat' dir='ltr'><strong>libro</strong></span> <span class='ocrx_word' id='word_1_448' title='bbox 1633 4230 1879 4287; x_wconf 79' lang='lat' dir='ltr'><strong>Judicum</strong></span> <span class='ocrx_word' id='word_1_449' title='bbox 1901 4230 2011 4286; x_wconf 87' lang='lat' dir='ltr'><strong>Ge-</strong></span> 
     </span>
    </p>
   </div>
   <div class='ocr_carea' id='block_1_63' title="bbox 430 4323 2012 4396">
    <p class='ocr_par' dir='ltr' id='par_1_63' title="bbox 430 4323 2012 4396">
     <span class='ocr_line' id='line_1_63' title="bbox 430 4323 2012 4396; baseline -0.001 -15"><span class='ocrx_word' id='word_1_450' title='bbox 430 4329 567 4382; x_wconf 90' lang='lat' dir='ltr'><strong>deon</strong></span> <span class='ocrx_word' id='word_1_451' title='bbox 592 4336 676 4380; x_wconf 90' lang='lat' dir='ltr'><strong>est</strong></span> <span class='ocrx_word' id='word_1_452' title='bbox 706 4326 1032 4390; x_wconf 86' lang='lat' dir='ltr'><strong>nominatus,</strong></span> <span class='ocrx_word' id='word_1_453' title='bbox 1058 4326 1301 4380; x_wconf 69' lang='lat' dir='ltr'><strong>etlledan</strong></span> <span class='ocrx_word' id='word_1_454' title='bbox 1326 4326 1438 4396; x_wconf 90' lang='lat' dir='ltr'><strong>ipse</strong></span> <span class='ocrx_word' id='word_1_455' title='bbox 1464 4336 1546 4381; x_wconf 81' lang='lat' dir='ltr'><strong>eSt</strong></span> <span class='ocrx_word' id='word_1_456' title='bbox 1571 4324 1798 4380; x_wconf 83' lang='lat' dir='ltr'><strong>Samson</strong></span> <span class='ocrx_word' id='word_1_457' title='bbox 1830 4323 2012 4379; x_wconf 87' lang='lat' dir='ltr'><strong>fortis-</strong></span> 
     </span>
    </p>
   </div>
   <div class='ocr_carea' id='block_1_64' title="bbox 431 4416 2008 4488">
    <p class='ocr_par' dir='ltr' id='par_1_64' title="bbox 431 4416 2008 4488">
     <span class='ocr_line' id='line_1_64' title="bbox 431 4416 2008 4488; baseline -0.003 -16"><span class='ocrx_word' id='word_1_458' title='bbox 431 4417 635 4483; x_wconf 85' lang='lat' dir='ltr'><strong>simus;</strong></span> <span class='ocrx_word' id='word_1_459' title='bbox 671 4419 736 4473; x_wconf 89' lang='lat' dir='ltr'><strong>de</strong></span> <span class='ocrx_word' id='word_1_460' title='bbox 757 4434 864 4488; x_wconf 88' lang='lat' dir='ltr'><strong>quo</strong></span> <span class='ocrx_word' id='word_1_461' title='bbox 882 4418 934 4471; x_wconf 89' lang='lat' dir='ltr'><strong>in</strong></span> <span class='ocrx_word' id='word_1_462' title='bbox 963 4418 1220 4486; x_wconf 65' lang='lat' dir='ltr'><strong>praedicto</strong></span> <span class='ocrx_word' id='word_1_463' title='bbox 1250 4418 1389 4472; x_wconf 89' lang='lat' dir='ltr'><strong>libro</strong></span> <span class='ocrx_word' id='word_1_464' title='bbox 1413 4418 1647 4473; x_wconf 80' lang='lat' dir='ltr'><strong>refertur</strong></span> <span class='ocrx_word' id='word_1_465' title='bbox 1674 4417 1821 4487; x_wconf 86' lang='lat' dir='ltr'><strong>quod</strong></span> <span class='ocrx_word' id='word_1_466' title='bbox 1841 4416 2008 4472; x_wconf 87' lang='lat' dir='ltr'><strong>Israel</strong></span> 
     </span>
    </p>
   </div>
   <div class='ocr_carea' id='block_1_65' title="bbox 431 4504 1335 4563">
    <p class='ocr_par' dir='ltr' id='par_1_65' title="bbox 431 4504 1335 4563">
     <span class='ocr_line' id='line_1_65' title="bbox 431 4504 1335 4563; baseline -0.004 -1"><span class='ocrx_word' id='word_1_467' title='bbox 431 4517 622 4563; x_wconf 77' lang='lat' dir='ltr'><strong>emitra</strong></span> <span class='ocrx_word' id='word_1_468' title='bbox 654 4507 978 4562; x_wconf 87' lang='lat' dir='ltr'><strong>Philisthiim</strong></span> <span class='ocrx_word' id='word_1_469' title='bbox 1007 4504 1335 4560; x_wconf 78' lang='lat' dir='ltr'><strong>defenderet.</strong></span> 
     </span>
    </p>
   </div>
   <div class='ocr_carea' id='block_1_66' title="bbox 511 4614 2007 4678">
    <p class='ocr_par' dir='ltr' id='par_1_66' title="bbox 511 4614 2007 4678">
     <span class='ocr_line' id='line_1_66' title="bbox 511 4614 2007 4678; baseline 0.002 -10"><span class='ocrx_word' id='word_1_470' title='bbox 511 4638 530 4668; x_wconf 79' lang='grc' dir='ltr'><strong>ι</strong></span> <span class='ocrx_word' id='word_1_471' title='bbox 575 4618 641 4671; x_wconf 86' lang='lat' dir='ltr'><strong>Et</strong></span> <span class='ocrx_word' id='word_1_472' title='bbox 669 4616 924 4672; x_wconf 85' lang='lat' dir='ltr'><strong>clamavit</strong></span> <span class='ocrx_word' id='word_1_473' title='bbox 964 4614 1180 4669; x_wconf 85' lang='lat' dir='ltr'><strong>Samuel</strong></span> <span class='ocrx_word' id='word_1_474' title='bbox 1209 4615 1276 4667; x_wconf 91' lang='lat' dir='ltr'><strong>ad</strong></span> <span class='ocrx_word' id='word_1_475' title='bbox 1312 4614 1617 4678; x_wconf 84' lang='lat' dir='ltr'><strong>Dominum,</strong></span> <span class='ocrx_word' id='word_1_476' title='bbox 1648 4625 1703 4668; x_wconf 88' lang='lat' dir='ltr'><strong>et</strong></span> <span class='ocrx_word' id='word_1_477' title='bbox 1734 4615 1879 4669; x_wconf 87' lang='lat' dir='ltr'><strong>dedit</strong></span> <span class='ocrx_word' id='word_1_478' title='bbox 1898 4617 2007 4672; x_wconf 89' lang='lat' dir='ltr'><strong>Do-</strong></span> 
     </span>
    </p>
   </div>
   <div class='ocr_carea' id='block_1_67' title="bbox 439 4705 2009 4775">
    <p class='ocr_par' dir='ltr' id='par_1_67' title="bbox 439 4705 2009 4775">
     <span class='ocr_line' id='line_1_67' title="bbox 439 4705 2009 4775; baseline 0.001 -14"><span class='ocrx_word' id='word_1_479' title='bbox 439 4730 459 4761; x_wconf 76' lang='grc' dir='ltr'><strong>ι</strong></span> <span class='ocrx_word' id='word_1_480' title='bbox 505 4712 682 4764; x_wconf 84' lang='lat' dir='ltr'><strong>minus</strong></span> <span class='ocrx_word' id='word_1_481' title='bbox 707 4723 866 4761; x_wconf 90' lang='lat' dir='ltr'><strong>voces</strong></span> <span class='ocrx_word' id='word_1_482' title='bbox 894 4715 949 4760; x_wconf 90' lang='lat' dir='ltr'><strong>ct</strong></span> <span class='ocrx_word' id='word_1_483' title='bbox 968 4706 1174 4775; x_wconf 82' lang='lat' dir='ltr'><strong>pluvias</strong></span> <span class='ocrx_word' id='word_1_484' title='bbox 1205 4705 1256 4759; x_wconf 91' lang='lat' dir='ltr'><strong>in</strong></span> <span class='ocrx_word' id='word_1_485' title='bbox 1287 4705 1372 4759; x_wconf 91' lang='lat' dir='ltr'><strong>die</strong></span> <span class='ocrx_word' id='word_1_486' title='bbox 1394 4705 1515 4771; x_wconf 77' lang='lat' dir='ltr'><strong>illa,</strong></span> <span class='ocrx_word' id='word_1_487' title='bbox 1555 4725 1573 4758; x_wconf 75' lang='grc' dir='ltr'><strong>ι</strong></span> <span class='ocrx_word' id='word_1_488' title='bbox 1632 4716 1738 4761; x_wconf 87' lang='lat' dir='ltr'><strong>etc.</strong></span> <span class='ocrx_word' id='word_1_489' title='bbox 1767 4706 1875 4763; x_wconf 87' lang='lat' dir='ltr'><strong>Iste</strong></span> <span class='ocrx_word' id='word_1_490' title='bbox 1902 4707 2009 4763; x_wconf 83' lang='lat' dir='ltr'><strong>Sa-</strong></span> 
     </span>
    </p>
   </div>
   <div class='ocr_carea' id='block_1_68' title="bbox 436 4793 2006 4867">
    <p class='ocr_par' dir='ltr' id='par_1_68' title="bbox 436 4793 2006 4867">
     <span class='ocr_line' id='line_1_68' title="bbox 436 4793 2006 4867; baseline 0.003 -14"><span class='ocrx_word' id='word_1_491' title='bbox 436 4798 602 4862; x_wconf 85' lang='lat' dir='ltr'><strong>muel,</strong></span> <span class='ocrx_word' id='word_1_492' title='bbox 619 4812 801 4867; x_wconf 88' lang='lat' dir='ltr'><strong>quem,</strong></span> <span class='ocrx_word' id='word_1_493' title='bbox 826 4797 1073 4850; x_wconf 85' lang='lat' dir='ltr'><strong>invocato</strong></span> <span class='ocrx_word' id='word_1_494' title='bbox 1085 4795 1301 4848; x_wconf 89' lang='lat' dir='ltr'><strong>nomine</strong></span> <span class='ocrx_word' id='word_1_495' title='bbox 1316 4793 1544 4861; x_wconf 89' lang='lat' dir='ltr'><strong>Domini,</strong></span> <span class='ocrx_word' id='word_1_496' title='bbox 1562 4798 2006 4865; x_wconf 79' lang='lat' dir='ltr'><strong>exaudivitDeus,</strong></span> 
     </span>
    </p>
   </div>
   <div class='ocr_carea' id='block_1_69' title="bbox 437 4886 2010 4961">
    <p class='ocr_par' dir='ltr' id='par_1_69' title="bbox 437 4886 2010 4961">
     <span class='ocr_line' id='line_1_69' title="bbox 437 4886 2010 4961; baseline 0.002 -18"><span class='ocrx_word' id='word_1_497' title='bbox 437 4891 491 4943; x_wconf 88' lang='lat' dir='ltr'><strong>in</strong></span> <span class='ocrx_word' id='word_1_498' title='bbox 549 4900 787 4958; x_wconf 84' lang='lat' dir='ltr'><strong>tempore</strong></span> <span class='ocrx_word' id='word_1_499' title='bbox 844 4887 1035 4940; x_wconf 79' lang='lat' dir='ltr'><strong>messis</strong></span> <span class='ocrx_word' id='word_1_500' title='bbox 1074 4886 1306 4956; x_wconf 89' lang='lat' dir='ltr'><strong>pluviam</strong></span> <span class='ocrx_word' id='word_1_501' title='bbox 1359 4888 1684 4958; x_wconf 86' lang='lat' dir='ltr'><strong>impetravit.</strong></span> <span class='ocrx_word' id='word_1_502' title='bbox 1749 4889 1856 4961; x_wconf 78' lang='lat' dir='ltr'><strong>(Ea:</strong></span> <span class='ocrx_word' id='word_1_503' title='bbox 1905 4892 2010 4947; x_wconf 85' lang='lat' dir='ltr'><strong>Isi-</strong></span> 
     </span>
    </p>
   </div>
   <div class='ocr_carea' id='block_1_70' title="bbox 404 4970 2011 5053">
    <p class='ocr_par' dir='ltr' id='par_1_70' title="bbox 404 4970 2011 5053">
     <span class='ocr_line' id='line_1_70' title="bbox 404 4970 2011 5053; baseline 0.002 -19"><span class='ocrx_word' id='word_1_504' title='bbox 404 4970 611 5053; x_wconf 26' lang='lat' dir='ltr'><strong>Idoro.)</strong></span> <span class='ocrx_word' id='word_1_505' title='bbox 667 4979 850 5033; x_wconf 58' lang='lat' dir='ltr'><strong>Pluxia</strong></span> <span class='ocrx_word' id='word_1_506' title='bbox 891 4980 1032 5032; x_wconf 84' lang='lat' dir='ltr'><strong>enim</strong></span> <span class='ocrx_word' id='word_1_507' title='bbox 1078 4980 1129 5031; x_wconf 87' lang='lat' dir='ltr'><strong>in</strong></span> <span class='ocrx_word' id='word_1_508' title='bbox 1155 4980 1324 5035; x_wconf 88' lang='lat' dir='ltr'><strong>sacris</strong></span> <span class='ocrx_word' id='word_1_509' title='bbox 1378 4980 1671 5049; x_wconf 88' lang='lat' dir='ltr'><strong>Scripturis</strong></span> <span class='ocrx_word' id='word_1_510' title='bbox 1694 4983 1855 5036; x_wconf 88' lang='lat' dir='ltr'><strong>verba</strong></span> <span class='ocrx_word' id='word_1_511' title='bbox 1887 4994 2011 5038; x_wconf 90' lang='lat' dir='ltr'><strong>sunt</strong></span> 
     </span>
    </p>
   </div>
   <div class='ocr_carea' id='block_1_71' title="bbox 442 5071 2011 5145">
    <p class='ocr_par' dir='ltr' id='par_1_71' title="bbox 442 5071 2011 5145">
     <span class='ocr_line' id='line_1_71' title="bbox 442 5071 2011 5145; baseline 0.004 -20"><span class='ocrx_word' id='word_1_512' title='bbox 442 5073 711 5142; x_wconf 84' lang='lat' dir='ltr'><strong>Evangelii</strong></span> <span class='ocrx_word' id='word_1_513' title='bbox 739 5072 852 5125; x_wconf 88' lang='lat' dir='ltr'><strong>sive</strong></span> <span class='ocrx_word' id='word_1_514' title='bbox 877 5071 1029 5141; x_wconf 82' lang='lat' dir='ltr'><strong>legis,</strong></span> <span class='ocrx_word' id='word_1_515' title='bbox 1058 5071 1194 5126; x_wconf 86' lang='lat' dir='ltr'><strong>sicut</strong></span> <span class='ocrx_word' id='word_1_516' title='bbox 1223 5072 1432 5145; x_wconf 85' lang='lat' dir='ltr'><strong>Moyses</strong></span> <span class='ocrx_word' id='word_1_517' title='bbox 1454 5075 1589 5127; x_wconf 79' lang='lat' dir='ltr'><strong>dixit</strong></span> <span class='ocrx_word' id='word_1_518' title='bbox 1627 5093 1638 5127; x_wconf 91' lang='lat'><strong>:</strong></span> <span class='ocrx_word' id='word_1_519' title='bbox 1672 5095 1689 5125; x_wconf 85' lang='grc' dir='ltr'><strong>ι</strong></span> <span class='ocrx_word' id='word_1_520' title='bbox 1727 5076 2011 5145; x_wconf 76' lang='lat' dir='ltr'><strong>Exspecte-</strong></span> 
     </span>
    </p>
   </div>
   <div class='ocr_carea' id='block_1_72' title="bbox 444 5163 2010 5233">
    <p class='ocr_par' dir='ltr' id='par_1_72' title="bbox 444 5163 2010 5233">
     <span class='ocr_line' id='line_1_72' title="bbox 444 5163 2010 5233; baseline 0.004 -16"><span class='ocrx_word' id='word_1_521' title='bbox 444 5179 525 5218; x_wconf 84' lang='lat' dir='ltr'><strong>tur</strong></span> <span class='ocrx_word' id='word_1_522' title='bbox 549 5168 688 5219; x_wconf 86' lang='lat' dir='ltr'><strong>sicut</strong></span> <span class='ocrx_word' id='word_1_523' title='bbox 712 5165 889 5233; x_wconf 89' lang='lat' dir='ltr'><strong>pluvia</strong></span> <span class='ocrx_word' id='word_1_524' title='bbox 916 5163 1186 5233; x_wconf 84' lang='lat' dir='ltr'><strong>eloquium</strong></span> <span class='ocrx_word' id='word_1_525' title='bbox 1220 5181 1417 5230; x_wconf 87' lang='lat' dir='ltr'><strong>meum,</strong></span> <span class='ocrx_word' id='word_1_526' title='bbox 1443 5176 1498 5221; x_wconf 86' lang='lat' dir='ltr'><strong>et</strong></span> <span class='ocrx_word' id='word_1_527' title='bbox 1519 5167 1845 5223; x_wconf 83' lang='lat' dir='ltr'><strong>descendant</strong></span> <span class='ocrx_word' id='word_1_528' title='bbox 1871 5170 2010 5223; x_wconf 87' lang='lat' dir='ltr'><strong>sicut</strong></span> 
     </span>
    </p>
   </div>
   <div class='ocr_carea' id='block_1_73' title="bbox 442 5256 2011 5331">
    <p class='ocr_par' dir='ltr' id='par_1_73' title="bbox 442 5256 2011 5331">
     <span class='ocr_line' id='line_1_73' title="bbox 442 5256 2011 5331; baseline 0.004 -22"><span class='ocrx_word' id='word_1_529' title='bbox 442 5274 529 5310; x_wconf 85' lang='lat' dir='ltr'><strong>ros</strong></span> <span class='ocrx_word' id='word_1_530' title='bbox 560 5256 719 5311; x_wconf 85' lang='lat' dir='ltr'><strong>verba</strong></span> <span class='ocrx_word' id='word_1_531' title='bbox 751 5272 868 5311; x_wconf 89' lang='lat' dir='ltr'><strong>mea</strong></span> <span class='ocrx_word' id='word_1_532' title='bbox 901 5257 1076 5330; x_wconf 79' lang='lat' dir='ltr'><strong>(Deut.</strong></span> <span class='ocrx_word' id='word_1_533' title='bbox 1112 5257 1304 5331; x_wconf 75' lang='lat' dir='ltr'><strong>xxxu).</strong></span> <span class='ocrx_word' id='word_1_534' title='bbox 1350 5279 1367 5312; x_wconf 74' lang='grc' dir='ltr'><strong>ι</strong></span> <span class='ocrx_word' id='word_1_535' title='bbox 1421 5258 1571 5315; x_wconf 75' lang='lat' dir='ltr'><strong>Hanc</strong></span> <span class='ocrx_word' id='word_1_536' title='bbox 1593 5260 1754 5329; x_wconf 82' lang='lat' dir='ltr'><strong>igitur</strong></span> <span class='ocrx_word' id='word_1_537' title='bbox 1776 5262 2011 5330; x_wconf 83' lang='lat' dir='ltr'><strong>pluviam</strong></span> 
     </span>
    </p>
   </div>
   <div class='ocr_carea' id='block_1_74' title="bbox 441 5348 2006 5421">
    <p class='ocr_par' dir='ltr' id='par_1_74' title="bbox 441 5348 2006 5421">
     <span class='ocr_line' id='line_1_74' title="bbox 441 5348 2006 5421; baseline 0.005 -21"><span class='ocrx_word' id='word_1_538' title='bbox 441 5348 588 5400; x_wconf 82' lang='lat' dir='ltr'><strong>dedit</strong></span> <span class='ocrx_word' id='word_1_539' title='bbox 636 5349 834 5402; x_wconf 84' lang='lat' dir='ltr'><strong>mundo</strong></span> <span class='ocrx_word' id='word_1_540' title='bbox 872 5348 1121 5405; x_wconf 86' lang='lat' dir='ltr'><strong>Christus</strong></span> <span class='ocrx_word' id='word_1_541' title='bbox 1166 5350 1223 5404; x_wconf 87' lang='lat' dir='ltr'><strong>in</strong></span> <span class='ocrx_word' id='word_1_542' title='bbox 1279 5359 1520 5421; x_wconf 84' lang='lat' dir='ltr'><strong>tempore</strong></span> <span class='ocrx_word' id='word_1_543' title='bbox 1567 5353 1777 5418; x_wconf 88' lang='lat' dir='ltr'><strong>messis,</strong></span> <span class='ocrx_word' id='word_1_544' title='bbox 1823 5353 1875 5409; x_wconf 88' lang='lat' dir='ltr'><strong>id</strong></span> <span class='ocrx_word' id='word_1_545' title='bbox 1903 5364 2006 5415; x_wconf 89' lang='lat' dir='ltr'><strong>est,</strong></span> 
     </span>
    </p>
   </div>
   <div class='ocr_carea' id='block_1_75' title="bbox 440 5436 2012 5509">
    <p class='ocr_par' dir='ltr' id='par_1_75' title="bbox 440 5436 2012 5509">
     <span class='ocr_line' id='line_1_75' title="bbox 440 5436 2012 5509; baseline 0.006 -20"><span class='ocrx_word' id='word_1_546' title='bbox 440 5436 656 5506; x_wconf 85' lang='lat' dir='ltr'><strong>quando</strong></span> <span class='ocrx_word' id='word_1_547' title='bbox 684 5447 870 5507; x_wconf 85' lang='lat' dir='ltr'><strong>gentes</strong></span> <span class='ocrx_word' id='word_1_548' title='bbox 882 5439 1059 5508; x_wconf 77' lang='lat' dir='ltr'><strong>colligi</strong></span> <span class='ocrx_word' id='word_1_549' title='bbox 1082 5442 1364 5509; x_wconf 80' lang='lat' dir='ltr'><strong>Oportebat</strong></span> <span class='ocrx_word' id='word_1_550' title='bbox 1386 5456 1400 5494; x_wconf 91' lang='lat'><strong>:</strong></span> <span class='ocrx_word' id='word_1_551' title='bbox 1428 5451 1487 5497; x_wconf 92' lang='lat' dir='ltr'><strong>ut</strong></span> <span class='ocrx_word' id='word_1_552' title='bbox 1508 5444 1649 5498; x_wconf 89' lang='lat' dir='ltr'><strong>sicut</strong></span> <span class='ocrx_word' id='word_1_553' title='bbox 1679 5443 2012 5498; x_wconf 86' lang='lat' dir='ltr'><strong>frumentum</strong></span> 
     </span>
    </p>
   </div>
   <div class='ocr_carea' id='block_1_76' title="bbox 442 5527 2009 5608">
    <p class='ocr_par' dir='ltr' id='par_1_76' title="bbox 442 5527 2009 5608">
     <span class='ocr_line' id='line_1_76' title="bbox 442 5527 2009 5608; baseline 0.008 -28"><span class='ocrx_word' id='word_1_554' title='bbox 442 5527 495 5581; x_wconf 92' lang='lat' dir='ltr'><strong>in</strong></span> <span class='ocrx_word' id='word_1_555' title='bbox 520 5528 751 5594; x_wconf 88' lang='lat' dir='ltr'><strong>horreis,</strong></span> <span class='ocrx_word' id='word_1_556' title='bbox 789 5529 869 5585; x_wconf 89' lang='lat' dir='ltr'><strong>sic</strong></span> <span class='ocrx_word' id='word_1_557' title='bbox 911 5529 1049 5584; x_wconf 89' lang='lat' dir='ltr'><strong>intra</strong></span> <span class='ocrx_word' id='word_1_558' title='bbox 1080 5531 1335 5586; x_wconf 65' lang='lat' dir='ltr'><strong>Ecclesia:</strong></span> <span class='ocrx_word' id='word_1_559' title='bbox 1362 5533 1539 5587; x_wconf 90' lang='lat' dir='ltr'><strong>sinum</strong></span> <span class='ocrx_word' id='word_1_560' title='bbox 1573 5545 1758 5605; x_wconf 82' lang='lat' dir='ltr'><strong>gentes</strong></span> <span class='ocrx_word' id='word_1_561' title='bbox 1781 5551 2009 5608; x_wconf 45' lang='lat' dir='ltr'><strong>congre-i</strong></span> 
     </span>
    </p>
   </div>
   <div class='ocr_carea' id='block_1_77' title="bbox 443 5627 722 5685">
    <p class='ocr_par' dir='ltr' id='par_1_77' title="bbox 443 5627 722 5685">
     <span class='ocr_line' id='line_1_77' title="bbox 443 5627 722 5685; baseline 0.011 -16"><span class='ocrx_word' id='word_1_562' title='bbox 443 5627 722 5685; x_wconf 85' lang='lat' dir='ltr'><strong>garentur.</strong></span> 
     </span>
    </p>
   </div>
   <div class='ocr_carea' id='block_1_78' title="bbox 2104 2110 3680 2184">
    <p class='ocr_par' dir='ltr' id='par_1_78' title="bbox 2104 2110 3680 2184">
     <span class='ocr_line' id='line_1_78' title="bbox 2104 2110 3680 2184; baseline 0.008 -21"><span class='ocrx_word' id='word_1_563' title='bbox 2104 2110 2316 2165; x_wconf 87' lang='lat' dir='ltr'><strong>duobus</strong></span> <span class='ocrx_word' id='word_1_564' title='bbox 2345 2111 2504 2167; x_wconf 84' lang='lat' dir='ltr'><strong>annis</strong></span> <span class='ocrx_word' id='word_1_565' title='bbox 2549 2113 2739 2177; x_wconf 88' lang='lat' dir='ltr'><strong>tenuit,</strong></span> <span class='ocrx_word' id='word_1_566' title='bbox 2771 2114 2963 2181; x_wconf 86' lang='lat' dir='ltr'><strong>donec,</strong></span> <span class='ocrx_word' id='word_1_567' title='bbox 2985 2129 3053 2169; x_wconf 91' lang='lat' dir='ltr'><strong>eo</strong></span> <span class='ocrx_word' id='word_1_568' title='bbox 3091 2131 3122 2169; x_wconf 87' lang='lat' dir='ltr'><strong>a</strong></span> <span class='ocrx_word' id='word_1_569' title='bbox 3154 2116 3461 2174; x_wconf 83' lang='lat' dir='ltr'><strong>latronibus</strong></span> <span class='ocrx_word' id='word_1_570' title='bbox 3479 2122 3680 2184; x_wconf 81' lang='lat' dir='ltr'><strong>occiso,</strong></span> 
     </span>
    </p>
   </div>
   <div class='ocr_carea' id='block_1_79' title="bbox 2106 2202 3677 2283">
    <p class='ocr_par' dir='ltr' id='par_1_79' title="bbox 2106 2202 3677 2283">
     <span class='ocr_line' id='line_1_79' title="bbox 2106 2202 3677 2283; baseline 0.009 -31"><span class='ocrx_word' id='word_1_571' title='bbox 2106 2207 2278 2253; x_wconf 82' lang='lat' dir='ltr'><strong>totum</strong></span> <span class='ocrx_word' id='word_1_572' title='bbox 2300 2215 2523 2271; x_wconf 83' lang='lat' dir='ltr'><strong>regnum</strong></span> <span class='ocrx_word' id='word_1_573' title='bbox 2554 2202 2714 2257; x_wconf 91' lang='lat' dir='ltr'><strong>simul</strong></span> <span class='ocrx_word' id='word_1_574' title='bbox 2742 2204 2810 2258; x_wconf 86' lang='lat' dir='ltr'><strong>ad</strong></span> <span class='ocrx_word' id='word_1_575' title='bbox 2848 2205 3016 2259; x_wconf 83' lang='lat' dir='ltr'><strong>David</strong></span> <span class='ocrx_word' id='word_1_576' title='bbox 3062 2210 3353 2263; x_wconf 85' lang='lat' dir='ltr'><strong>concessit.</strong></span> <span class='ocrx_word' id='word_1_577' title='bbox 3407 2208 3545 2264; x_wconf 86' lang='lat' dir='ltr'><strong>Sunt</strong></span> <span class='ocrx_word' id='word_1_578' title='bbox 3587 2215 3677 2283; x_wconf 85' lang='lat' dir='ltr'><strong>qui</strong></span> 
     </span>
    </p>
   </div>
   <div class='ocr_carea' id='block_1_80' title="bbox 2105 2290 3678 2366">
    <p class='ocr_par' dir='ltr' id='par_1_80' title="bbox 2105 2290 3678 2366">
     <span class='ocr_line' id='line_1_80' title="bbox 2105 2290 3678 2366; baseline 0.008 -21"><span class='ocrx_word' id='word_1_579' title='bbox 2105 2290 2293 2346; x_wconf 88' lang='lat' dir='ltr'><strong>volunt</strong></span> <span class='ocrx_word' id='word_1_580' title='bbox 2321 2293 2389 2346; x_wconf 87' lang='lat' dir='ltr'><strong>de</strong></span> <span class='ocrx_word' id='word_1_581' title='bbox 2415 2293 2530 2362; x_wconf 88' lang='lat' dir='ltr'><strong>ipso</strong></span> <span class='ocrx_word' id='word_1_582' title='bbox 2552 2294 2679 2348; x_wconf 88' lang='lat' dir='ltr'><strong>Saul</strong></span> <span class='ocrx_word' id='word_1_583' title='bbox 2719 2296 2923 2351; x_wconf 91' lang='lat' dir='ltr'><strong>dictum</strong></span> <span class='ocrx_word' id='word_1_584' title='bbox 2954 2302 3217 2366; x_wconf 88' lang='lat' dir='ltr'><strong>accipere,</strong></span> <span class='ocrx_word' id='word_1_585' title='bbox 3246 2308 3306 2354; x_wconf 87' lang='lat' dir='ltr'><strong>ut</strong></span> <span class='ocrx_word' id='word_1_586' title='bbox 3354 2302 3516 2356; x_wconf 90' lang='lat' dir='ltr'><strong>unius</strong></span> <span class='ocrx_word' id='word_1_587' title='bbox 3555 2307 3678 2359; x_wconf 85' lang='lat' dir='ltr'><strong>anni</strong></span> 
     </span>
    </p>
   </div>
   <div class='ocr_carea' id='block_1_81' title="bbox 2107 2381 3681 2457">
    <p class='ocr_par' dir='ltr' id='par_1_81' title="bbox 2107 2381 3681 2457">
     <span class='ocr_line' id='line_1_81' title="bbox 2107 2381 3681 2457; baseline 0.007 -20"><span class='ocrx_word' id='word_1_588' title='bbox 2107 2381 2316 2447; x_wconf 84' lang='lat' dir='ltr'><strong>fuisset,</strong></span> <span class='ocrx_word' id='word_1_589' title='bbox 2364 2398 2489 2439; x_wconf 90' lang='lat' dir='ltr'><strong>cum</strong></span> <span class='ocrx_word' id='word_1_590' title='bbox 2528 2399 2756 2455; x_wconf 88' lang='lat' dir='ltr'><strong>regnare</strong></span> <span class='ocrx_word' id='word_1_591' title='bbox 2790 2387 3067 2456; x_wconf 62' lang='lat' dir='ltr'><strong>coepisset,</strong></span> <span class='ocrx_word' id='word_1_592' title='bbox 3125 2388 3180 2442; x_wconf 90' lang='lat' dir='ltr'><strong>id</strong></span> <span class='ocrx_word' id='word_1_593' title='bbox 3218 2399 3304 2444; x_wconf 88' lang='lat' dir='ltr'><strong>est</strong></span> <span class='ocrx_word' id='word_1_594' title='bbox 3334 2391 3567 2457; x_wconf 87' lang='lat' dir='ltr'><strong>humilis,</strong></span> <span class='ocrx_word' id='word_1_595' title='bbox 3626 2403 3681 2448; x_wconf 87' lang='lat' dir='ltr'><strong>et</strong></span> 
     </span>
    </p>
   </div>
   <div class='ocr_carea' id='block_1_82' title="bbox 2106 2478 3677 2549">
    <p class='ocr_par' dir='ltr' id='par_1_82' title="bbox 2106 2478 3677 2549">
     <span class='ocr_line' id='line_1_82' title="bbox 2106 2478 3677 2549; baseline 0.008 -21"><span class='ocrx_word' id='word_1_596' title='bbox 2106 2483 2441 2540; x_wconf 87' lang='lat' dir='ltr'><strong>mansuetus,</strong></span> <span class='ocrx_word' id='word_1_597' title='bbox 2489 2478 2782 2532; x_wconf 88' lang='lat' dir='ltr'><strong>secundum</strong></span> <span class='ocrx_word' id='word_1_598' title='bbox 2814 2479 2865 2533; x_wconf 93' lang='lat' dir='ltr'><strong>id</strong></span> <span class='ocrx_word' id='word_1_599' title='bbox 2893 2483 3036 2549; x_wconf 89' lang='lat' dir='ltr'><strong>quod</strong></span> <span class='ocrx_word' id='word_1_600' title='bbox 3054 2480 3340 2537; x_wconf 87' lang='lat' dir='ltr'><strong>Psalmista</strong></span> <span class='ocrx_word' id='word_1_601' title='bbox 3370 2483 3527 2540; x_wconf 87' lang='lat' dir='ltr'><strong>dicit:</strong></span> <span class='ocrx_word' id='word_1_602' title='bbox 3566 2506 3585 2537; x_wconf 82' lang='grc' dir='ltr'><strong>ι</strong></span> <span class='ocrx_word' id='word_1_603' title='bbox 3623 2486 3677 2541; x_wconf 89' lang='lat' dir='ltr'><strong>Si</strong></span> 
     </span>
    </p>
   </div>
   <div class='ocr_carea' id='block_1_83' title="bbox 2106 2567 3681 2646">
    <p class='ocr_par' dir='ltr' id='par_1_83' title="bbox 2106 2567 3681 2646">
     <span class='ocr_line' id='line_1_83' title="bbox 2106 2567 3681 2646; baseline 0.008 -27"><span class='ocrx_word' id='word_1_604' title='bbox 2106 2580 2216 2620; x_wconf 90' lang='lat' dir='ltr'><strong>non</strong></span> <span class='ocrx_word' id='word_1_605' title='bbox 2241 2567 2520 2631; x_wconf 65' lang='lat' dir='ltr'><strong>humiliter</strong></span> <span class='ocrx_word' id='word_1_606' title='bbox 2539 2568 2857 2634; x_wconf 89' lang='lat' dir='ltr'><strong>sentiebam,</strong></span> <span class='ocrx_word' id='word_1_607' title='bbox 2908 2571 3048 2625; x_wconf 91' lang='lat' dir='ltr'><strong>sicut</strong></span> <span class='ocrx_word' id='word_1_608' title='bbox 3065 2570 3366 2630; x_wconf 82' lang='lat' dir='ltr'><strong>ablactatns</strong></span> <span class='ocrx_word' id='word_1_609' title='bbox 3387 2590 3546 2646; x_wconf 86' lang='lat' dir='ltr'><strong>super</strong></span> <span class='ocrx_word' id='word_1_610' title='bbox 3566 2593 3681 2631; x_wconf 43' lang='lat' dir='ltr'><strong>mas</strong></span> 
     </span>
    </p>
   </div>
   <div class='ocr_carea' id='block_1_84' title="bbox 2109 2655 3684 2731">
    <p class='ocr_par' dir='ltr' id='par_1_84' title="bbox 2109 2655 3684 2731">
     <span class='ocr_line' id='line_1_84' title="bbox 2109 2655 3684 2731; baseline 0.008 -21"><span class='ocrx_word' id='word_1_611' title='bbox 2109 2663 2245 2710; x_wconf 88' lang='lat' dir='ltr'><strong>trem</strong></span> <span class='ocrx_word' id='word_1_612' title='bbox 2273 2672 2427 2711; x_wconf 84' lang='lat' dir='ltr'><strong>suam</strong></span> <span class='ocrx_word' id='word_1_613' title='bbox 2459 2655 2632 2729; x_wconf 84' lang='lat' dir='ltr'><strong>(Psal.</strong></span> <span class='ocrx_word' id='word_1_614' title='bbox 2664 2660 2826 2731; x_wconf 79' lang='lat' dir='ltr'><strong>cxxx)</strong></span> <span class='ocrx_word' id='word_1_615' title='bbox 2857 2678 2873 2724; x_wconf 91' lang='lat'><strong>;</strong></span> <span class='ocrx_word' id='word_1_616' title='bbox 2905 2679 2924 2713; x_wconf 72' lang='grc' dir='ltr'><strong>ι</strong></span> <span class='ocrx_word' id='word_1_617' title='bbox 2960 2660 3168 2717; x_wconf 89' lang='lat' dir='ltr'><strong>duobus</strong></span> <span class='ocrx_word' id='word_1_618' title='bbox 3206 2671 3386 2719; x_wconf 83' lang='lat' dir='ltr'><strong>autem</strong></span> <span class='ocrx_word' id='word_1_619' title='bbox 3414 2668 3571 2721; x_wconf 84' lang='lat' dir='ltr'><strong>annis</strong></span> <span class='ocrx_word' id='word_1_620' title='bbox 3602 2683 3684 2722; x_wconf 85' lang='lat' dir='ltr'><strong>re-</strong></span> 
     </span>
    </p>
   </div>
   <div class='ocr_carea' id='block_1_85' title="bbox 2110 2750 3686 2828">
    <p class='ocr_par' dir='ltr' id='par_1_85' title="bbox 2110 2750 3686 2828">
     <span class='ocr_line' id='line_1_85' title="bbox 2110 2750 3686 2828; baseline 0.008 -27"><span class='ocrx_word' id='word_1_621' title='bbox 2110 2750 2372 2818; x_wconf 84' lang='lat' dir='ltr'><strong>gnaverit,</strong></span> <span class='ocrx_word' id='word_1_622' title='bbox 2398 2750 2450 2804; x_wconf 90' lang='lat' dir='ltr'><strong>id</strong></span> <span class='ocrx_word' id='word_1_623' title='bbox 2473 2759 2573 2813; x_wconf 89' lang='lat' dir='ltr'><strong>est,</strong></span> <span class='ocrx_word' id='word_1_624' title='bbox 2596 2751 2698 2806; x_wconf 84' lang='lat' dir='ltr'><strong>rite</strong></span> <span class='ocrx_word' id='word_1_625' title='bbox 2722 2767 2944 2822; x_wconf 73' lang='lat' dir='ltr'><strong>regnum</strong></span> <span class='ocrx_word' id='word_1_626' title='bbox 2963 2755 3215 2820; x_wconf 84' lang='lat' dir='ltr'><strong>tenuerit,</strong></span> <span class='ocrx_word' id='word_1_627' title='bbox 3239 2757 3381 2826; x_wconf 88' lang='lat' dir='ltr'><strong>quod</strong></span> <span class='ocrx_word' id='word_1_628' title='bbox 3404 2758 3456 2811; x_wconf 87' lang='lat' dir='ltr'><strong>in</strong></span> <span class='ocrx_word' id='word_1_629' title='bbox 3485 2760 3686 2828; x_wconf 72' lang='lat' dir='ltr'><strong>princi-</strong></span> 
     </span>
    </p>
   </div>
   <div class='ocr_carea' id='block_1_86' title="bbox 2106 2839 3685 2919">
    <p class='ocr_par' dir='ltr' id='par_1_86' title="bbox 2106 2839 3685 2919">
     <span class='ocr_line' id='line_1_86' title="bbox 2106 2839 3685 2919; baseline 0.008 -27"><span class='ocrx_word' id='word_1_630' title='bbox 2106 2839 2200 2907; x_wconf 88' lang='lat' dir='ltr'><strong>pio</strong></span> <span class='ocrx_word' id='word_1_631' title='bbox 2221 2841 2374 2909; x_wconf 89' lang='lat' dir='ltr'><strong>regni</strong></span> <span class='ocrx_word' id='word_1_632' title='bbox 2403 2841 2484 2894; x_wconf 89' lang='lat' dir='ltr'><strong>sui</strong></span> <span class='ocrx_word' id='word_1_633' title='bbox 2513 2857 2637 2895; x_wconf 88' lang='lat' dir='ltr'><strong>eum</strong></span> <span class='ocrx_word' id='word_1_634' title='bbox 2669 2839 2861 2898; x_wconf 89' lang='lat' dir='ltr'><strong>fecisse</strong></span> <span class='ocrx_word' id='word_1_635' title='bbox 2883 2852 3116 2899; x_wconf 86' lang='lat' dir='ltr'><strong>constat.</strong></span> <span class='ocrx_word' id='word_1_636' title='bbox 3157 2843 3265 2900; x_wconf 87' lang='lat' dir='ltr'><strong>Sed</strong></span> <span class='ocrx_word' id='word_1_637' title='bbox 3284 2856 3566 2917; x_wconf 81' lang='lat' dir='ltr'><strong>postquam</strong></span> <span class='ocrx_word' id='word_1_638' title='bbox 3588 2864 3685 2919; x_wconf 88' lang='lat' dir='ltr'><strong>per</strong></span> 
     </span>
    </p>
   </div>
   <div class='ocr_carea' id='block_1_87' title="bbox 2110 2928 3685 3008">
    <p class='ocr_par' dir='ltr' id='par_1_87' title="bbox 2110 2928 3685 3008">
     <span class='ocr_line' id='line_1_87' title="bbox 2110 2928 3685 3008; baseline 0.009 -27"><span class='ocrx_word' id='word_1_639' title='bbox 2110 2928 2524 2986; x_wconf 88' lang='lat' dir='ltr'><strong>inobedientiam</strong></span> <span class='ocrx_word' id='word_1_640' title='bbox 2552 2947 2583 2985; x_wconf 91' lang='lat' dir='ltr'><strong>a</strong></span> <span class='ocrx_word' id='word_1_641' title='bbox 2623 2932 2734 2988; x_wconf 88' lang='lat' dir='ltr'><strong>Deo</strong></span> <span class='ocrx_word' id='word_1_642' title='bbox 2770 2934 3021 2990; x_wconf 89' lang='lat' dir='ltr'><strong>desertus</strong></span> <span class='ocrx_word' id='word_1_643' title='bbox 3063 2945 3177 3003; x_wconf 84' lang='lat' dir='ltr'><strong>est,</strong></span> <span class='ocrx_word' id='word_1_644' title='bbox 3212 2946 3267 2993; x_wconf 88' lang='lat' dir='ltr'><strong>et</strong></span> <span class='ocrx_word' id='word_1_645' title='bbox 3312 2938 3544 3008; x_wconf 88' lang='lat' dir='ltr'><strong>Spiritus</strong></span> <span class='ocrx_word' id='word_1_646' title='bbox 3569 2939 3685 3008; x_wconf 82' lang='lat' dir='ltr'><strong>ejus</strong></span> 
     </span>
    </p>
   </div>
   <div class='ocr_carea' id='block_1_88' title="bbox 2111 3018 3688 3099">
    <p class='ocr_par' dir='ltr' id='par_1_88' title="bbox 2111 3018 3688 3099">
     <span class='ocr_line' id='line_1_88' title="bbox 2111 3018 3688 3099; baseline 0.009 -27"><span class='ocrx_word' id='word_1_647' title='bbox 2111 3018 2178 3073; x_wconf 89' lang='lat' dir='ltr'><strong>ab</strong></span> <span class='ocrx_word' id='word_1_648' title='bbox 2190 3033 2255 3073; x_wconf 90' lang='lat' dir='ltr'><strong>eo</strong></span> <span class='ocrx_word' id='word_1_649' title='bbox 2278 3020 2526 3081; x_wconf 86' lang='lat' dir='ltr'><strong>recessit,</strong></span> <span class='ocrx_word' id='word_1_650' title='bbox 2552 3020 2679 3077; x_wconf 90' lang='lat' dir='ltr'><strong>licet</strong></span> <span class='ocrx_word' id='word_1_651' title='bbox 2703 3031 3035 3092; x_wconf 81' lang='lat' dir='ltr'><strong>potestatem</strong></span> <span class='ocrx_word' id='word_1_652' title='bbox 3051 3028 3302 3093; x_wconf 87' lang='lat' dir='ltr'><strong>tenuerit,</strong></span> <span class='ocrx_word' id='word_1_653' title='bbox 3324 3030 3439 3099; x_wconf 82' lang='lat' dir='ltr'><strong>jam</strong></span> <span class='ocrx_word' id='word_1_654' title='bbox 3468 3046 3573 3085; x_wconf 90' lang='lat' dir='ltr'><strong>non</strong></span> <span class='ocrx_word' id='word_1_655' title='bbox 3602 3046 3688 3086; x_wconf 77' lang='lat' dir='ltr'><strong>re-</strong></span> 
     </span>
    </p>
   </div>
   <div class='ocr_carea' id='block_1_89' title="bbox 2110 3108 3688 3187">
    <p class='ocr_par' dir='ltr' id='par_1_89' title="bbox 2110 3108 3688 3187">
     <span class='ocr_line' id='line_1_89' title="bbox 2110 3108 3688 3187; baseline 0.008 -25"><span class='ocrx_word' id='word_1_656' title='bbox 2110 3108 2288 3180; x_wconf 88' lang='lat' dir='ltr'><strong>gimen</strong></span> <span class='ocrx_word' id='word_1_657' title='bbox 2306 3110 2635 3180; x_wconf 89' lang='lat' dir='ltr'><strong>impendere,</strong></span> <span class='ocrx_word' id='word_1_658' title='bbox 2660 3115 2753 3168; x_wconf 90' lang='lat' dir='ltr'><strong>sed</strong></span> <span class='ocrx_word' id='word_1_659' title='bbox 2765 3116 2935 3186; x_wconf 90' lang='lat' dir='ltr'><strong>magis</strong></span> <span class='ocrx_word' id='word_1_660' title='bbox 2949 3118 3283 3187; x_wconf 78' lang='lat' dir='ltr'><strong>tyrannicam</strong></span> <span class='ocrx_word' id='word_1_661' title='bbox 3299 3119 3467 3173; x_wconf 82' lang='lat' dir='ltr'><strong>vitam</strong></span> <span class='ocrx_word' id='word_1_662' title='bbox 3491 3121 3688 3176; x_wconf 86' lang='lat' dir='ltr'><strong>ducere</strong></span> 
     </span>
    </p>
   </div>
   <div class='ocr_carea' id='block_1_90' title="bbox 2031 3190 3682 3273">
    <p class='ocr_par' dir='ltr' id='par_1_90' title="bbox 2031 3190 3682 3273">
     <span class='ocr_line' id='line_1_90' title="bbox 2031 3190 3682 3273; baseline 0.009 -22"><span class='ocrx_word' id='word_1_663' title='bbox 2031 3190 2077 3252; x_wconf 89' lang='lat' dir='ltr'><strong>C</strong></span> <span class='ocrx_word' id='word_1_664' title='bbox 2107 3197 2256 3252; x_wconf 78' lang='lat' dir='ltr'><strong>visus</strong></span> <span class='ocrx_word' id='word_1_665' title='bbox 2279 3208 2381 3252; x_wconf 88' lang='lat' dir='ltr'><strong>est.</strong></span> <span class='ocrx_word' id='word_1_666' title='bbox 2416 3217 2435 3249; x_wconf 72' lang='grc' dir='ltr'><strong>ι</strong></span> <span class='ocrx_word' id='word_1_667' title='bbox 2466 3199 2699 3256; x_wconf 89' lang='lat' dir='ltr'><strong>Eterant</strong></span> <span class='ocrx_word' id='word_1_668' title='bbox 2718 3217 2840 3258; x_wconf 90' lang='lat' dir='ltr'><strong>cum</strong></span> <span class='ocrx_word' id='word_1_669' title='bbox 2857 3202 2985 3258; x_wconf 85' lang='lat' dir='ltr'><strong>Saul</strong></span> <span class='ocrx_word' id='word_1_670' title='bbox 3008 3206 3113 3261; x_wconf 91' lang='lat' dir='ltr'><strong>duo</strong></span> <span class='ocrx_word' id='word_1_671' title='bbox 3130 3207 3294 3262; x_wconf 88' lang='lat' dir='ltr'><strong>millia</strong></span> <span class='ocrx_word' id='word_1_672' title='bbox 3319 3209 3371 3262; x_wconf 78' lang='lat' dir='ltr'><strong>ia</strong></span> <span class='ocrx_word' id='word_1_673' title='bbox 3394 3209 3682 3273; x_wconf 78' lang='lat' dir='ltr'><strong>Machmas.</strong></span> 
     </span>
    </p>
   </div>
   <div class='ocr_carea' id='block_1_91' title="bbox 2114 3290 3689 3355">
    <p class='ocr_par' dir='ltr' id='par_1_91' title="bbox 2114 3290 3689 3355">
     <span class='ocr_line' id='line_1_91' title="bbox 2114 3290 3689 3355; baseline 0.011 -18"><span class='ocrx_word' id='word_1_674' title='bbox 2114 3305 2132 3337; x_wconf 85' lang='grc' dir='ltr'><strong>ι</strong></span> <span class='ocrx_word' id='word_1_675' title='bbox 2163 3297 2218 3343; x_wconf 89' lang='lat' dir='ltr'><strong>et</strong></span> <span class='ocrx_word' id='word_1_676' title='bbox 2239 3290 2291 3343; x_wconf 92' lang='lat' dir='ltr'><strong>in</strong></span> <span class='ocrx_word' id='word_1_677' title='bbox 2306 3299 2490 3345; x_wconf 90' lang='lat' dir='ltr'><strong>monte</strong></span> <span class='ocrx_word' id='word_1_678' title='bbox 2511 3290 2717 3348; x_wconf 88' lang='lat' dir='ltr'><strong>Bethel.</strong></span> <span class='ocrx_word' id='word_1_679' title='bbox 2748 3294 2891 3348; x_wconf 86' lang='lat' dir='ltr'><strong>mille</strong></span> <span class='ocrx_word' id='word_1_680' title='bbox 2908 3307 3089 3351; x_wconf 82' lang='lat' dir='ltr'><strong>autem</strong></span> <span class='ocrx_word' id='word_1_681' title='bbox 3114 3314 3235 3352; x_wconf 90' lang='lat' dir='ltr'><strong>cum</strong></span> <span class='ocrx_word' id='word_1_682' title='bbox 3256 3297 3492 3354; x_wconf 69' lang='lat' dir='ltr'><strong>Jonatha</strong></span> <span class='ocrx_word' id='word_1_683' title='bbox 3514 3301 3567 3354; x_wconf 90' lang='lat' dir='ltr'><strong>in</strong></span> <span class='ocrx_word' id='word_1_684' title='bbox 3589 3300 3689 3355; x_wconf 85' lang='lat' dir='ltr'><strong>Ga-</strong></span> 
     </span>
    </p>
   </div>
   <div class='ocr_carea' id='block_1_92' title="bbox 2114 3378 3689 3459">
    <p class='ocr_par' dir='ltr' id='par_1_92' title="bbox 2114 3378 3689 3459">
     <span class='ocr_line' id='line_1_92' title="bbox 2114 3378 3689 3459; baseline 0.009 -29"><span class='ocrx_word' id='word_1_685' title='bbox 2114 3397 2132 3429; x_wconf 81' lang='grc' dir='ltr'><strong>ι</strong></span> <span class='ocrx_word' id='word_1_686' title='bbox 2158 3379 2261 3433; x_wconf 89' lang='lat' dir='ltr'><strong>baa</strong></span> <span class='ocrx_word' id='word_1_687' title='bbox 2283 3378 2582 3451; x_wconf 73' lang='lat' dir='ltr'><strong>Bemamin.</strong></span> <span class='ocrx_word' id='word_1_688' title='bbox 2613 3401 2633 3435; x_wconf 74' lang='grc' dir='ltr'><strong>ι</strong></span> <span class='ocrx_word' id='word_1_689' title='bbox 2655 3381 2764 3454; x_wconf 77' lang='lat' dir='ltr'><strong>(Ea:</strong></span> <span class='ocrx_word' id='word_1_690' title='bbox 2791 3383 3159 3459; x_wconf 73' lang='lat' dir='ltr'><strong>Hieronymo.)</strong></span> <span class='ocrx_word' id='word_1_691' title='bbox 3190 3387 3464 3443; x_wconf 83' lang='lat' dir='ltr'><strong>Machmas</strong></span> <span class='ocrx_word' id='word_1_692' title='bbox 3481 3390 3689 3444; x_wconf 84' lang='lat' dir='ltr'><strong>hucus-</strong></span> 
     </span>
    </p>
   </div>
   <div class='ocr_carea' id='block_1_93' title="bbox 2107 3468 3688 3543">
    <p class='ocr_par' dir='ltr' id='par_1_93' title="bbox 2107 3468 3688 3543">
     <span class='ocr_line' id='line_1_93' title="bbox 2107 3468 3688 3543; baseline 0.008 -22"><span class='ocrx_word' id='word_1_693' title='bbox 2107 3482 2212 3537; x_wconf 90' lang='lat' dir='ltr'><strong>que</strong></span> <span class='ocrx_word' id='word_1_694' title='bbox 2233 3468 2384 3524; x_wconf 85' lang='lat' dir='ltr'><strong>vicus</strong></span> <span class='ocrx_word' id='word_1_695' title='bbox 2411 3472 2630 3540; x_wconf 88' lang='lat' dir='ltr'><strong>grandis</strong></span> <span class='ocrx_word' id='word_1_696' title='bbox 2672 3474 2975 3528; x_wconf 86' lang='lat' dir='ltr'><strong>ostenditur</strong></span> <span class='ocrx_word' id='word_1_697' title='bbox 3019 3476 3071 3529; x_wconf 94' lang='lat' dir='ltr'><strong>in</strong></span> <span class='ocrx_word' id='word_1_698' title='bbox 3101 3476 3299 3532; x_wconf 83' lang='lat' dir='ltr'><strong>ﬁnibus</strong></span> <span class='ocrx_word' id='word_1_699' title='bbox 3330 3477 3510 3543; x_wconf 68' lang='lat' dir='ltr'><strong>Elite,</strong></span> <span class='ocrx_word' id='word_1_700' title='bbox 3546 3480 3688 3533; x_wconf 79' lang='lat' dir='ltr'><strong>anti-</strong></span> 
     </span>
    </p>
   </div>
   <div class='ocr_carea' id='block_1_94' title="bbox 2108 3561 3685 3631">
    <p class='ocr_par' dir='ltr' id='par_1_94' title="bbox 2108 3561 3685 3631">
     <span class='ocr_line' id='line_1_94' title="bbox 2108 3561 3685 3631; baseline 0.007 -21"><span class='ocrx_word' id='word_1_701' title='bbox 2108 3570 2278 3627; x_wconf 88' lang='lat' dir='ltr'><strong>quum</strong></span> <span class='ocrx_word' id='word_1_702' title='bbox 2302 3573 2496 3613; x_wconf 87' lang='lat' dir='ltr'><strong>nomen</strong></span> <span class='ocrx_word' id='word_1_703' title='bbox 2525 3561 2784 3626; x_wconf 86' lang='lat' dir='ltr'><strong>retinens,</strong></span> <span class='ocrx_word' id='word_1_704' title='bbox 2807 3573 2931 3617; x_wconf 89' lang='lat' dir='ltr'><strong>octo</strong></span> <span class='ocrx_word' id='word_1_705' title='bbox 2968 3566 3036 3619; x_wconf 94' lang='lat' dir='ltr'><strong>ab</strong></span> <span class='ocrx_word' id='word_1_706' title='bbox 3072 3581 3138 3620; x_wconf 87' lang='lat' dir='ltr'><strong>ea</strong></span> <span class='ocrx_word' id='word_1_707' title='bbox 3174 3566 3415 3621; x_wconf 85' lang='lat' dir='ltr'><strong>millibus</strong></span> <span class='ocrx_word' id='word_1_708' title='bbox 3457 3568 3685 3631; x_wconf 84' lang='lat' dir='ltr'><strong>distans,</strong></span> 
     </span>
    </p>
   </div>
   <div class='ocr_carea' id='block_1_95' title="bbox 2102 3646 3690 3724">
    <p class='ocr_par' dir='ltr' id='par_1_95' title="bbox 2102 3646 3690 3724">
     <span class='ocr_line' id='line_1_95' title="bbox 2102 3646 3690 3724; baseline 0.006 -23"><span class='ocrx_word' id='word_1_709' title='bbox 2102 3646 2256 3717; x_wconf 85' lang='lat' dir='ltr'><strong>juxta</strong></span> <span class='ocrx_word' id='word_1_710' title='bbox 2284 3649 2467 3703; x_wconf 88' lang='lat' dir='ltr'><strong>villam</strong></span> <span class='ocrx_word' id='word_1_711' title='bbox 2493 3650 2663 3706; x_wconf 80' lang='lat' dir='ltr'><strong>Rama</strong></span> <span class='ocrx_word' id='word_1_712' title='bbox 2684 3692 2698 3716; x_wconf 94' lang='lat'><strong>,</strong></span> <span class='ocrx_word' id='word_1_713' title='bbox 2728 3664 2784 3708; x_wconf 90' lang='lat' dir='ltr'><strong>et</strong></span> <span class='ocrx_word' id='word_1_714' title='bbox 2809 3654 3196 3724; x_wconf 88' lang='lat' dir='ltr'><strong>interpretatur</strong></span> <span class='ocrx_word' id='word_1_715' title='bbox 3239 3656 3527 3710; x_wconf 79' lang='lat' dir='ltr'><strong>humilitas.</strong></span> <span class='ocrx_word' id='word_1_716' title='bbox 3581 3656 3690 3712; x_wconf 78' lang='lat' dir='ltr'><strong>Ga-</strong></span> 
     </span>
    </p>
   </div>
   <div class='ocr_carea' id='block_1_96' title="bbox 2107 3738 3686 3813">
    <p class='ocr_par' dir='ltr' id='par_1_96' title="bbox 2107 3738 3686 3813">
     <span class='ocr_line' id='line_1_96' title="bbox 2107 3738 3686 3813; baseline 0.003 -20"><span class='ocrx_word' id='word_1_717' title='bbox 2107 3738 2271 3793; x_wconf 86' lang='lat' dir='ltr'><strong>baath</strong></span> <span class='ocrx_word' id='word_1_718' title='bbox 2300 3739 2354 3792; x_wconf 91' lang='lat' dir='ltr'><strong>in</strong></span> <span class='ocrx_word' id='word_1_719' title='bbox 2386 3739 2528 3795; x_wconf 89' lang='lat' dir='ltr'><strong>tribu</strong></span> <span class='ocrx_word' id='word_1_720' title='bbox 2556 3741 2860 3813; x_wconf 82' lang='lat' dir='ltr'><strong>Benjamin,</strong></span> <span class='ocrx_word' id='word_1_721' title='bbox 2890 3744 3374 3809; x_wconf 84' lang='lat' dir='ltr'><strong>urbsestPhinees,</strong></span> <span class='ocrx_word' id='word_1_722' title='bbox 3412 3744 3508 3799; x_wconf 83' lang='lat' dir='ltr'><strong>ﬁlii</strong></span> <span class='ocrx_word' id='word_1_723' title='bbox 3532 3744 3686 3800; x_wconf 86' lang='lat' dir='ltr'><strong>Elea-</strong></span> 
     </span>
    </p>
   </div>
   <div class='ocr_carea' id='block_1_97' title="bbox 2109 3828 3761 3904">
    <p class='ocr_par' dir='ltr' id='par_1_97' title="bbox 2109 3828 3761 3904">
     <span class='ocr_line' id='line_1_97' title="bbox 2109 3828 3761 3904; baseline 0.004 -20"><span class='ocrx_word' id='word_1_724' title='bbox 2109 3846 2223 3897; x_wconf 84' lang='lat' dir='ltr'><strong>zar,</strong></span> <span class='ocrx_word' id='word_1_725' title='bbox 2250 3832 2342 3887; x_wconf 86' lang='lat' dir='ltr'><strong>ubi</strong></span> <span class='ocrx_word' id='word_1_726' title='bbox 2364 3832 2605 3902; x_wconf 84' lang='lat' dir='ltr'><strong>sepultus</strong></span> <span class='ocrx_word' id='word_1_727' title='bbox 2632 3834 2745 3904; x_wconf 90' lang='lat' dir='ltr'><strong>ipse</strong></span> <span class='ocrx_word' id='word_1_728' title='bbox 2773 3834 3017 3889; x_wconf 83' lang='lat' dir='ltr'><strong>Eleazar.</strong></span> <span class='ocrx_word' id='word_1_729' title='bbox 3055 3835 3151 3890; x_wconf 87' lang='lat' dir='ltr'><strong>Est</strong></span> <span class='ocrx_word' id='word_1_730' title='bbox 3180 3845 3362 3890; x_wconf 89' lang='lat' dir='ltr'><strong>autem</strong></span> <span class='ocrx_word' id='word_1_731' title='bbox 3406 3851 3549 3892; x_wconf 86' lang='lat' dir='ltr'><strong>nunc</strong></span> <span class='ocrx_word' id='word_1_732' title='bbox 3582 3828 3697 3892; x_wconf 60' lang='grc' dir='ltr'><strong>(ἔπιδ’</strong></span> <span class='ocrx_word' id='word_1_733' title='bbox 3738 3862 3761 3872; x_wconf 73' lang='grc' dir='ltr'><strong><em>ο</em></strong></span> 
     </span>
    </p>
   </div>
   <div class='ocr_carea' id='block_1_98' title="bbox 2108 3919 3684 3995">
    <p class='ocr_par' dir='ltr' id='par_1_98' title="bbox 2108 3919 3684 3995">
     <span class='ocr_line' id='line_1_98' title="bbox 2108 3919 3684 3995; baseline 0.004 -21"><span class='ocrx_word' id='word_1_734' title='bbox 2108 3919 2273 3975; x_wconf 86' lang='lat' dir='ltr'><strong>baatb</strong></span> <span class='ocrx_word' id='word_1_735' title='bbox 2319 3921 2448 3976; x_wconf 85' lang='lat' dir='ltr'><strong>villa</strong></span> <span class='ocrx_word' id='word_1_736' title='bbox 2500 3923 2554 3976; x_wconf 88' lang='lat' dir='ltr'><strong>in</strong></span> <span class='ocrx_word' id='word_1_737' title='bbox 2601 3924 2921 3980; x_wconf 83' lang='lat' dir='ltr'><strong>duodecimo</strong></span> <span class='ocrx_word' id='word_1_738' title='bbox 2970 3924 3144 3995; x_wconf 86' lang='lat' dir='ltr'><strong>lapide</strong></span> <span class='ocrx_word' id='word_1_739' title='bbox 3192 3925 3684 3995; x_wconf 70' lang='lat' dir='ltr'><strong>Eleutheropolim,</strong></span> 
     </span>
    </p>
   </div>
   <div class='ocr_carea' id='block_1_99' title="bbox 2111 4010 3681 4084">
    <p class='ocr_par' dir='ltr' id='par_1_99' title="bbox 2111 4010 3681 4084">
     <span class='ocr_line' id='line_1_99' title="bbox 2111 4010 3681 4084; baseline 0.005 -21"><span class='ocrx_word' id='word_1_740' title='bbox 2111 4010 2203 4064; x_wconf 88' lang='lat' dir='ltr'><strong>ubi</strong></span> <span class='ocrx_word' id='word_1_741' title='bbox 2248 4020 2304 4065; x_wconf 87' lang='lat' dir='ltr'><strong>et</strong></span> <span class='ocrx_word' id='word_1_742' title='bbox 2356 4011 2664 4081; x_wconf 83' lang='lat' dir='ltr'><strong>sepulcrum</strong></span> <span class='ocrx_word' id='word_1_743' title='bbox 2723 4016 2997 4084; x_wconf 63' lang='lat' dir='ltr'><strong>prophetae</strong></span> <span class='ocrx_word' id='word_1_744' title='bbox 3059 4014 3314 4083; x_wconf 74' lang='lat' dir='ltr'><strong>Habacuc</strong></span> <span class='ocrx_word' id='word_1_745' title='bbox 3362 4018 3681 4071; x_wconf 88' lang='lat' dir='ltr'><strong>ostenditur.</strong></span> 
     </span>
    </p>
   </div>
   <div class='ocr_carea' id='block_1_100' title="bbox 2111 4099 3687 4176">
    <p class='ocr_par' dir='ltr' id='par_1_100' title="bbox 2111 4099 3687 4176">
     <span class='ocr_line' id='line_1_100' title="bbox 2111 4099 3687 4176; baseline 0.004 -22"><span class='ocrx_word' id='word_1_746' title='bbox 2111 4099 2355 4156; x_wconf 84' lang='lat' dir='ltr'><strong>Gabaath</strong></span> <span class='ocrx_word' id='word_1_747' title='bbox 2412 4104 2800 4173; x_wconf 87' lang='lat' dir='ltr'><strong>interpretatur</strong></span> <span class='ocrx_word' id='word_1_748' title='bbox 2850 4106 2997 4159; x_wconf 82' lang='lat' dir='ltr'><strong>collis</strong></span> <span class='ocrx_word' id='word_1_749' title='bbox 3041 4106 3314 4176; x_wconf 75' lang='lat' dir='ltr'><strong>palmetis.</strong></span> <span class='ocrx_word' id='word_1_750' title='bbox 3380 4106 3527 4166; x_wconf 72' lang='lat' dir='ltr'><strong>Bene</strong></span> <span class='ocrx_word' id='word_1_751' title='bbox 3586 4109 3687 4161; x_wconf 86' lang='lat' dir='ltr'><strong>tria</strong></span> 
     </span>
    </p>
   </div>
   <div class='ocr_carea' id='block_1_101' title="bbox 2111 4191 3687 4266">
    <p class='ocr_par' dir='ltr' id='par_1_101' title="bbox 2111 4191 3687 4266">
     <span class='ocr_line' id='line_1_101' title="bbox 2111 4191 3687 4266; baseline 0.006 -22"><span class='ocrx_word' id='word_1_752' title='bbox 2111 4191 2276 4245; x_wconf 87' lang='lat' dir='ltr'><strong>millia</strong></span> <span class='ocrx_word' id='word_1_753' title='bbox 2301 4191 2664 4247; x_wconf 86' lang='lat' dir='ltr'><strong>lsraelitarum</strong></span> <span class='ocrx_word' id='word_1_754' title='bbox 2689 4195 2860 4248; x_wconf 87' lang='lat' dir='ltr'><strong>electa</strong></span> <span class='ocrx_word' id='word_1_755' title='bbox 2885 4204 3013 4250; x_wconf 82' lang='lat' dir='ltr'><strong>sunt</strong></span> <span class='ocrx_word' id='word_1_756' title='bbox 3035 4197 3101 4250; x_wconf 85' lang='lat' dir='ltr'><strong>ad</strong></span> <span class='ocrx_word' id='word_1_757' title='bbox 3128 4198 3471 4266; x_wconf 88' lang='lat' dir='ltr'><strong>pugnandum</strong></span> <span class='ocrx_word' id='word_1_758' title='bbox 3502 4208 3687 4253; x_wconf 89' lang='lat' dir='ltr'><strong>contra</strong></span> 
     </span>
    </p>
   </div>
   <div class='ocr_carea' id='block_1_102' title="bbox 2111 4285 3692 4362">
    <p class='ocr_par' dir='ltr' id='par_1_102' title="bbox 2111 4285 3692 4362">
     <span class='ocr_line' id='line_1_102' title="bbox 2111 4285 3692 4362; baseline 0.004 -23"><span class='ocrx_word' id='word_1_759' title='bbox 2111 4285 2466 4350; x_wconf 63' lang='lat' dir='ltr'><strong>Philisthaeos,</strong></span> <span class='ocrx_word' id='word_1_760' title='bbox 2505 4288 2629 4355; x_wconf 92' lang='lat' dir='ltr'><strong>quia</strong></span> <span class='ocrx_word' id='word_1_761' title='bbox 2657 4287 2701 4341; x_wconf 91' lang='lat' dir='ltr'><strong>si</strong></span> <span class='ocrx_word' id='word_1_762' title='bbox 2752 4288 3085 4345; x_wconf 85' lang='lat' dir='ltr'><strong>solummodo</strong></span> <span class='ocrx_word' id='word_1_763' title='bbox 3122 4291 3234 4360; x_wconf 91' lang='lat' dir='ltr'><strong>apti</strong></span> <span class='ocrx_word' id='word_1_764' title='bbox 3267 4300 3394 4345; x_wconf 91' lang='lat' dir='ltr'><strong>sunt</strong></span> <span class='ocrx_word' id='word_1_765' title='bbox 3417 4291 3483 4346; x_wconf 88' lang='lat' dir='ltr'><strong>ad</strong></span> <span class='ocrx_word' id='word_1_766' title='bbox 3532 4294 3692 4362; x_wconf 87' lang='lat' dir='ltr'><strong>spiri-</strong></span> 
     </span>
    </p>
   </div>
   <div class='ocr_carea' id='block_1_103' title="bbox 2112 4376 3687 4450">
    <p class='ocr_par' dir='ltr' id='par_1_103' title="bbox 2112 4376 3687 4450">
     <span class='ocr_line' id='line_1_103' title="bbox 2112 4376 3687 4450; baseline 0.007 -21"><span class='ocrx_word' id='word_1_767' title='bbox 2112 4377 2274 4431; x_wconf 72' lang='lat' dir='ltr'><strong>talem</strong></span> <span class='ocrx_word' id='word_1_768' title='bbox 2295 4376 2566 4443; x_wconf 84' lang='lat' dir='ltr'><strong>militiam,</strong></span> <span class='ocrx_word' id='word_1_769' title='bbox 2589 4387 2650 4432; x_wconf 91' lang='lat' dir='ltr'><strong>ut</strong></span> <span class='ocrx_word' id='word_1_770' title='bbox 2669 4391 2909 4449; x_wconf 85' lang='lat' dir='ltr'><strong>pugnent</strong></span> <span class='ocrx_word' id='word_1_771' title='bbox 2957 4391 3144 4435; x_wconf 90' lang='lat' dir='ltr'><strong>contra</strong></span> <span class='ocrx_word' id='word_1_772' title='bbox 3192 4383 3375 4439; x_wconf 83' lang='lat' dir='ltr'><strong>hostes</strong></span> <span class='ocrx_word' id='word_1_773' title='bbox 3411 4384 3687 4450; x_wconf 63' lang='lat' dir='ltr'><strong>Ecclesiae,</strong></span> 
     </span>
    </p>
   </div>
   <div class='ocr_carea' id='block_1_104' title="bbox 2113 4466 3715 4546">
    <p class='ocr_par' dir='ltr' id='par_1_104' title="bbox 2113 4466 3715 4546">
     <span class='ocr_line' id='line_1_104' title="bbox 2113 4466 3715 4546; baseline 0.007 -27"><span class='ocrx_word' id='word_1_774' title='bbox 2113 4466 2205 4535; x_wconf 89' lang='lat' dir='ltr'><strong>qui</strong></span> <span class='ocrx_word' id='word_1_775' title='bbox 2232 4466 2511 4522; x_wconf 84' lang='lat' dir='ltr'><strong>Trinitatis</strong></span> <span class='ocrx_word' id='word_1_776' title='bbox 2531 4466 2690 4523; x_wconf 88' lang='lat' dir='ltr'><strong>ﬁdem</strong></span> <span class='ocrx_word' id='word_1_777' title='bbox 2727 4469 3020 4540; x_wconf 85' lang='lat' dir='ltr'><strong>perfectam</strong></span> <span class='ocrx_word' id='word_1_778' title='bbox 3046 4472 3264 4538; x_wconf 85' lang='lat' dir='ltr'><strong>habent,</strong></span> <span class='ocrx_word' id='word_1_779' title='bbox 3291 4474 3346 4529; x_wconf 91' lang='lat' dir='ltr'><strong>in</strong></span> <span class='ocrx_word' id='word_1_780' title='bbox 3374 4490 3480 4546; x_wconf 89' lang='lat' dir='ltr'><strong>qua</strong></span> <span class='ocrx_word' id='word_1_781' title='bbox 3529 4493 3715 4546; x_wconf 61' lang='lat' dir='ltr'><strong>supe-~</strong></span> 
     </span>
    </p>
   </div>
   <div class='ocr_carea' id='block_1_105' title="bbox 2032 4531 3690 4638">
    <p class='ocr_par' dir='ltr' id='par_1_105' title="bbox 2032 4531 3690 4638">
     <span class='ocr_line' id='line_1_105' title="bbox 2032 4531 3690 4638; baseline 0.006 -30"><span class='ocrx_word' id='word_1_782' title='bbox 2032 4531 2087 4592; x_wconf 84' lang='grc' dir='ltr'><strong>Ῑ)</strong></span> <span class='ocrx_word' id='word_1_783' title='bbox 2114 4531 2286 4610; x_wconf 69' lang='lat' dir='ltr'><strong>tiores</strong></span> <span class='ocrx_word' id='word_1_784' title='bbox 2320 4556 2565 4613; x_wconf 85' lang='lat' dir='ltr'><strong>hostibus</strong></span> <span class='ocrx_word' id='word_1_785' title='bbox 2585 4560 2698 4614; x_wconf 86' lang='lat' dir='ltr'><strong>suis</strong></span> <span class='ocrx_word' id='word_1_786' title='bbox 2727 4531 2983 4617; x_wconf 67' lang='lat' dir='ltr'><strong>resistere</strong></span> <span class='ocrx_word' id='word_1_787' title='bbox 3006 4531 3262 4633; x_wconf 52' lang='lat' dir='ltr'><strong>possunt.</strong></span> <span class='ocrx_word' id='word_1_788' title='bbox 3294 4531 3407 4635; x_wconf 59' lang='lat' dir='ltr'><strong>(Ea;</strong></span> <span class='ocrx_word' id='word_1_789' title='bbox 3422 4531 3690 4638; x_wconf 48' lang='lat' dir='ltr'><strong>Hebrum.)</strong></span> 
     </span>
    </p>
   </div>
   <div class='ocr_carea' id='block_1_106' title="bbox 2113 4644 3691 4724">
    <p class='ocr_par' dir='ltr' id='par_1_106' title="bbox 2113 4644 3691 4724">
     <span class='ocr_line' id='line_1_106' title="bbox 2113 4644 3691 4724; baseline 0.006 -25"><span class='ocrx_word' id='word_1_790' title='bbox 2113 4644 2172 4699; x_wconf 92' lang='lat' dir='ltr'><strong>In</strong></span> <span class='ocrx_word' id='word_1_791' title='bbox 2212 4647 2316 4701; x_wconf 90' lang='lat' dir='ltr'><strong>hoc</strong></span> <span class='ocrx_word' id='word_1_792' title='bbox 2334 4662 2462 4717; x_wconf 90' lang='lat' dir='ltr'><strong>ergo</strong></span> <span class='ocrx_word' id='word_1_793' title='bbox 2483 4649 2628 4717; x_wconf 86' lang='lat' dir='ltr'><strong>quod</strong></span> <span class='ocrx_word' id='word_1_794' title='bbox 2681 4651 2915 4719; x_wconf 90' lang='lat' dir='ltr'><strong>scriptor</strong></span> <span class='ocrx_word' id='word_1_795' title='bbox 2952 4652 3216 4718; x_wconf 65' lang='lat' dir='ltr'><strong>historiae,</strong></span> <span class='ocrx_word' id='word_1_796' title='bbox 3275 4656 3365 4710; x_wconf 90' lang='lat' dir='ltr'><strong>ubi</strong></span> <span class='ocrx_word' id='word_1_797' title='bbox 3388 4655 3455 4710; x_wconf 90' lang='lat' dir='ltr'><strong>de</strong></span> <span class='ocrx_word' id='word_1_798' title='bbox 3503 4656 3691 4724; x_wconf 72' lang='lat' dir='ltr'><strong>prrelio</strong></span> 
     </span>
    </p>
   </div>
   <div class='ocr_carea' id='block_1_107' title="bbox 2117 4735 3686 4813">
    <p class='ocr_par' dir='ltr' id='par_1_107' title="bbox 2117 4735 3686 4813">
     <span class='ocr_line' id='line_1_107' title="bbox 2117 4735 3686 4813; baseline 0.005 -23"><span class='ocrx_word' id='word_1_799' title='bbox 2117 4735 2454 4792; x_wconf 87' lang='lat' dir='ltr'><strong>Saulcontra</strong></span> <span class='ocrx_word' id='word_1_800' title='bbox 2481 4738 2820 4794; x_wconf 77' lang='lat' dir='ltr'><strong>Philistbaeos</strong></span> <span class='ocrx_word' id='word_1_801' title='bbox 2860 4752 3276 4809; x_wconf 86' lang='lat' dir='ltr'><strong>commemorat,</strong></span> <span class='ocrx_word' id='word_1_802' title='bbox 3323 4746 3686 4813; x_wconf 87' lang='lat' dir='ltr'><strong>subsequitur,</strong></span> 
     </span>
    </p>
   </div>
   <div class='ocr_carea' id='block_1_108' title="bbox 2116 4828 3689 4896">
    <p class='ocr_par' dir='ltr' id='par_1_108' title="bbox 2116 4828 3689 4896">
     <span class='ocr_line' id='line_1_108' title="bbox 2116 4828 3689 4896; baseline 0.005 -13"><span class='ocrx_word' id='word_1_803' title='bbox 2116 4828 2305 4883; x_wconf 89' lang='lat' dir='ltr'><strong>dicens</strong></span> <span class='ocrx_word' id='word_1_804' title='bbox 2314 4846 2346 4889; x_wconf 69' lang='lat'><strong>,:</strong></span> <span class='ocrx_word' id='word_1_805' title='bbox 2386 4846 2405 4879; x_wconf 77' lang='grc' dir='ltr'><strong>ι</strong></span> <span class='ocrx_word' id='word_1_806' title='bbox 2439 4828 2592 4896; x_wconf 84' lang='lat' dir='ltr'><strong>Quod</strong></span> <span class='ocrx_word' id='word_1_807' title='bbox 2614 4846 2738 4885; x_wconf 90' lang='lat' dir='ltr'><strong>cum</strong></span> <span class='ocrx_word' id='word_1_808' title='bbox 2766 4832 3028 4887; x_wconf 85' lang='lat' dir='ltr'><strong>vidissent</strong></span> <span class='ocrx_word' id='word_1_809' title='bbox 3054 4835 3154 4888; x_wconf 84' lang='lat' dir='ltr'><strong>viri</strong></span> <span class='ocrx_word' id='word_1_810' title='bbox 3180 4836 3339 4889; x_wconf 80' lang='lat' dir='ltr'><strong>Israel</strong></span> <span class='ocrx_word' id='word_1_811' title='bbox 3370 4849 3430 4889; x_wconf 90' lang='lat' dir='ltr'><strong>se</strong></span> <span class='ocrx_word' id='word_1_812' title='bbox 3457 4836 3509 4888; x_wconf 91' lang='lat' dir='ltr'><strong>in</strong></span> <span class='ocrx_word' id='word_1_813' title='bbox 3536 4845 3689 4891; x_wconf 83' lang='lat' dir='ltr'><strong>arcto</strong></span> 
     </span>
    </p>
   </div>
   <div class='ocr_carea' id='block_1_109' title="bbox 2124 4920 3690 4995">
    <p class='ocr_par' dir='ltr' id='par_1_109' title="bbox 2124 4920 3690 4995">
     <span class='ocr_line' id='line_1_109' title="bbox 2124 4920 3690 4995; baseline 0.006 -25"><span class='ocrx_word' id='word_1_814' title='bbox 2124 4938 2142 4970; x_wconf 78' lang='grc' dir='ltr'><strong>ι</strong></span> <span class='ocrx_word' id='word_1_815' title='bbox 2187 4921 2391 4989; x_wconf 90' lang='lat' dir='ltr'><strong>positos</strong></span> <span class='ocrx_word' id='word_1_816' title='bbox 2420 4920 2669 4992; x_wconf 77' lang='lat' dir='ltr'><strong>(afﬂictus</strong></span> <span class='ocrx_word' id='word_1_817' title='bbox 2704 4931 2786 4977; x_wconf 86' lang='lat' dir='ltr'><strong>est</strong></span> <span class='ocrx_word' id='word_1_818' title='bbox 2822 4924 2964 4976; x_wconf 78' lang='lat' dir='ltr'><strong>enim</strong></span> <span class='ocrx_word' id='word_1_819' title='bbox 2998 4925 3268 4995; x_wconf 80' lang='lat' dir='ltr'><strong>populus),</strong></span> <span class='ocrx_word' id='word_1_820' title='bbox 3295 4924 3690 4981; x_wconf 77' lang='lat' dir='ltr'><strong>absconderant</strong></span> 
     </span>
    </p>
   </div>
   <div class='ocr_carea' id='block_1_110' title="bbox 2122 5010 3689 5085">
    <p class='ocr_par' dir='ltr' id='par_1_110' title="bbox 2122 5010 3689 5085">
     <span class='ocr_line' id='line_1_110' title="bbox 2122 5010 3689 5085; baseline 0.005 -24"><span class='ocrx_word' id='word_1_821' title='bbox 2122 5029 2140 5061; x_wconf 78' lang='grc' dir='ltr'><strong>ι</strong></span> <span class='ocrx_word' id='word_1_822' title='bbox 2187 5025 2247 5065; x_wconf 86' lang='lat' dir='ltr'><strong>se</strong></span> <span class='ocrx_word' id='word_1_823' title='bbox 2272 5010 2326 5064; x_wconf 87' lang='lat' dir='ltr'><strong>in</strong></span> <span class='ocrx_word' id='word_1_824' title='bbox 2362 5010 2652 5079; x_wconf 79' lang='lat' dir='ltr'><strong>speluncis,</strong></span> <span class='ocrx_word' id='word_1_825' title='bbox 2681 5013 2818 5067; x_wconf 85' lang='lat' dir='ltr'><strong>etin</strong></span> <span class='ocrx_word' id='word_1_826' title='bbox 2850 5014 3065 5078; x_wconf 86' lang='lat' dir='ltr'><strong>abditis,</strong></span> <span class='ocrx_word' id='word_1_827' title='bbox 3106 5015 3161 5067; x_wconf 85' lang='lat' dir='ltr'><strong>in</strong></span> <span class='ocrx_word' id='word_1_828' title='bbox 3184 5014 3356 5084; x_wconf 77' lang='lat' dir='ltr'><strong>petris</strong></span> <span class='ocrx_word' id='word_1_829' title='bbox 3381 5029 3595 5085; x_wconf 77' lang='lat' dir='ltr'><strong>quoque</strong></span> <span class='ocrx_word' id='word_1_830' title='bbox 3634 5028 3689 5070; x_wconf 87' lang='lat' dir='ltr'><strong>et</strong></span> 
     </span>
    </p>
   </div>
   <div class='ocr_carea' id='block_1_111' title="bbox 2122 5102 3690 5167">
    <p class='ocr_par' dir='ltr' id='par_1_111' title="bbox 2122 5102 3690 5167">
     <span class='ocr_line' id='line_1_111' title="bbox 2122 5102 3690 5167; baseline 0.006 -17"><span class='ocrx_word' id='word_1_831' title='bbox 2122 5120 2142 5150; x_wconf 71' lang='grc' dir='ltr'><strong><em>ε</em></strong></span> <span class='ocrx_word' id='word_1_832' title='bbox 2187 5102 2379 5167; x_wconf 87' lang='lat' dir='ltr'><strong>antris,</strong></span> <span class='ocrx_word' id='word_1_833' title='bbox 2412 5111 2468 5157; x_wconf 89' lang='lat' dir='ltr'><strong>et</strong></span> <span class='ocrx_word' id='word_1_834' title='bbox 2495 5103 2549 5156; x_wconf 86' lang='lat' dir='ltr'><strong>in</strong></span> <span class='ocrx_word' id='word_1_835' title='bbox 2576 5102 2847 5158; x_wconf 86' lang='lat' dir='ltr'><strong>cisternis.</strong></span> <span class='ocrx_word' id='word_1_836' title='bbox 2901 5104 3109 5159; x_wconf 63' lang='grc' dir='ltr'><strong>Πεδιειεὶ</strong></span> <span class='ocrx_word' id='word_1_837' title='bbox 3153 5114 3330 5160; x_wconf 71' lang='lat' dir='ltr'><strong>autem</strong></span> <span class='ocrx_word' id='word_1_838' title='bbox 3362 5106 3690 5159; x_wconf 86' lang='lat' dir='ltr'><strong>transierunt</strong></span> 
     </span>
    </p>
   </div>
   <div class='ocr_carea' id='block_1_112' title="bbox 2121 5189 3688 5263">
    <p class='ocr_par' dir='ltr' id='par_1_112' title="bbox 2121 5189 3688 5263">
     <span class='ocr_line' id='line_1_112' title="bbox 2121 5189 3688 5263; baseline -0.001 -14"><span class='ocrx_word' id='word_1_839' title='bbox 2121 5209 2142 5249; x_wconf 62' lang='grc' dir='ltr'><strong>ς</strong></span> <span class='ocrx_word' id='word_1_840' title='bbox 2185 5189 2499 5256; x_wconf 85' lang='lat' dir='ltr'><strong>Jordauem,</strong></span> <span class='ocrx_word' id='word_1_841' title='bbox 2549 5194 2603 5246; x_wconf 91' lang='lat' dir='ltr'><strong>in</strong></span> <span class='ocrx_word' id='word_1_842' title='bbox 2649 5201 2851 5249; x_wconf 83' lang='lat' dir='ltr'><strong>terram</strong></span> <span class='ocrx_word' id='word_1_843' title='bbox 2873 5193 2987 5251; x_wconf 86' lang='lat' dir='ltr'><strong>Gad</strong></span> <span class='ocrx_word' id='word_1_844' title='bbox 3018 5204 3073 5249; x_wconf 88' lang='lat' dir='ltr'><strong>et</strong></span> <span class='ocrx_word' id='word_1_845' title='bbox 3108 5194 3354 5255; x_wconf 81' lang='lat' dir='ltr'><strong>Galaad.</strong></span> <span class='ocrx_word' id='word_1_846' title='bbox 3390 5215 3409 5247; x_wconf 78' lang='grc' dir='ltr'><strong>ι</strong></span> <span class='ocrx_word' id='word_1_847' title='bbox 3463 5196 3688 5263; x_wconf 66' lang='grc' dir='ltr'><strong>ᾳυωςιίο</strong></span> 
     </span>
    </p>
   </div>
   <div class='ocr_carea' id='block_1_113' title="bbox 2118 5281 3687 5351">
    <p class='ocr_par' dir='ltr' id='par_1_113' title="bbox 2118 5281 3687 5351">
     <span class='ocr_line' id='line_1_113' title="bbox 2118 5281 3687 5351; baseline 0.003 -16"><span class='ocrx_word' id='word_1_848' title='bbox 2118 5297 2223 5335; x_wconf 93' lang='lat' dir='ltr'><strong>non</strong></span> <span class='ocrx_word' id='word_1_849' title='bbox 2247 5281 2462 5351; x_wconf 85' lang='lat' dir='ltr'><strong>indigna</strong></span> <span class='ocrx_word' id='word_1_850' title='bbox 2500 5283 2762 5337; x_wconf 89' lang='lat' dir='ltr'><strong>oboritur.</strong></span> <span class='ocrx_word' id='word_1_851' title='bbox 2797 5282 2853 5337; x_wconf 90' lang='lat' dir='ltr'><strong>Si</strong></span> <span class='ocrx_word' id='word_1_852' title='bbox 2874 5299 2933 5339; x_wconf 87' lang='lat' dir='ltr'><strong>se</strong></span> <span class='ocrx_word' id='word_1_853' title='bbox 2962 5284 3109 5340; x_wconf 89' lang='lat' dir='ltr'><strong>enim</strong></span> <span class='ocrx_word' id='word_1_854' title='bbox 3141 5284 3423 5340; x_wconf 85' lang='lat' dir='ltr'><strong>abscondit</strong></span> <span class='ocrx_word' id='word_1_855' title='bbox 3443 5284 3606 5338; x_wconf 82' lang='lat' dir='ltr'><strong>Israel</strong></span> <span class='ocrx_word' id='word_1_856' title='bbox 3636 5285 3687 5340; x_wconf 88' lang='lat' dir='ltr'><strong>in</strong></span> 
     </span>
    </p>
   </div>
   <div class='ocr_carea' id='block_1_114' title="bbox 2116 5372 3687 5444">
    <p class='ocr_par' dir='ltr' id='par_1_114' title="bbox 2116 5372 3687 5444">
     <span class='ocr_line' id='line_1_114' title="bbox 2116 5372 3687 5444; baseline 0.001 -17"><span class='ocrx_word' id='word_1_857' title='bbox 2116 5372 2357 5443; x_wconf 81' lang='lat' dir='ltr'><strong>praefatis</strong></span> <span class='ocrx_word' id='word_1_858' title='bbox 2411 5373 2562 5439; x_wconf 91' lang='lat' dir='ltr'><strong>locis,</strong></span> <span class='ocrx_word' id='word_1_859' title='bbox 2593 5374 2722 5444; x_wconf 89' lang='lat' dir='ltr'><strong>quid</strong></span> <span class='ocrx_word' id='word_1_860' title='bbox 2762 5384 2846 5430; x_wconf 89' lang='lat' dir='ltr'><strong>est</strong></span> <span class='ocrx_word' id='word_1_861' title='bbox 2871 5377 3014 5444; x_wconf 86' lang='lat' dir='ltr'><strong>quod</strong></span> <span class='ocrx_word' id='word_1_862' title='bbox 3050 5375 3173 5431; x_wconf 88' lang='lat' dir='ltr'><strong>ait:</strong></span> <span class='ocrx_word' id='word_1_863' title='bbox 3216 5395 3233 5426; x_wconf 81' lang='grc' dir='ltr'><strong>ι</strong></span> <span class='ocrx_word' id='word_1_864' title='bbox 3263 5375 3471 5429; x_wconf 81' lang='lat' dir='ltr'><strong>Hebraei</strong></span> <span class='ocrx_word' id='word_1_865' title='bbox 3509 5384 3687 5429; x_wconf 78' lang='lat' dir='ltr'><strong>autem</strong></span> 
     </span>
    </p>
   </div>
   <div class='ocr_carea' id='block_1_115' title="bbox 2120 5462 3662 5533">
    <p class='ocr_par' dir='ltr' id='par_1_115' title="bbox 2120 5462 3662 5533">
     <span class='ocr_line' id='line_1_115' title="bbox 2120 5462 3662 5533; baseline 0.003 -18"><span class='ocrx_word' id='word_1_866' title='bbox 2120 5463 2452 5517; x_wconf 88' lang='lat' dir='ltr'><strong>transierunt</strong></span> <span class='ocrx_word' id='word_1_867' title='bbox 2473 5462 2805 5521; x_wconf 69' lang='lat' dir='ltr'><strong>Iordanem?</strong></span> <span class='ocrx_word' id='word_1_868' title='bbox 2835 5486 2855 5518; x_wconf 74' lang='grc' dir='ltr'><strong>ι</strong></span> <span class='ocrx_word' id='word_1_869' title='bbox 2900 5466 3053 5533; x_wconf 80' lang='lat' dir='ltr'><strong>Quod</strong></span> <span class='ocrx_word' id='word_1_870' title='bbox 3085 5468 3157 5520; x_wconf 81' lang='lat' dir='ltr'><strong>ita</strong></span> <span class='ocrx_word' id='word_1_871' title='bbox 3174 5465 3415 5521; x_wconf 78' lang='lat' dir='ltr'><strong>solvitur.</strong></span> <span class='ocrx_word' id='word_1_872' title='bbox 3451 5465 3662 5521; x_wconf 71' lang='lat' dir='ltr'><strong>Abscon</strong></span> 
     </span>
    </p>
   </div>
   <div class='ocr_carea' id='block_1_116' title="bbox 2104 5553 3687 5639">
    <p class='ocr_par' dir='ltr' id='par_1_116' title="bbox 2104 5553 3687 5639">
     <span class='ocr_line' id='line_1_116' title="bbox 2104 5553 3687 5639; baseline 0.001 -33"><span class='ocrx_word' id='word_1_873' title='bbox 2104 5553 2197 5607; x_wconf 85' lang='lat' dir='ltr'><strong>sis</strong></span> <span class='ocrx_word' id='word_1_874' title='bbox 2214 5554 2361 5609; x_wconf 86' lang='lat' dir='ltr'><strong>enim</strong></span> <span class='ocrx_word' id='word_1_875' title='bbox 2387 5555 2709 5639; x_wconf 71' lang='lat' dir='ltr'><strong>quibusdam</strong></span> <span class='ocrx_word' id='word_1_876' title='bbox 2734 5557 3017 5623; x_wconf 83' lang='lat' dir='ltr'><strong>Israelitis,</strong></span> <span class='ocrx_word' id='word_1_877' title='bbox 3054 5558 3143 5625; x_wconf 86' lang='lat' dir='ltr'><strong>qui</strong></span> <span class='ocrx_word' id='word_1_878' title='bbox 3183 5556 3309 5612; x_wconf 84' lang='lat' dir='ltr'><strong>Saul</strong></span> <span class='ocrx_word' id='word_1_879' title='bbox 3343 5565 3400 5612; x_wconf 89' lang='lat' dir='ltr'><strong>et</strong></span> <span class='ocrx_word' id='word_1_880' title='bbox 3435 5556 3687 5626; x_wconf 78' lang='lat' dir='ltr'><strong>pupulum</strong></span> 
     </span>
    </p>
   </div>
   <div class='ocr_carea' id='block_1_117' title="bbox 2121 5644 3685 5721">
    <p class='ocr_par' dir='ltr' id='par_1_117' title="bbox 2121 5644 3685 5721">
     <span class='ocr_line' id='line_1_117' title="bbox 2121 5644 3685 5721; baseline 0.001 -24"><span class='ocrx_word' id='word_1_881' title='bbox 2121 5644 2211 5713; x_wconf 87' lang='lat' dir='ltr'><strong>qui</strong></span> <span class='ocrx_word' id='word_1_882' title='bbox 2250 5661 2374 5701; x_wconf 89' lang='lat' dir='ltr'><strong>cum</strong></span> <span class='ocrx_word' id='word_1_883' title='bbox 2399 5661 2467 5702; x_wconf 92' lang='lat' dir='ltr'><strong>eo</strong></span> <span class='ocrx_word' id='word_1_884' title='bbox 2495 5657 2615 5704; x_wconf 84' lang='lat' dir='ltr'><strong>erat</strong></span> <span class='ocrx_word' id='word_1_885' title='bbox 2638 5650 2987 5721; x_wconf 82' lang='lat' dir='ltr'><strong>reliquerant,</strong></span> <span class='ocrx_word' id='word_1_886' title='bbox 3017 5650 3260 5719; x_wconf 62' lang='lat' dir='ltr'><strong>quaedam</strong></span> <span class='ocrx_word' id='word_1_887' title='bbox 3298 5665 3424 5719; x_wconf 88' lang='lat' dir='ltr'><strong>pars</strong></span> <span class='ocrx_word' id='word_1_888' title='bbox 3452 5649 3685 5712; x_wconf 87' lang='lat' dir='ltr'><strong>illorum,</strong></span> 
     </span>
    </p>
   </div>
   <div class='ocr_carea' id='block_1_118' title="bbox 2124 5738 3687 5811">
    <p class='ocr_par' dir='ltr' id='par_1_118' title="bbox 2124 5738 3687 5811">
     <span class='ocr_line' id='line_1_118' title="bbox 2124 5738 3687 5811; baseline 0.001 -18"><span class='ocrx_word' id='word_1_889' title='bbox 2124 5739 2213 5811; x_wconf 86' lang='lat' dir='ltr'><strong>qui</strong></span> <span class='ocrx_word' id='word_1_890' title='bbox 2242 5739 2328 5795; x_wconf 88' lang='lat' dir='ltr'><strong>hic</strong></span> <span class='ocrx_word' id='word_1_891' title='bbox 2366 5738 2574 5796; x_wconf 73' lang='lat' dir='ltr'><strong>IIebnri</strong></span> <span class='ocrx_word' id='word_1_892' title='bbox 2604 5753 2880 5807; x_wconf 86' lang='lat' dir='ltr'><strong>vocantur,</strong></span> <span class='ocrx_word' id='word_1_893' title='bbox 2912 5742 3103 5796; x_wconf 87' lang='lat' dir='ltr'><strong>timore</strong></span> <span class='ocrx_word' id='word_1_894' title='bbox 3157 5742 3425 5811; x_wconf 87' lang='lat' dir='ltr'><strong>perterriti</strong></span> <span class='ocrx_word' id='word_1_895' title='bbox 3479 5741 3687 5795; x_wconf 67' lang='lat' dir='ltr'><strong>defece-</strong></span> 
     </span>
    </p>
   </div>
  </div>
