2005 3097
150 156 177 188 ti
543 149 723 183 COMMENT.
743 151 778 182 IN
798 152 923 181 uanos
941 151 973 178 tv
996 153 1126 181 Περι-Μ.
1145 170 1177 173 -
1196 151 1228 181 lN
1249 154 1312 181 Lm.
1333 153 1352 181 i.
1571 136 1574 140 ’
1733 158 1766 184 is

150 220 205 242 runt
224 221 237 240 a
250 212 312 240 Saul
327 217 377 239 eta
395 212 459 239 viris
477 212 521 245 qui
542 217 601 237 cum
627 219 658 237 eo
673 215 760 242 erant,
775 216 802 238 ct
814 211 924 238 desccn—
940 211 962 241 Λ
978 209 1032 236 Deo
1046 209 1136 242 Patri,
1150 217 1243 237 verum
1266 210 1316 245 ipsi
1339 206 1444 246 quoque
1471 209 1613 247 linigeuito
1637 212 1705 247 ejus,
1721 214 1765 248 qui

151 262 237 287 denmt
258 259 283 285 in
300 261 388 284 castra
399 257 570 284 Philistbiim.
597 257 680 289 Quem
700 257 785 283 locum
798 256 831 283 ad
847 256 925 284 intel-

153 306 256 342 gcudum
278 304 377 331 clarius
398 307 426 331 ct
448 303 617 331 manifestius
646 304 786 337 sequentia
812 304 924 330 demon-

154 356 231 380 strant
247 350 272 377 in
285 357 318 377 eo
332 349 392 376 loco
405 349 449 376 ubi
470 349 506 375 ait
522 358 528 375 :
556 357 565 374 ι
581 348 633 376 Sed
651 353 679 376 et
693 348 797 376 Hebraei
813 349 861 382 qui
874 348 928 374 fue-

157 406 165 422 σ
185 399 306 422 rantcum
319 393 483 421 Philistbiim
506 394 564 421 heri
580 398 606 421 et
627 394 820 421 nudiustertius
832 401 927 423 ascen-

154 452 163 468 ι
181 442 322 475 derantque
338 448 400 467 cum
421 440 461 467 eis
474 440 504 467 in
516 440 624 471 castris,
642 441 742 467 reversi
759 444 865 467 suntut
886 447 928 467 es-

152 498 161 513 ‹
181 492 236 515 sent
247 495 306 514 cum
320 486 412 517 Israel,
425 486 470 521 qui
482 490 560 513 erant
576 493 637 513 cum
645 485 710 513 Sani
720 486 898 513 etJonathan.
914 496 924 511 ν

148 533 240 560 Omnes
255 540 318 567 ergo
332 531 461 559 Israelita:
474 531 520 566 qui
534 539 564 558 se
583 531 780 558 absconderant
793 532 820 559 in
836 536 927 559 monte

149 577 278 612 i-Iphnim,
297 577 439 603 audientes
454 577 526 611 quod
546 576 673 604 fecissent
692 576 864 609 Philisthiim,
884 584 927 603 so-

148 624 281 650 ciaverant
291 630 320 650 se
335 630 397 649 cum
409 622 466 649 suis
481 622 508 648 in
519 622 624 656 pratlio.

181 678 190 693 ι
207 669 324 703 (ἒιιιικιυθ
337 668 426 695 adhuc
439 672 513 695 esset
527 667 592 695 Saul
608 668 633 695 in
648 667 770 703 Gaigala,
786 668 928 697 universus

150 722 158 738 ι
174 713 282 748 populus
291 713 452 747 perterritus
463 717 514 745 est,
527 713 572 747 qui
586 714 750 747 sequebatur
760 721 832 746 eum,
841 718 868 741 et
881 721 928 741 ex-

150 770 157 785 ι
174 759 302 794 spectavit
315 764 420 793 septem
436 759 529 785 diebus
547 758 621 792 juxta
638 759 765 793 placitum
784 758 927 791 Samuelis,

150 814 158 829 ‹
174 809 199 831 et
212 812 264 831 non
287 804 362 831 venit
385 803 493 831 Samuel
511 804 537 830 in
550 803 672 839 Galgala.
689 804 867 839 Dilapsusque
887 810 929 832 est

150 860 158 876 ι
175 851 280 885 populus
291 850 327 877 ab
341 857 383 878 eo.
406 850 452 876 Ait
474 858 538 886 ergo
555 850 620 877 Saul
633 859 640 877 :
652 850 754 878 Atl‘erte
766 851 831 878 mihi
854 851 929 878 hok»

978 255 1050 282 venit
1064 263 1184 290 qua‘rerc
1197 257 1267 290 quod
1279 256 1404 290 perierat,
1419 265 1503 292 usque
1515 257 1583 285 adeo
1591 257 1647 291 jam
1658 266 1766 286 cranms

978 300 1046 331 noti,
1062 304 1090 327 ut
1106 300 1131 326 in
1148 300 1205 334 ipso
1224 308 1345 327 essemus
1364 301 1441 328 electi
1462 307 1523 330 ante
1546 303 1765 330 constitutionem

978 346 1080 372 mundi.
1094 345 1200 378 Quze'ret
1214 346 1264 373 sibi
1276 354 1348 381 ergo,
1364 347 1440 379 dixit,
1456 355 1535 374 suum
1551 348 1669 376 habebit.
1691 349 1766 377 Unde

978 391 1004 417 in
1022 390 1116 417 Latina
1131 391 1220 426 lingua
1237 391 1287 419 hoc
1302 393 1412 419 verbum
1426 393 1523 427 accipit
1536 394 1765 428 prchositionem,

978 440 1005 462 et
1020 437 1145 471 adquirit,
1161 438 1274 470 dicitur;
1291 437 1360 472 quod
1377 438 1442 465 satis
1457 443 1579 474 apertum
1594 444 1635 466 est
1650 441 1714 474 quid
1729 441 1765 467 si-

979 483 1097 518 gniﬁcet,
1115 491 1268 518 quanquam
1284 489 1310 511 et
1331 485 1388 511 sine
1404 485 1585 512 additamenta
1599 487 1767 520 prmpositio-

979 530 1031 562 nis,
1053 538 1180 565 quaerere,
1197 530 1371 566 intelligatur,
1393 531 1542 566 acquirere.
1562 540 1596 559 ex
1614 540 1668 567 quo
1692 532 1766 559 lucra

979 580 1110 603 vocantur
1122 579 1149 602 et
1164 580 1291 610 quaestus.

1017 631 1027 646 ι
1045 621 1131 649 Porro
1144 621 1221 649 faber
1236 620 1366 649 ferrarius
1380 629 1433 649 non
1456 621 1641 649 inveniebatur
1653 622 1680 650 in
1695 623 1771 650 onmi

981 676 990 692 ‹
1011 672 1083 695 terra
1099 667 1190 695 Israel.
1208 667 1341 696 Caverant
1364 668 1436 695 enim
1457 667 1620 696 Philistbiim
1644 676 1678 695 ne
1701 668 1769 695 forte

982 726 990 741 (
1011 715 1131 743 facerent
1147 715 1265 743 llcbrmis
1280 715 1396 751 gladium
1411 720 1437 743 et
1451 715 1587 748 lanceam,
1601 726 1609 742 ι
1624 719 1676 743 etc.
1692 715 1769 749 Quod

979 766 1068 789 autem
1092 761 1239 789 Philisthmi
1250 782 1256 794 ,
1272 770 1325 797 quo
1339 761 1443 789 facilius
1459 761 1586 789 llebrmos
1600 765 1711 797 possent
1725 769 1770 787 su-

979 815 1086 843 perare,
1112 807 1311 842 prohibuerunt
1334 815 1367 835 ne
1392 807 1468 835 faber
1491 807 1621 835 ferrarius
1647 811 1720 834 esset
1744 807 1771 834 in

980 853 1052 879 omni
1069 857 1140 879 terra
1153 852 1246 885 Israel,
1261 860 1294 879 ne
1309 851 1377 879 forte
1389 852 1510 879 facerent
1524 851 1641 887 gladium
1651 856 1699 879 aut
1712 851 1770 879 lan—

150 906 158 920 ι
175 900 306 927 caustum,
317 899 346 922 et
355 894 482 929 paciﬁca,
495 898 522 922 et
535 895 631 922 obtulit
643 895 841 927 holocaustum,
853 906 861 921 ι
873 900 926 923 etc.
944 893 965 924 Β
980 905 1066 929 ceam,
1083 897 1216 933 signiﬁcat
1233 897 1304 932 quod
1324 897 1445 925 diabolus
1468 898 1567 932 partim
1582 906 1630 934 per
1643 906 1770 934 paganos,

150 941 249 968 Videtur
261 940 425 975 quibusdam
440 940 639 975 inculpabiliter
651 941 715 968 Seul
729 942 862 969 obtulisse
881 943 929 970 h0-

148 986 306 1018 ioeaustum,
320 993 385 1013 cum
407 984 520 1013 Samuel
546 986 580 1013 ab
604 993 637 1013 eo
661 991 835 1022 exspectatus
851 987 929 1021 juxta

147 1031 267 1062 placitum
278 1034 383 1066 septem
395 1031 500 1058 dierum
514 1038 566 1057 non
577 1031 690 1059 venerit.
706 1032 783 1065 Quod
798 1033 844 1067 qui
858 1033 930 1060 hunc

148 1077 230 1104 locum
250 1076 320 1104 bene
336 1076 502 1108 distinxerit,
516 1075 636 1103 inveniet
645 1083 708 1103 eum
723 1084 778 1103 non
793 1077 930 1105 immerito

147 1121 274 1156 culpatum
288 1121 374 1149 fuisse
389 1126 418 1148 et
433 1121 623 1149 inobedientiac
644 1121 827 1156 redargutnm.
842 1122 930 1150 Locus

148 1172 231 1194 autem
244 1168 288 1195 hic
307 1167 377 1201 apud
399 1167 526 1194 Hebraeos
550 1167 587 1194 ita
609 1167 872 1202 distinguitur-“Et
885 1168 930 1195 det

148 1215 253 1242 scandes
272 1220 336 1242 ante
348 1222 392 1242 me
409 1215 440 1241 in
451 1213 575 1249 Gnigala,
593 1221 643 1249 ego
656 1213 753 1248 quippe
768 1213 929 1241 descendam

150 1258 176 1285 ad
189 1263 222 1286 te.
232 1268 242 1285 ι
262 1259 297 1286 Et
312 1263 405 1294 postea
421 1258 536 1286 infertur
552 1267 558 1285 :
574 1268 583 1284 ι
597 1258 639 1286 Ad
652 1257 805 1286 oﬁ‘erendns
816 1258 931 1286 oblatio-

152 1313 159 1329 ι
171 1311 225 1336 nes,
239 1308 266 1332 et
280 1303 462 1331 immolandas
480 1304 606 1331 victimas
618 1303 747 1338 pacificus
760 1308 864 1339 septem
874 1304 932 1331 die-

153 1359 160 1375 ι
175 1349 220 1376 bus
232 1349 415 1384 exspectabis,
426 1349 513 1377 donec
530 1349 638 1376 veniam
649 1350 684 1376 ad
696 1353 734 1381 te,
746 1353 774 1376 et
787 1349 930 1377 ostendam

154 1404 161 1419 ι
175 1395 217 1421 tibi
232 1402 292 1429 qua:
309 1394 405 1422 facias.
416 1404 426 1421 ν
444 1394 501 1422 Non
516 1402 583 1429 ergo
602 1394 712 1422 Samuel
726 1402 804 1422 suum
819 1398 932 1429 praeste-

151 1440 191 1467 lari
205 1441 350 1468 adventum
368 1440 444 1469 Sauli
459 1446 561 1475 septem
574 1441 678 1468 dierum
699 1445 819 1476 tempore
831 1448 932 1476 praece-

151 1486 256 1520 jtit,sed
282 1486 321 1514 ad
345 1486 496 1514 oil'crendas
525 1487 684 1519 oblationes,
699 1491 727 1515 et
752 1487 931 1514 immolandas

152 1532 261 1559 victimas
281 1531 413 1567 paciticas
435 1539 471 1559 se.
484 1533 519 1559 ab
533 1540 566 1560 eo
587 1532 690 1560 eisdem
711 1536 815 1567 septem
836 1531 931 1559 diebus

981 944 1079 979 partim
1094 952 1142 979 per
1156 944 1308 976 hmreticos,
1321 943 1419 978 partim
1433 951 1482 979 per
1498 943 1580 970 falsos
1601 943 1772 971 Christianos

980 990 1123 1025 prohibere
1135 990 1224 1017 studet
1236 997 1269 1017 ne
1280 989 1334 1016 sint
1345 989 1468 1016 doctores
1480 989 1506 1016 in
1518 988 1637 1016 Ecclesia
1650 989 1705 1023 qui,
1719 989 1773 1023 spi-

981 1035 1088 1062 ritualia
1100 1043 1175 1062 arma
1186 1034 1362 1067 fabricantes,
1372 1035 1577 1061 accommodent
1590 1035 1773 1069 pugnantibus

979 1080 1150 1108 Christianis.
1175 1080 1276 1114 Pagani
1300 1080 1372 1107 enim
1385 1079 1425 1115 (ut
1448 1080 1476 1106 in
1500 1080 1622 1106 historiis
1645 1079 1772 1114 legimus)

980 1125 1176 1160 prohibuerunt
1199 1132 1232 1152 ne
1251 1124 1397 1152 Christiani
1420 1124 1576 1151 liberalibus
1591 1124 1698 1156 studiis,
1713 1131 1773 1159 qua:

980 1170 1018 1198 illi
1035 1177 1084 1205 pro
1105 1170 1223 1196 maximo
1244 1170 1388 1201 ducebant,
1404 1169 1601 1196 imbuercntur.
1627 1168 1773 1196 Hmrcticos

980 1215 1105 1243 similiter
1117 1215 1231 1251 legimus
1245 1214 1413 1250 persuasiSSc
1425 1214 1592 1249 principibus
1608 1214 1728 1249 gentium
1743 1219 1773 1240 ut

981 1261 1123 1289 catholica:
1134 1261 1195 1288 ﬁdei
1210 1259 1367 1295 defensores
1382 1260 1408 1287 in
1422 1259 1546 1287 exsilium
1558 1260 1705 1292 truderent,
1720 1268 1773 1295 quo

980 1307 1087 1335 facilius
1108 1307 1214 1343 plebem
1234 1292 1345 1341 pastore
1367 1305 1523 1333 destitutam
1536 1313 1551 1332 a
1569 1305 1683 1332 veritate
1697 1292 1772 1333 aver-

982 1357 1039 1381 tere
1048 1356 1168 1388 possent.
1182 1352 1259 1379 Nunc
1272 1352 1354 1379 etiam
1368 1352 1438 1379 idem
1449 1351 1534 1378 hostis
1549 1351 1676 1385 antiquus
1692 1351 1752 1378 simi
1764 1351 1772 1378 i

981 1399 1062 1426 modo
1084 1398 1110 1425 in
1134 1406 1199 1433 pace
1223 1397 1350 1425 Ecclesia:
1377 1404 1423 1424 eos
1444 1397 1490 1431 qui
1514 1396 1620 1431 populis
1643 1401 1772 1431 praesunt,

982 1451 1158 1480 quoscunque
1170 1447 1270 1479 potest,
1285 1443 1318 1470 ab
1332 1442 1461 1469 instantia
1476 1442 1635 1469 eruditionis
1651 1446 1774 1469 avertere.

982 1490 1091 1525 satagit,
1104 1496 1138 1516 ne
1151 1489 1266 1516 subditis
1281 1488 1377 1524 dogma
1391 1487 1514 1514 veritatis
1527 1487 1692 1521 impendant,
1707 1494 1774 1521 qua-

983 1540 1063 1563 tenus
1083 1535 1143 1563 illos
1167 1535 1290 1562 incautos
1315 1534 1402 1561 lenius
1430 1532 1555 1568 decipere
1581 1531 1674 1567 possit.
1694 1541 1703 1557 ι
1722 1532 1774 1560 Per

152 1577 223 1604 voluit
234 1577 401 1612 exspectari.
410 1576 486 1610 Quod
499 1576 543 1604 ille
554 1584 725 1612 nequaun
738 1576 815 1610 fecit;
828 1582 856 1604 et
869 1576 930 1604 ideo
944 1576 965 1607 C
983 1581 1111 1609 invidiam
1122 1581 1194 1607 cnim
1207 1579 1306 1606 diaboli
1321 1585 1395 1606 mors
1408 1578 1530 1604 introivit
1539 1577 1567 1604 in
1581 1582 1664 1605 totum
1676 1578 1774 1605 orbem

152 1625 235 1651 merito
257 1624 396 1658 culpatur,
411 1627 439 1650 et
461 1623 583 1650 stultitia:
598 1623 686 1659 elogio
708 1623 861 1650 denotatur.
876 1622 932 1658 (E3

152 1669 316 1704 Augustino.)
341 1669 418 1702 Quod
441 1673 531 1695 autem
555 1667 620 1696 Sani
645 1669 803 1696 mandatum
824 1668 931 1696 Domini

151 1715 350 1750 transgredienti
375 1714 485 1742 Samuel
505 1714 541 1741 ita
563 1714 664 1742 dixisse
689 1714 828 1749 legituru
845 1713 932 1742 Stulte

153 1769 160 1784 ι
173 1760 255 1795 egisti,
271 1767 325 1787 nec
338 1759 479 1788 custodisti
495 1759 623 1786 mandata
636 1758 742 1786 Domini
760 1758 807 1786 Dei
822 1758 861 1787 tui
872 1766 934 1793 quas

153 1814 160 1829 ι
175 1806 296 1840 pnecepit
314 1805 371 1831 tibi.
387 1804 463 1838 Quod
477 1804 499 1831 si
512 1811 564 1831 non
578 1803 703 1835 fecisses,
713 1803 770 1837 jam
784 1811 855 1830 nunc
864 1810 934 1837 prae-

153 1855 290 1882 tpansset
316 1849 445 1876 Dominus
461 1856 575 1883 regnum
600 1853 674 1876 tuum
699 1856 781 1883 super
804 1847 887 1875 lsrael
904 1848 932 1875 in

154 1906 160 1921 I
175 1898 376 1932 sempiternum.
392 1895 446 1923 Sed
461 1903 630 1931 nequaquam
644 1903 757 1930 regnum
773 1900 847 1923 tuum
861 1896 931 1923 ultra

154 1950 161 1965 ι
174 1946 326 1977 cotisurget.
344 1941 472 1975 Qumsivit
486 1942 616 1969 Dominus
628 1941 679 1968 sibi
694 1941 782 1968 virum
794 1942 870 1976 juxta
885 1950 933 1969 cur

155 1996 160 2009 ι
174 1994 243 2013 suum
252 2007 260 2020 ,
277 1991 309 2014 et
324 1986 452 2021 praecepit
464 1986 490 2013 ei
512 1986 641 2013 Dominus
653 1990 683 2013 ut
695 1990 770 2013 esset
783 1986 837 2013 dux
851 1993 933 2020 super

156 2040 162 2055 ε
176 2033 297 2072 populum
324 2040 412 2064 suum,
428 2040 461 2059 eo
472 2032 543 2068 quod
557 2040 609 2059 non
623 2032 776 2060 servaveris
791 2040 850 2066 qua:
865 2040 933 2066 pra:-

155 2078 238 2112 teepit
260 2078 411 2109 Dominus;
424 2086 432 2102 ι
451 2084 503 2103 ηοιι
527 2077 566 2103 sic
589 2077 776 2111 acripiendum
793 2081 835 2103 cst
856 2084 888 2104 ac
909 2077 933 2104 si

153 2121 223 2157 ipsum
237 2124 352 2152 Saulem
372 2124 441 2151 Deus
453 2123 480 2150 in
494 2127 624 2150 aeternum
646 2122 783 2157 paraverit
807 2127 932 2157 regnatu-

154 2176 211 2201 rum,
224 2175 250 2196 et
263 2170 318 2197 hoc
329 2174 422 2204 postea
436 2168 553 2196 noluerit
566 2176 676 2195 scrvare
689 2168 812 2203 peecanti
826 2176 832 2193 :
846 2174 932 2202 neque

153 2214 210 2240 enim
223 2223 285 2241 cum
303 2219 477 2249 peccaturum
493 2222 552 2241 esse
565 2213 717 2245 nesciebat,
732 2214 778 2240 sed
793 2221 929 2248 praepara-

982 1631 1117 1655 terrarum
1131 1625 1209 1661 (ευρ.
1225 1625 1266 1661 ιι).
1283 1634 1292 1650 ›
1310 1624 1452 1651 Imitantur
1473 1631 1535 1651 eum
1555 1624 1626 1650 enim
1647 1624 1693 1659 qui
1710 1629 1774 1651 sunt

982 1682 1014 1702 ex
1028 1674 1107 1708 parte
1125 1672 1192 1707 ejus.
1216 1672 1292 1700 Unde
1305 1675 1333 1699 et
1352 1670 1451 1706 duplici
1473 1675 1549 1697 reatu
1567 1670 1689 1699 diabolus
1710 1679 1773 1699 con-

981 1719 1135 1754 stringitur,
1149 1719 1200 1745 hoc
1228 1721 1270 1745 est
1288 1712 1419 1751 superbia:
1442 1720 1470 1743 et
1492 1716 1771 1751 invidimmuperbin‘,

982 1772 1035 1800 qua
1049 1765 1106 1799 ipse
1121 1764 1232 1796 cecidit;
1247 1763 1364 1794 invidiae,
1382 1769 1434 1797 qua
1452 1761 1519 1789 alios
1533 1761 1648 1795 dejicere
1662 1767 1773 1789 conten-

983 1810 1030 1837 dit.
1057 1807 1220 1836 Philisthiim
1243 1808 1314 1835 enim
1336 1807 1552 1842 interpretantur
1569 1806 1666 1840 duplex
1683 1807 1771 1839 ruina,

982 1859 1008 1882 et
1021 1854 1136 1886 Hebmi,
1152 1858 1323 1880 transeuntes.
1343 1861 1352 1877 ι
1369 1851 1425 1879 Non
1438 1852 1510 1879 enim
1523 1852 1567 1879 hic
1580 1852 1711 1879 habemus
1727 1853 1774 1879 (τοι

982 1909 1056 1928 mum
1078 1904 1244 1932 manentem,
1263 1899 1310 1927 sed
1333 1903 1463 1926 meritam
1478 1898 1640 1933 requirimus
1655 1898 1681 1925 in
1696 1898 1774 1926 cadis

982 1945 1076 1982 (Hebr.
1092 1946 1164 1982 xm).
1177 1955 1186 1972 ι

1271 2009 1384 2038 CAPUT
1405 2009 1471 2037 XIV.

983 2078 1061 2111 Quod
1075 2077 1143 2106 Saul
1155 2077 1328 2104 dimicaturus
1337 2075 1461 2102 adversus
1475 2072 1635 2111 Philist/tiim
1652 2075 1772 2111 universo

1017 2113 1144 2140 exercitui
1158 2112 1254 2138 indixit
1264 2111 1409 2146 jejunium.
1421 2110 1492 2145 quod
1502 2109 1634 2146 Ionathas
1649 2110 1773 2146 ignorans

966 2156 969 2158 ’
1017 2156 1063 2183 per
1077 2147 1252 2183 gustatione":
1265 2144 1357 2183 'niellis
1377 2144 1453 2179 fregit
1465 2164 1472 2177 ,
1486 2150 1510 2171 et
1524 2144 1556 2171 ob
1571 2145 1619 2171 hoc
1634 2144 1676 2171 vix
1688 2146 1772 2179 preci-

1017 2180 1064 2210 bus
1077 2180 1167 2218 populi
1181 2190 1197 2208 a
1212 2189 1272 2209 nece
1283 2180 1408 2207 liberatus
1423 2184 1471 2206 est.

154 2265 214 2285 terat
228 2267 343 2294 regnum
356 2259 424 2293 ejus,
438 2259 465 2286 in
478 2267 532 2293 quo
545 2259 629 2294 figura
644 2259 719 2294 regni
741 2246 812 2286 esset
823 2246 927 2285 azterni.
945 2246 969 2275 D
1018 2260 1122 2287 interea
1143 2258 1217 2290 Sani,
1232 2258 1294 2285 dum
1306 2260 1430 2292 pergeret
1452 2256 1628 2283 dimicaturus
1643 2255 1772 2283 adversus

153 2304 201 2332 Ideo
211 2315 274 2341 ergo
285 2306 391 2333 addidit
403 2314 409 2331 :
422 2315 433 2330 ι
450 2305 483 2332 Et
493 2313 563 2332 nunc
574 2313 686 2339 regnum
699 2308 772 2331 tuum
785 2313 836 2331 non
850 2304 933 2331 stabit

155 2349 199 2376 tibi.
214 2360 222 2375 ι
238 2351 324 2377 Stetit
346 2358 410 2384 ergo
423 2354 451 2376 et
464 2350 545 2376 stabit
562 2349 634 2383 quod
650 2349 675 2375 in
690 2348 735 2375 illo
750 2349 930 2383 signiﬁcatum

153 2399 193 2420 est.
208 2395 259 2423 Sed
277 2403 334 2422 non
352 2395 414 2422 hinc
426 2394 518 2427 stabit,
532 2394 594 2429 quia
610 2402 662 2422 non
677 2394 704 2420 in
727 2399 859 2421 ωιειιιιιιιι
874 2393 930 2427 ipse

155 2440 228 2466 fuerat
241 2444 414 2475 regnaturus,
428 2447 477 2467 nec
488 2439 628 2474 progenies
639 2439 697 2474 ejus
710 2448 715 2465 :
729 2445 757 2465 ut
770 2438 866 2466 saltem
881 2446 930 2473 per

155 2490 274 2518 austeros,
290 2486 406 2512 alterum
428 2485 504 2512 alteri
527 2484 711 2517 suceedcutes,
727 2485 864 2515 videretur
880 2485 930 2511 im-

155 2529 219 2561 pleri,
233 2531 307 2565 quod
321 2531 420 2557 dictum
432 2534 483 2562 est,
501 2539 511 2555 ι
525 2531 551 2557 in
562 2535 703 2562 tutcrnum,
717 2541 727 2556 ι
741 2535 794 2558 etc.

184 2585 192 2601 ι
208 2577 238 2604 Et
253 2577 362 2612 quaerit,
376 2577 472 2611 inquit,
489 2577 616 2603 Dominus
629 2577 679 2604 sibi
693 2577 838 2607 hominem.
852 2586 861 2602 ι
875 2581 928 2603 etc.

157 2621 206 2648 Sive
227 2623 322 2652 David,
339 2622 394 2648 sive
409 2622 495 2656 ipsum
510 2621 684 2648 Mediatorem
708 2621 864 2656 significans
878 2621 929 2648 Tc-

157 2669 267 2695 stamenti
284 2668 361 2700 Novi,
379 2669 425 2703 qui
442 2669 605 2703 iigurabatur
630 2669 655 2695 in
678 2669 825 2696 chrismate
848 2669 930 2695 etiam

157 2711 176 2737 in
187 2721 236 2748 quo
252 2719 349 2741 unctus
365 2718 407 2741 est
423 2714 478 2749 ipse
496 2713 577 2740 David
592 2718 619 2741 et
633 2714 774 2748 progenies
787 2713 859 2747 dus;
875 2721 928 2740 non

158 2764 233 2786 autem
256 2761 332 2795 quasi
354 2761 456 2787 nesciat
473 2760 517 2787 ubi
535 2760 579 2791 sit,
593 2759 629 2786 ita
643 2759 693 2786 sibi
708 2759 844 2786 hominem
859 2758 930 2786 Deus

158 2806 238 2837 qun-rit
253 2816 259 2833 ;
273 2807 317 2833 sed
332 2814 380 2841 per
395 2806 543 2837 hominem,
558 2813 632 2833 more
646 2805 784 2832 hominum
799 2805 927 2838 loquitur,

158 2852 206 2882 quia
222 2858 249 2879 et
268 2854 306 2880 sic
325 2853 459 2883 loquendo
476 2860 524 2879 nos
544 2852 649 2887 quierit.
674 2851 729 2878 Non
751 2852 836 2878 solum
857 2851 928 2877 enim

269 2902 401 2931 ιἰτιωι..
426 2899 507 2929 CIX.

983 2304 1159 2335 Philisthiim,
1174 2303 1272 2330 indixit
1292 2306 1391 2329 cuncto
1404 2300 1536 2328 exercitui
1547 2299 1690 2335 jejunium,
1705 2308 1771 2334 qno~

983 2357 1068 2384 usque
1093 2352 1294 2376 reverterentur
1310 2355 1325 2373 a
1346 2346 1448 2382 praelia.
1471 2345 1524 2373 Sed
1546 2345 1678 2373 Jonatiiss
1703 2345 1773 2372 illius

983 2396 1051 2431 eius,
1066 2402 1146 2430 super
1157 2394 1254 2421 faciem
1275 2393 1334 2428 agri
1353 2392 1406 2420 mel
1419 2392 1522 2423 videns,
1538 2401 1546 2416 ι
1562 2391 1684 2418 extendit
1697 2399 1771 2418 sum-

984 2442 1106 2468 mitatem
1121 2439 1213 2474 virgm,
1226 2443 1254 2466 et
1264 2437 1373 2465 iutinxit
1384 2437 1409 2464 in
1423 2436 1511 2463 favum
1526 2435 1624 2467 mellis,
1637 2439 1663 2462 et
1677 2440 1770 2469 gusta-

985 2486 1034 2518 vit,
1046 2489 1075 2512 et
1090 2483 1231 2511 illuniiuati
1242 2486 1305 2510 sunt
1317 2481 1389 2509 oculi
1403 2480 1470 2515 ejus,
1486 2490 1496 2506 ι
1509 2484 1564 2507 etc.
1576 2479 1631 2514 (Ex
1644 2479 1771 2514 Isidoro.)

984 2533 1042 2560 Non
1056 2532 1149 2566 utique
1163 2532 1197 2558 ad
1209 2530 1352 2558 videndum
1377 2528 1517 2556 illuminati
1527 2546 1535 2559 ,
1550 2526 1596 2561 qui
1618 2530 1682 2554 ante
1697 2525 1772 2552 vide-

983 2581 1044 2613 bat;
1060 2579 1107 2606 sed
1134 2579 1167 2605 sd
1194 2577 1412 2607 discernendum,
1436 2575 1498 2609 quia
1525 2573 1606 2601 vetita
1634 2573 1770 2607 tetigerat.

983 2625 1058 2652 Tunc
1072 2624 1144 2650 enim
1158 2630 1237 2649 casus
1251 2621 1305 2653 ille,
1317 2621 1387 2648 sicut
1401 2624 1428 2646 et
1445 2619 1541 2649 Adam,
1559 2618 1622 2645 fecit
1643 2617 1718 2644 illum
1731 2619 1772 2642 at—

983 2674 1096 2700 tentum,
1117 2667 1285 2701 reddiditque
1302 2665 1455 2693 «infusum.
1479 2664 1538 2696 Quo
1558 2662 1629 2690 facto
1645 2665 1772 2688 tuouetur

982 2721 1076 2742 omnes
1091 2712 1231 2740 illecebras
1249 2710 1414 2745 voluptatum
1430 2708 1456 2735 in
1471 2707 1569 2735 seculo
1583 2707 1681 2733 debere
1702 2712 1769 2732 cou-

983 2764 1103 2785 tenmere
1117 2757 1140 2784 is
1155 2757 1201 2791 qui
1216 2757 1271 2783 Deo
1286 2755 1381 2781 nititur
1393 2753 1519 2784 militare,
1536 2756 1563 2779 et
1578 2751 1694 2785 Spiritus
1708 2756 1771 2775 sau-

982 2804 1017 2830 cti
1029 2803 1162 2838 particeps
1172 2801 1227 2835 jam
1241 2800 1337 2831 factus,
1352 2797 1517 2834 spiritalibus
1525 2796 1621 2823 castris
1631 2801 1660 2821 se
1671 2792 1767 2838 inserit

982 2837 1158 2883 pugnaturus.
1178 2845 1255 2877 Quod
1278 2845 1346 2872 bene
1366 2843 1486 2870 Jonathm
1510 2847 1608 2867 nomen
1628 2837 1767 2872 exprimit.
