4026 6202
398 252 480 315 43
1231 244 1588 307 ΟΟΙΜΕΝΤ.
1629 243 1697 299 IN
1735 241 1982 299 LIBROS

2124 236 2391 296 manu.
2428 266 2500 278 -
2533 234 2599 291 ts
2635 232 2765 292 un.
2804 232 2845 291 ι.
3584 243 3653 305 ω

402 382 646 444 poterat,
688 385 944 441 magnum
973 382 1030 422 se
1060 381 1170 436 prae
1206 362 1456 418 omnibus
1477 360 1800 416 aestimabat.
1852 358 1987 411 Miro
2015 365 2060 419 Α
2089 354 2182 408 sed
2210 354 2387 409 Patris
2416 353 2744 409 voluntatem
2788 352 2942 417 facit,
2968 366 3065 406 eos
3094 350 3196 444 qui
3223 351 3290 406 ad
3319 367 3378 406 se
3415 353 3663 444 veniunt,

398 472 595 517 autem
631 460 793 515 modo
827 473 950 512 cum
975 455 1117 524 apud
1143 468 1203 509 se
1224 451 1509 523 parvulus,
1535 449 1677 519 apud
1702 448 1987 503 Dominum

404 568 674 624 magnus;
717 565 842 605 cum
868 562 1001 603 vero
1036 544 1178 616 apud
1206 559 1265 603 se
1290 558 1514 613 magnus
1551 540 1820 610 apparuit,
1846 537 1990 609 apud

405 645 702 701 marinum
748 639 1005 712 parvulus
1047 636 1165 691 fuit.
1217 635 1543 703 Plerumque
1590 647 1720 703 ergo
1762 632 1891 685 dum
1918 645 1987 685 ex

406 735 781 803 subiectorum
834 727 1106 784 afﬂuentia
1156 725 1368 781 animus
1419 723 1657 788 inﬂatur,
1692 722 1749 777 lo
1804 720 1989 776 luxum

406 825 714 894 superbia,
746 824 865 891 ipso
912 818 1168 890 potentiae
1210 815 1425 884 fastigio
1464 813 1803 869 lenocinante
1823 853 1838 877 ,
1869 825 1990 865 cor-

408 916 703 985 rumpitur.
732 913 903 979 Qusm
929 908 1182 965 videlicet
1218 906 1518 977 potentiam
1544 904 1682 959 bene
1714 901 1873 973 regit,
1898 902 1992 971 qui

402 1016 473 1062 et
507 1016 691 1061 tenere
736 1003 883 1058 illam
927 1000 1140 1056 noverit
1181 1006 1240 1052 et
1283 998 1619 1067 impugnare.
1664 993 1811 1049 Bene
1851 994 1993 1048 hunc

407 1100 573 1172 regit,
598 1098 690 1168 qui
727 1097 832 1151 scit
864 1110 961 1165 per
988 1092 1137 1148 illam
1172 1105 1338 1161 super
1375 1089 1561 1157 culpas
1602 1086 1771 1156 erigi,
1804 1086 1908 1141 scit
1934 1085 1990 1140 in

405 1191 504 1244 illa
529 1205 653 1244 cum
670 1186 887 1243 caeteris
904 1182 1213 1255 mqualitate
1233 1179 1501 1249 componi.
1522 1177 1770 1232 Humana
1790 1175 1991 1231 etenim

404 1292 571 1335 mens
600 1277 920 1345 plerumque
963 1270 1264 1333 extollitur,
1293 1268 1458 1321 etiam
1493 1280 1620 1320 cum
1652 1262 1800 1318 nulla
1844 1272 1995 1331 pote-

405 1376 557 1423 sutte
582 1365 836 1429 fulcitur;
866 1371 1070 1433 quanto
1096 1361 1268 1430 magis
1297 1361 1351 1414 in
1372 1358 1541 1417 altum
1565 1372 1626 1413 se
1656 1357 1838 1427 erigit,
1867 1369 1992 1411 cum

406 1476 477 1515 se
507 1460 559 1513 ei
596 1458 761 1513 etiam
785 1464 1025 1526 potestas
1057 1454 1325 1524 adiungit!
1355 1451 1528 1519 Quam
1554 1459 1733 1503 tamen
1755 1454 1994 1518 potesta-

408 1561 530 1605 tem
562 1557 714 1604 certe
743 1547 1041 1616 dispensat,
1062 1545 1158 1614 qui
1185 1543 1414 1599 sollicite
1442 1539 1656 1596 noverit
1681 1551 1895 1595 sumere
1925 1552 1992 1593 cx

407 1640 506 1694 illa
531 1639 677 1709 quod
700 1638 942 1708 adjuvet,
957 1644 1014 1690 et
1036 1649 1345 1705 expugnare
1366 1633 1510 1703 quod
1534 1638 1723 1694 tentet,
1739 1638 1794 1687 et
1815 1642 1994 1699 mqua-

2090 445 2238 500 foras
2255 459 2360 500 non
2386 444 2552 513 eiicit,
2583 445 2708 514 quia
2739 444 2865 496 dum
2897 441 3145 513 exemplo
3165 456 3264 496 suo
3289 450 3387 496 nos
3409 426 3662 496 obedien-

2090 540 2180 594 tia:
2218 537 2453 607 subiicit,
2486 536 2628 590 viam
2681 536 2835 590 nobis
2878 534 3207 605 egressionis
3250 533 3472 588 claudit.
3526 531 3663 586 πίω

2090 643 2305 683 rursum
2335 628 2448 681 ait:
2479 645 2498 677 ι
2530 624 2645 679 Non
2690 640 2917 694 possunt
2957 639 3056 695 ego
3089 638 3120 678 a
3152 639 3241 679 me
3285 623 3467 679 facere
3512 624 3669 694 quid-

2090 733 2283 789 quam;
2329 718 2427 772 sed
2475 716 2614 771 sicut
2660 715 2837 778 audio,
2881 713 3065 783 iudico
3110 712 3295 785 (lactt.
3320 711 3397 785 v).
3429 732 3449 765 ι
3502 710 3669 768 Nobis

2090 808 2289 879 quippe
2330 807 2635 863 obedientia
2665 820 2839 876 usque
2873 805 2940 860 ad
2982 812 3210 858 mortem
3237 804 3498 859 servanda
3529 816 3670 874 pne-

2090 901 2307 969 cipitur.
2338 898 2456 969 Ipse
2475 907 2678 963 autem,
2704 898 2750 952 si
2777 898 2915 952 sicut
2940 896 3108 960 audit,
3125 895 3352 966 indicat,
3378 904 3509 951 tunc
3531 911 3667 966 que-

2089 1008 2199 1062 que
2243 993 2481 1055 obediet,
2506 1006 2631 1045 cum
2679 988 2844 1057 iudex
2893 989 3118 1043 venerit.
3174 987 3251 1043 Nc
3296 989 3461 1059 igitur
3513 989 3671 1043 nobis

2092 1097 2263 1152 usque
2290 1082 2356 1135 ad
2386 1078 2670 1151 prementis
2698 1079 2823 1132 vitm
2851 1077 3138 1131 terminum
3166 1077 3473 1132 obedientia
3516 1078 3670 1131 labo-

2092 1171 2236 1227 riosa
2266 1176 2559 1239 appareat,
2583 1166 2914 1236 Redemptor
2940 1175 3122 1221 noster
3143 1167 3370 1237 iudicat,
3387 1168 3479 1238 qui
3509 1168 3670 1227 hanc,

2091 1264 2259 1319 etiam
2287 1279 2410 1317 cum
2429 1260 2600 1330 iudex
2624 1259 2856 1324 venerit,
2884 1267 3088 1313 servat.
3135 1257 3275 1326 Quid
3301 1272 3433 1329 ergo
3468 1260 3668 1314 mirum

2092 1352 2138 1408 si
2164 1360 2421 1422 peccator
2458 1351 2623 1405 homo
2648 1348 2969 1403 obedientia:
2993 1348 3047 1401 in
3077 1349 3363 1417 prasentis
3394 1348 3519 1403 vita:
3548 1350 3671 1403 bre—

2092 1443 2260 1497 vitate
2289 1456 2349 1497 se
2375 1441 2614 1513 subiicit,
2640 1439 2859 1508 quando
2882 1439 3026 1493 banc
3071 1438 3335 1495 lediator
3365 1440 3457 1495 Dei
3492 1448 3548 1494 et
3577 1441 3674 1494 ho-

2094 1533 2320 1598 minum,
2343 1542 2400 1587 et
2418 1548 2541 1587 cum
2560 1532 2877 1588 obedientes
2899 1539 3227 1596 remunerat,
3250 1546 3360 1587 non
3385 1532 3674 1604 relinquit?

2095 1622 2386 1679 Sciendum
2411 1638 2542 1677 vero
2560 1629 2646 1677 est
2662 1636 2937 1691 nunquam
2958 1635 3057 1692 per
3080 1623 3443 1679 obedientiam
3468 1624 3670 1679 malum

408 1731 523 1784 lem
560 1742 744 1782 secum
768 1725 979 1782 ceteris
998 1738 1242 1787 cernere,
1268 1732 1324 1776 et
1349 1730 1529 1775 tamen
1556 1736 1616 1775 se
1642 1718 1993 1789 peccantibus
2020 1716 2067 1775 Β
2096 1713 2234 1768 fieri.
2262 1712 2566 1782 Aliquando
2590 1720 2771 1767 autem
2792 1713 2950 1777 debet
2969 1728 3066 1782 per
3082 1713 3449 1769 obedientiam
3469 1715 3670 1771 bonum

402 1819 534 1874 zelo
560 1817 779 1872 ultionis
802 1814 1094 1869 anteferre.
1123 1812 1398 1882 Scriptum
1426 1824 1658 1879 namque
1682 1815 1805 1863 est:
1834 1824 1853 1858 ι
1882 1807 1993 1860 Du-

389 1926 539 1967 ‘cem
575 1918 629 1964 te
670 1907 1085 1970 constituerunt,
1118 1904 1226 1959 noli
1267 1900 1484 1965 extolli,
1510 1900 1606 1957 sed
1648 1907 1765 1954 esto
1797 1897 1853 1952 in
1892 1896 1998 1953 illis

405 2000 579 2069 quasi
604 2012 742 2057 unus
764 2010 830 2050 ex
862 1996 969 2050 illis
991 1994 1183 2066 (Ecclt'.
1222 1989 1420 2063 xxxu).
1463 1990 1665 2059 Illoque
1701 1995 1997 2043 excusante

401 2089 560 2158 quod
595 2089 782 2142 omnia
824 2084 1142 2149 servaverit,
1163 2083 1319 2155 juxta
1356 2081 1501 2152 quod
1524 2079 1631 2135 sibi
1667 2086 1996 2150 praeceptum

406 2181 617 2245 fuerat,
646 2189 809 2249 atque
830 2177 1082 2232 dicente:

490 2292 511 2325 ι
544 2272 741 2331 Audivi
781 2284 967 2325 vocem
996 2266 1246 2329 Domini,
1274 2273 1329 2321 et
1364 2261 1638 2319 ambulavi
1671 2262 1726 2317 in
1766 2262 1854 2316 via
1899 2275 1998 2330 per

409 2382 435 2415 ε
472 2377 645 2433 quam
688 2375 774 2415 me
815 2358 965 2414 misit
1003 2356 1293 2420 Dominus,
1320 2364 1376 2409 et
1410 2352 1609 2409 adduxi
1637 2350 1785 2420 Agag
1813 2361 1995 2418 regem

414 2471 440 2503 ι
471 2451 728 2515 Amelec,
758 2460 813 2504 et
837 2447 1060 2503 Amalec
1088 2443 1356 2501 interfeci.
1387 2442 1534 2497 Tulit
1561 2449 1742 2496 autem
1769 2437 1998 2509 populus

414 2562 441 2594 ι
477 2522 551 2596 de
570 2539 750 2609 praeda
774 2554 903 2592 oves
929 2546 985 2592 et
1006 2538 1190 2600 boves,
1211 2534 1481 2605 primitias
1500 2549 1689 2590 eorum
1712 2546 1832 2603 quae
1859 2546 1996 2587 causa

414 2651 438 2682 ι
476 2638 637 2693 sunt,
663 2637 721 2682 ut
748 2627 991 2682 immolet
1014 2625 1242 2680 Domino
1286 2625 1396 2680 Deo
1423 2638 1523 2678 suo
1548 2623 1604 2677 in
1623 2620 1878 2692 Galgalis.
1906 2620 1998 2675 Ait

417 2741 439 2773 ι
476 2719 698 2776 Samuel
722 2737 737 2772 :
760 2717 1011 2788 Nunquid
1054 2715 1169 2771 vult
1195 2715 1454 2771 Dominus
1494 2712 1808 2769 holocausta
1838 2720 1895 2767 et
1920 2711 1997 2766 vi-

416 2832 438 2863 ι
471 2811 693 2873 etimas,
718 2816 909 2863 etnon
949 2808 1130 2877 potius
1164 2815 1226 2861 ut
1266 2806 1549 2864 obediatur
1592 2803 1709 2859 voci
1740 2802 1998 2860 Domini?

416 2919 439 2951 ι
478 2899 672 2954 Melior
708 2906 795 2953 est
830 2898 974 2952 enim
999 2896 1305 2952 obedientia
1331 2910 1493 2966 quam
1525 2894 1778 2959 victimae,
1804 2902 1861 2948 et
1903 2907 1998 2946 au-

417 3011 441 3041 ι
475 2989 716 3046 scultare
737 2989 908 3060 magis
928 3004 1087 3058 quam
1112 2987 1310 3043 offerre
1333 2985 1545 3055 adipem
1572 2985 1824 3043 arietum.
1856 2983 1999 3051 Quo-

2097 1801 2240 1871 quod
2270 1803 2452 1873 agitur
2500 1801 2805 1858 intermitti.
2857 1802 3042 1871 Neque
3070 1802 3215 1858 enim
3260 1804 3409 1858 mala
3432 1804 3484 1859 in
3508 1821 3671 1876 para-

2094 1894 2221 1951 diso
2244 1895 2407 1949 arbor
2432 1894 2663 1959 exstitit,
2689 1909 2854 1964 quam
2880 1894 3022 1949 Deus
3046 1894 3272 1960 homini,
3302 1910 3373 1951 ne
3392 1899 3678 1968 continge-

2096 1989 2213 2047 ret,
2239 1981 2546 2048 interdixit;
2582 1984 2676 2038 sed
2703 1991 2762 2037 ut
2788 1997 2890 2052 per
2918 1983 3112 2038 melius
3152 1984 3474 2040 obedientia
3513 1990 3677 2042 meri-

2098 2085 2213 2133 tum
2235 2075 2399 2135 homo
2423 2074 2563 2133 bene
2583 2075 2834 2131 conditus
2857 2084 3154 2143 cresceret,
3173 2076 3392 2146 dignum
3415 2076 3592 2134 fuerat
3619 2089 3681 2135 ut

2097 2168 2244 2223 hunc
2266 2167 2433 2222 etiam
2451 2181 2486 2220 a
2507 2167 2652 2222 bono
2671 2168 3004 2237 prohiberet,
3028 2177 3294 2238 quatenus
3314 2177 3466 2224 tanto
3493 2172 3679 2226 verius

2097 2260 2202 2317 hoc
2229 2260 2374 2331 quod
2402 2269 2587 2333 ageret
2610 2261 2786 2316 virtus
2816 2269 2986 2327 esset,
3017 2269 3221 2331 quanto
3248 2269 3309 2316 et
3326 2277 3363 2316 a
3392 2261 3532 2317 bono
3553 2278 3678 2318 cess

2096 2368 2225 2409 suus
2260 2355 2471 2409 auctori
2518 2369 2616 2410 suo
2655 2369 2715 2409 se
2760 2354 3035 2409 subditum
3064 2354 3343 2410 humilitas
3373 2354 3676 2411 exhiberet.

2098 2439 2209 2497 Sed
2246 2442 2544 2499 notandum
2574 2441 2721 2513 quod
2764 2441 2875 2497 illic
2917 2442 3204 2497 dicunt-:1
3228 2444 3311 2498 Ex
3350 2444 3499 2499 omni
3526 2444 3676 2513 ligno

2096 2531 2336 2601 paradisi
2368 2532 2537 2598 edite,
2559 2533 2627 2588 de
2648 2532 2800 2603 ligno
2827 2540 3012 2588 autem
3048 2533 3291 2590 scientia
3314 2535 3444 2591 boui
3468 2544 3525 2591 et
3550 2537 3677 2590 mali

2098 2638 2168 2680 ue
2199 2623 2482 2695 tetigeritis
2509 2622 2664 2695 (Gen.
2708 2624 2792 2697 tt).
2818 2643 2839 2676 υ
2883 2622 2989 2692 Qui
3022 2625 3228 2680 ωἰιηιι
3257 2626 3399 2682 bono
3440 2627 3682 2696 quolibet

2098 2713 2370 2784 subjectos
2400 2724 2566 2779 vetat,
2596 2728 2819 2772 necesse
2862 2723 2950 2771 est
2987 2722 3050 2770 ut
3092 2715 3262 2770 multa
3299 2717 3565 2773 concedat
3610 2733 3680 2773 ne

2098 2805 2399 2863 obedientis
2421 2821 2575 2862 mens
2596 2804 2836 2861 funditus
2856 2806 3112 2871 intereat,
3138 2805 3185 2860 si
3204 2806 3406 2862 ahenis
3427 2808 3683 2862 omnibus

2098 2896 2315 2967 penitus
2343 2897 2559 2967 repulsa
2578 2895 2808 2965 ieiunat.
2846 2895 3056 2957 Omnes
3092 2907 3274 2953 autem
3321 2900 3561 2969 paradisi
3588 2915 3680 2954 are

2098 2987 2261 3045 bores
2287 2988 2355 3043 ad
2380 3004 2532 3044 esum
2560 2988 2821 3045 Dominus
2846 2989 3115 3045 concessit
3131 3030 3147 3054 ,
3172 3005 3295 3045 cum
3323 2991 3396 3046 ab
3418 3007 3527 3047 una
3556 3008 3686 3063 pro-

419 3099 443 3131 s
476 3081 629 3134 niam
654 3079 808 3148 quasi
846 3088 1125 3149 peccatum
1171 3075 1436 3133 ariolandi
1476 3083 1561 3130 est
1596 3089 1920 3146 repugnare,
1948 3081 2004 3128 et
2028 3074 2073 3137 C
2104 3080 2296 3145 hibuit,
2323 3087 2383 3134 ut
2409 3088 2720 3135 creaturam
2748 3094 2925 3146 suam,
2954 3095 3117 3150 quam
3144 3081 3366 3136 nolebat
3386 3084 3682 3155 exstingui,

421 3189 445 3221 ι
476 3169 638 3239 quasi
676 3169 853 3225 scelus
896 3167 1209 3225 idololatriae
1249 3166 1396 3222 nolle
1436 3166 1805 3235 acquiescere.
1838 3184 1857 3217 ›
1892 3163 2001 3235 (Ea:

419 3257 766 3330 Augustino.)
812 3255 1125 3313 Obedientia
1170 3256 1409 3313 victimis
1450 3254 1578 3324 iure
1625 3253 1959 3326 praeponitur
1981 3292 1998 3318 ,

418 3351 553 3420 quia
579 3364 676 3419 per
698 3349 946 3417 victimas
972 3349 1144 3403 aliena
1171 3364 1323 3415 caro,
1347 3362 1446 3419 per
1485 3346 1844 3402 obedientiam
1871 3359 2001 3401 vero

417 3440 674 3501 voltmtas
716 3441 940 3512 propria
987 3445 1272 3494 mactatur.
1339 3437 1511 3493 Tanto
1560 3436 1725 3507 igitur
1773 3436 2003 3506 quisque

422 3528 602 3588 Deum
621 3531 784 3587 citius
805 3530 1006 3602 placat,
1022 3539 1224 3600 quanto
1241 3537 1369 3584 ante
1391 3525 1509 3597 ejus
1525 3528 1734 3593 oculos,
1751 3540 2002 3597 repressa

422 3621 640 3678 arbitrii
687 3622 771 3677 sui
813 3622 1086 3692 superbia,
1108 3621 1289 3692 gladio
1334 3619 1591 3691 praecepti
1637 3633 1697 3674 se
1740 3617 1999 3675 immolat.

425 3713 698 3781 Quoniam
744 3722 932 3768 Contra
989 3712 1252 3767 ariolandi
1306 3720 1590 3782 peccatum
1637 3708 2004 3766 inobcdientia

424 3806 650 3870 dicitur,
677 3813 738 3858 ut
766 3812 966 3873 quanta
995 3805 1068 3859 sit
1103 3802 1277 3859 virtus
1318 3802 1627 3858 obedientia
1668 3801 2004 3858 demonstre-

421 3908 540 3962 tur,
572 3912 638 3951 ex
667 3897 892 3952 adverso
925 3911 1055 3967 ergo
1081 3896 1270 3952 melius
1296 3895 1598 3975 ostenditur
1619 3895 1749 3965 quid
1787 3895 1854 3949 de
1888 3893 2007 3963 eius

427 3986 590 4042 laude
618 3987 902 4042 sentiatur.
937 3985 993 4041 Si
1033 3987 1182 4042 enim
1224 3988 1377 4056 quasi
1407 3994 1690 4057 peccatum
1741 3984 2007 4049 ariolandi

423 4087 511 4132 est
540 4091 864 4147 repugnare,
886 4076 1001 4132 sola
1031 4085 1119 4132 est
1144 4091 1264 4146 quae
1305 4076 1430 4136 tldei
1467 4077 1720 4131 meritum
1745 4074 2004 4144 possidet,

424 4167 545 4220 sive
574 4179 679 4235 qua
713 4166 934 4234 {nisque
961 4164 1193 4220 infidelis
1214 4164 1572 4231 convincitur,
1591 4163 1802 4219 etiamsi
1832 4162 2009 4219 ﬁdelis

423 4272 554 4311 em
583 4256 843 4311 videatur.
892 4255 1029 4310 Hinc
1071 4270 1170 4326 per
1216 4253 1558 4310 Salomonem
1596 4255 1653 4309 in
1697 4254 2009 4309 ostensione

418 4347 755 4402 obedientia:
775 4347 977 4401 dicitur
999 4364 1012 4400 :
1044 4364 1063 4397 ι
1094 4344 1192 4400 Vir
1214 4345 1470 4401 obediens
1492 4344 1730 4414 loquitur
1751 4345 2009 4400 victorias

2100 3171 2196 3227 sed
2242 3170 2505 3241 provehi,
2557 3180 2706 3227 tanto
2763 3170 2974 3227 facilius
3019 3171 3088 3228 ab
3134 3188 3242 3228 una
3290 3173 3682 3246 restringeret,

2100 3272 2304 3332 quanto
2342 3262 2411 3318 ad
2440 3271 2666 3319 cunctas
2704 3264 2867 3321 latius
2906 3265 3198 3322 relaxaret.
3237 3264 3351 3323 Sed
3380 3255 3519 3336 quia.
3556 3283 3686 3323 non-

2102 3368 2378 3422 nunquam
2407 3353 2564 3410 nobis
2592 3353 2750 3423 huius
2772 3356 2959 3412 mundi
2986 3371 3270 3427 prospera,
3294 3371 3683 3428 nonnunquam

2100 3456 2230 3497 vero
2243 3443 2504 3513 iubentur
2521 3445 3058 3511 adversa,sciendum
3079 3460 3422 3518 summopere
3437 3456 3523 3504 est
3538 3448 3687 3517 quod

2102 3532 2405 3587 obedientia
2434 3533 2722 3604 aliquando
2747 3535 2795 3591 si
2820 3535 2886 3590 de
2912 3550 3016 3592 suo
3049 3535 3254 3607 aliquid
3292 3536 3511 3604 habeat,
3536 3538 3684 3593 nulla

2103 3631 2216 3688 est;
2243 3622 2534 3693 aliquando
2558 3626 2605 3681 si
2628 3625 2694 3682 de
2712 3641 2811 3682 suo
2832 3625 3037 3697 aliquid
3061 3642 3168 3683 non
3192 3627 3411 3693 habeat,
3435 3629 3678 3684 ntinima.

2106 3709 2243 3766 Nam
2280 3728 2404 3768 cum
2450 3712 2612 3782 huius
2638 3715 2827 3770 mundi
2863 3731 3148 3773 successus
3194 3717 3526 3786 praecipitur,
3555 3733 3680 3773 cum

2105 3798 2256 3855 locus
2283 3802 2530 3872 superior
2555 3803 2886 3873 imperatur,
2916 3805 2963 3861 is
2990 3806 3082 3874 qui
3105 3804 3173 3860 ad
3194 3805 3687 3881 percipienduduec

2106 3892 2309 3958 obcdit,
2333 3893 2657 3949 obedientia;
2693 3894 2793 3949 sibi
2827 3895 3082 3953 virtutem
3118 3903 3348 3951 evacuat
3383 3896 3433 3952 si
3471 3896 3541 3953 ad
3569 3897 3689 3953 hac

2107 3982 2274 4037 etiam
2299 3998 2366 4038 ex
2408 3983 2629 4053 proprio
2658 3984 2926 4040 desiderio
2963 3984 3202 4041 anhelat.
3236 3984 3425 4057 Neque
3452 3986 3598 4042 enim
3627 4003 3690 4043 se

2109 4074 2210 4128 sub
2236 4073 2545 4128 obedientia
2572 4073 2778 4143 dirigit,
2799 4075 2893 4144 qui
2914 4074 2982 4129 ad
3008 4074 3354 4145 percipienda
3380 4074 3542 4145 huius
3566 4077 3692 4131 vitae

2108 4182 2367 4239 prospera
2399 4165 2605 4221 libidini
2630 4167 2863 4236 propriae
2896 4168 3211 4225 ambitionis
3239 4169 3425 4225 servit.
3452 4168 3688 4224 Rursum

2111 4276 2232 4315 cum
2280 4259 2466 4315 mundi
2496 4258 2784 4328 despectus
2822 4259 3155 4329 przecipitnr,
3185 4273 3308 4317 cum
3335 4260 3534 4330 probra
3577 4261 3694 4315 adi-

2112 4350 2247 4422 pisci
2267 4359 2323 4406 et
2339 4349 2677 4405 contumelia:
2690 4349 2969 4419 iubentur,
2985 4349 3087 4409 nisi
3108 4349 3223 4404 haec
3242 4356 3298 4403 et
3316 4364 3383 4404 ex
3404 4349 3694 4421 semetipso

425 4436 620 4511 (Prov.
652 4437 788 4509 xxx).
823 4459 844 4491 ›
875 4439 972 4493 Vir
1020 4439 1215 4509 quippe
1258 4438 1516 4494 obediens
1562 4437 1800 4506 loquitur
1839 4436 2013 4491 victo-
2038 4432 2093 4493 D
2117 4442 2330 4497 animus
2348 4449 2587 4512 appetat,
2627 4440 2946 4496 obedientia:
2968 4441 3070 4497 sibi
3093 4440 3344 4496 meritum
3365 4440 3578 4507 minuit,
3598 4442 3693 4512 qui

429 4531 567 4595 rius,
595 4531 721 4599 quia
757 4529 883 4585 dum
908 4530 1096 4585 alienzr
1120 4530 1236 4584 voci
1260 4528 1535 4585 humiliter
1560 4528 1860 4593 subdimur,
1890 4542 2011 4583 nos«

428 4623 697 4690 metipsos
739 4622 793 4676 in
846 4623 1007 4677 corde
1053 4637 1404 4691 superamus;
1454 4622 1582 4676 hinc
1626 4622 1681 4675 in
1723 4620 2013 4692 Evangelio

433 4712 650 4766 Veritas
697 4712 865 4767 dicit:
894 4732 913 4764 ς
949 4712 1083 4766 Eum
1111 4714 1203 4782 qui
1247 4714 1396 4768 venit
1428 4712 1497 4768 ad
1535 4728 1620 4767 me
1653 4728 1760 4767 non
1799 4710 2014 4781 eiiciam

433 4804 620 4867 funis,
647 4805 772 4873 quia
821 4807 889 4860 de
934 4805 1072 4861 caelo
1109 4805 1395 4872 descendi,
1424 4821 1533 4861 non
1583 4815 1644 4861 ut
1677 4805 1872 4862 faciam
1920 4821 2016 4860 vo-

433 4894 698 4947 luntatem
744 4910 958 4962 nicum,
1015 4896 1109 4951 sed
1161 4896 1492 4951 voluntatem
1539 4895 1656 4964 eius
1712 4896 1805 4965 qui
1869 4893 2018 4948 misit

435 5001 524 5037 me
576 4983 764 5053 (Joun.
818 4986 975 5058 γι).›
1032 4988 1170 5055 Quid
1218 4989 1410 5055 enim,
1457 4989 1502 5043 si
1556 5003 1709 5042 suam
1765 4986 2010 5052 faceret,

431 5091 530 5129 eos
595 5076 687 5144 qui
753 5077 820 5133 ad
864 5094 926 5133 se
980 5080 1200 5134 veniunt
1258 5081 1577 5150 repulisset?
1636 5079 1767 5146 Quis
1830 5088 2012 5133 autem

432 5168 649 5221 tit-sciat
688 5178 832 5238 quod
870 5169 1120 5226 voluntas
1163 5171 1282 5226 Filii
1309 5188 1340 5225 a
1370 5170 1549 5226 Patris
1588 5171 1866 5224 voluntate
1905 5184 2017 5223 non

430 5258 746 5327 discrepet?
785 5258 890 5314 Sed
934 5262 1188 5331 quoniam
1240 5263 1449 5333 primus
1500 5262 1684 5327 homo,
1727 5260 1819 5329 qui
1861 5275 2015 5315 suam

432 5349 773 5405 voluntatem
800 5351 979 5407 facere
1004 5353 1251 5419 voluit,a
1292 5354 1487 5424 gaudio
1527 5353 1766 5422 paradisi
1813 5352 2012 5417 exivit;

432 5441 713 5495 secundus
741 5441 808 5495 ad
849 5443 1270 5513 redemptionem
1298 5445 1576 5500 hominum
1607 5445 1827 5499 veniens
1847 5486 1861 5509 ,
1891 5445 2017 5499 dum

434 5527 774 5584 voluntatem
815 5547 874 5585 se
910 5530 1088 5587 Patris
1108 5573 1123 5598 ,
1152 5543 1204 5587 et
1237 5550 1343 5588 non
1373 5549 1525 5588 suam
1552 5533 1731 5589 facere
1760 5533 2016 5597 ostendit,

434 5633 762 5687 permanere
789 5637 889 5677 nos
928 5624 1071 5679 intus
1096 5624 1298 5679 docuit.
1314 5623 1459 5701 .Cum
1478 5625 1653 5696 igitur
1695 5640 1800 5679 non
1841 5639 2017 5685 suam,

2115 4533 2183 4588 ad
2207 4549 2271 4587 ea
2299 4548 2419 4602 qua:
2447 4532 2501 4587 in
2530 4533 2632 4587 hac
2661 4532 2768 4586 vita
2806 4533 3058 4602 despecta
3088 4539 3216 4587 sunt
3240 4529 3447 4587 invitus
3478 4530 3696 4586 nolens-

2116 4641 2221 4695 que
2261 4627 2555 4682 descendit.
2594 4626 2677 4681 Ad
2728 4626 3111 4681 detrimentum
3148 4626 3347 4695 quippe
3386 4624 3696 4681 obedientia

2115 4717 2351 4784 ducitur,
2383 4733 2508 4773 cum
2537 4712 2773 4773 mentem
2815 4718 2885 4772 ad
2923 4718 3266 4787 suscipienda
3306 4719 3505 4788 probra
3535 4718 3697 4789 huius

2116 4806 2296 4863 suaculi
2345 4822 2686 4878 nequaquam
2714 4821 2782 4862 ex
2806 4816 2959 4878 parte
3004 4807 3184 4878 aliqua
3223 4809 3393 4863 etiam
3427 4823 3525 4864 sua
3567 4817 3695 4863 vota

2117 4899 2465 4954 comitantur.
2497 4898 2666 4954 Debet
2692 4913 2822 4968 ergo
2848 4898 3154 4953 obedientia
3188 4908 3245 4954 et
3276 4899 3334 4954 in
3359 4898 3605 4954 adversis
3628 4914 3697 4953 ex

2118 5005 2217 5044 suo
2254 4989 2457 5059 aliquid
2499 4990 2719 5055 habere,
2752 4999 2808 5044 et
2834 5002 3052 5044 rursum
3092 4989 3146 5043 in
3178 4989 3457 5060 prosperis
3492 5003 3559 5043 ex
3599 5004 3700 5044 suo

2119 5080 2321 5149 aliquid
2344 5078 2653 5134 omnimodo
2676 5094 2783 5133 non
2809 5078 3006 5135 habere
3032 5097 3046 5133 :
3070 5087 3339 5150 quatenus
3355 5088 3415 5134 et
3434 5081 3488 5135 in
3511 5081 3701 5135 adver-

2121 5171 2197 5226 sis
2227 5177 2377 5224 tanto
2406 5169 2477 5225 sit
2505 5169 2809 5240 gloriosior,
2843 5179 3047 5239 quanto
3073 5170 3255 5226 divino
3294 5171 3486 5225 ordine
3530 5170 3695 5225 etiam

2122 5274 2186 5313 ex
2217 5258 2487 5314 desiderio
2519 5255 2800 5327 iungitur;
2834 5269 2891 5314 et
2919 5259 2975 5313 in
2997 5259 3274 5328 prosperis
3310 5266 3462 5313 ωηω
3500 5259 3577 5313 sit
3604 5272 3699 5309 ve—

2127 5347 2259 5412 rior,
2289 5355 2490 5416 quanto
2515 5363 2546 5401 a
2569 5348 2826 5415 praesenti
2864 5331 3000 5417 ipsa,
3028 5362 3193 5417 quam
3228 5340 3484 5403 divinitus
3523 5345 3699 5414 perci-

2124 5439 2224 5508 pit,
2251 5437 2420 5509 gloria
2445 5436 2688 5492 funditus
2711 5438 2919 5493 interea
2949 5448 3251 5508 separatur.

2203 5549 2220 5580 ι
2260 5528 2510 5596 Dixitque
2540 5526 2669 5583 Saul
2705 5528 2772 5583 ad
2803 5527 3026 5584 Samuel
3058 5543 3074 5582 :
3101 5526 3362 5591 Peccavi,
3398 5525 3523 5594 quia
3561 5535 3700 5593 prae-

2132 5643 2150 5675 (
2183 5624 2454 5677 varicatus
2492 5637 2613 5677 sum
2658 5636 2963 5677 seruitutem
3006 5618 3252 5686 Domini,
3293 5625 3347 5671 et
3382 5614 3546 5670 verba
3583 5624 3697 5682 tua.
