4010 6194
387 289 448 342 Π
1020 292 1080 345 Β.
1124 293 1375 348 [MBAN]
1416 293 1634 348 MAURI
1673 293 1988 350 ARCIIIEP.
2029 292 2336 351 MOGUNT.
2377 294 2661 353 OPERUM
2696 296 2875 355 PARS
2915 299 2955 354 I.
3554 303 3621 360 48

383 426 400 456 r
431 405 636 472 timens
653 403 926 475 populum,
949 413 1003 460 et
1024 405 1282 462 obedicns
1303 404 1418 459 voci
1440 420 1648 460 eorum.
1679 405 1785 460 Sed
1809 421 1948 462 nunc
1977 417 2023 476 Α
2053 417 2136 461 rat
2171 408 2486 473 amissurus,
2515 408 2730 464 Christo
2757 409 2884 464 Jesu
2915 407 3140 464 Domino
3166 417 3352 465 nostro
3379 424 3477 480 per
3510 412 3620 468 No-

381 517 400 548 ι
437 505 622 566 porta,
658 513 872 566 quaeso,
899 507 1182 566 peccatum
1213 512 1390 552 meum
1409 537 1424 562 ,
1453 507 1509 552 et
1537 507 1810 553 revertere
1837 513 1949 554 me—

380 606 395 636 ι
432 602 578 652 cum,
611 595 666 640 ut
689 587 907 646 adorem
930 587 1236 643 Dominum.
1263 587 1329 642 Et
1351 588 1428 644 ait
1447 587 1666 646 Samuel
1685 591 1754 645 ad
1775 588 1908 644 Saul
1932 607 1943 642 :

377 695 394 727 ς
431 675 548 731 Non
573 687 816 732 revertar
841 687 1036 742 tecum,
1063 679 1188 746 quia
1209 678 1485 749 projecisti
1513 695 1818 734 sermonem
1844 681 1947 736 Do-

376 786 392 815 ι
433 767 595 830 mini;
637 776 691 821 et
731 767 959 837 projecit
1000 777 1052 824 te
1101 769 1359 825 Dominus
1407 785 1477 826 ne
1521 772 1597 826 sis
1643 788 1735 827 rex
1786 787 1949 842 super

375 877 394 906 ι
429 857 612 913 Israel.
655 876 672 908 ι
706 857 940 926 Corripit
963 859 1224 928 propheta
1251 876 1431 931 regem
1458 876 1557 930 pro
1582 861 1945 918 inobedientia

373 965 473 1018 qua
512 949 721 1006 Domini
753 950 1067 1006 mandatum
1098 952 1314 1022 explere
1348 967 1456 1008 non
1487 953 1728 1020 curavit,
1755 954 1947 1024 praedi-

370 1043 548 1111 citque
577 1058 699 1096 eum
743 1057 974 1112 regnum
1006 1044 1362 1110 amissurum,
1403 1046 1530 1114 quia
1568 1045 1945 1100 certitudinem

369 1134 741 1190 mandatorum
780 1134 877 1190 Dei
909 1137 1060 1205 sequi
1091 1136 1282 1192 noluit.
1318 1138 1384 1191 Et
1417 1138 1613 1192 merito
1643 1137 1731 1194 ille
1760 1139 1827 1193 de
1851 1154 1946 1208 po-

367 1224 576 1278 testatis
601 1224 841 1282 culmine
861 1224 1130 1294 abiiCitur,
1155 1226 1246 1295 qui
1270 1227 1371 1281 rite
1399 1242 1624 1298 regnum
1646 1234 1831 1282 tenere
1853 1244 1946 1282 ne-

366 1319 486 1374 scit.
519 1319 638 1390 Ipse
667 1320 814 1375 enim
844 1321 1084 1391 regimen
1113 1322 1217 1376 rite
1248 1330 1428 1385 tenet,
1459 1322 1551 1392 qui
1583 1336 1640 1376 se
1677 1322 1942 1391 superiori

365 1427 462 1480 per
492 1411 854 1468 humilitatem
878 1413 944 1468 ad
973 1413 1329 1468 obediendum
1359 1414 1595 1484 subjicit,
1623 1422 1677 1468 et
1703 1412 1941 1468 inferiori

363 1517 461 1569 per
497 1503 875 1560 auctoritatem
914 1503 982 1558 ad
1027 1504 1328 1558 docendum
1373 1504 1668 1574 anteponit.
1709 1503 1766 1557 Si
1797 1504 1942 1571 enim

363 1593 492 1648 Saul
530 1593 626 1648 Dei
653 1594 926 1652 mandatis
950 1594 1214 1658 obediret,
1245 1594 1350 1649 rite
1370 1595 1566 1664 populo
1592 1602 1868 1664 praeesset.

435 1705 456 1738 ι
496 1685 563 1740 Et
595 1700 892 1742 conversus
927 1695 1010 1742 est
1053 1686 1270 1740 Samuel
1308 1695 1368 1741 ut
1402 1688 1606 1753 abiret,
1640 1687 1727 1742 ille
1760 1695 1938 1740 autem

368 1796 384 1826 ι
419 1776 779 1846 apprehendit
809 1777 1174 1832 summitatem
1202 1777 1347 1846 pallii
1379 1776 1517 1847 ejus,
1541 1792 1662 1846 quae
1689 1784 1746 1832 et
1771 1777 1939 1832 scissa
1968 1762 2015 1822 Β

367 1888 382 1916 ι
417 1877 518 1922 est.
563 1867 630 1921 Et
667 1867 746 1922 ait
785 1866 852 1921 ad
897 1881 1021 1920 eum
1063 1865 1322 1922 Samuel:
1356 1867 1528 1922 Scidit
1565 1867 1822 1922 Dominus
1851 1881 1938 1922 re-

365 1978 386 2008 ο
419 1974 582 2028 gnum
623 1957 788 2018 Israel
826 1972 862 2012 a
897 1965 950 2012 te
985 1957 1184 2023 hodie,
1207 1967 1262 2013 et
1290 1958 1512 2013 tradidit
1539 1958 1666 2012 illud
1697 1960 1942 2029 proximo

365 2071 388 2100 ι
424 2059 514 2106 tuo
543 2051 752 2106 meliori
782 2059 855 2106 te.
892 2071 910 2103 ι
947 2051 1084 2107 Nota
1126 2053 1480 2124 mysterium,
1524 2053 1669 2122 quod
1705 2054 1847 2107 sicut
1887 2053 1940 2105 in

357 2145 610 2212 passione
632 2143 843 2199 Domini
867 2144 1102 2214 pontifex
1129 2145 1511 2200 vestimentum
1535 2144 1694 2199 scidit
1725 2144 1937 2215 (Matth.

357 2233 519 2304 xxvi)
543 2275 556 2296 ,
593 2235 670 2290 ita
693 2249 761 2289 ex
793 2249 890 2289 rex
933 2233 1060 2290 Saul
1089 2244 1294 2290 vestem
1325 2236 1602 2306 prophetae
1630 2248 1774 2290 nunc
1799 2237 1942 2290 scin—

360 2327 486 2379 dere
515 2325 862 2381 describitur.
893 2325 999 2382 Per
1026 2335 1314 2396 utramque
1337 2327 1481 2380 enim
1511 2334 1859 2396 potestatem,
1887 2335 1943 2380 et

355 2416 590 2487 regalem
617 2416 868 2472 videlicet
897 2431 964 2472 ac
991 2417 1403 2483 sacerdotalem,
1437 2419 1628 2474 seissio
1652 2421 1944 2474 vestimen-

356 2516 532 2564 torum
562 2507 704 2566 faeta
732 2519 816 2565 est
848 2527 861 2562 :
890 2519 951 2565 ut
981 2510 1383 2566 demonstretur
1411 2511 1759 2567 stabilitatem
1788 2510 1940 2583 regni

356 2615 451 2655 seu
481 2601 772 2656 sacerdotii
809 2601 864 2655 in
894 2601 1092 2671 populo
1129 2600 1434 2658 Iudaeorum
1467 2604 1582 2659 fieri
1619 2621 1724 2659 non
1758 2620 1937 2674 posse,

355 2690 446 2757 qui
488 2703 678 2746 verum
715 2705 902 2760 regem
937 2699 992 2746 et
1033 2692 1371 2748 sacerdotem
1409 2693 1478 2747 ad
1517 2709 1577 2749 se
1608 2694 1938 2757 venientem,

359 2781 646 2838 Dominum
675 2781 928 2838 videlicet
952 2781 1252 2849 Christum,
1283 2785 1525 2856 recipere
1559 2785 1867 2840 noluerunt.

434 2893 451 2923 ι
487 2873 656 2929 Porro
681 2874 1048 2944 triumphator
1073 2875 1126 2930 in
1153 2875 1318 2931 Israel
1345 2892 1450 2931 non
1477 2887 1664 2946 parcet
1686 2886 1740 2932 et
1765 2878 1938 2946 pumi-

360 2984 377 3016 ‹
418 2965 601 3021 tudine
632 2982 737 3022 non
765 2966 1032 3022 ﬂectetur.
1058 2967 1244 3038 Neque
1273 2969 1418 3023 enim
1443 2971 1606 3024 homo
1626 2979 1710 3025 est
1731 2978 1789 3023 ut
1817 2977 1941 3039 agat

352 3061 752 3130 puuaitenti'am,
773 3071 880 3118 etc.
921 3082 940 3114 ι
977 3064 1363 3134 Triumphator
1392 3065 1444 3118 in
1483 3063 1650 3119 Israel
1680 3064 1936 3119 Dominus

354 3162 467 3219 est,
497 3155 583 3208 cui
605 3155 790 3210 somnis
825 3155 1056 3211 victoria
1091 3164 1236 3211 recte
1264 3157 1573 3222 ascribitur,
1607 3156 1729 3225 quia
1763 3166 1934 3210 muta-

354 3244 476 3299 bilis
523 3261 627 3299 uon
673 3254 783 3307 est,
827 3246 921 3300 sed
958 3247 1252 3301 secundum
1277 3246 1544 3316 justitiam
1579 3253 1633 3299 et
1657 3246 1940 3300 veritatem

355 3335 608 3390 miiversa
634 3333 912 3403 dijudicat.
937 3334 1244 3391 Notandum
1273 3346 1453 3391 autem
1478 3337 1618 3405 quod
1643 3337 1748 3390 alia
1775 3335 1940 3392 editio

355 3425 520 3481 habet
549 3444 572 3478 εκ
601 3445 618 3476 ε
654 3425 770 3481 Non
799 3436 1061 3494 revertar,
1095 3427 1270 3496 inquit
1297 3427 1532 3491 Samuel,
1574 3435 1774 3491 tecum,
1814 3428 1940 3498 quia

359 3535 378 3567 σ
413 3517 917 3584 ερτρῖ·ἰειὶ·γει’ὶ›υπι
951 3517 1196 3582 Domini,
1227 3525 1284 3573 et
1327 3518 1535 3586 spernit
1565 3526 1618 3573 te
1659 3518 1939 3583 Dominus,

359 3627 386 3658 ι-
414 3622 484 3662 ne
501 3607 586 3662 .sis
607 3623 698 3662 rex
723 3623 885 3678 super
904 3609 1090 3664 Israel.
1120 3609 1185 3662 Et
1206 3610 1476 3664 convertit
1505 3607 1718 3664 Samuel
1746 3610 1938 3663 faciem

359 3718 389 3749 ι
417 3713 570 3756 suam
593 3707 656 3754 ut
681 3700 877 3765 abiret,
903 3707 959 3754 et
980 3701 1155 3755 tenuit
1181 3699 1315 3754 Saul-
1356 3700 1636 3770 pinnulam
1668 3699 1939 3770 diploidis,

359 3814 384 3844 ι
414 3802 470 3846 ot
491 3794 723 3863 disrupit
746 3807 886 3848 eam.
915 3794 980 3847 Et
1004 3793 1139 3847 dixit
1161 3793 1225 3847 ad
1249 3807 1371 3848 eum
1403 3791 1619 3847 Samuel
1657 3810 1668 3844 :
1701 3791 1944 3861 Disrupit

359 3902 377 3934 ι
415 3883 674 3938 Dominus
698 3899 925 3954 regnum
953 3883 1117 3938 Israel
1144 3884 1208 3938 de
1236 3899 1396 3938 manu
1427 3892 1515 3937 tua
1543 3883 1732 3945 hodie,
1767 3892 1821 3936 et
1847 3882 1940 3936 da-

359 3991 382 4022 c
415 3971 496 4025 bit
520 3972 767 4040 proximo
795 3980 888 4028 tuo
911 3972 1054 4026 bono
1089 3987 1250 4042 super
1278 3981 1349 4026 te.
1383 3972 1451 4026 Et
1477 3973 1748 4027 dividetur
1775 3970 1944 4025 Israel

359 4083 377 4113 ι
417 4063 623 4127 induo,
657 4072 714 4117 et
741 4077 844 4117 non
873 4071 1245 4129 convertetur,
1276 4077 1454 4133 neque
1479 4063 1764 4133 paenitebit
1792 4078 1936 4129 eum,

359 4175 377 4205 ι
416 4156 673 4223 quoniam
712 4171 820 4210 non
851 4163 940 4210 est
978 4156 1122 4210 sicut
1154 4154 1350 4219 homo,
1393 4163 1454 4208 ut
1491 4154 1751 4222 pmniteat
1780 4169 1936 4220 eum;

359 4267 376 4295 ι
418 4247 534 4315 ipse
557 4246 818 4312 minatur,
845 4255 898 4300 et
927 4261 1032 4301 non
1062 4255 1362 4314 permanet.
1401 4265 1419 4296 ι
1457 4245 1563 4318 (Ex
1599 4245 1940 4317 Augustino.)

353 4338 457 4392 Iste
494 4339 578 4392 cui
615 4337 814 4392 dicitur
846 4356 858 4391 :
900 4357 918 4389 ι
962 4338 1180 4408 Spernit
1219 4344 1271 4391 te
1307 4337 1598 4399 Dominus,
1627 4352 1692 4390 ne
1730 4337 1804 4390 sis
1843 4351 1937 4390 rex

2045 517 2171 557 vum
2211 503 2612 558 Testamentum
2651 518 2759 557 non
2807 502 3128 567 carnaliter,
3175 503 3268 557 sed
3309 503 3626 572 spiritaliter

2046 604 2360 666 regnatura.
2408 595 2484 650 De
2527 609 2636 665 quo
2673 595 2798 650 dum
2840 595 3036 650 dicitur
3075 610 3089 647 :
3139 612 3158 646 ‹
3205 593 3274 648 Et
3313 594 3461 649 dabit
3493 594 3626 648 illud

2045 687 2292 756 proximo
2330 697 2454 750 tuo,
2493 706 2512 736 ν
2545 686 2612 739 ad
2644 685 2824 740 carnis
2862 683 3234 755 cognationem
3274 682 3328 736 id
3366 682 3622 738 refertur.

2043 779 2122 832 Ex
2153 777 2314 832 Israel
2350 778 2492 831 enim
2523 776 2772 831 Christus
2803 776 3097 831 secundum
3125 788 3366 839 carnem,
3391 776 3533 830 unde
3569 785 3627 829 et

2047 867 2192 922 Saul.
2225 867 2376 934 Quod
2403 881 2534 921 vero
2557 867 2796 921 additum
2823 873 2928 930 est,
2964 883 2982 915 ‹
3019 864 3160 919 bono
3187 877 3350 933 super
3373 871 3448 930 te,
3487 882 3508 915 ι
3533 879 3624 933 po-

2046 968 2152 1014 test
2178 961 2394 1028 quidem
2421 959 2668 1029 intelligi,
2707 979 2726 1009 ‹
2757 957 2965 1013 meliori
2996 966 3076 1023 te;
3117 976 3136 1009 ι
3165 972 3290 1011 nam
3321 964 3376 1011 et
3403 956 3624 1026 quidam

2045 1053 2123 1107 sic
2145 1061 2272 1106 sunt
2293 1051 2652 1122 interpretati.
2678 1048 2784 1104 Sed
2805 1049 2995 1104 melius
3020 1049 3099 1104 sic
3125 1048 3405 1118 accipitur,
3435 1066 3454 1098 ‹
3483 1047 3623 1100 bono

2046 1157 2207 1213 super
2239 1153 2308 1203 te,
2341 1161 2358 1192 ι
2391 1151 2452 1195 ut
2486 1142 2610 1212 quia
2642 1141 2731 1195 ille
2759 1142 2930 1196 bonus
2957 1149 3070 1205 est,
3105 1140 3224 1195 ideo
3257 1140 3328 1194 sit
3355 1153 3518 1209 super
3548 1148 3620 1201 te,

2039 1235 2193 1306 juxta
2231 1234 2362 1286 illud
2391 1232 2532 1287 aliud
2561 1221 2930 1302 propheticum
2960 1249 2975 1284 :
3009 1251 3027 1282 ε
3065 1231 3246 1285 Donec
3283 1244 3478 1299 ponam
3506 1244 3621 1282 mu-

2045 1342 2142 1381 nes
2170 1327 2418 1380 inimicos
2457 1333 2576 1379 tuos
2605 1325 2703 1379 sub
2730 1323 2954 1392 pedibus
2991 1323 3094 1377 tuis
3133 1320 3304 1392 (Paul.
3343 1322 3471 1384 ους),
3516 1337 3534 1370 ι
3567 1320 3620 1372 in

2046 1417 2244 1486 quibus
2270 1424 2423 1471 estet
2447 1415 2632 1479 Israel,
2661 1417 2745 1468 cui
2776 1430 2875 1468 suo
2901 1413 3233 1483 persecutori
3252 1426 3473 1482 regnum
3496 1410 3622 1464 abs-

2045 1509 2165 1562 tulit
2193 1507 2463 1569 Christus,
2513 1506 2760 1575 quamvis
2791 1504 2953 1558 fuerit
2983 1504 3092 1558 illic
3119 1513 3172 1559 et
3202 1521 3222 1554 ς
3255 1502 3518 1563 Israelita,
3568 1501 3622 1553 in

2042 1614 2153 1668 quo
2179 1598 2332 1653 dolus
2363 1613 2469 1652 non
2499 1605 2618 1651 erat
2644 1595 2823 1667 (Joan.
2857 1595 2918 1666 ι),
2949 1614 2968 1646 ι
2999 1594 3267 1664 quoddam
3292 1591 3621 1646 frumentum

2044 1691 2195 1760 quasi
2226 1689 2435 1743 illarum
2464 1687 2763 1758 palearum.
2791 1685 2926 1739 Nam
2954 1686 3140 1754 utique
3159 1685 3286 1738 inde
3311 1690 3466 1738 erant
3486 1697 3620 1752 apo-

2043 1782 2163 1837 stoli
2185 1823 2199 1847 ,
2231 1782 2356 1836 inde
2381 1789 2460 1835 tot
2489 1791 2755 1850 martyres
2776 1819 2792 1845 ,
2823 1794 3051 1848 quorum
3081 1779 3288 1849 primus
3316 1776 3627 1847 Stephanus

2043 1871 2180 1943 (Act.
2215 1871 2348 1941 vn);
2390 1871 2514 1925 inde
2539 1879 2621 1924 tot
2649 1869 2926 1933 Ecclesiae,
2958 1883 3092 1938 quas
3121 1869 3395 1938 apostolus
3424 1867 3624 1921 Paulus

2042 1971 2466 2029 commemorat,
2513 1963 2564 2017 in
2607 1963 2956 2018 conversione
2999 1960 3406 2031 magnificautes
3433 1959 3620 2014 Domi—

2042 2073 2190 2111 num.
2223 2058 2300 2112 De
2330 2072 2434 2126 qua
2473 2069 2535 2110 re
2579 2069 2686 2109 non
2726 2055 2911 2109 dubito
2939 2053 3338 2123 intelligendum
3367 2051 3509 2121 quod
3538 2065 3622 2103 se-

2041 2147 2242 2217 quitur,
2279 2165 2296 2197 c
2333 2147 2400 2200 Et
2429 2146 2696 2201 dividetur
2725 2144 2888 2200 Israel
2932 2144 2984 2198 in
3016 2143 3141 2199 duo.
3177 2161 3196 2194 ι
3230 2142 3286 2196 In
3315 2139 3479 2196 Israel
3511 2141 3620 2195 sci-

2042 2235 2168 2291 licet
2194 2237 2471 2291 inimicum
2511 2235 2760 2301 Christo,
2788 2243 2844 2290 et
2870 2234 3032 2289 Israel
3071 2234 3435 2288 adhzerentem
3465 2231 3621 2286 Chri—

2042 2334 2155 2391 sto;
2209 2327 2262 2380 in
2310 2326 2475 2381 Israel
2519 2327 2586 2381 ad
2631 2327 2919 2392 ancillam,
2970 2334 3027 2380 et
3069 2325 3235 2380 Israel
3280 2327 3347 2379 ad
3395 2324 3624 2378 liberam

2040 2417 2420 2486 pertinentem.
2461 2415 2598 2470 Nam
2642 2417 2743 2470 ista
2791 2416 2900 2471 duo
2945 2430 3143 2486 genera
3185 2416 3417 2485 primum
3460 2414 3626 2469 simul

2039 2515 2216 2571 erant,
2250 2506 2390 2561 velut
2417 2507 2689 2561 Abraham
2716 2506 2892 2561 adhuc
2918 2507 3157 2561 adhmret
3179 2505 3386 2561 ancilla:
3404 2546 3417 2570 ,
3449 2505 3621 2559 donec

2041 2597 2242 2652 sterilis
2288 2613 2386 2666 per
2432 2596 2632 2651 Christi
2689 2597 2917 2668 gratiam
2972 2596 3256 2652 fecundata
3299 2595 3557 2652 clamaret
3603 2609 3624 2647 ι

2045 2705 2063 2738 ι
2103 2687 2251 2755 Ejice
2274 2686 2523 2741 ancillam
2555 2696 2610 2740 et
2636 2686 2802 2740 ﬁlium
2834 2684 2950 2754 ejus
2979 2684 3131 2757 (Gen.
3157 2686 3300 2757 an).
3340 2705 3357 2738 ›
3389 2686 3616 2756 Propter

2038 2787 2321 2848 peccatum
2352 2778 2567 2846 quidem
2594 2776 2917 2842 Salomonis,
2940 2784 3206 2847 regnante
3233 2776 3342 2831 filio
3369 2775 3486 2845 ejus
3515 2775 3622 2830 Ro—

2039 2874 2223 2940 boam,
2249 2874 2452 2928 sei-mus
2477 2871 2645 2926 Israel
2670 2872 2723 2924 in
2753 2871 2861 2925 duo
2888 2869 3056 2925 fuisse
3083 2870 3334 2934 divisum,
3361 2877 3522 2938 atque
3545 2869 3622 2923 ita

2037 2980 2432 3038 perseverasse,
2453 2964 2776 3044 habentibus
2793 2963 3019 3034 singulis
3037 2963 3281 3033 partibus
3296 2977 3449 3032 reges
3469 2977 3628 3027 suos,

2039 3059 2212 3115 donec
2243 3058 2332 3112 illa
2362 3071 2492 3128 gens
2527 3063 2642 3110 tota
2684 3069 2714 3108 a
2740 3053 3004 3110 Chaldaais
3031 3061 3176 3109 esset
3203 3051 3406 3122 ingenti
3435 3060 3621 3105 vasta-

2041 3152 2185 3206 tione
2229 3147 2486 3204 suhversa
2537 3157 2700 3215 atque
2751 3145 3032 3200 translata.
3084 3143 3190 3198 Sed
3239 3143 3342 3198 hoc
3385 3143 3513 3212 quid
3553 3142 3628 3195 ad

2040 3242 2291 3307 Saulem,
2323 3254 2478 3300 cum,
2511 3238 2556 3293 si
2595 3236 2700 3292 tale
2737 3236 2950 3305 aliquod
2989 3234 3424 3290 comminandum
3454 3240 3628 3295 esset,

2040 3334 2141 3404 ipsi
2180 3331 2349 3386 David
2386 3329 2568 3398 potius
2609 3327 2772 3382 fuerit
2809 3325 3274 3389 comminandum,
3316 3321 3468 3391 cujus
3491 3324 3623 3376 'erat

2040 3423 2184 3477 ﬁlius
2211 3419 2503 3476 Salomon?
2531 3419 2811 3474 Postremo
2836 3432 2979 3472 nunc
3000 3417 3140 3471 inter
3160 3431 3217 3471 se
3239 3432 3372 3486 gens
3398 3415 3618 3470 "ODRBII

2039 3514 2209 3569 divisa
2240 3528 2345 3566 non
2379 3519 2491 3575 est,
2531 3511 2623 3565 sed
2664 3507 3032 3563 indill'erenter
3067 3507 3120 3560 in
3151 3505 3387 3575 ejusdem
3420 3504 3635 3558 erroris

2041 3606 2297 3660 societate
2322 3605 2561 3673 dispersa
2588 3617 2685 3673 per
2716 3610 2904 3655 terras.
2941 3599 3140 3654 Divisio
3171 3614 3293 3652 vero
3322 3598 3432 3662 illa,
3458 3613 3621 3666 quam

2043 3699 2187 3751 Deus
2217 3696 2315 3751 sub
2347 3711 2576 3765 persona
2611 3693 2787 3747 Saulis
2816 3692 2959 3745 illius
2997 3691 3146 3760 regni
3185 3698 3239 3743 et
3267 3687 3447 3758 populi
3489 3687 3626 3758 tign-

2041 3804 2157 3843 ram
2201 3788 2438 3858 gerentis
2479 3786 2649 3840 eidem
2687 3798 2851 3854 regno
2893 3781 3195 3851 populoque
3230 3780 3465 3834 minatus
3514 3788 3630 3845 est,

2041 3889 2242 3936 aeterna
2283 3891 2446 3950 atque
2492 3876 2841 3933 immutabilis
2879 3875 3176 3945 signiﬁcata
3220 3883 3322 3929 est.
3367 3873 3472 3928 Per
3519 3875 3625 3928 hoc

2040 3969 2353 4040 adjunctum
2380 3978 2463 4024 est
2494 3987 2506 4022 :
2543 3987 2560 4020 ‹
2611 3967 2678 4021 Et
2709 3981 2814 4020 non
2854 3972 3218 4028 convertetur,
3250 3977 3423 4032 neque
3448 3963 3625 4032 poeni-

2042 4061 2177 4116 tebit
2205 4075 2350 4125 cum,
2381 4060 2640 4130 quoniam
2669 4071 2775 4110 non
2801 4065 2884 4111 est
2907 4055 3045 4110 sicut
3074 4054 3251 4116 homo,
3277 4061 3336 4107 ut.
3357 4053 3630 4124 pteniteat

2043 4170 2165 4208 cum
2199 4171 2212 4206 :
2246 4152 2360 4222 ipse
2384 4152 2620 4204 minatur
2649 4157 2702 4202 et
2731 4156 3047 4216 permanet;
3085 4166 3104 4197 ι
3130 4146 3183 4200 id
3210 4153 3316 4211 est,
3341 4147 3504 4200 homo
3529 4147 3638 4200 tui-

2042 4252 2219 4304 natur,
2249 4247 2304 4292 Cl
2331 4253 2436 4292 IIOII
2467 4245 2773 4306 permanet;
2803 4251 2908 4288 non
2941 4243 3120 4288 autem
3145 4232 3304 4299 Deus,
3331 4247 3489 4303 quem
3509 4249 3616 4288 IIOT]

2043 4333 2269 4404 pmnitet
2297 4330 2437 4384 sicut
2471 4327 2762 4380 hominem.
2798 4325 2899 4380 Ubi
2928 4325 3072 4378 enim
3101 4323 3295 4394 legitur
3329 4324 3468 4394 quod
3509 4336 3632 4390 ptr-

352 4444 514 4498 super
541 4427 735 4494 Israel,
771 4435 826 4484 et
862 4428 1094 4498 disrupit
1128 4429 1386 4483 Dominus
1424 4444 1647 4500 regnum
1680 4428 1746 4481 ab
1773 4427 1936 4482 Israel
1962 4464 2015 4523 Β
2045 4425 2211 4477 niteat
2245 4435 2365 4474 eum
2387 4459 2401 4482 ,
2432 4417 2657 4471 mutatio
2693 4432 2873 4472 rerum
2909 4413 3266 4485 signiﬁcatur,
3298 4414 3621 4469 immutabili

353 4518 419 4571 de
445 4534 604 4572 manu
641 4527 730 4572 tua
764 4519 946 4583 hodie,
976 4540 991 4567 ι
1019 4519 1370 4588 quadraginta
1401 4519 1642 4589 regnavit
1668 4517 1824 4570 annis
1849 4533 1935 4570 su-

355 4625 450 4676 per
490 4609 675 4673 lsrael,
707 4617 858 4662 tanto
894 4609 1101 4662 scilicet
1127 4608 1386 4676 temporis
1416 4608 1614 4677 spatio,
1650 4615 1851 4675 quanto
1879 4613 1934 4660 et

355 4701 468 4768 ipse
501 4700 688 4766 David,
717 4707 772 4754 et
801 4700 1006 4754 audivit
1031 4700 1134 4753 hoc
1157 4699 1334 4768 primo
1365 4697 1604 4768 tempore
1633 4699 1782 4768 regni
1814 4699 1896 4753 sui
1915 4715 1942 4766 ;,

354 4791 714 4862 intelligamus
759 4791 880 4845 ideo
924 4791 1126 4845 dictum
1151 4789 1278 4858 quia
1304 4790 1480 4844 nullus
1519 4791 1584 4844 de
1622 4787 1736 4856 ejus
1766 4791 1933 4858 stirpe

353 4881 532 4937 fuerat
558 4889 900 4953 regnaturus,
929 4890 984 4935 et
1009 4880 1363 4950 respiciamus
1389 4883 1456 4934 ad
1485 4881 1709 4949 stirpem
1741 4880 1929 4943 David,

351 4973 496 5027 unde
533 4979 760 5027 exortus
787 4982 871 5025 est
912 4971 1206 5026 secundum
1237 4985 1453 5025 carnem
1500 4991 1517 5021 ο
1555 4969 1813 5026 Mediator
1839 4973 1934 5026 Dei

351 5073 406 5118 et
431 5064 745 5126 hominum,
776 5072 831 5117 et
871 5064 1033 5119 homo
1061 5062 1310 5116 Christus
1348 5060 1506 5117 Iesus
1539 5062 1588 5133 (Ι
1623 5061 1757 5115 Tim.
1788 5063 1872 5135 ιι).
1910 5083 1928 5114 ι

352 5154 468 5208 Non
497 5163 676 5209 autem
706 5153 760 5206 in
802 5151 1080 5221 Scriptura
1104 5192 1118 5217 ,
1151 5152 1292 5221 quod
1334 5151 1386 5205 in
1418 5152 1690 5221 plerisque
1727 5152 1933 5206 Latinis

349 5243 646 5307 codicibus,
669 5243 868 5314 legitur
893 5261 906 5297 :
932 5263 949 5294 ι
979 5242 1221 5314 Disrupit
1241 5244 1502 5298 Dominus
1524 5259 1746 5314 regnum
1770 5242 1940 5296 Israel

347 5334 415 5386 de
444 5349 604 5388 manu
635 5341 723 5387 tua
748 5351 762 5398 ;
802 5353 821 5386 ι
855 5335 950 5389 sed
979 5335 1116 5389 sicut
1141 5351 1168 5389 a
1199 5336 1354 5390 nobis
1380 5336 1612 5404 positum
1638 5342 1720 5389 est
1747 5334 1930 5389 iuven-

352 5437 462 5479 tum
490 5425 542 5478 in
567 5423 774 5479 Grtecis
800 5443 812 5481 :
842 5445 858 5476 ς
891 5426 1129 5495 Disrupit
1151 5427 1409 5480 Dominus
1432 5441 1653 5493 regnum
1675 5426 1742 5478 ab
1767 5425 1930 5480 Israel

350 5521 416 5571 de
447 5535 604 5572 manu
635 5526 744 5584 tua,
777 5539 793 5570 ι
821 5526 875 5574 et
899 5519 1249 5589 intelligatur,
1277 5538 1296 5567 ‹
1322 5518 1387 5571 de
1411 5533 1569 5572 mauu
1600 5526 1709 5579 tua,
1743 5537 1759 5568 ι
1788 5520 1928 5587 quod

348 5618 462 5671 est,
500 5629 517 5659 ι
559 5611 627 5665 ab
655 5609 838 5664 Israel.
887 5628 904 5660 ι
947 5609 1003 5664 Ρσ
1026 5609 1134 5678 puli
1184 5624 1395 5677 quoque
1438 5607 1598 5662 Israel
1642 5623 1928 5677 personam

348 5702 578 5766 ﬁgurate
606 5704 828 5766 gerebat
857 5701 1016 5755 homo
1040 5701 1156 5754 istc.
1189 5699 1277 5764 qui
1308 5697 1534 5766 populus
1561 5713 1784 5768 regnum
1817 5697 1928 5750 fue-

2040 4511 2378 4583 przesrientia
2407 4517 2658 4563 manente
2687 4508 2886 4560 divina.
2929 4505 3028 4560 Ubi
3061 4519 3190 4576 ergo
3220 4519 3324 4559 non
3355 4505 3625 4573 paenitere

2040 4604 2258 4668 dicitur,
2287 4617 2391 4656 non
2413 4609 2622 4656 mutare
2652 4599 2987 4668 intelligitur.
3018 4597 3247 4652 Prorsus
3279 4595 3618 4651 insolubilem

2039 4692 2282 4747 videmus
2323 4707 2420 4762 per
2463 4690 2578 4744 haec
2626 4689 2788 4743 verba
2833 4687 3093 4758 prolatam
3149 4686 3404 4741 divinitus
3452 4685 3622 4740 fuisse

2041 4783 2364 4838 sententiam
2392 4782 2456 4836 de
2490 4781 2590 4835 ista
2620 4779 2880 4834 divisione
2916 4779 3095 4848 populi
3125 4777 3285 4832 Israel
3314 4787 3367 4832 et
3396 4777 3625 4831 omnino

2039 4882 2375 4945 perpetuam.
2418 4873 2733 4942 Quicunque
2781 4871 2921 4925 enim
2961 4872 3028 4925 ad
3069 4869 3342 4926 Christum
3387 4869 3631 4922 transie-

2038 4975 2184 5032 ruut,
2223 4965 2308 5020 vel
2339 4972 2642 5028 transeunt,
2676 4963 2758 5018 vel
2792 4964 3118 5029 transibunt,
3148 4961 3269 5016 inde
3298 4977 3406 5016 non
3436 4970 3617 5025 erant,

2034 5057 2157 5111 inde
2187 5054 2481 5110 secundum
2515 5053 2608 5107 Dei
2631 5052 3044 5122 prmscientiam,
3080 5066 3184 5104 non
3208 5049 3504 5104 secundum
3530 5063 3622 5116 ge-

2035 5147 2179 5201 neris
2216 5145 2435 5200 humani
2472 5159 2634 5197 unam
2675 5143 3028 5213 eamdemque
3066 5149 3335 5195 naturam.
3385 5138 3618 5193 Prorsus

2033 5240 2341 5309 quicunque
2372 5253 2436 5291 ex
2462 5235 2718 5291 Israelitis
2749 5235 3086 5289 adhaerentes
3120 5233 3336 5287 Christo
3364 5245 3616 5300 perseve~

2034 5336 2154 5383 rant
2183 5329 2234 5382 in
2263 5328 2383 5391 illo,
2417 5336 2688 5396 nunquam
2730 5333 2890 5380 erunt
2926 5340 3047 5380 cum
3077 5323 3334 5378 Israelitis
3371 5321 3461 5390 qui
3496 5321 3622 5390 ejus

2035 5418 2236 5472 inimici
2269 5419 2440 5486 usque
2477 5415 2528 5469 in
2567 5415 2727 5471 finem
2763 5416 2890 5469 vita:
2922 5414 3081 5484 hujus
3121 5427 3241 5467 esse
3279 5411 3575 5481 persistunt
3597 5427 3622 5475 ςν

2032 5506 2123 5560 sed
2159 5506 2211 5559 in
2241 5506 2502 5559 divisione
2532 5521 2653 5575 quae
2691 5506 2781 5560 hic
2813 5503 3164 5574 praenuntiata
3197 5510 3308 5569 est,
3352 5510 3618 5572 perpetuo

2031 5599 2438 5668 permanebunt.

2109 5715 2124 5744 σ
2166 5693 2416 5762 Dixitque
2447 5692 2665 5748 Samuel
2700 5712 2710 5745 :
2745 5691 3004 5766 Addueite
3036 5691 3100 5744 ad
3128 5706 3215 5746 me
3253 5690 3397 5759 Agag
3427 5701 3614 5758 regem
