4010 6194
350 386 415 442 ιο
1155 383 1508 444 COMMENT.
1545 387 1616 442 IN
1657 383 1904 442 LIBROS
1944 382 2013 438 IV
2052 385 2314 446 REGUM.
2355 421 2428 433 —
2462 392 2530 448 IN
2569 393 2696 451 LIB.
2735 397 2774 452 Ι.
2957 407 2960 412 ’
3528 405 3598 459 εςα

357 525 375 554 ι
414 500 649 556 Amalec.
682 499 752 554 Et
775 498 991 556 oblatus
1015 507 1100 554 est
1134 501 1186 556 ei
1225 501 1374 572 Agag
1414 501 1822 572 pinguissimus.
1863 497 1929 551 Et
1957 496 2004 556 A
2034 497 2236 566 malus;
2268 501 2314 556 si
2340 504 2531 568 malus,
2567 520 2663 559 cur
2689 508 2896 563 Domini
2917 507 3159 566 dicatur?
3183 511 3312 568 time
3339 520 3608 572 sententia

362 616 378 646 ι
415 593 548 648 dixit
574 592 727 662 Agag
758 609 770 643 :
802 589 1017 646 Siccine
1044 600 1260 661 separat
1299 608 1400 648 nos
1425 609 1612 648 amara
1651 593 1833 648 mors?
1861 593 1931 646 Et

361 707 377 736 ε
414 686 488 739 ait
527 683 748 738 Samuel
791 703 804 736 :
850 682 1002 737 Sicut
1041 681 1173 738 fecit
1208 684 1413 754 absque
1457 685 1642 740 liberis
1677 686 1929 742 mulieres

360 801 377 829 ι
411 779 616 849 gladius
643 786 800 842 tuus,
829 777 908 832 sic
935 778 1139 847 absque
1168 778 1354 834 liberis
1375 781 1481 834 erit
1513 781 1655 836 inter
1678 781 1928 837 mulieres

362 891 377 919 ι
414 877 582 922 mter
608 875 722 922 tua.
751 867 809 921 In
836 867 1009 922 frusta
1043 869 1278 924 concidit
1315 869 1532 925 Samuel
1559 871 1708 942 Agag
1743 887 1926 926 coram

357 982 374 1010 ‹
411 961 633 1017 Domino
673 959 728 1014 in
754 958 1025 1028 Galgalis,
1060 979 1080 1012 ι
1109 968 1214 1016 etc.
1245 960 1470 1028 Quando
1495 963 1679 1031 legunt
1705 964 1924 1031 quidam

354 1051 402 1104 in
432 1049 728 1119 Scripturis
755 1051 898 1119 quod
922 1052 1096 1106 sancti
1121 1051 1515 1108 nulli'hostium
1544 1064 1789 1124 parcant,
1814 1054 1923 1110 elli-

352 1142 562 1195 ciuntur
590 1141 872 1205 crudeles;
895 1150 952 1196 et
971 1143 1278 1197 humanum
1314 1145 1632 1213 sanguinem
1656 1145 1918 1211 sitientes,

351 1233 532 1286 dicunt
563 1250 576 1285 :
603 1232 740 1300 Quia
763 1231 974 1301 etjusti
1004 1235 1076 1288 ita
1103 1245 1485 1303 percusserunt
1507 1237 1708 1299 hostes,
1736 1247 1922 1292 utnon

351 1321 744 1390 relinqueretur
757 1324 825 1377 ab
838 1325 920 1378 eis
944 1323 1034 1392 qui
1073 1323 1253 1378 salvus
1284 1325 1455 1380 ﬁeret.
1489 1326 1558 1379 Et
1589 1341 1694 1382 non
1726 1327 1921 1381 intelli-

350 1422 471 1479 gnat
498 1412 554 1465 in
581 1411 669 1465 his
691 1412 872 1466 verbis
900 1413 1209 1468 obumbrari
1241 1416 1530 1484 mysteria;
1561 1425 1618 1470 et
1635 1417 1739 1472 hoc
1765 1419 1922 1474 nobis

351 1507 512 1576 magis
535 1507 766 1561 indicari
783 1547 799 1572 ,
834 1516 892 1560 ut
919 1517 1215 1578 pugnantes
1242 1509 1501 1564 adversus
1527 1510 1652 1563 vitia
1671 1551 1685 1575 ,
1715 1510 1919 1566 nullum

351 1600 555 1668 penitus
575 1615 644 1653 ex
674 1600 760 1654 his
785 1599 1090 1668 relinquere
1117 1600 1428 1664 debeamus,
1458 1599 1554 1656 sed
1581 1602 1763 1657 omnia
1787 1603 1922 1659 inte-

353 1689 556 1744 rimere.
591 1688 728 1743 Nam
764 1690 809 1744 si
838 1690 1240 1758 pepercerimus
1259 1730 1274 1755 ,
1298 1691 1439 1746 scire
1467 1691 1727 1748 debemus
1755 1708 1916 1762 repu-

347 1782 442 1834 tari
470 1781 628 1836 nobis
650 1782 702 1835 in
729 1780 907 1849 culpa,
938 1780 1076 1834 sicut
1102 1789 1408 1850 reputatum
1435 1790 1518 1837 est
1548 1780 1697 1848 Saul,
1718 1783 1808 1852 qui
1839 1783 1919 1838 vi-

2031 592 2240 647 duobus
2267 596 2444 649 verbis
2477 599 2864 666 comprehensa
2887 609 3002 665 est,
3045 610 3100 656 et
3134 603 3188 658 in
3223 605 3334 660 Deo
3367 615 3606 676 potestas

2028 681 2187 750 iusta,
2231 694 2288 738 et
2326 686 2379 739 in
2417 687 2630 741 diabolo
2663 697 2901 756 potestas
2937 690 3159 760 injusta.
3191 693 3328 750 Nam
3357 697 3498 752 idem
3521 708 3608 754 est

2027 776 2249 844 spiritus
2280 778 2452 833 malus
2473 794 2570 846 per
2591 781 2974 848 nequissimam
2999 784 3351 854 voluntatem,
3375 798 3431 844 et
3461 791 3603 845 idem

2027 867 2248 934 spiritus
2281 868 2491 923 Domini
2533 885 2631 940 per
2658 881 2932 941 acceptam
2971 874 3329 942 justissimam
3365 890 3605 949 potesta-

2027 965 2152 1012 tem.
2196 959 2346 1014 Unde
2384 975 2512 1031 ergo
2547 962 2769 1030 spiritus
2824 964 3033 1020 Domini
3073 969 3374 1037 appellatur
3415 972 3604 1028 diabo-

2026 1046 2141 1101 lus?
2167 1057 2386 1126 pmpter
2415 1050 2806 1118 ministerium;
2841 1055 2966 1122 quia
3005 1059 3254 1114 omnibus
3289 1062 3453 1117 etiam
3491 1065 3602 1134 spi-

2025 1137 2216 1193 ritibus
2243 1140 2398 1195 malis
2425 1141 2564 1196 bene
2589 1142 2759 1197 utitur
2781 1144 2923 1199 Deus
2941 1185 2956 1210 ,
2986 1147 3068 1201 vel
3106 1149 3173 1204 ad
3198 1150 3600 1211 damnationem

2023 1229 2376 1297 quorumdam
2397 1271 2411 1294 ,
2440 1229 2524 1285 vel
2557 1231 2625 1285 ad
2649 1233 3101 1301 emendationem,
3129 1239 3210 1293 vel
3237 1239 3302 1294 ad
3323 1243 3600 1309 probatio-

2023 1336 2166 1376 nem.
2198 1323 2265 1376 Et
2291 1323 2538 1390 quamvis
2564 1323 2872 1394 malignitas
2897 1341 2928 1380 a
2957 1327 3068 1382 Dee
3099 1345 3206 1384 non
3241 1331 3333 1395 sit,
3364 1342 3604 1402 potestas

2024 1420 2222 1477 tamen,
2255 1413 2357 1468 nisi
2382 1429 2410 1467 a
2436 1413 2576 1480 Deo,
2607 1430 2715 1470 non
2751 1423 2834 1471 est
2863 1416 2971 1488 (Ea:
2993 1416 3292 1491 Gregorio.)
3323 1422 3598 1480 Sicut-au-

2024 1504 2203 1572 tiquus
2231 1505 2448 1558 humani
2475 1505 2690 1574 generis
2723 1505 3006 1573 inimicus,
3034 1510 3158 1578 quia
3197 1511 3325 1566 licet
3353 1513 3602 1570 alllictio-

2021 1592 2433 1660 nemjustorum
2470 1610 2683 1664 semper
2710 1604 2960 1664 appetat,
2997 1607 3174 1654 tamen
3213 1601 3258 1656 si
3285 1603 3352 1658 ab
3381 1614 3602 1663 auctore

2021 1697 2208 1744 nostro
2241 1695 2562 1757 potestatem
2587 1703 2695 1742 non
2719 1689 2933 1759 accipit,
2961 1691 3028 1745 ad
3059 1694 3380 1750 tentatlonis
3400 1698 3603 1754 articu-

2022 1777 2130 1831 lum
2169 1777 2471 1832 nullatenus
2497 1778 2843 1834 convalescit.
2879 1778 3034 1835 Unde
3062 1789 3116 1837 et
3147 1784 3325 1838 omnis
3352 1785 3602 1844 voluntas

348 1889 463 1928 tum
493 1846 1020 1942 servaverat—regem
1047 1846 1283 1926 Amalec.
1305 1871 1584 1938 Quomodo
1605 1846 1752 1928 enim
1773 1874 1920 1943 quis-
1945 1846 1994 1905 Β
2023 1867 2218 1922 diaboli
2243 1866 2442 1935 injusta
2466 1877 2578 1934 est;
2603 1877 2657 1924 et
2680 1878 2879 1935 tamen,
2901 1872 3249 1942 permittente
3267 1873 3400 1942 Deo,
3423 1879 3602 1934 omnis

344 1979 445 2035 que
485 1966 666 2033 justus
709 1962 992 2028 manebit,
1040 1963 1086 2017 si
1133 1962 1310 2017 adhuc
1357 1961 1558 2032 aliquid
1606 1963 1813 2032 peccati
1863 1963 1918 2018 in

343 2055 634 2124 semetipso
667 2053 997 2119 servaverit,
1035 2054 1174 2108 sicut
1199 2052 1372 2108 Saul?
1397 2053 1465 2108 At
1496 2069 1628 2108 vero
1659 2055 1832 2110 sancti
1861 2055 1917 2110 in

345 2146 506 2216 ﬁgura
531 2145 798 2200 Samuelis
830 2145 904 2200 ita
921 2145 1153 2200 saeviunt
1177 2159 1342 2215 super
1364 2145 1548 2200 hostes
1566 2160 1711 2208 suos,
1741 2146 1792 2199 id
1811 2154 1914 2210 est,

344 2253 501 2306 super
529 2237 661 2291 vitia
686 2245 1032 2306 peccatorum
1053 2275 1069 2300 ,
1099 2244 1162 2290 ut
1197 2251 1303 2291 non
1333 2235 1648 2306 permittant
1686 2235 1916 2304 relinqui

342 2328 556 2398 aliquod
586 2335 865 2400 peccatum
892 2327 1236 2397 impunitum.

925 2439 1152 2495 CAPUT
1190 2439 1328 2495 XVI.

345 2531 510 2595 Quod,
539 2531 705 2586 Saule
727 2531 1020 2602 reprobato,
1047 2530 1249 2602 electus
1267 2541 1342 2585 est
1363 2547 1454 2602 per
1479 2531 1774 2602 Samuglent
1800 2531 1914 2584 Da-

405 2603 486 2654 rid
515 2603 570 2654 in
601 2600 804 2667 regem,
831 2611 879 2655 et
910 2602 1048 2672 quod
1078 2602 1187 2671 ipse
1218 2600 1390 2656 David
1419 2617 1598 2656 coram
1637 2600 1797 2656 Saule
1821 2605 1913 2672 [u-

408 2681 544 2725 rente
569 2673 778 2726 cithara
807 2671 1046 2726 canebat.

407 2779 552 2849 (Cn.
594 2781 732 2852 ιη)
773 2801 793 2832 ι
840 2783 1094 2852 Dixitque
1128 2783 1390 2838 Dominus
1431 2784 1500 2838 ad
1547 2783 1854 2841 Samuelem
1891 2805 1906 2841 :

346 2891 364 2921 r
401 2871 684 2940 Usquequo
709 2881 768 2926 tu
797 2872 946 2944 luges
971 2871 1118 2937 Saul,
1143 2889 1266 2928 cum
1289 2889 1389 2944 ego
1416 2875 1734 2946 projecerim
1761 2891 1908 2944 eum,

345 2982 362 3014 ε
396 2979 460 3017 ne
481 2972 674 3034 regnet
705 2979 868 3035 super
890 2965 1089 3021 Israel?
1114 2966 1281 3035 Imple
1307 2981 1476 3022 cornu
1504 2975 1652 3021 tuum
1682 2968 1823 3033 oleo,
1854 2977 1910 3023 et

343 3072 359 3102 α
394 3054 584 3108 veniet
605 3055 817 3110 mittam
841 3056 907 3111 ad
929 3055 1032 3111 Issi
1047 3057 1514 3124 Bethlehemitem,
1530 3059 1737 3128 providi
1762 3059 1906 3114 enim

343 3161 361 3193 ι
396 3144 444 3196 in
477 3144 602 3199 ﬁliis
626 3145 745 3215 ejus
770 3146 901 3200 mihi
940 3160 1152 3217 regem,
1193 3166 1212 3199 ι
1247 3157 1350 3204 etc.
1387 3148 1571 3217 Itaque
1601 3148 1762 3204 Saule
1787 3159 1907 3219 pro-

340 3243 450 3298 pzer
476 3233 895 3290 inobedientiam
922 3238 1227 3307 reprobate,
1249 3238 1400 3293 misit
1425 3238 1569 3294 Deus
1598 3238 1818 3295 Samuel
1837 3241 1905 3295 ad

338 3321 459 3387 lsai,
500 3333 558 3378 et
599 3333 816 3394 sumpto
861 3341 1030 3381 cornu
1067 3326 1174 3383 olei
1211 3327 1372 3382 unxit
1403 3328 1459 3383 in
1501 3343 1684 3400 regem
1713 3328 1902 3385 David.

339 3409 437 3464 Sed
475 3404 756 3467 videamus
789 3415 1036 3470 eumdem
1075 3415 1276 3482 David,
1326 3417 1596 3486 quomodo
1628 3416 1903 3473 Christum

337 3501 637 3570 prophetico
687 3504 1086 3575 signiﬁcaverit.
1132 3508 1300 3564 David
1335 3510 1479 3564 enim
1521 3511 1906 3580 interpretatur

335 3609 484 3646 manu
508 3593 662 3664 fortis
679 3637 696 3661 ,
727 3595 841 3652 sive
867 3597 1246 3654 desiderabilis.
1282 3599 1350 3655 Et
1372 3600 1504 3670 quid
1528 3599 1722 3658 fortius
1747 3601 1903 3664 leone

335 3683 420 3738 illo
440 3684 504 3738 de
525 3687 669 3741 tribu
689 3685 824 3742 Juda
847 3687 1030 3760 (Apoc.
1045 3689 1121 3760 v),
1134 3691 1228 3760 qui
1250 3691 1382 3746 vicit
1402 3692 1696 3747 mundum?
1717 3693 1898 3764 (Joan.

335 3777 472 3846 xvi.)
511 3777 580 3832 Et
617 3778 749 3849 quid
787 3779 1198 3837 desiderabilius
1245 3783 1338 3839 illo
1380 3784 1449 3840 de
1484 3800 1593 3854 quo
1641 3785 1842 3841 dicitur
1882 3801 1898 3840 :

339 3884 354 3914 ι
383 3866 533 3920 \‘enit
553 3866 896 3926 desideratus
923 3870 1133 3925 cunctis
1151 3871 1439 3942 gentibus?
1459 3871 1610 3944 (A99.
1641 3874 1724 3945 ιι).
1752 3894 1770 3925 ι
1793 3874 1901 3930 Un-

332 3957 462 4024 gitur
491 3959 600 4013 iste
638 3958 809 4013 David
843 3959 895 4013 in
928 3975 1108 4031 regem
1144 3961 1417 4029 futurum,
1446 3963 1771 4020 denuntians
1805 3979 1902 4034 per

334 4047 634 4102 unctionem
676 4047 822 4102 illam
855 4048 1150 4105 Christum.
1193 4051 1442 4109 Christus
1485 4055 1632 4110 enim
1673 4069 1706 4109 a
1744 4053 1900 4110 Chri-

330 4149 488 4193 smate
513 4139 838 4208 appellatur.
875 4141 1198 4210 Reprobatis
1217 4155 1424 4214 septem
1455 4146 1579 4202 ﬁliis
1605 4147 1706 4202 Issi
1731 4145 1900 4215 majo-

328 4230 496 4295 ribus,
535 4231 796 4286 minimus
831 4241 991 4288 aetate
1019 4233 1226 4290 electus
1257 4245 1341 4292 est
1376 4239 1444 4293 ad
1479 4252 1723 4308 regnum.
1762 4238 1896 4306 Quia

327 4332 501 4389 spreto
525 4321 759 4378 Iudaico
786 4325 1086 4381 sacerdotio
1121 4334 1178 4382 et
1213 4342 1396 4398 regno,
1428 4329 1624 4398 prioris
1649 4330 1900 4386 videlicet

327 4412 521 4479 populi,
556 4413 649 4481 qui
685 4413 1072 4470 sabbatismum
1095 4417 1394 4472 secundum
1421 4419 1592 4490 legem
1621 4422 1893 4486 servabat,

2020 1968 2262 2028 potestas
2287 1960 2457 2029 justa.
2491 1959 2571 2015 Ex
2604 1975 2661 2016 se
2693 1961 2838 2016 enim
2867 1971 3078 2018 tentare
3102 1965 3374 2034 quoslibet
3403 1967 3602 2037 im'uste

2019 2047 2240 2117 appetit,
2269 2047 2363 2102 sed
2390 2063 2484 2102 eos
2513 2049 2602 2119 qui
2635 2051 2877 2106 tentandi
2903 2059 3052 2118 sunt,
3086 2061 3140 2108 et
3163 2063 3326 2123 prout
3356 2060 3598 2114 tentandi

2017 2146 2162 2202 sunt,
2183 2151 2291 2192 non
2314 2137 2416 2194 nisi
2445 2146 2653 2194 tentare
2674 2141 2815 2195 Deus
2828 2140 2974 2210 juste
2990 2143 3274 2210 permittit.
3300 2146 3445 2201 Bene
3470 2163 3601 2219 ergo

2016 2243 2160 2284 nunc
2185 2229 2383 2283 dicitur
2411 2243 2428 2283 :
2455 2248 2473 2280 ι
2509 2229 2743 2299 Spiritus
2771 2231 2982 2287 Domini
3007 2232 3182 2289 malus
3203 2237 3443 2306 exagitat
3469 2246 3541 2292 te.
3569 2259 3594 2290 ›

2016 2319 2158 2375 Ecce
2184 2335 2325 2376 unus
2351 2321 2600 2391 idemque
2629 2322 2852 2393 spiritus
2877 2333 2933 2379 et
2964 2325 3181 2384 Domini
3218 2330 3524 2399 appellatur
3542 2343 3599 2388 et

2015 2412 2190 2466 malus
2219 2427 2234 2465 :
2272 2412 2481 2467 Domini
2508 2413 2758 2468 videlicet
2781 2430 2878 2483 per
2905 2415 3178 2474 licentiam
3205 2423 3490 2490 potestatis
3507 2423 3598 2494 ju-

2014 2513 2131 2566 stte,
2160 2503 2334 2559 malus
2357 2512 2535 2558 autem
2557 2519 2656 2574 per
2682 2505 3011 2562 desiderium
3042 2509 3334 2568 voluntatis
3358 2513 3594 2582 injustas.

2014 2592 2123 2664 (Ex-
2146 2593 2403 2666 Isidoro.)
2446 2593 2538 2650 Sic
2576 2605 2632 2652 et
2671 2597 2799 2653 alibi
2836 2599 3038 2654 dictum
3077 2610 3163 2657 est
3199 2603 3365 2658 etiam
3389 2605 3441 2675 (Ι
3467 2605 3595 2678 Reg.

2012 2688 2164 2756 xxvi)
2199 2703 2213 2739 :
2262 2706 2280 2738 ε
2327 2685 2502 2756 Sopor
2534 2688 2782 2753 Domini,
2826 2709 2845 2742 ι
2884 2692 2978 2760 qui
3011 2707 3371 2764 occupaverat
3398 2699 3596 2756 milites

2011 2772 2253 2842 ejusdem
2285 2775 2435 2843 Saul,
2461 2792 2584 2832 cum
2611 2778 2778 2835 David
2805 2781 3018 2836 hastam
3043 2791 3098 2838 et
3125 2787 3385 2856 scyphum
3412 2787 3598 2845 abstu-

2011 2863 2163 2920 lisset
2204 2879 2235 2920 a
2271 2866 2448 2936 capite
2486 2867 2834 2934 dormientis;
2876 2884 2986 2925 nou
3033 2873 3162 2941 quia
3197 2889 3361 2946 sopor
3400 2887 3527 2932 tunc
3565 2893 3596 2932 a

2011 2956 2241 3022 Domino
2277 2966 2395 3014 erat
2430 2967 2491 3014 ut
2525 2958 2642 3028 ipse
2678 2961 2967 3028 dormiret,
3012 2964 3118 3018 sed
3141 2966 3268 3033 quia
3307 2967 3395 3022 ille
3431 2983 3596 3039 sopor

2011 3048 2101 3116 qui
2143 3056 2269 3104 tunc
2306 3048 2554 3104 homines
2591 3051 3059 3121 apprehenderat,
3087 3063 3220 3110 nutu
3249 3057 3345 3112 Dei
3370 3069 3489 3114 erat
3514 3061 3596 3114 in-

2013 3135 2182 3203 fusus,
2211 3153 2278 3193 ne
2307 3138 2476 3194 David
2505 3141 2648 3196 servi
2683 3141 2800 3212 ejus
2827 3142 2882 3197 in
2917 3158 2985 3200 eo
3009 3144 3443 3216 locoprcsentia
3473 3166 3594 3205 sen-

2012 3228 2222 3282 tiretur.
2249 3228 2457 3284 Dicitur
2478 3245 2609 3300 ergo
2635 3231 2858 3301 spiritus
2882 3233 2980 3289 Dei
3001 3235 3199 3302 malus,
3225 3237 3328 3294 hoc
3351 3249 3454 3304 est,
3485 3243 3590 3296 mi-

2007 3321 2178 3375 nister
2203 3321 2298 3377 Dei
2318 3322 2385 3377 ad
2411 3322 2717 3378 faciendum
2743 3324 2796 3380 in
2819 3323 2948 3380 Saul
2972 3328 3116 3398 quod
3135 3343 3260 3385 eum
3280 3331 3393 3400 pati
3419 3331 3590 3388 Judes

2005 3411 2247 3466 omnium
2283 3413 2690 3482 potentissimus
2718 3413 3020 3484 judicabat,
3071 3420 3356 3490 quoniam"
3371 3422 3592 3494 spiritus

2006 3500 2096 3554 ille
2118 3501 2394 3558 voluntate
2414 3517 2521 3572 qua
2543 3503 2718 3560 malus
2741 3515 2878 3572 erat,
2901 3521 3010 3564 non
3035 3518 3153 3566 erat
3175 3511 3306 3579 Dei;
3335 3522 3586 3571 creatura

2005 3608 2136 3647 vero
2165 3609 2271 3664 qua
2298 3597 2553 3654 conditus
2580 3607 2718 3663 erat,
2746 3607 2802 3654 et
2827 3608 3119 3670 potestate,
3143 3617 3310 3673 quam
3337 3621 3444 3660 non
3467 3623 3588 3674 sua,

2004 3687 2099 3742 sed
2128 3686 2339 3744 Domini
2373 3689 2612 3745 omnium
2651 3691 2907 3760 :eqnitate
2949 3704 3270 3764 acceperat,
3304 3696 3399 3752 Dei
3435 3709 3584 3766 erat;

2005 3777 2284 3836 formidari
2311 3780 2474 3851 igitur
2511 3796 2617 3836 non
2650 3782 2843 3848 debet,
2877 3784 3198 3854 quia'nihil,
3231 3786 3334 3842 isi
3365 3787 3589 3856 permis-

2002 3884 2124 3933 sus,
2156 3871 2317 3925 valet.
2355 3870 2464 3940 (Ea:
2489 3871 2786 3944 Gregorio.)
2813 3873 2948 3930 Nam
2984 3884 3041 3930 et
3075 3877 3130 3931 in
3166 3876 3462 3948 Evangelia
3489 3893 3588 3934 er-

2001 3959 2244 4029 pellenda
2265 3960 2332 4014 de
2352 3959 2568 4016 homine
2583 3959 2748 4030 Legio
2769 3962 2997 4019 Domino
3018 3964 3232 4020 dicebat
3255 3983 3270 4020 :
3302 3985 3321 4018 ι
3351 3965 3408 4022 Si
3429 3967 3586 4038 ejicis

2001 4067 2128 4116 nos,
2161 4052 2312 4107 mitte
2343 4067 2443 4107 nos
2477 4053 2531 4106 in
2559 4068 2777 4124 gregem
2818 4069 3102 4124 porcorum
3137 4055 3352 4128 (Matth.
3381 4059 3522 4132 vin).
3559 4082 3576 4114 ο

2002 4143 2128 4198 Sola
2149 4157 2278 4212 ergo
2303 4144 2386 4198 vis
2409 4143 2498 4198 illa
2526 4144 2762 4199 timenda
2792 4156 2906 4210 est,
2933 4162 3054 4217 qua:
3078 4163 3202 4204 cum
3235 4147 3446 4205 hostem
3475 4163 3580 4209 sa:-

1999 4233 2115 4288 vire
2148 4233 2488 4302 permiserit,
2525 4233 2576 4289 ei
2610 4234 2678 4288 ad
2706 4250 2862 4289 usum
2886 4234 3019 4303 justi
3051 4237 3242 4308 judicii
3286 4248 3342 4294 et
3383 4241 3579 4310 injusta

2001 4323 2142 4378 illius
2173 4323 2423 4380 voluntas
2451 4325 2637 4380 servit.
2671 4325 2780 4396 (Ea-
2805 4325 3062 4398 Isidoro.)
3089 4329 3220 4385 Erat
3255 4341 3435 4389 autem
3473 4333 3580 4390 Da-

1999 4416 2088 4470 vid
2123 4417 2177 4469 in
2214 4416 2444 4472 canticis
2481 4417 2702 4473 musicis
2733 4419 3000 4474 eruditus.
3038 4420 3390 4479 Diversarum
3433 4428 3578 4483 enim

325 4501 569 4558 Christus
598 4503 859 4559 Dominus
884 4515 1096 4571 noster,
1132 4517 1292 4577 caput
1327 4510 1551 4565 minoris
1579 4511 1776 4580 populi,
1810 4528 1895 4566 sa-
1922 4534 1973 4593 Ι)
1999 4521 2254 4562 sonorum
2288 4507 2628 4562 rationabilis
2661 4507 3078 4580 moderatusque
3101 4521 3418 4578 concentus,
3449 4531 3578 4572 con-

328 4593 559 4647 rerdotio
584 4601 848 4662 perpetuo
881 4594 1096 4651 functus
1133 4605 1243 4664 est,
1279 4606 1335 4652 et
1366 4599 1422 4654 in
1458 4614 1641 4671 regem
1677 4611 1890 4667 unctus,

327 4681 469 4748 wjus
499 4698 726 4753 regnum
759 4698 866 4738 non
896 4683 1057 4740 habet
1082 4686 1264 4752 ﬁnem,
1292 4698 1348 4743 et
1368 4690 1453 4744 cui
1475 4705 1662 4746 omnes
1687 4701 1891 4763 gentes,

326 4770 511 4842 lingua:
551 4781 607 4828 et
649 4775 822 4828 tribus
856 4776 1109 4832 servient.
1139 4778 1310 4833 David
1342 4780 1412 4834 ab
1434 4778 1609 4836 cilicio
1636 4783 1894 4851 pastorali

326 4878 571 4930 pecorum
613 4865 680 4920 ad
721 4865 998 4922 hominum
1039 4884 1262 4940 regnum
1312 4871 1654 4926 transfertur.
1699 4873 1894 4928 Noster

325 4963 497 5010 autem
535 4956 736 5021 David,
775 4957 892 5027 ipse
931 4955 1115 5025 Jesus,
1158 4975 1188 5014 a
1226 4961 1398 5016 bobus
1441 4959 1678 5018 Iudaicae
1722 4963 1892 5032 plebis

324 5047 527 5102 ablatus
548 5058 656 5116 est,
684 5057 741 5104 et
774 5050 829 5105 in
856 5065 1079 5121 regnum
1107 5052 1349 5122 gentium
1384 5054 1678 5109 translatus
1704 5064 1808 5110 est.
1835 5055 1893 5110 In

322 5133 498 5190 indaga
526 5138 672 5191 enim
694 5153 801 5194 non
825 5146 911 5194 est
931 5141 1088 5195 modo
1109 5141 1378 5208 Christus,
1406 5143 1618 5199 ablatus
1636 5155 1720 5201 est
1746 5146 1891 5212 inde,

321 5240 462 5280 lianc
487 5227 727 5296 gentium
753 5242 943 5301 greges
971 5232 1362 5302 paseit..lgitur
1389 5235 1677 5290 recedente
1701 5250 1731 5289 a
1761 5235 1891 5292 Saul

319 5313 545 5370 Domino
583 5326 806 5388 propter
842 5321 1292 5388 inobedieutiam,
1333 5334 1584 5395 arreptus
1620 5337 1705 5383 est
1739 5328 1892 5384 mali-

318 5418 425 5472 gno
452 5407 646 5474 spiritu
663 5449 678 5474 ,
717 5427 736 5461 ‹
779 5419 836 5465 et
859 5413 1168 5484 exagitabat
1195 5429 1318 5470 eum
1347 5417 1568 5484 spiritus
1600 5433 1831 5489 nequam
1859 5436 1890 5476 a

318 5493 564 5553 Domino.
602 5515 622 5550 ι

2004 4597 2152 4651 cordi
2184 4597 2445 4652 varietate
2467 4606 2766 4667 compacta,
2792 4599 3040 4656 ordinate
3061 4600 3315 4658 Ecclesiae
3342 4603 3580 4660 insinuat

2003 4690 2286 4754 unitatem,
2317 4704 2437 4758 quae
2465 4689 2630 4744 variis
2652 4690 2826 4745 modis
2849 4691 3088 4761 quotidie
3111 4704 3348 4760 resonat,
3377 4705 3434 4751 et
3459 4712 3578 4752 sua-

2000 4779 2166 4833 vitate
2191 4779 2416 4850 mystica
2440 4779 2763 4835 modulatur.
2793 4781 2898 4835 Iste
2926 4783 3104 4838 adhuc
3126 4797 3264 4854 puer
3285 4786 3339 4840 in
3367 4787 3574 4842 cithara

2000 4869 2274 4934 suaviter,
2314 4868 2424 4923 imo
2468 4867 2680 4924 fortiter
2715 4884 2944 4934 canens,
2991 4872 3282 4942 malignum
3319 4875 3574 4944 spiritum

1999 4959 2091 5028 qui
2129 4958 2455 5028 operabatur
2489 4959 2542 5012 in
2571 4956 2766 5023 Saule,
2793 4962 3156 5030 compescuit;
3188 4978 3293 5018 non
3327 4965 3470 5032 quod
3499 4967 3575 5022 ei-

1996 5051 2165 5104 tharze
2200 5048 2343 5103 illius
2372 5055 2516 5103 tanta
2558 5049 2642 5104 vis
2679 5052 2945 5114 emt,sed
2985 5052 3131 5121 quod
3178 5051 3351 5122 ﬁgura
3393 5058 3576 5114 erucis

1993 5139 2231 5205 Christi,
2264 5153 2382 5209 quae
2419 5138 2486 5194 de
2517 5138 2662 5210 ligno
2693 5147 2750 5195 et
2782 5141 3098 5197 extensione
3133 5156 3426 5199 nervorum
3463 5162 3579 5220 my-

1993 5231 2127 5286 stice
2150 5231 2461 5301 gerebatur,
2487 5231 2708 5302 ipsaque
2735 5231 2938 5302 passio,
2958 5241 3080 5302 quae
3097 5236 3442 5301 cantabatur,
3456 5235 3572 5304 jam

1993 5331 2121 5377 tunc
2151 5322 2374 5393 spiritus
2413 5323 2775 5378 daemoniaeos
2811 5324 3170 5394 opprimebat.
3221 5325 3572 5398 Tropologice

1997 5423 2210 5480 autem,
2240 5413 2345 5469 hoc
2378 5412 2521 5470 facto
2560 5414 2727 5470 David
2761 5415 2830 5470 ad
2863 5417 3296 5486 eompatiendum
3322 5419 3574 5489 proximo

1994 5505 2334 5560 instruimur.
2361 5504 2681 5575 Plerumque
2715 5506 2857 5562 enim
2893 5509 3158 5577 superbus
3190 5510 3342 5564 dives
3367 5511 3571 5565 exhor-

393 5608 413 5640 σ
447 5591 817 5662 Dixeruntque
849 5595 991 5650 servi
1026 5593 1153 5650 Saul
1191 5611 1257 5651 an
1290 5612 1412 5652 cum
1444 5616 1457 5651 :
1491 5598 1629 5654 Ecce
1655 5602 1894 5671 exagitat
1992 5595 2213 5651 talionis
2243 5596 2609 5652 blandimento
2631 5596 2924 5666 placandus
2943 5606 3026 5651 est
3056 5615 3068 5651 :
3099 5598 3224 5666 quia
3250 5605 3305 5652 et
3331 5595 3567 5666 plerum-

319 5697 337 5728 ι
367 5687 421 5732 te
444 5681 666 5750 spiritus
698 5682 907 5738 Domini
938 5684 1131 5749 alus,
1165 5703 1182 5736 ι
1210 5693 1317 5740 etc.
1346 5685 1404 5740 In
1433 5687 1534 5743 hoc
1559 5687 1697 5744 libro
1721 5692 1888 5759 quaeri

1991 5702 2094 5756 que
2123 5687 2256 5742 dura
2295 5687 2518 5741 vulnera
2547 5702 2645 5756 per
2677 5685 2816 5742 leuia
2852 5683 3086 5740 fomenta
3119 5685 3474 5749 mollescunt,
3511 5695 3566 5740 et

313 5767 446 5823 solet
483 5769 548 5824 de
581 5769 772 5840 spiritu
809 5771 900 5841 qui
941 5772 1176 5843 agitabat
1221 5773 1394 5830 Saul:
1437 5776 1482 5832 si
1516 5777 1759 5843 Domini,
1791 5795 1889 5835 cur
1988 5781 2138 5834 furor
2181 5780 2492 5835 insanorum
2539 5793 2678 5842 ειυῐνε
2722 5777 2787 5830 ad
2838 5775 3061 5830 salutem
3087 5814 3101 5840 ,
3154 5777 3366 5832 medico
3413 5777 3566 5832 blan-
