4026 6202
366 415 429 470 5i
1009 412 1070 466 Β.
1111 409 1366 466 RABANI
1405 409 1621 466 MAURI
1661 408 1976 465 ARCHIEP.
2021 408 2328 468 MOGUNT.
2370 413 2656 471 OPERUM
2691 413 2872 469 PARS
2905 413 2946 468 I.
3550 411 3619 466 52

366 527 566 590 cliente,
597 526 901 590 reducitur;
929 540 1163 593 cumque
1189 525 1268 578 eis
1296 524 1348 578 in
1375 524 1710 580 dulcedinem
1742 525 1936 580 eonde-
1965 526 2010 586 A
2047 545 2064 576 ι
2100 535 2155 580 et
2193 527 2485 583 descendat
2531 529 2600 584 ad
2644 530 2917 602 singulare
2947 539 3244 584 certamen.
3287 527 3346 584 Si
3385 529 3622 599 quiverit

367 616 675 682 scenditur,
718 616 942 687 languor
984 615 1203 669 insania:
1241 613 1538 683 mitigatur.
1578 615 1763 684 Neque
1797 621 1942 670 enim

366 707 703 776 negligenter
731 705 1044 760 intuendum
1075 712 1158 758 est
1197 705 1342 773 quod
1382 720 1504 759 cum
1539 705 1757 760 Saulem
1787 705 1943 774 spiri-

369 806 457 852 tus
495 799 755 852 adversus
797 795 1112 858 invaderet,
1155 795 1490 864 apprehensa
1529 795 1697 849 David
1735 796 1942 850 cithara

366 891 484 960 ejus
511 893 786 944 vesaniam
815 887 1058 942 sedabat.
1091 886 1228 952 Quid
1255 888 1399 941 enim
1437 902 1534 957 per
1567 886 1804 952 Saulem,
1837 888 1942 942 nisi

367 982 531 1036 elatio
558 979 900 1051 potentium?
938 979 1003 1032 Et
1038 979 1166 1048 quid
1206 993 1305 1048 per
1341 979 1507 1033 David
1547 980 1805 1043 innuitur,
1838 981 1942 1034 nisi

367 1071 587 1127 humilis
609 1077 918 1125 sanctorum
941 1070 1090 1123 vita?
1120 1069 1254 1124 Cum
1277 1084 1405 1140 ergo
1425 1069 1554 1124 Saul
1577 1072 1645 1126 ab
1669 1071 1946 1125 immundo

365 1162 559 1232 spiritu
585 1160 864 1230 arripitur,
893 1160 1064 1215 David
1092 1169 1340 1225 canente,
1367 1175 1482 1228 ejus
1510 1160 1715 1215 insania
1749 1169 1946 1229 tempe-

368 1262 556 1319 ratur;
584 1254 710 1323 quia
739 1269 860 1309 cum
891 1265 1087 1307 sensus
1113 1255 1413 1323 potentium
1443 1267 1539 1323 per
1573 1253 1859 1307 elationem
1889 1253 1942 1306 in

367 1345 607 1400 furorem
637 1344 888 1408 vertitur,
921 1343 1144 1414 dignum
1172 1351 1256 1398 est
1284 1351 1344 1397 ut
1371 1344 1436 1398 ad
1466 1343 1694 1398 salutem
1724 1343 1942 1406 mentis,

365 1437 518 1504 quasi
549 1435 834 1492 dulcedine
862 1435 1115 1500 citharas,
1150 1435 1434 1491 locutionis
1460 1443 1658 1490 nostra:
1683 1436 1946 1505 tranquil-

368 1529 523 1582 litate
557 1533 863 1583 revocetur.

934 1616 1164 1672 CAPUT
1214 1615 1372 1672 XVII.

370 1707 445 1761 De
477 1722 652 1778 pugna
689 1706 857 1778 David
897 1705 1324 1778 contranoliath
1356 1704 1751 1769 Philiuhwum,
1795 1721 1948 1776 quem

776 1777 930 1847 jactu
960 1776 1149 1846 lapidis
1176 1778 1284 1846 ipse
1316 1777 1526 1831 occidit.

2047 636 2066 666 α
2100 631 2340 687 pugnare
2366 632 2577 673 mecum
2597 659 2612 684 ,
2650 627 2706 672 et
2735 619 3065 688 percusserit
3096 633 3211 682 me,
3239 617 3440 673 erimus
3468 619 3623 673 vobis

2047 725 2066 757 ‹
2099 709 2260 762 servi.
2281 707 2338 761 Si
2362 716 2540 763 autem
2563 723 2664 779 ego
2685 709 3042 779 praevaluero,
3060 716 3116 762 et
3133 723 3452 776 percussero
3473 723 3620 772 eum,

2047 817 2066 849 ο
2100 813 2199 852 vos
2219 798 2550 859 servieritis.
2577 806 2633 852 et
2661 798 2910 853 servietis
2939 799 3114 852 nobis.
3156 798 3224 852 Et
3249 799 3428 852 aiebat
3456 798 3624 853 Phili-

2048 905 2070 937 ι
2102 888 2305 942 stlueus
2337 906 2349 941 :
2386 889 2498 958 Ego
2519 889 2838 957 exprobravi
2875 889 3178 960 agminibus
3208 888 3420 943 lsraelis
3439 889 3620 943 hodie.

2048 994 2068 1026 ι
2104 977 2236 1031 Date
2264 977 2395 1030 mihi
2430 976 2606 1030 virum
2636 978 2726 1046 qui
2760 977 2909 1032 ineat
2949 992 3159 1031 mecum
3197 977 3471 1048 singulare
3506 993 3626 1031 cer-

2048 1089 2066 1119 ι
2103 1078 2316 1133 tamen,
2352 1087 2374 1118 ι
2402 1077 2508 1123 etc.
2542 1067 2654 1139 (Ea;
2687 1067 2956 1140 Hebrive.)
2986 1068 3214 1137 Spurius
3247 1069 3466 1135 dicitur,
3496 1069 3623 1139 quia

2042 1170 2201 1230 patre
2231 1161 2471 1230 gigante,
2506 1166 2680 1213 matre
2715 1173 2846 1214 vero
2883 1159 3086 1214 Gethea
3121 1167 3280 1213 natus
3306 1168 3446 1213 erat.

2119 1269 2139 1300 ‹
2178 1250 2348 1305 David
2387 1257 2564 1303 alitem
2599 1256 2720 1304 erat
2758 1247 2903 1304 ﬁlius
2935 1250 3037 1303 viri
3080 1249 3386 1318 Ephrathaei
3427 1249 3495 1303 de
3529 1249 3631 1304 Bc-

2050 1361 2068 1394 ι
2109 1344 2345 1399 thlehem
2373 1343 2532 1408 Iuda,
2568 1345 2656 1399 cui
2697 1360 2894 1399 nomen
2935 1353 3054 1398 erat
3099 1344 3244 1408 Esai,
3271 1345 3363 1413 qui
3393 1344 3623 1398 habebat

2051 1456 2070 1486 ι
2107 1444 2230 1492 octo
2274 1436 2430 1491 ﬁlios.
2473 1457 2492 1488 ι
2545 1435 2819 1502 Qumritur
2846 1452 2944 1490 cur
2989 1436 3077 1491 hic
3105 1446 3228 1490 octo
3259 1435 3398 1490 ﬁlios
3425 1436 3627 1491 habere

2045 1525 2292 1588 dicatur,
2331 1539 2455 1579 cum
2509 1525 2564 1578 in
2610 1524 3059 1594 Paralipomenon
3115 1525 3189 1595 (ι,
3236 1524 3308 1595 ιι)
3353 1540 3460 1578 non
3513 1541 3629 1579 am-

2045 1618 2185 1688 plius
2230 1633 2395 1688 quam
2445 1626 2652 1687 septem
2702 1617 2990 1688 legantur?
3047 1616 3198 1684 Quod
3257 1617 3331 1672 ita
3376 1617 3625 1671 solvitur.

2047 1709 2260 1763 Nathan
2299 1709 2480 1776 itaque
2515 1708 2835 1778 prophetam
2877 1706 3046 1760 ﬁlium
3093 1706 3316 1770 Semaa,
3378 1705 3472 1759 ﬁlii
3522 1705 3626 1760 sui.

2051 1801 2105 1855 in
2144 1801 2260 1854 loco
2299 1799 2395 1853 ﬁlii
2435 1800 2761 1854 educaverat
2812 1807 2868 1852 et
2902 1799 3219 1852 nutriverat.
3263 1797 3396 1851 Nam
3445 1812 3628 1852 coram

437 1887 590 1959 (Car.
625 1887 783 1959 xvn.)
820 1908 839 1940 ‹
883 1886 1012 1942 Post
1052 1889 1200 1953 haec,
1233 1887 1559 1944 Philisthiim
1589 1889 1803 1959 agmina
1845 1903 1942 1942 sua
1975 1862 2023 1920 Β
2051 1891 2300 1947 Samuele
2346 1898 2554 1959 septem
2608 1888 2727 1958 ejus
2781 1888 2878 1943 lilii
2934 1889 3184 1959 leguntur
3238 1889 3454 1944 adducti
3495 1888 3628 1943 fuis-

372 1999 392 2030 σ
426 1980 483 2034 in
512 1979 756 2050 praelium
781 1978 1156 2034 conduxerunt
1183 1980 1236 2032 in
1268 1978 1450 2034 Socho
1464 1977 1633 2043 Iudae,
1664 1988 1722 2035 et
1741 1988 1946 2034 castra-

371 2089 390 2122 ι
428 2070 613 2124 metati
635 2078 762 2124 sunt
781 2071 920 2124 inter
943 2069 1123 2125 Socbo
1142 2078 1198 2125 et
1223 2069 1458 2136 Azecha,
1489 2071 1544 2124 in
1576 2071 1772 2126 ﬁnibus
1785 2073 1946 2126 Dom-

371 2179 391 2210 ι
429 2159 581 2214 mim.
618 2179 639 2210 ι
668 2158 777 2230 (Ea:
825 2158 1190 2231 Hieronymo.)
1233 2159 1411 2215 Socho
1449 2170 1533 2215 est
1583 2161 1833 2231 oppidum
1890 2161 1945 2215 in

370 2250 513 2304 tribu
540 2247 697 2306 Iuda.
733 2249 872 2305 Sunt
895 2259 1074 2306 autem
1104 2266 1275 2321 usque
1309 2252 1468 2306 hodie
1497 2251 1656 2306 viculi
1695 2252 1801 2305 duo
1826 2267 1948 2321 per-

368 2336 618 2413 gentibus
646 2344 847 2401 Eliam
895 2347 960 2402 de
996 2347 1394 2417 Eleutheropoli
1438 2349 1492 2402 in
1518 2362 1658 2402 novo
1695 2348 1950 2402 milliario

367 2436 469 2490 via:
494 2437 724 2505 publica:
752 2455 766 2491 :
796 2452 938 2492 unus
965 2438 1020 2492 in
1050 2445 1262 2503 monte,
1302 2447 1357 2494 et
1389 2439 1526 2494 alter
1564 2439 1618 2492 in
1657 2454 1849 2508 eampo
1875 2439 1950 2493 si-

371 2537 476 2590 tus,
515 2527 607 2598 qui
639 2527 818 2583 Socho
841 2539 1243 2598 nuncupantur.
1274 2530 1669 2600 Interpretatur
1695 2544 1826 2584 vero
1861 2546 1949 2583 ra-

368 2631 488 2668 mus
523 2615 608 2670 vel
634 2615 925 2670 humilitas.
953 2616 1167 2672 Azeeha
1195 2619 1389 2674 civitas
1415 2626 1498 2673 est
1519 2619 1946 2674 Chananaaorum

369 2707 426 2762 iu
453 2715 605 2776 parte
633 2706 804 2762 tribus
829 2706 1001 2774 Iudae,
1035 2709 1100 2763 ad
1130 2725 1291 2779 quam
1325 2725 1497 2780 usque
1523 2717 1838 2778 persecutus
1866 2717 1951 2763 est

367 2796 527 2853 Iesus
547 2798 784 2868 quinque
822 2813 980 2869 reges
1011 2799 1150 2869 (los.
1187 2800 1264 2872 x).
1297 2799 1403 2856 Sed
1434 2809 1492 2854 et
1527 2801 1689 2855 hodie
1724 2808 1951 2854 vocatur

371 2886 497 2942 villa
523 2887 737 2942 Azeeha
767 2888 915 2944 inter
931 2889 1386 2960 Eleutheropolim
1408 2898 1465 2946 et
1486 2889 1708 2944 Alliam.
1733 2889 1950 2945 Azeeha

373 2977 762 3046 interpretatur
809 2978 1064 3048 fortitudo
1137 2980 1252 3035 sive
1307 2980 1567 3052 decipula.
1619 2979 1787 3034 Duma
1835 2981 1950 3036 sive

376 3065 638 3121 Dommim
665 3068 720 3124 in
755 3066 898 3123 tribu
919 3066 1056 3123 Iuda
1077 3069 1230 3125 vicus
1259 3070 1479 3141 grandis
1500 3079 1585 3126 est
1611 3071 1666 3126 in
1693 3071 1946 3138 Daroma,

371 3156 472 3212 hoc
503 3166 588 3212 est
620 3159 689 3213 ad
716 3160 1012 3218 australem
1046 3161 1259 3232 plagam
1277 3203 1292 3227 ,
1323 3163 1376 3216 in
1408 3161 1606 3218 finibus
1631 3163 1950 3220 Eleuthero-

368 3247 585 3316 poleos,
627 3249 816 3306 decem
861 3259 918 3306 et
959 3261 1165 3323 septem
1211 3253 1279 3308 ad
1323 3269 1388 3309 ea
1437 3253 1674 3310 millibus
1719 3255 1946 3311 distans.

372 3339 545 3393 Duma
575 3339 972 3410 interpretatur.
998 3343 1265 3398 silentium
1302 3345 1417 3400 sive
1451 3345 1724 3415 gaudium.

449 3448 469 3480 ι
512 3429 685 3485 Porro
707 3429 838 3485 Sani
859 3440 916 3486 et
941 3433 1045 3487 viri
1077 3432 1242 3488 Israel
1267 3436 1578 3505 congregati
1611 3436 1666 3490 in
1689 3435 1828 3490 valle
1849 3435 1953 3491 Te-

376 3537 396 3569 ι
427 3517 684 3573 rebinthi.
722 3538 745 3572 ι
778 3519 1143 3578 Terebinthus
1173 3533 1258 3579 est
1284 3525 1337 3579 in
1379 3525 1665 3592 Sichimis,
1705 3527 1806 3582 sub
1841 3542 1950 3596 qua

369 3608 656 3664 abscondit
687 3607 864 3667 Iacob.
890 3613 1032 3668 idola
1066 3611 1218 3683 (Gen.
1263 3616 1430 3690 xxxv)
1454 3617 1609 3687 juxta
1647 3616 1947 3686 Neapolim.

445 3717 465 3750 σ
509 3697 579 3752 Et
602 3698 920 3764 direxerant
945 3701 1116 3756 aciem
1142 3703 1210 3758 ad
1237 3705 1584 3773 pugnandum
1613 3715 1800 3760 contra
1827 3704 1957 3759 Phi-.

374 3807 394 3839 ‹
436 3788 683 3854 listhiim,
715 3807 736 3842 ι
766 3798 873 3847 etc.
905 3791 1043 3847 Hinc
1069 3793 1336 3863 Iosephus
1374 3811 1388 3847 :
1433 3813 1456 3845 ι
1482 3793 1613 3849 Post
1645 3811 1753 3849 non
1781 3796 1950 3851 multa

370 3880 636 3948 siquidem
683 3889 926 3951 tempora
971 3882 1246 3938 Palaestini
1281 3885 1458 3939 denuo
1503 3887 1853 3956 congregati,
1894 3895 1954 3942 et

372 3983 623 4041 magnum
659 3985 828 4040 super
844 3987 1037 4028 omnes
1073 3973 1343 4039 Israelitas
1377 3975 1674 4028 exercitum
1705 3976 1954 4048 colligen-

369 4071 451 4116 tes
475 4063 618 4118 inter
640 4063 817 4119 Socho
850 4072 909 4119 et
929 4064 1142 4120 Azeeba
1176 4067 1543 4126 castrametati
1574 4077 1719 4122 sunt.
1751 4069 1956 4126 Contra

369 4166 507 4220 quos
528 4153 704 4208 denuo
726 4151 859 4210 Saul
875 4155 1128 4224 produxit
1145 4157 1466 4220 exercitum,
1496 4165 1553 4212 et
1575 4173 1739 4228 super
1763 4175 1950 4228 quem-

369 4243 492 4295 dam
515 4252 754 4299 montem
775 4254 961 4300 castra
978 4261 1208 4315 ponens,
1231 4248 1412 4318 coegit
1431 4248 1750 4304 Palaestinos
1768 4252 1954 4320 priora

369 4333 585 4403 quidem
625 4341 805 4390 castra
848 4335 1181 4406 relinquere,
1227 4347 1282 4392 et
1325 4354 1392 4392 ex
1435 4339 1666 4394 adverso
1711 4341 1910 4394 montis
1933 4381 1949 4405 ,

369 4441 531 4496 quem
575 4424 706 4481 Saul
746 4428 1172 4496 aprehenderat.
1213 4429 1488 4485 advenire.
1519 4431 1816 4499 Divisitque
1855 4446 1948 4486 eo-

371 4532 490 4572 rum
525 4517 800 4574 exercitus
835 4518 1044 4576 medius
1077 4535 1268 4586 mons,
1295 4522 1386 4590 qui
1423 4529 1541 4575 erat
1567 4522 1774 4590 positus
1811 4523 1954 4576 inter

371 4623 482 4662 (308.
525 4626 545 4658 ι

446 4719 464 4749 ι
511 4699 578 4752 Ει
604 4713 857 4769 egressus
891 4707 974 4753 est
998 4699 1083 4752 vir
1115 4701 1329 4768 spurius
1357 4701 1423 4755 de
1454 4702 1650 4772 castris
1671 4701 1951 4758 Philisthi-

375 4809 393 4838 ε
435 4803 651 4853 norum,
677 4787 895 4844 nomine
943 4787 1180 4855 Goliatb,
1233 4791 1302 4845 de
1335 4789 1496 4857 Geth,
1528 4791 1829 4848 altitudinis
1855 4809 1948 4849 sex

375 4900 392 4931 ι
429 4881 735 4936 cubitorum
771 4890 829 4935 et
864 4882 1075 4949 palmo,
1117 4892 1172 4936 et
1210 4884 1382 4937 cassis
1417 4899 1560 4938 terea
1589 4901 1753 4955 super
1787 4896 1952 4955 caput

375 4989 394 5020 ‹
431 4970 581 5038 ejus,
617 4980 672 5026 et
711 4971 876 5026 lorica
928 4972 1267 5027 induebatur.
1312 4973 1480 5029 Porro
1525 4975 1735 5044 pondus
1768 4976 1950 5032 lorica:

376 5080 393 5108 ‹
429 5059 548 5126 ejus
567 5060 805 5130 quinque
835 5061 999 5114 millia
1026 5063 1282 5118 siclorum
1305 5065 1449 5119 aeris.
1482 5065 1549 5118 Et
1569 5081 1760 5120 ocreas
1778 5082 1950 5121 aereas

375 5171 394 5200 ο
433 5152 666 5206 habebat
695 5153 748 5206 in
774 5153 1044 5220 cruribus,
1076 5162 1131 5209 et
1155 5154 1376 5225 clypeos
1401 5172 1575 5211 aereus
1611 5159 1825 5228 tegebat
1854 5158 1953 5212 hu-

377 5263 394 5292 ι
429 5257 611 5298 meros
645 5242 781 5311 ejus.
823 5243 1028 5302 Hastile
1067 5255 1246 5302 autem
1292 5249 1460 5303 hasta:
1496 5247 1614 5316 ejus
1649 5258 1767 5304 erat
1795 5250 1950 5319 quasi

378 5355 395 5381 ι
437 5333 758 5389 liciatorium
789 5339 1103 5391 texentium.
1134 5338 1310 5408 Ipsum
1340 5350 1517 5394 autem
1545 5340 1746 5394 ferrum
1780 5341 1952 5395 hasta:

377 5445 394 5474 ι
431 5424 549 5493 ejus
569 5436 858 5482 sexcentos
874 5430 1040 5484 siclos
1063 5430 1295 5483 habebat
1323 5430 1474 5495 ferri,
1497 5441 1552 5486 et
1575 5433 1810 5502 armiger
1830 5433 1949 5501 ejus

375 5536 394 5565 ‹
431 5516 786 5571 antecedebat
803 5533 947 5572 eum.
973 5518 1241 5588 Stansque
1263 5520 1530 5575 clamabat
1553 5521 1812 5575 adversus
1831 5537 1949 5574 om-

376 5625 395 5657 α
432 5623 527 5662 nes
553 5607 850 5680 phalangas
873 5609 1071 5673 Israel,
1098 5622 1154 5664 et
1178 5611 1394 5664 dicebat
1420 5612 1500 5666 eis
1537 5629 1550 5664 :
1587 5612 1766 5677 Quare
1802 5613 1949 5666 veni-

376 5718 394 5750 ‹
431 5700 528 5753 stis
543 5702 714 5770 parati
735 5701 802 5754 ad
823 5701 1064 5771 praelium
1079 5702 1101 5754 ?
1115 5701 1363 5770 Nunquid
1386 5718 1487 5770 ego
1513 5718 1618 5754 non
1641 5717 1758 5755 sum
1784 5702 1948 5756 Phili-

378 5812 394 5842 ‹
432 5791 651 5848 sthmus.
682 5803 738 5846 et
766 5808 862 5846 vos
889 5793 1029 5847 servi
1061 5793 1226 5845 Saul?
1256 5791 1445 5859 l'lligite
1476 5808 1542 5845 ex
1575 5791 1726 5844 vobis
1751 5792 1945 5852 virum,

1977 4589 2031 4648 D

2045 1999 2143 2049 se,
2200 1991 2257 2037 et
2299 1991 2524 2038 octavus
2573 1996 2698 2037 esse
2743 1981 2797 2035 in
2839 1981 3093 2050 pascuis,
3144 1981 3284 2036 inter
3334 1997 3472 2050 quos
3525 1981 3632 2035 Na.

2045 2077 2174 2132 than
2219 2075 2508 2130 adductum
2564 2073 2730 2127 fuisse
2768 2071 3115 2126 manifestum
3162 2081 3246 2126 est
3269 2112 3284 2137 ,
3315 2073 3408 2142 qui
3439 2080 3496 2128 et
3535 2070 3629 2126 Io-

2046 2166 2245 2220 nathan
2279 2171 2524 2218 vocatur.
2578 2161 2654 2216 De
2689 2176 2797 2232 quo
2822 2161 2874 2215 in
2902 2169 3142 2216 extrema
3181 2171 3340 2230 parte
3362 2161 3632 2218 Samuelis

2047 2254 2248 2312 dicitur
2301 2271 2370 2306 ς(
2417 2251 2694 2306 Percussit
2744 2258 2923 2304 autem
2974 2264 3100 2304 eum
3145 2249 3436 2316 Ionathan,
3488 2252 3631 2308 ﬁlius

2049 2345 2321 2409 Sammaa,
2354 2345 2538 2400 fratris
2561 2344 2727 2398 David
2749 2342 2834 2414 (11
2870 2342 2996 2414 Reg.
3021 2344 3158 2414 xxr).
3191 2364 3210 2396 ι
3245 2344 3312 2398 Et
3331 2346 3628 2400 notandum

2048 2439 2193 2507 quod
2225 2438 2531 2506 ubicunque
2571 2436 2834 2505 propheta
2885 2443 3131 2498 vocatur,
3183 2435 3400 2489 Nathan
3437 2435 3632 2490 scribi-

2050 2536 2161 2592 tur,
2216 2542 2323 2582 non
2371 2525 2659 2580 Ionathan.
2707 2545 2724 2575 ι
2755 2522 2941 2596 Pugna
2991 2539 3123 2579 vero
3172 2524 3626 2586 Philisthinorum

2048 2625 2236 2671 contra
2262 2615 2447 2682 Israel,
2483 2635 2510 2668 λ
2532 2630 2638 2670 non
2663 2614 3105 2670 ineonvenienter
3130 2614 3487 2686 malignorum
3516 2615 3627 2685 spi-

2050 2708 2249 2762 rituum
2293 2707 2538 2776 praelium
2582 2705 2842 2760 adversus
2872 2705 3164 2760 Ecclesiam
3207 2705 3300 2760 Dei
3333 2706 3503 2774 accipi
3533 2722 3628 2776 p0—

2051 2806 2176 2854 test.
2209 2797 2336 2852 Inde
2362 2797 2656 2868 egreditur,
2705 2797 2772 2851 de
2800 2797 2997 2851 castris
3040 2795 3246 2852 scilicet
3277 2796 3628 2851 Philistbino—

2051 2906 2194 2956 rum,
2220 2890 2307 2944 vir
2337 2889 2586 2959 Spurius,
2622 2889 2842 2944 nomine
2881 2887 3114 2953 Goliatb,
3139 2887 3319 2942 nimim
3356 2888 3628 2957 magnitu-v

2049 2974 2213 3045 dinis,
2247 2981 2340 3050 qui
2366 2981 2506 3035 bene
2530 2987 2710 3049 potest
2736 2979 3044 3050 signiﬁcare
3069 2979 3267 3035 diaboli
3291 2980 3636 3050 superbiam,

2049 3089 2210 3144 quem
2240 3074 2406 3128 David
2449 3081 2634 3128 noster
2675 3073 2934 3143 singulari
2975 3071 3270 3127 certamine
3302 3085 3630 3141 congressus

1977 3210 2024 3274 ρ
2052 3165 2366 3236 prostravit,
2398 3179 2463 3218 ac
2480 3161 2734 3234 populum
2757 3163 2849 3218 Dei
2877 3177 2908 3216 a
2932 3164 3124 3217 timore
3153 3162 3272 3232 ejus
3293 3162 3515 3231 eripuit,
3538 3161 3632 3231 qui

2054 3256 2265 3310 leonem
2300 3263 2356 3309 et
2387 3270 2574 3310 ursum
2601 3255 2846 3319 necavit;
2883 3268 3090 3318 ursum,
3139 3252 3390 3307 videlicet
3438 3250 3629 3305 diabo-

2051 3345 2193 3410 lum;
2225 3345 2455 3409 leonem,
2489 3343 2920 3398 Antichristum:
2953 3342 3182 3396 alterum
3223 3356 3367 3400 nunc
3399 3340 3632 3396 homini-

2051 3433 2152 3488 bus
2180 3433 2410 3488 latenter
2434 3433 2804 3498 insidiantem,
2827 3432 3055 3486 alterum
3083 3432 3137 3486 in
3152 3440 3428 3500 posterum
3457 3430 3632 3484 mani-

2053 3520 2342 3578 festissime
2395 3523 2729 3578 saavientem.
2775 3520 2893 3593 (Ea:
2917 3520 3172 3592 Isidoro.)
3226 3521 3334 3576 Iste
3360 3520 3530 3575 David
3575 3521 3632 3576 in

2050 3613 2236 3681 pnelio
2276 3612 2546 3684 gigantem
2574 3612 2872 3682 superavit,
2916 3627 3039 3667 cum
3085 3611 3342 3665 adversus
3377 3609 3634 3680 populum

2053 3703 2146 3757 Dei
2171 3702 2484 3772 alienigena:
2512 3703 2850 3758 dimicarent.
2898 3699 3220 3755 Provocavit
3255 3699 3507 3769 superbia
3533 3700 3637 3754 hu-

2053 3795 2355 3861 militatem,
2407 3796 2724 3865 provocavit
2775 3793 3019 3848 diabolus
3068 3791 3366 3846 Christum.
3410 3789 3635 3860 Accepit

2053 3904 2202 3944 anna
2229 3889 2421 3944 bellica
2451 3898 2670 3944 sanctus
2695 3888 2885 3951 David,
2914 3895 2977 3942 ut
2994 3887 3252 3942 adversus
3275 3885 3485 3940 Goliam
3509 3901 3635 3955 pro-

2051 3983 2288 4038 cederet.
2336 3982 2461 4037 llaac
2487 3997 2635 4036 arma
2663 3997 2760 4052 per
2787 3987 3000 4035 aetatem
3028 3987 3083 4034 et
3108 3994 3328 4048 parvam
3361 3985 3636 4033 staturam

2053 4072 2296 4141 corporis
2318 4080 2544 4141 portare
2563 4086 2670 4125 non
2695 4071 2883 4133 valuit,
2926 4068 3126 4136 abiecit
3147 4069 3636 4132 onerantia,-acce-

2052 4163 2132 4233 pit
2177 4163 2418 4231 quinque
2461 4162 2670 4230 lapides
2703 4161 2770 4214 de
2817 4160 3056 4225 ﬂumine,
3113 4168 3169 4216 et
3199 4159 3378 4230 posuit
3423 4159 3476 4213 in
3505 4174 3641 4213 vase

2053 4253 2332 4323 pastorali.
2381 4252 2478 4305 llis
2504 4259 2754 4306 armatus
2782 4251 3049 4321 processit
3088 4260 3143 4305 et
3183 4251 3332 4304 vicit.
3371 4250 3483 4304 Hoc
3517 4249 3636 4318 qui-

2055 4344 2177 4397 dem
2219 4342 2309 4396 ille
2344 4341 2532 4395 David.
2579 4340 2686 4395 Sed
2723 4341 2766 4394 si
2815 4341 3075 4410 mysteria
3105 4347 3531 4411 perscrutamur,
3579 4340 3638 4393 in

2055 4433 2221 4486 David
2255 4432 2504 4486 Christus
2547 4431 2883 4502 intelligitur,
2931 4431 3022 4501 qui
3075 4439 3316 4500 tempore
3354 4430 3640 4486 revelatio-

2056 4522 2143 4576 nis
2172 4519 2302 4574 Novi
2333 4520 2664 4575 Testamenti
2711 4521 3048 4575 insinuanda:
3097 4529 3154 4574 et
3196 4519 3637 4575 commendandae

2056 4613 2243 4682 gratia:
2280 4611 2613 4680 prmvidens,
2669 4625 2819 4664 arma
2845 4609 3123 4680 deposuit,
3161 4610 3397 4678 quinque
3434 4608 3638 4677 lapides

2057 4703 2199 4757 tulit.
2251 4702 2508 4770 Deposuit
2555 4716 2685 4771 ergo
2737 4701 3041 4769 corporalia
3089 4709 3424 4754 sacramenta
3479 4699 3636 4768 legis,

2057 4810 2176 4866 qua:
2206 4808 2311 4847 non
2342 4801 2467 4847 sunt
2491 4791 2741 4862 imposita
2785 4792 3056 4861 gentibus.
3089 4792 3344 4862 Deposuit
3381 4806 3501 4860 qua:
3526 4807 3636 4845 non

2057 4886 2428 4938 observamus.
2470 4883 2605 4949 Quia
2642 4883 2786 4936 enim
2825 4882 2879 4936 in
2908 4882 3077 4937 veteri
3124 4882 3244 4952 lege
3288 4890 3343 4935 et
3380 4881 3632 4952 legimus,

2056 4985 2110 5031 et
2142 4991 2246 5030 non
2274 4975 2643 5036 observamus,
2676 4973 2769 5026 sed
2791 4982 2971 5028 tamen
3011 4973 3246 5042 aliquam
3279 4971 3634 5042 signiﬁcatio-

2055 5084 2179 5123 nem
2201 5067 2474 5138 prmmissa
2517 5074 2575 5120 et
2615 5065 2791 5133 posita
2833 5065 3198 5135 intelligimus.
3243 5065 3486 5134 Denique
3522 5065 3638 5120 haec

2056 5175 2206 5214 arma
2249 5157 2518 5226 deposuit.
2552 5165 2808 5225 tanquam
2841 5171 3007 5211 onera
3049 5168 3514 5211 sacramentorum
3545 5172 3637 5212 ve-

2057 5249 2186 5303 teris
2237 5248 2389 5317 legis,
2440 5255 2496 5300 et
2520 5247 2692 5315 ipsam
2739 5247 2909 5317 legem
2945 5249 3173 5317 accepit.
3205 5247 3454 5316 Quinque
3489 5247 3637 5301 enim

2055 5341 2260 5411 lapides
2286 5340 2526 5408 quinque
2567 5338 2734 5392 libros
2760 5339 2924 5409 Moysi
2968 5339 3297 5409 signiﬁcant.
3336 5338 3482 5391 Tulit
3505 5352 3637 5405 ergo

2058 5433 2178 5486 illos
2221 5431 2459 5500 quinque
2489 5429 2694 5499 lapides
2736 5430 2803 5484 de
2837 5429 3076 5496 ﬂumine,
3115 5431 3165 5483 id
3186 5438 3290 5491 est.
3323 5431 3388 5482 de
3415 5429 3633 5483 saaculo.

2057 5522 2280 5575 Labitur
2308 5519 2450 5572 enim
2484 5519 2710 5573 mortale
2750 5517 3026 5582 saxulum,
3057 5527 3112 5572 et
3138 5517 3454 5587 prazterﬁuit
3483 5517 3638 5584 quid-

2056 5611 2183 5679 quid
2212 5610 2355 5662 venit
2389 5610 2440 5661 in
2479 5608 2759 5662 mundum.
2791 5607 2957 5659 Erant
2987 5607 3130 5660 enim
3159 5607 3212 5660 in
3240 5606 3458 5659 ﬂumine
3477 5646 3491 5667 ,
3522 5614 3632 5658 tan~

2057 5719 2217 5773 quam
2251 5701 2455 5770 lapides
2486 5701 2538 5752 in
2575 5698 2769 5768 populo
2799 5697 2909 5750 illo.
2941 5697 3125 5750 Primo
3151 5707 3311 5751 erant
3336 5697 3444 5751 illic
3476 5696 3638 5749 inuti-

2058 5795 2137 5847 los
2190 5801 2243 5844 et
2296 5790 2582 5852 vacabunt,
2625 5785 2756 5842 nihil
2807 5789 3118 5856 proderant,
3166 5789 3430 5846 transibat
3474 5801 3637 5858 supra
