4026 6202
429 326 510 380 53
1235 317 1597 374 CDMME'NT.
1635 317 1702 371 IN
1745 315 1988 372 LIBROS

2135 312 2397 369 REGUM.
2437 342 2506 352 -
2544 311 2609 366 IN
2647 311 2772 366 LIB.
2810 309 2853 364 I.
3627 315 3694 368 iii

431 441 657 495 ﬂuvius.
692 437 799 493 Sed
835 436 961 505 quid
984 436 1112 490 fecit
1138 432 1322 495 David,
1353 440 1412 485 ut
1440 432 1522 486 lex
1551 432 1665 501 ipsa
1688 430 1834 484 utilis
1854 437 2019 493 esset,
2050 436 2098 494 Α
2125 439 2240 494 tua,
2271 444 2386 492 rex,
2433 428 2478 482 si
2533 428 2690 494 novi;
2734 436 2861 480 aut:
2897 425 3119 480 Videam
3169 438 3399 479 mortem
3455 437 3621 492 tuam,
3652 431 3698 484 si

431 531 652 600 accepit
687 527 942 601 gratiam.
976 525 1083 578 Lex
1127 525 1269 579 enim
1300 524 1416 578 sine
1459 523 1630 594 gratia
1671 521 1879 592 impleri
1918 536 2023 574 non

427 632 636 693 petesL
674 639 692 670 ι
723 617 1009 674 Plenitudo
1039 616 1170 686 legis
1201 615 1439 669 Charitas
1470 622 1555 669 est
1600 612 1785 684 (Rom.
1816 611 1964 684 xm).
2001 631 2018 662 ι

431 717 576 781 Quia
623 726 755 781 ergo
794 709 966 780 gratia
1024 707 1155 760 facit
1208 706 1378 777 legem
1431 705 1641 775 impleri
1689 703 2026 774 srgniﬂcatur

427 806 613 876 gratia
641 803 801 858 laete.
842 801 955 856 Hoc
989 807 1074 854 est
1099 799 1243 854 enim
1290 797 1343 852 in
1378 812 1542 852 carne
1571 795 1889 868 gratuitum,
1932 794 2023 849 ubi

430 906 614 952 mater
658 910 764 950 non
799 893 993 964 quarit
1033 891 1304 960 accipere,
1333 890 1427 945 sed
1471 889 1668 960 satagit
1711 888 1873 952 dare;
1921 887 2025 942 hoc

431 999 616 1044 mater
639 987 808 1059 gratis
835 986 945 1050 dat,
975 993 1030 1040 et
1048 984 1401 1038 contristatur
1422 981 1468 1036 si
1493 981 1631 1035 desit
1651 979 1742 1048 qui
1770 978 2021 1047 accipiat.

423 1081 722 1150 Quomodo
749 1095 877 1150 ergo
895 1077 1134 1133 ostendit
1166 1077 1333 1131 David
1350 1076 1523 1146 legem
1555 1074 1673 1129 sine
1699 1073 1872 1144 gratia
1898 1088 2024 1142 ope-

426 1173 550 1230 rari
583 1187 694 1226 non
723 1185 902 1240 posse,
927 1169 1028 1223 nisi
1061 1185 1185 1222 cum
1217 1167 1337 1222 illos
1360 1167 1560 1236 lapides
1590 1165 1826 1235 quinque
1851 1163 1869 1237 (
1897 1165 2019 1233 (ιιιί-

431 1267 540 1318 lius
567 1261 978 1333 significabatur
1003 1259 1090 1314 lex
1120 1259 1172 1312 in
1204 1258 1361 1313 libris
1399 1257 1665 1330 quinque)
1698 1256 2023 1328 conjungere

427 1355 626 1408 volens
647 1352 857 1422 gratia,
896 1350 1076 1421 posuit
1101 1350 1156 1403 in
1183 1363 1310 1403 vase
1329 1348 1611 1418 pastorali,
1641 1362 1749 1418 quo
1772 1347 1856 1402 lac
1882 1347 2020 1401 mul-

431 1445 552 1512 geri
599 1449 974 1498 consueverat.
1033 1439 1128 1494 llis
1179 1447 1421 1494 armatus
1457 1438 1723 1509 processit
1763 1439 2020 1495 adversus

429 1534 651 1589 Goliam
695 1532 1020 1602 superbum,
1076 1544 1136 1584 se
1172 1529 1474 1600 jactantem
1519 1537 1574 1583 et
1621 1528 1689 1584 de
1727 1543 1786 1583 se
1815 1544 2022 1598 prasa-

431 1632 704 1679 mentem.
757 1622 904 1676 Tulit
933 1637 1098 1675 unum
1131 1621 1364 1692 lapidem
1410 1629 1465 1676 et
1494 1619 1687 1688 dejecit
1724 1619 2016 1674 diabolum.

427 1714 494 1768 .ln
530 1711 709 1767 fronte
732 1711 1019 1781 percussit,
1046 1717 1101 1764 et
1121 1709 1315 1764 cecidit
1343 1710 1396 1762 in
1422 1724 1486 1765 eo
1514 1707 1631 1762 loco
1657 1707 1905 1776 corporis
1926 1706 2016 1760 ubi

431 1806 653 1874 signum
681 1779 883 1857 Christi
911 1817 1016 1855 non
1051 1799 1258 1854 habuit.
1301 1799 1414 1854 Hoc
1439 1814 1654 1870 quoque
1689 1797 1816 1852 licet
1847 1805 2020 1852 atten—
2049 1779 2092 1838 Β

432 1895 561 1948 das.
611 1892 858 1960 Quinque
888 1890 1090 1961 lapides
1129 1889 1326 1959 posuit,
1365 1904 1530 1942 unum
1566 1887 1732 1942 misit.
1772 1886 2021 1956 Quinque

430 1983 562 2038 libri
591 1981 747 2038 electi
775 1989 928 2047 sunt,
946 1981 1039 2035 sed
1062 1980 1241 2034 unitas
1259 1978 1406 2036 vicit.
1439 1997 1457 2028 ι
1478 1977 1761 2032 Plenitudo
1787 1992 1916 2048 ergo
1941 1976 2021 2031 le-

431 2074 519 2144 gis
563 2071 825 2135 charitas,
868 2079 928 2124 ut
953 2071 1030 2124 ait
1065 2068 1390 2138 Apostolus:
1423 2066 1743 2127 sufferentes
1790 2068 2021 2122 invicem

434 2164 492 2216 in
524 2161 831 2225 dilectione,
859 2161 1142 2216 studentes
1171 2173 1389 2214 servare
1425 2158 1688 2213 unitatem
1711 2158 1936 2228 spiritus
1966 2156 2020 2210 in

437 2252 665 2306 vinculo
710 2251 859 2322 pacis
900 2250 1116 2321 (Ephes.
1167 2248 1263 2322 tv).
1300 2269 1318 2301 ι
1354 2249 1576 2314 Deinde,
1633 2248 1722 2303 illo
1764 2264 2022 2318 percusso

431 2352 609 2411 atque
630 2341 858 2410 dejecto,
895 2340 1128 2412 gladium
1160 2339 1274 2408 ejus
1303 2339 1542 2404 abstulit,
1569 2348 1624 2396 et
1645 2340 1837 2396 deinde
1859 2349 2022 2410 caput

429 2431 690 2490 abscidit.
719 2429 787 2484 Et
811 2430 938 2485 fecit
977 2431 1079 2484 hoc
1100 2438 1285 2485 noster
1314 2430 1501 2494 David,
1532 2429 1727 2498 dejecit
1750 2431 2025 2486 diabolum

433 2521 506 2574 de
528 2519 663 2585 suis,
691 2520 909 2590 quando
935 2519 1224 2576 credebant
1265 2519 1482 2590 maligni
1510 2520 1646 2591 ejus,
1678 2535 1814 2590 quos
1842 2520 1930 2577 ille
1966 2522 2025 2582 in,

434 2625 609 2664 manu
635 2609 867 2665 habebat
886 2655 898 2677 ,
944 2619 1000 2664 et
1031 2611 1096 2665 de
1122 2610 1316 2680 quibus
1345 2621 1570 2667 caeteras
1615 2613 1826 2667 animas
1857 2615 2025 2668 truci-

435 2703 623 2756 dabat.
656 2700 988 2756 Convertunt
1017 2702 1226 2772 linguas
1267 2718 1395 2758 suas
1420 2712 1609 2759 contra
1639 2705 1931 2770 diabolum,
1967 2716 2025 2762 et

433 2796 514 2850 sic
547 2792 714 2849 Golia
735 2794 802 2849 de
827 2793 1002 2865 gladio
1032 2809 1128 2849 suo
1169 2803 1332 2865 caput
1355 2795 1626 2852 inciditur.
1675 2795 1800 2868 (Ea:
1821 2793 2020 2868 Grego-

433 2887 565 2954 rio.)
593 2885 726 2940 Item
755 2885 842 2939 vir
870 2893 1018 2942 certa
1041 2885 1145 2941 fide
1166 2886 1382 2956 plenus,
1409 2901 1529 2956 qua
1552 2887 1755 2944 sanctis
1784 2888 1924 2943 solet
1953 2887 2019 2943 ad

431 2977 702 3044 justitiam
745 2975 1064 3045 computari,
1109 2991 1175 3031 ea
1202 2975 1317 3050 ipsa
1356 2974 1648 3045 Scriptura
1677 2991 1866 3043 sacra,
1898 2991 2019 3046 qua

432 3067 728 3122 hareticus
752 3065 932 3131 aﬂ'ert,
971 3065 1276 3124 testimonia
1320 3065 1544 3135 colligit,
1576 3075 1630 3120 et
1658 3067 1862 3121 erroris
1902 3068 2019 3138 ejus

2125 520 2270 575 novi.
2316 519 2486 572 Aliter
2519 518 2677 585 :quia
2711 515 2758 569 si
2798 514 3105 583 conjunctio
3151 515 3439 584 aliquando
3484 517 3704 585 ponitur

2124 628 2223 684 pro
2250 629 2352 665 non
2382 609 2655 673 adverbio,
2679 615 2738 661 ut
2755 615 2838 663 est
2863 606 2990 660 illud
3018 606 3313 661 Psalmista
3338 625 3349 659 :
3379 625 3396 656 ι
3426 603 3482 661 Si
3511 607 3702 662 introi-

2125 704 2258 758 bunt
2289 703 2340 755 in
2372 700 2612 770 requiem
2652 714 2825 752 meam
2856 718 2873 749 ι
2910 696 3054 768 (Pal.
3095 696 3277 768 χειν).
3310 697 3362 751 id
3391 705 3505 762 est,
3539 716 3557 748 ι
3595 714 3700 752 non

2126 792 2426 847 introibant
2475 790 2529 844 in
2570 789 2812 860 requiem
2852 804 3026 842 meam
3047 828 3061 853 ,
3091 807 3107 840 ι
3140 787 3202 842 Si
3234 789 3349 842 novi
3379 798 3558 859 potest
3602 807 3702 860 pro

2125 898 2228 936 non
2277 881 2394 936 novi
2437 881 2641 935 dictum
2669 879 2857 949 accipi.
2905 877 3090 934 Utitur
3132 878 3274 933 enim
3306 880 3465 934 modo
3483 879 3700 948 jurandi

2123 991 2220 1046 per
2241 976 2405 1029 vitam
2437 975 2601 1044 regis,
2634 981 2689 1027 et
2713 971 2944 1026 affirmat
2965 987 3023 1028 se
3049 989 3154 1041 non
3174 987 3334 1027 nosse
3365 974 3505 1027 unde
3533 973 3700 1028 David

2123 1067 2214 1122 sit.
2252 1066 2365 1120 Hoc
2395 1067 2538 1119 enim
2576 1066 2732 1119 modo
2761 1072 2817 1118 et
2845 1065 2897 1119 in
2924 1063 3118 1118 Genesi
3154 1061 3352 1133 Joseph
3393 1065 3701 1134 patriarcha

2122 1169 2311 1217 contra
2356 1161 2553 1215 fratres
2596 1175 2721 1215 suos
2751 1175 2879 1214 usus
2917 1167 3020 1223 est,
3071 1160 3285 1228 quando
3330 1159 3508 1213 dixit:
3546 1179 3567 1212 ‹
3599 1157 3704 1214 Per

2123 1253 2348 1309 salutem
2387 1252 2685 1308 Pharaonis
2725 1267 2830 1305 non
2873 1251 3189 1321 egredimini
3235 1250 3380 1316 hinc,
3413 1252 3584 1307 donec
3618 1266 3704 1306 ve-

2124 1343 2238 1397 niat
2273 1341 2442 1397 frater
2464 1351 2644 1397 vester
2671 1341 2926 1396 minimus
2951 1340 3103 1413 (Gen.
3134 1341 3290 1413 χιιι).
3325 1360 3343 1392 ι

2683 1451 2909 1510 CAPUT
2958 1451 3140 1507 XVIII.

2121 1544 2198 1601 De
2219 1554 2367 1616 pacto
2387 1544 2636 1600 Jonatha:
2665 1543 2977 1684 οαηὶιραυὲἀ
3008 1553 3054 1666 εἰ
3078 1544 3476 1614 desponsatione
3508 1541 3705 1598 Mirhol

2818 1630 2884 1668 ue
2955 1632 3026 1669 au
3051 1653 3068 1666 .

2818 1630 2884 1668 ιω
2915 1630 3068 1669 δαιιι.

2188 1705 2412 1760 Peracta
2466 1705 2690 1760 victoria
2750 1719 2863 1773 qua.
2923 1704 3092 1758 David
3143 1704 3416 1776 gigantem
3481 1704 3704 1758 interle-

2120 1801 2227 1865 cit,
2257 1799 2391 1855 dicit
2422 1798 2702 1868 Scriptura
2736 1796 2878 1868 quod
2913 1815 2933 1847 ι
2974 1797 3154 1852 anima
3205 1794 3451 1852 Jonatha
3483 1796 3702 1866 conglu-

2120 1891 2292 1946 tinata
2333 1899 2417 1945 εει
2438 1890 2633 1944 anima
2673 1887 2860 1952 David,
2905 1908 2923 1942 ι
2956 1896 3013 1942 et
3041 1889 3113 1943 ita
3150 1889 3427 1944 dilexisset
3452 1903 3577 1942 eum
3607 1886 3700 1943 Jo-

2120 1984 2320 2037 nathan
2374 2000 2392 2032 ι
2426 1981 2582 2051 quasi
2636 1981 2873 2034 animam
2911 1995 3091 2044 suam,
3135 2002 3152 2032 ο
3191 1989 3296 2037 etc.
3320 1978 3586 2037 Jonathas
3611 1997 3708 2050 op-

2121 2076 2252 2132 time
2288 2084 2469 2146 typum
2498 2082 2644 2128 tenet
2664 2089 2854 2128 eorum
2893 2072 2983 2142 qui
3012 2088 3079 2128 ex
3103 2070 3304 2128 Judais
3349 2073 3401 2127 in
3427 2071 3702 2128 Christum

2121 2165 2483 2228 crediderunt,
2511 2163 2624 2233 qui,
2653 2172 2874 2232 accepta
2917 2163 3151 2232 Spiritus
3178 2163 3351 2218 sancti
3390 2164 3584 2234 gratia,
3609 2177 3706 2233 pro

2119 2255 2320 2310 Christi
2350 2270 2532 2310 amore
2583 2254 2786 2309 relictis
2814 2253 3064 2308 omnibus
3112 2269 3233 2323 qua
3278 2253 3334 2308 in
3382 2253 3582 2309 mundo
3609 2253 3704 2308 ha-

2119 2347 2248 2402 bere
2300 2354 2588 2416 poterant,
2639 2345 2814 2416 ipsum
2865 2344 3279 2416 Redemptorem
3334 2345 3505 2401 secuti
3558 2353 3702 2400 sunt.

2122 2436 2276 2492 Unde
2315 2445 2370 2490 et
2401 2435 2592 2490 Petrus
2627 2435 2903 2506 apostolus
2949 2435 3016 2490 de
3061 2451 3121 2492 se
3149 2445 3203 2492 et
3234 2437 3396 2493 sociis
3426 2436 3540 2492 suis
3570 2437 3701 2492 dixit

2121 2530 2188 2583 ad
2207 2526 2391 2584 Jesum
2421 2547 2432 2580 :
2465 2546 2482 2577 ι
2513 2527 2758 2592 Domine,
2784 2541 2912 2583 ecce
2931 2542 3029 2583 nos
3063 2527 3387 2597 reliquimus
3409 2527 3612 2592 omnia,
3649 2536 3702 2582 et

2120 2617 2290 2672 secuti
2320 2632 2506 2672 sumus
2538 2625 2590 2671 te
2615 2615 2844 2688 (Matth.
2869 2615 3038 2687 νὴ.»
3061 2616 3127 2670 Et
3153 2633 3208 2671 ιιι
3235 2615 3461 2672 Actibus
3483 2625 3704 2686 aposto-

2120 2706 2296 2762 lorum
2357 2708 2429 2762 ita
2483 2707 2743 2778 scriptum
2792 2716 2913 2765 est:
2962 2725 2980 2758 ι
3035 2709 3312 2781 Quotquot
3359 2723 3704 2778 possessores

2119 2812 2374 2868 agrorum
2414 2808 2590 2865 erant,
2646 2800 2935 2858 veniebant
2973 2809 3028 2855 et
3067 2801 3372 2856 vendebant
3409 2809 3464 2856 ct
3507 2799 3695 2857 all‘ere-

2119 2884 2249 2939 bant
2273 2887 2444 2956 pretia
2476 2903 2666 2945 eorum
2708 2898 2833 2944 ante
2859 2889 3024 2960 pedes
3067 2889 3457 2960 apostolorum.
3490 2891 3708 2946 Divide-

2119 2977 2279 3035 batur
2312 2987 2499 3032 autem
2543 2977 2794 3049 singulis,
2840 2987 3002 3049 prout
3029 2980 3224 3050 cuique
3252 2994 3388 3050 opus
3413 2987 3532 3034 erat
3563 2978 3702 3051 (Act.

2124 3065 2230 3138 tv).
2266 3064 2356 3121 Sic
2381 3068 2522 3122 enim
2551 3065 2813 3124 Jonathas
2847 3069 2994 3124 dedit
3023 3070 3346 3126 vestimenta
3384 3086 3517 3136 sua,
3554 3085 3586 3124 a
3624 3079 3709 3126 tu-

431 3161 794 3230 pertinaciam
821 3159 946 3216 inde
970 3159 1261 3216 convincit.
1285 3156 1485 3214 Contra
1512 3174 1609 3213 nos
1635 3173 1868 3229 namque
1892 3135 2022 3215 dum
2047 3135 2092 3197 δ
2126 3135 2247 3212 nica
2282 3173 2453 3227 usque
2481 3159 2548 3213 ad
2575 3160 2832 3226 balteum,
2872 3177 2993 3217 cum
3019 3163 3303 3218 credentes
3324 3163 3524 3232 quique
3551 3163 3709 3233 quid-

433 3265 608 3305 sacra
642 3249 775 3319 legis
802 3247 1108 3305 testimonia
1150 3248 1463 3318 adportant,
1495 3263 1679 3304 secum
1710 3249 1868 3305 nobis
1893 3248 2022 3304 affe-

436 3349 571 3396 runt
586 3340 729 3394 unde
749 3340 1054 3394 vincantur.
1095 3339 1251 3395 Unde
1275 3347 1331 3394 et
1361 3339 1529 3394 David
1566 3348 1753 3410 typum
1781 3338 2020 3404 Domini,

433 3431 532 3503 qui
559 3429 810 3488 videlicet
832 3429 982 3499 [ortis
1006 3445 1168 3483 manu
1199 3429 1619 3499 interpretatur;
1657 3428 1850 3484 Golias.
1868 3445 2018 3494 vero,

435 3519 702 3575 metatus
733 3520 848 3576 sive
867 3519 1272 3590 transmigrans,
1301 3520 1683 3575 haereticorum
1713 3519 2022 3589 superbiam

437 3613 682 3680 signans,
716 3612 820 3666 hoc
845 3611 1005 3666 rebus
1045 3611 1208 3666 locuti
1236 3619 1362 3666 sunt
1387 3611 1533 3680 quod
1557 3626 1657 3666 nos
1688 3609 1869 3668 verbis
1895 3623 2024 3680 ape-

439 3703 630 3757 rimus.
677 3700 860 3757 Golias
899 3700 1094 3772 quippe
1129 3715 1250 3756 cum
1297 3700 1494 3772 gladio,
1528 3699 1696 3754 David
1734 3713 1875 3760 vero,
1897 3714 2020 3754 cum

437 3805 569 3859 pera
599 3790 860 3860 pastorali
899 3790 1046 3844 venit
1080 3791 1147 3845 ad
1177 3789 1441 3860 pralium.
1495 3787 1600 3844 Sed
1640 3789 1888 3850 eumdem
1914 3788 2023 3844 Go-

437 3880 567 3932 liam
597 3879 768 3936 David
795 3895 1076 3950 superans,
1123 3896 1222 3936 suo
1258 3880 1459 3935 occidit
1491 3879 1688 3951 gladio.
1735 3880 1890 3947 Quod
1923 3896 2022 3936 nos

437 3983 655 4037 quoque
699 3970 931 4040 agimus,
987 3969 1078 4040 qui
1128 3970 1393 4039 promissa
1448 3969 1619 4025 David
1665 3971 1906 4025 membra
1953 3985 2022 4025 ex

436 4059 557 4127 ejus
594 4058 714 4114 fieri
767 4061 1074 4132 dignatione
1105 4062 1400 4115 meruimus
1428 4075 1443 4114 :
1475 4075 1600 4115 nam
1650 4062 2024 4132 superbientes

437 4151 727 4208 haereticos
758 4159 813 4204 et
847 4165 1016 4205 sacra
1054 4150 1347 4220 Scriptura
1375 4150 1674 4205 sententias
1717 4148 2024 4207 deferentes

436 4244 645 4299 eisdem
681 4244 864 4302 verbis
890 4253 1052 4316 atque
1089 4245 1376 4303 sententiis
1422 4261 1561 4316 quas
1587 4246 1870 4317 proferunt
1900 4247 2023 4302 vin-

436 4348 634 4389 eimus.

515 4441 535 4472 ι
571 4423 872 4478 Assumens
901 4432 1084 4482 autem.
1107 4425 1276 4480 David
1300 4433 1460 4494 caput
1493 4424 1809 4490 Philisthai,
1839 4425 2020 4482 attulit

443 4533 460 4564 ι
503 4513 634 4568 illud
673 4515 729 4568 in
767 4513 1085 4578 Jerusalem,
1131 4532 1283 4570 arma
1308 4532 1436 4571 vero
1469 4515 1586 4584 ejus
1623 4517 1804 4586 posuit
1844 4517 1897 4571 in
1931 4527 2014 4572 ta-

443 4627 462 4657 α
503 4607 794 4664 hernaculo
823 4622 970 4666 δυο.»
1003 4607 1109 4678 (Ex
1133 4606 1400 4680 flebrwo.)
1432 4609 1585 4675 Quod
1610 4609 1742 4664 dicit
1768 4610 2016 4666 attulisse

437 4697 607 4752 David
641 4707 802 4767 caput
823 4697 1118 4753 Pbilisthai
1143 4699 1195 4752 in
1222 4697 1540 4765 Jerusalem,
1569 4701 1887 4771 anticipatio
1909 4709 2013 4767 est,

438 4793 582 4860 quod
601 4800 786 4861 postea
823 4791 972 4847 fecit.
992 4792 1156 4846 Arma
1181 4807 1306 4848 vero
1326 4792 1460 4862 ejus,
1491 4793 1545 4848 id
1568 4803 1670 4858 est,
1692 4793 2013 4859 Philisthai,

436 4896 548 4935 non
573 4890 655 4934 est
684 4880 1090 4952 intelligendum
1117 4882 1259 4952 quod
1283 4883 1337 4936 in
1366 4898 1464 4938 suo
1489 4883 1731 4954 posuerit
1765 4884 2016 4938 taberna-

437 4972 583 5036 culo,
632 4973 726 5026 sed
756 4973 811 5026 in
854 4973 1200 5029 tabernaculo
1243 4973 1478 5038 Domini,
1527 4975 1593 5029 de
1624 4990 1732 5044 quo
1767 4975 2016 5030 taberna-

437 5064 563 5118 culo
585 5073 771 5133 postea
799 5063 916 5119 hac
943 5063 1012 5118 ab
1031 5063 1342 5120 Abimelech
1371 5064 1654 5123 sacerdote
1674 5065 1904 5136 accepit.
1939 5064 2024 5120 Eo

436 5164 619 5208 autem
649 5162 889 5223 tempore
928 5169 1036 5227 quo
1061 5153 1270 5209 viderat
1297 5153 1425 5210 Saul
1453 5154 1619 5211 David
1649 5156 2016 5227 egredientem

435 5253 629 5302 contra
648 5245 1037 5313 Philisthaum,
1063 5247 1139 5301 ait
1163 5246 1230 5300 ad
1247 5246 1428 5301 Abner
1449 5247 1748 5318 principem
1773 5247 2011 5303 militiae:

444 5356 462 5387 I
504 5336 581 5390 De
624 5352 736 5406 qua.
767 5337 933 5406 stirpe
974 5338 1252 5394 descendit
1295 5339 1384 5394 hic
1426 5339 1759 5406 adolescens,
1797 5340 2015 5396 Abner?

446 5444 464 5477 ι
505 5425 759 5496 Dixitque
804 5426 988 5482 Abner
1011 5446 1026 5482 :
1053 5426 1214 5484 Vivat
1236 5430 1416 5485 anima
1448 5441 1562 5498 tua,
1603 5447 1717 5497 rex,
1743 5432 1789 5486 si
1811 5432 1954 5487 novi.
1991 5451 2010 5485 ι

441 5515 751 5570 Secundum
773 5515 899 5571 illud
933 5516 1219 5574 locutionis
1238 5536 1408 5592 genus
1433 5523 1538 5578 hoc
1569 5522 1772 5578 dictum
1797 5532 1881 5579 est
1907 5539 2016 5596 quo

447 5609 654 5661 dictum
681 5614 766 5660 est
813 5604 984 5660 illud:
1022 5626 1040 5656 ι
1071 5609 1352 5665 Benedixit
1397 5609 1611 5668 Naboth
1658 5612 1780 5668 Deo.
1805 5623 1858 5669 et
1904 5615 2025 5685 regi.

453 5693 739 5782 llllReg.
789 5712 879 5752 ut
903 5697 941 5769 ).
969 5717 986 5751 ι
1027 5699 1118 5754 Ac
1143 5701 1186 5755 si
1220 5701 1458 5756 diceret:
1490 5702 1603 5757 Non
1648 5705 1795 5760 vivat.
1833 5707 2014 5761 anima

2126 3248 2253 3318 quid
2283 3249 2480 3304 habere
2526 3259 2778 3320 poterant
2817 3252 2872 3306 in
2905 3253 3010 3308 hoc
3054 3254 3501 3318 mundo,.omnia
3539 3255 3593 3309 in
3623 3254 3708 3308 lu-

2126 3355 2279 3395 crum
2309 3339 2509 3396 Christi
2549 3341 2798 3404 conferre
2834 3345 3168 3416 satagebant.
3203 3362 3223 3398 σ
3260 3343 3432 3424 Porro
3465 3363 3588 3402 cum
3620 3363 3708 3402 re-

2132 3448 2148 3481 i
2183 3439 2484 3487 verteretur
2537 3431 2726 3500 David,
2771 3450 3030 3505 percusso
3087 3436 3422 3504 Philisthao,
3475 3451 3711 3509 egressa

2131 3544 2150 3578 ι
2181 3536 2307 3582 sunt
2333 3527 2588 3586 mulieres
2613 3530 2679 3586 de
2706 3532 2977 3588 universis
2999 3534 3226 3590 urbibus
3251 3534 3437 3602 Israel,
3474 3543 3702 3591 cantan-

2129 3636 2148 3669 ι
2181 3627 2262 3676 tes
2289 3621 2594 3692 chorosque
2633 3622 2890 3680 ducentes
2934 3625 2988 3679 in
3029 3640 3315 3682 occursum
3349 3627 3480 3684 Saul
3513 3629 3656 3699 regis
3693 3647 3705 3683 :

2129 3725 2148 3759 ι
2180 3710 2236 3764 in
2268 3712 2537 3782 tympanis
2573 3712 2795 3780 latitia,
2840 3723 2896 3769 et
2923 3715 2977 3769 in
3005 3716 3214 3780 sistris,
3254 3726 3311 3770 et
3339 3717 3710 3785 praecinebant

2129 3814 2148 3848 ι
2183 3797 2438 3854 mulieres
2471 3799 2718 3856 ludentes
2761 3808 2924 3874 atque
2949 3804 3191 3859 dicentes
3223 3822 3236 3857 :
3267 3804 3544 3863 Percussit
3575 3805 3705 3860 Saul

2129 3903 2150 3936 ‹
2183 3886 2352 3952 mille,
2380 3896 2435 3942 et
2455 3887 2626 3943 David
2660 3890 2843 3946 decem
2873 3891 3058 3947 millia.
3092 3913 3110 3945 ι
3139 3892 3292 3959 Quod
3314 3895 3458 3964 regis
3486 3896 3704 3950 animus

2123 3973 2340 4044 indigne
2369 3975 2506 4029 tulit.
2560 3976 2698 4033 Hinc
2729 3979 2926 4032 invidia
2967 3979 3182 4046 Saulis,
3215 3990 3270 4036 et
3306 3984 3515 4038 semina
3557 3985 3710 4039 odio-

2123 4075 2244 4115 rum
2275 4063 2560 4120 adversum
2591 4065 2760 4121 David
2787 4076 2906 4122 orta
2935 4077 3079 4123 sunt.
3111 4069 3218 4141 (Ex
3248 4071 3515 4146 Isidoro.)
3545 4074 3623 4129 Ita
3653 4084 3709 4130 et

2121 4151 2288 4208 Judaei
2341 4155 2626 4212 audientes
2659 4156 2933 4212 Christum
2985 4161 3267 4229 praedicari
3310 4162 3364 4217 in
3412 4164 3705 4232 Ecclesiis,

2123 4256 2284 4311 quem
2318 4243 2416 4313 ipsi
2447 4245 2576 4302 neci.
2606 4246 2960 4312 tradiderunt,
2991 4257 3046 4303 et
3086 4251 3151 4305 de
3175 4251 3401 4308 victoria
3428 4252 3566 4322 ejus,
3594 4271 3704 4325 quo

2123 4333 2333 4388 hostem
2369 4335 2651 4404 antiquum
2697 4338 3090 4413 triumpvhavitk
3109 4343 3394 4399 credentes
3436 4345 3491 4398 in
3536 4345 3707 4401 laudi-

2125 4425 2224 4479 bus
2253 4424 2423 4495 ipsius
2455 4429 2836 4498 congratulari,
2876 4432 3114 4501 graviter
3158 4433 3282 4488 inde
3319 4434 3507 4492 offensi
3555 4446 3701 4493 sunt.

2125 4514 2259 4569 Nam
2289 4516 2438 4583 Saul,
2469 4517 2696 4575 callidus
2739 4520 3053 4589 simulator,
3094 4532 3154 4578 ut
3194 4524 3312 4582 sine
3342 4527 3454 4582 suis
3491 4528 3705 4584 insidiis

2121 4606 2293 4673 possit
2319 4607 2486 4663 David
2513 4607 2711 4666 offerre
2741 4611 3038 4671 discrimini
3059 4655 3075 4680 ,
3113 4615 3319 4674 studuit
3343 4631 3466 4672 eum
3507 4619 3702 4675 Michol

2124 4695 2248 4752 ﬁlia
2295 4714 2406 4754 sua
2443 4702 2645 4771 nuptiis
2667 4702 2912 4775 alligare,
2941 4706 2984 4760 si
3012 4716 3244 4762 centum.
3271 4710 3371 4764 sibi
3396 4710 3705 4782 All0phylo-

2123 4801 2242 4841 rum
2299 4792 2563 4860 praeputia
2601 4794 2775 4849 victor
2817 4795 3056 4852 offerret.
3099 4813 3198 4868 pro
3242 4801 3439 4870 quibus
3484 4812 3700 4859 centum

2123 4876 2356 4932 ducenta
2386 4880 2543 4940 dedit
2562 4881 2684 4949 ille;
2715 4891 2770 4938 et
2798 4885 2939 4940 unde
2966 4889 3205 4945 creditus
3235 4899 3319 4946 est
3343 4893 3492 4962 regio
3521 4895 3701 4964 perire

2124 4975 2269 5034 voto,
2316 4969 2442 5028 inde
2496 4981 2686 5030 auctus
2732 4985 2818 5031 est
2867 4975 3183 5048 gloriosiore
3236 4989 3438 5054 trOpao
3474 4988 3591 5043 :ita
3647 4999 3704 5044 et

2121 5055 2316 5124 Judai,
2346 5059 2471 5115 dum
2505 5071 2693 5117 contra
2726 5065 3058 5122 voluntatem
3101 5069 3196 5125 Dei
3226 5071 3497 5128 Christum
3532 5075 3700 5132 inter-

2121 5147 2286 5206 ficere
2312 5150 2578 5218 nituntur,
2619 5169 2716 5224 per
2743 5155 2799 5210 id
2825 5155 3056 5212 salutem
3079 5161 3320 5228 gentium
3351 5175 3571 5234 egerunt
3603 5181 3700 5236 per

2121 5241 2265 5311 quod
2316 5242 2663 5297 crediderunt
2717 5245 3078 5317 exstinguere.
3141 5248 3296 5316 Quod
3347 5267 3475 5309 vero
3529 5255 3698 5309 David

2119 5331 2271 5402 prius
2315 5333 2736 5404 alienigenarum
2763 5338 3022 5406 praputia
3067 5340 3270 5408 attulit,
3319 5351 3375 5398 et
3406 5343 3486 5398 sic
3523 5345 3698 5399 denuo

2121 5422 2249 5479 Saul
2300 5425 2422 5480 ﬁlia
2474 5427 2678 5496 nuptiis
2725 5429 2904 5496 haesit,
2941 5431 3209 5501 significat
3258 5435 3400 5504 quod
3449 5434 3696 5492 Christus

2118 5531 2225 5572 non
2254 5518 2405 5589 prius
2448 5516 2786 5590 Synagogam
2815 5523 3082 5578 connubio
3124 5540 3223 5580 suo
3251 5526 3556 5595 sponderet,
3587 5528 3692 5583 nisi

2119 5618 2246 5664 ante
2274 5609 2544 5680 gloriosus
2565 5614 2618 5666 in
2646 5613 2896 5684 gentibus
2927 5614 3101 5670 fieret.
3148 5615 3307 5672 Prius
3335 5616 3480 5672 enim
3512 5617 3564 5672 in
3595 5634 3692 5673 na-

2119 5703 2358 5758 tionibus
2389 5703 2651 5760 resecavit
2681 5707 2862 5762 carnis
2899 5706 3264 5776 poHutioncm,
3294 5718 3349 5765 ct
3381 5719 3568 5781 postea
3597 5724 3693 5768 co-
