  <div class='ocr_page' id='page_1' title='image "/cluster/home/n/w/nwhite01/storage/ocr_20150623/109/hvd.32044054759741/033.png"; bbox 0 0 4026 6202; ppageno 0'>
   <div class='ocr_carea' id='block_1_1' title="bbox 292 419 3598 503">
    <p class='ocr_par' dir='ltr' id='par_1_1' title="bbox 292 419 3598 503">
     <span class='ocr_line' id='line_1_1' title="bbox 292 419 3598 503; baseline 0.011 -37"><span class='ocrx_word' id='word_1_1' title='bbox 292 449 323 487; x_wconf 18' lang='grc' dir='ltr'><strong>-η</strong></span> <span class='ocrx_word' id='word_1_2' title='bbox 364 420 433 474; x_wconf 75' lang='lat'><strong>55</strong></span> <span class='ocrx_word' id='word_1_3' title='bbox 1001 421 1059 476; x_wconf 87' lang='grc' dir='ltr'><strong>Β.</strong></span> <span class='ocrx_word' id='word_1_4' title='bbox 1101 419 1349 476; x_wconf 75' lang='lat' dir='ltr'><strong>RABANI</strong></span> <span class='ocrx_word' id='word_1_5' title='bbox 1390 420 1606 477; x_wconf 79' lang='lat' dir='ltr'><strong>MAURI</strong></span> <span class='ocrx_word' id='word_1_6' title='bbox 1646 422 1965 476; x_wconf 70' lang='lat' dir='ltr'><strong>ARCthP.</strong></span> <span class='ocrx_word' id='word_1_7' title='bbox 2008 424 2319 479; x_wconf 70' lang='lat' dir='ltr'><strong>MUGUNT.</strong></span> <span class='ocrx_word' id='word_1_8' title='bbox 2351 428 2635 484; x_wconf 76' lang='lat' dir='ltr'><strong>Ul’ERUM</strong></span> <span class='ocrx_word' id='word_1_9' title='bbox 2675 430 2852 490; x_wconf 78' lang='lat' dir='ltr'><strong>PARS</strong></span> <span class='ocrx_word' id='word_1_10' title='bbox 2890 437 2930 490; x_wconf 81' lang='grc' dir='ltr'><strong>Ι.</strong></span> <span class='ocrx_word' id='word_1_11' title='bbox 3528 448 3598 503; x_wconf 75' lang='lat'><strong>56</strong></span> 
     </span>
    </p>
   </div>
   <div class='ocr_carea' id='block_1_2' title="bbox 361 520 3601 615">
    <p class='ocr_par' dir='ltr' id='par_1_2' title="bbox 361 520 3601 615">
     <span class='ocr_line' id='line_1_2' title="bbox 361 520 3601 615; baseline 0.006 -26"><span class='ocrx_word' id='word_1_12' title='bbox 361 536 579 606; x_wconf 80' lang='lat' dir='ltr'><strong>palatus</strong></span> <span class='ocrx_word' id='word_1_13' title='bbox 621 543 704 591; x_wconf 88' lang='lat' dir='ltr'><strong>est</strong></span> <span class='ocrx_word' id='word_1_14' title='bbox 734 532 1046 608; x_wconf 71' lang='lat' dir='ltr'><strong>Synagogm.</strong></span> <span class='ocrx_word' id='word_1_15' title='bbox 1080 533 1351 604; x_wconf 76' lang='lat' dir='ltr'><strong>Scriptum</strong></span> <span class='ocrx_word' id='word_1_16' title='bbox 1382 544 1465 588; x_wconf 88' lang='lat' dir='ltr'><strong>est</strong></span> <span class='ocrx_word' id='word_1_17' title='bbox 1507 534 1650 589; x_wconf 90' lang='lat' dir='ltr'><strong>enim</strong></span> <span class='ocrx_word' id='word_1_18' title='bbox 1677 553 1689 588; x_wconf 93' lang='lat'>:</span> <span class='ocrx_word' id='word_1_19' title='bbox 1728 554 1746 585; x_wconf 81' lang='grc' dir='ltr'><strong>ι</strong></span> <span class='ocrx_word' id='word_1_20' title='bbox 1780 534 1929 589; x_wconf 86' lang='lat' dir='ltr'><strong>Post—</strong></span> <span class='ocrx_word' id='word_1_21' title='bbox 1957 537 2003 595; x_wconf 83' lang='grc' dir='ltr'>Α</span> <span class='ocrx_word' id='word_1_22' title='bbox 2033 535 2215 599; x_wconf 88' lang='lat' dir='ltr'><strong>sionis,</strong></span> <span class='ocrx_word' id='word_1_23' title='bbox 2243 547 2493 609; x_wconf 87' lang='lat' dir='ltr'><strong>tanquam</strong></span> <span class='ocrx_word' id='word_1_24' title='bbox 2526 542 2577 596; x_wconf 92' lang='lat' dir='ltr'><strong>in</strong></span> <span class='ocrx_word' id='word_1_25' title='bbox 2622 553 2874 613; x_wconf 76' lang='lat' dir='ltr'><strong>statuam,</strong></span> <span class='ocrx_word' id='word_1_26' title='bbox 2909 560 2961 603; x_wconf 89' lang='lat' dir='ltr'><strong>ct</strong></span> <span class='ocrx_word' id='word_1_27' title='bbox 2993 551 3177 607; x_wconf 77' lang='lat' dir='ltr'><strong>incdus</strong></span> <span class='ocrx_word' id='word_1_28' title='bbox 3201 526 3282 609; x_wconf 82' lang='lat' dir='ltr'><strong>eis</strong></span> <span class='ocrx_word' id='word_1_29' title='bbox 3306 520 3453 612; x_wconf 75' lang='lat' dir='ltr'><strong>visus</strong></span> <span class='ocrx_word' id='word_1_30' title='bbox 3483 573 3601 615; x_wconf 62' lang='lat' dir='ltr'><strong>om;</strong></span> 
     </span>
    </p>
   </div>
   <div class='ocr_carea' id='block_1_3' title="bbox 363 620 1926 697">
    <p class='ocr_par' dir='ltr' id='par_1_3' title="bbox 363 620 1926 697">
     <span class='ocr_line' id='line_1_3' title="bbox 363 620 1926 697; baseline 0.001 -18"><span class='ocrx_word' id='word_1_31' title='bbox 363 642 525 696; x_wconf 81' lang='lat' dir='ltr'><strong>quam</strong></span> <span class='ocrx_word' id='word_1_32' title='bbox 573 626 857 682; x_wconf 86' lang='lat' dir='ltr'><strong>intraverit</strong></span> <span class='ocrx_word' id='word_1_33' title='bbox 903 624 1178 697; x_wconf 85' lang='lat' dir='ltr'><strong>plenitudo</strong></span> <span class='ocrx_word' id='word_1_34' title='bbox 1239 623 1509 695; x_wconf 80' lang='lat' dir='ltr'><strong>gentium,</strong></span> <span class='ocrx_word' id='word_1_35' title='bbox 1568 634 1697 680; x_wconf 86' lang='lat' dir='ltr'><strong>tunc</strong></span> <span class='ocrx_word' id='word_1_36' title='bbox 1748 620 1926 680; x_wconf 90' lang='lat' dir='ltr'><strong>omnis</strong></span> 
     </span>
    </p>
   </div>
   <div class='ocr_carea' id='block_1_4' title="bbox 360 713 1926 785">
    <p class='ocr_par' dir='ltr' id='par_1_4' title="bbox 360 713 1926 785">
     <span class='ocr_line' id='line_1_4' title="bbox 360 713 1926 785; baseline 0.001 -16"><span class='ocrx_word' id='word_1_37' title='bbox 360 714 523 769; x_wconf 82' lang='lat' dir='ltr'><strong>lsrael</strong></span> <span class='ocrx_word' id='word_1_38' title='bbox 563 715 742 773; x_wconf 87' lang='lat' dir='ltr'><strong>salvus</strong></span> <span class='ocrx_word' id='word_1_39' title='bbox 773 715 893 771; x_wconf 90' lang='lat' dir='ltr'><strong>erit.</strong></span> <span class='ocrx_word' id='word_1_40' title='bbox 934 735 952 766; x_wconf 79' lang='grc' dir='ltr'><strong>ι</strong></span> <span class='ocrx_word' id='word_1_41' title='bbox 981 713 1149 785; x_wconf 85' lang='lat' dir='ltr'><strong>Dupla</strong></span> <span class='ocrx_word' id='word_1_42' title='bbox 1185 722 1383 775; x_wconf 89' lang='lat' dir='ltr'><strong>antem,</strong></span> <span class='ocrx_word' id='word_1_43' title='bbox 1433 714 1537 770; x_wconf 90' lang='lat' dir='ltr'><strong>hoc</strong></span> <span class='ocrx_word' id='word_1_44' title='bbox 1559 724 1659 781; x_wconf 90' lang='lat' dir='ltr'><strong>est,</strong></span> <span class='ocrx_word' id='word_1_45' title='bbox 1698 714 1926 770; x_wconf 82' lang='lat' dir='ltr'><strong>ducenta</strong></span> 
     </span>
    </p>
   </div>
   <div class='ocr_carea' id='block_1_5' title="bbox 358 796 1927 876">
    <p class='ocr_par' dir='ltr' id='par_1_5' title="bbox 358 796 1927 876">
     <span class='ocr_line' id='line_1_5' title="bbox 358 796 1927 876; baseline 0.002 -18"><span class='ocrx_word' id='word_1_46' title='bbox 358 805 618 875; x_wconf 77' lang='lat' dir='ltr'><strong>przeputia</strong></span> <span class='ocrx_word' id='word_1_47' title='bbox 646 805 858 870; x_wconf 83' lang='lat' dir='ltr'><strong>obtulit,</strong></span> <span class='ocrx_word' id='word_1_48' title='bbox 887 804 1000 859; x_wconf 82' lang='lat' dir='ltr'><strong>sive</strong></span> <span class='ocrx_word' id='word_1_49' title='bbox 1022 820 1120 875; x_wconf 89' lang='lat' dir='ltr'><strong>pro</strong></span> <span class='ocrx_word' id='word_1_50' title='bbox 1144 803 1363 869; x_wconf 64' lang='lat' dir='ltr'><strong>Iudaeis,</strong></span> <span class='ocrx_word' id='word_1_51' title='bbox 1388 811 1444 860; x_wconf 87' lang='lat' dir='ltr'><strong>et</strong></span> <span class='ocrx_word' id='word_1_52' title='bbox 1473 806 1720 876; x_wconf 81' lang='lat' dir='ltr'><strong>gentibus</strong></span> <span class='ocrx_word' id='word_1_53' title='bbox 1746 796 1927 875; x_wconf 52' lang='lat' dir='ltr'><strong>acrini-</strong></span> 
     </span>
    </p>
   </div>
   <div class='ocr_carea' id='block_1_6' title="bbox 358 892 1925 971">
    <p class='ocr_par' dir='ltr' id='par_1_6' title="bbox 358 892 1925 971">
     <span class='ocr_line' id='line_1_6' title="bbox 358 892 1925 971; baseline -0.001 -22"><span class='ocrx_word' id='word_1_54' title='bbox 358 895 497 960; x_wconf 87' lang='lat' dir='ltr'><strong>sitis,</strong></span> <span class='ocrx_word' id='word_1_55' title='bbox 542 895 657 949; x_wconf 83' lang='lat' dir='ltr'><strong>sive</strong></span> <span class='ocrx_word' id='word_1_56' title='bbox 680 893 804 965; x_wconf 85' lang='lat' dir='ltr'><strong>quia</strong></span> <span class='ocrx_word' id='word_1_57' title='bbox 828 892 1001 962; x_wconf 81' lang='lat' dir='ltr'><strong>major</strong></span> <span class='ocrx_word' id='word_1_58' title='bbox 1027 904 1110 949; x_wconf 89' lang='lat' dir='ltr'><strong>est</strong></span> <span class='ocrx_word' id='word_1_59' title='bbox 1139 908 1394 971; x_wconf 80' lang='lat' dir='ltr'><strong>numerus</strong></span> <span class='ocrx_word' id='word_1_60' title='bbox 1428 894 1801 966; x_wconf 78' lang='lat' dir='ltr'><strong>arquisitionis</strong></span> <span class='ocrx_word' id='word_1_61' title='bbox 1831 910 1925 969; x_wconf 82' lang='lat' dir='ltr'><strong>po-</strong></span> 
     </span>
    </p>
   </div>
   <div class='ocr_carea' id='block_1_7' title="bbox 357 982 1925 1055">
    <p class='ocr_par' dir='ltr' id='par_1_7' title="bbox 357 982 1925 1055">
     <span class='ocr_line' id='line_1_7' title="bbox 357 982 1925 1055; baseline 0.002 -18"><span class='ocrx_word' id='word_1_62' title='bbox 357 982 467 1054; x_wconf 87' lang='lat' dir='ltr'><strong>puli</strong></span> <span class='ocrx_word' id='word_1_63' title='bbox 512 984 773 1055; x_wconf 78' lang='lat' dir='ltr'><strong>gentium,</strong></span> <span class='ocrx_word' id='word_1_64' title='bbox 821 1000 983 1054; x_wconf 88' lang='lat' dir='ltr'><strong>quam</strong></span> <span class='ocrx_word' id='word_1_65' title='bbox 1011 985 1341 1039; x_wconf 78' lang='lat' dir='ltr'><strong>credentium</strong></span> <span class='ocrx_word' id='word_1_66' title='bbox 1385 984 1710 1041; x_wconf 61' lang='lat' dir='ltr'><strong>Judaiorum.</strong></span> <span class='ocrx_word' id='word_1_67' title='bbox 1762 987 1925 1040; x_wconf 78' lang='lat' dir='ltr'><strong>Auxit</strong></span> 
     </span>
    </p>
   </div>
   <div class='ocr_carea' id='block_1_8' title="bbox 355 1072 1923 1139">
    <p class='ocr_par' dir='ltr' id='par_1_8' title="bbox 355 1072 1923 1139">
     <span class='ocr_line' id='line_1_8' title="bbox 355 1072 1923 1139; baseline 0 -11"><span class='ocrx_word' id='word_1_68' title='bbox 355 1074 546 1130; x_wconf 88' lang='lat' dir='ltr'><strong>deinde</strong></span> <span class='ocrx_word' id='word_1_69' title='bbox 589 1074 773 1129; x_wconf 91' lang='lat' dir='ltr'><strong>odium</strong></span> <span class='ocrx_word' id='word_1_70' title='bbox 817 1072 947 1129; x_wconf 88' lang='lat' dir='ltr'><strong>Saul</strong></span> <span class='ocrx_word' id='word_1_71' title='bbox 992 1073 1248 1129; x_wconf 88' lang='lat' dir='ltr'><strong>adversus</strong></span> <span class='ocrx_word' id='word_1_72' title='bbox 1294 1074 1461 1129; x_wconf 91' lang='lat' dir='ltr'><strong>David</strong></span> <span class='ocrx_word' id='word_1_73' title='bbox 1492 1076 1544 1129; x_wconf 90' lang='lat' dir='ltr'><strong>in</strong></span> <span class='ocrx_word' id='word_1_74' title='bbox 1583 1083 1814 1139; x_wconf 85' lang='lat' dir='ltr'><strong>tantum,</strong></span> <span class='ocrx_word' id='word_1_75' title='bbox 1865 1082 1923 1128; x_wconf 91' lang='lat' dir='ltr'><strong>ut</strong></span> 
     </span>
    </p>
   </div>
   <div class='ocr_carea' id='block_1_9' title="bbox 354 1164 1923 1237">
    <p class='ocr_par' dir='ltr' id='par_1_9' title="bbox 354 1164 1923 1237">
     <span class='ocr_line' id='line_1_9' title="bbox 354 1164 1923 1237; baseline 0.001 -16"><span class='ocrx_word' id='word_1_76' title='bbox 354 1183 448 1221; x_wconf 77' lang='lat' dir='ltr'><strong>rex</strong></span> <span class='ocrx_word' id='word_1_77' title='bbox 473 1166 542 1221; x_wconf 91' lang='lat' dir='ltr'><strong>ob</strong></span> <span class='ocrx_word' id='word_1_78' title='bbox 570 1165 834 1221; x_wconf 78' lang='lat' dir='ltr'><strong>medelam</strong></span> <span class='ocrx_word' id='word_1_79' title='bbox 870 1166 951 1221; x_wconf 92' lang='lat' dir='ltr'><strong>sui</strong></span> <span class='ocrx_word' id='word_1_80' title='bbox 979 1165 1199 1235; x_wconf 87' lang='lat' dir='ltr'><strong>spiritus</strong></span> <span class='ocrx_word' id='word_1_81' title='bbox 1225 1164 1390 1221; x_wconf 80' lang='lat' dir='ltr'><strong>David</strong></span> <span class='ocrx_word' id='word_1_82' title='bbox 1415 1167 1480 1222; x_wconf 90' lang='lat' dir='ltr'><strong>de</strong></span> <span class='ocrx_word' id='word_1_83' title='bbox 1515 1183 1662 1223; x_wconf 89' lang='lat' dir='ltr'><strong>more</strong></span> <span class='ocrx_word' id='word_1_84' title='bbox 1693 1168 1923 1237; x_wconf 62' lang='lat' dir='ltr'><strong>psalleuL</strong></span> 
     </span>
    </p>
   </div>
   <div class='ocr_carea' id='block_1_10' title="bbox 353 1254 1286 1327">
    <p class='ocr_par' dir='ltr' id='par_1_10' title="bbox 353 1254 1286 1327">
     <span class='ocr_line' id='line_1_10' title="bbox 353 1254 1286 1327; baseline -0.001 -16"><span class='ocrx_word' id='word_1_85' title='bbox 353 1267 461 1312; x_wconf 89' lang='lat' dir='ltr'><strong>tem</strong></span> <span class='ocrx_word' id='word_1_86' title='bbox 478 1254 658 1327; x_wconf 89' lang='lat' dir='ltr'><strong>jaculo</strong></span> <span class='ocrx_word' id='word_1_87' title='bbox 685 1264 973 1312; x_wconf 84' lang='lat' dir='ltr'><strong>conaretur</strong></span> <span class='ocrx_word' id='word_1_88' title='bbox 997 1254 1286 1327; x_wconf 82' lang='lat' dir='ltr'><strong>conﬁgere.</strong></span> 
     </span>
    </p>
   </div>
   <div class='ocr_carea' id='block_1_11' title="bbox 926 1390 1332 1449">
    <p class='ocr_par' dir='ltr' id='par_1_11' title="bbox 926 1390 1332 1449">
     <span class='ocr_line' id='line_1_11' title="bbox 926 1390 1332 1449; baseline -0.005 -1"><span class='ocrx_word' id='word_1_89' title='bbox 926 1390 1153 1449; x_wconf 76' lang='lat' dir='ltr'><strong>CAPUT</strong></span> <span class='ocrx_word' id='word_1_90' title='bbox 1191 1392 1332 1448; x_wconf 70' lang='lat' dir='ltr'><strong>XIX.</strong></span> 
     </span>
    </p>
   </div>
   <div class='ocr_carea' id='block_1_12' title="bbox 351 1479 1920 1551">
    <p class='ocr_par' dir='ltr' id='par_1_12' title="bbox 351 1479 1920 1551">
     <span class='ocr_line' id='line_1_12' title="bbox 351 1479 1920 1551; baseline 0 -14"><span class='ocrx_word' id='word_1_91' title='bbox 351 1483 505 1549; x_wconf 79' lang='lat' dir='ltr'><strong>Quod</strong></span> <span class='ocrx_word' id='word_1_92' title='bbox 554 1479 690 1539; x_wconf 80' lang='lat' dir='ltr'><strong>Saul</strong></span> <span class='ocrx_word' id='word_1_93' title='bbox 731 1480 901 1537; x_wconf 79' lang='lat' dir='ltr'><strong>David</strong></span> <span class='ocrx_word' id='word_1_94' title='bbox 937 1481 1243 1551; x_wconf 69' lang='lat' dir='ltr'><strong>pultem</strong></span> <span class='ocrx_word' id='word_1_95' title='bbox 1286 1483 1489 1539; x_wconf 76' lang='lat' dir='ltr'><strong>cithara</strong></span> <span class='ocrx_word' id='word_1_96' title='bbox 1532 1482 1692 1537; x_wconf 78' lang='lat' dir='ltr'><strong>voluit</strong></span> <span class='ocrx_word' id='word_1_97' title='bbox 1736 1482 1920 1537; x_wconf 78' lang='lat' dir='ltr'><strong>lancea</strong></span> 
     </span>
    </p>
   </div>
   <div class='ocr_carea' id='block_1_13' title="bbox 418 1550 1918 1622">
    <p class='ocr_par' dir='ltr' id='par_1_13' title="bbox 418 1550 1918 1622">
     <span class='ocr_line' id='line_1_13' title="bbox 418 1550 1918 1622; baseline -0.003 -13"><span class='ocrx_word' id='word_1_98' title='bbox 418 1553 691 1622; x_wconf 77' lang='lat' dir='ltr'><strong>conﬁgere.</strong></span> <span class='ocrx_word' id='word_1_99' title='bbox 714 1551 792 1605; x_wconf 87' lang='lat' dir='ltr'><strong>De</strong></span> <span class='ocrx_word' id='word_1_100' title='bbox 819 1550 1061 1609; x_wconf 21' lang='lat' dir='ltr'><strong>illus’ione</strong></span> <span class='ocrx_word' id='word_1_101' title='bbox 1087 1550 1220 1622; x_wconf 65' lang='grc' dir='ltr'><strong>δραι</strong></span> <span class='ocrx_word' id='word_1_102' title='bbox 1239 1591 1254 1615; x_wconf 85' lang='grc'>,</span> <span class='ocrx_word' id='word_1_103' title='bbox 1281 1552 1540 1621; x_wconf 82' lang='lat' dir='ltr'><strong>quomodo</strong></span> <span class='ocrx_word' id='word_1_104' title='bbox 1567 1569 1657 1620; x_wconf 86' lang='lat' dir='ltr'><strong>per</strong></span> <span class='ocrx_word' id='word_1_105' title='bbox 1690 1561 1918 1622; x_wconf 78' lang='lat' dir='ltr'><strong>statuam</strong></span> 
     </span>
    </p>
   </div>
   <div class='ocr_carea' id='block_1_14' title="bbox 418 1620 1918 1692">
    <p class='ocr_par' dir='ltr' id='par_1_14' title="bbox 418 1620 1918 1692">
     <span class='ocr_line' id='line_1_14' title="bbox 418 1620 1918 1692; baseline 0.001 -17"><span class='ocrx_word' id='word_1_106' title='bbox 418 1622 475 1675; x_wconf 77' lang='lat' dir='ltr'><strong>in</strong></span> <span class='ocrx_word' id='word_1_107' title='bbox 516 1620 654 1675; x_wconf 72' lang='lat' dir='ltr'><strong>lecto</strong></span> <span class='ocrx_word' id='word_1_108' title='bbox 697 1623 919 1692; x_wconf 71' lang='lat' dir='ltr'><strong>positam</strong></span> <span class='ocrx_word' id='word_1_109' title='bbox 949 1630 1001 1675; x_wconf 79' lang='lat' dir='ltr'><strong>et</strong></span> <span class='ocrx_word' id='word_1_110' title='bbox 1034 1620 1217 1692; x_wconf 62' lang='lat' dir='ltr'><strong>pellent</strong></span> <span class='ocrx_word' id='word_1_111' title='bbox 1260 1620 1492 1692; x_wconf 73' lang='lat' dir='ltr'><strong>pilosrmt</strong></span> <span class='ocrx_word' id='word_1_112' title='bbox 1528 1632 1807 1691; x_wconf 72' lang='lat' dir='ltr'><strong>caprarum</strong></span> <span class='ocrx_word' id='word_1_113' title='bbox 1852 1620 1918 1675; x_wconf 73' lang='lat' dir='ltr'><strong>il-</strong></span> 
     </span>
    </p>
   </div>
   <div class='ocr_carea' id='block_1_15' title="bbox 413 1690 1600 1761">
    <p class='ocr_par' dir='ltr' id='par_1_15' title="bbox 413 1690 1600 1761">
     <span class='ocr_line' id='line_1_15' title="bbox 413 1690 1600 1761; baseline -0.002 -15"><span class='ocrx_word' id='word_1_114' title='bbox 413 1692 564 1746; x_wconf 76' lang='lat' dir='ltr'><strong>lusus</strong></span> <span class='ocrx_word' id='word_1_115' title='bbox 591 1690 837 1755; x_wconf 48' lang='lat' dir='ltr'><strong>caurum</strong></span> <span class='ocrx_word' id='word_1_116' title='bbox 859 1690 1122 1761; x_wconf 71' lang='grc' dir='ltr'>ᾳιιωτεῦαι</span> <span class='ocrx_word' id='word_1_117' title='bbox 1151 1690 1323 1745; x_wconf 77' lang='lat' dir='ltr'><strong>David</strong></span> <span class='ocrx_word' id='word_1_118' title='bbox 1348 1690 1600 1745; x_wconf 76' lang='lat' dir='ltr'><strong>occidere.</strong></span> 
     </span>
    </p>
   </div>
   <div class='ocr_carea' id='block_1_16' title="bbox 415 1802 1917 1874">
    <p class='ocr_par' dir='ltr' id='par_1_16' title="bbox 415 1802 1917 1874">
     <span class='ocr_line' id='line_1_16' title="bbox 415 1802 1917 1874; baseline 0.001 -16"><span class='ocrx_word' id='word_1_119' title='bbox 415 1803 522 1859; x_wconf 86' lang='lat' dir='ltr'><strong>Sed</strong></span> <span class='ocrx_word' id='word_1_120' title='bbox 552 1803 682 1874; x_wconf 89' lang='lat' dir='ltr'><strong>quid</strong></span> <span class='ocrx_word' id='word_1_121' title='bbox 705 1812 788 1859; x_wconf 89' lang='lat' dir='ltr'><strong>est</strong></span> <span class='ocrx_word' id='word_1_122' title='bbox 813 1804 957 1874; x_wconf 81' lang='lat' dir='ltr'><strong>quod</strong></span> <span class='ocrx_word' id='word_1_123' title='bbox 985 1803 1110 1858; x_wconf 87' lang='lat' dir='ltr'><strong>dum</strong></span> <span class='ocrx_word' id='word_1_124' title='bbox 1151 1802 1364 1858; x_wconf 85' lang='lat' dir='ltr'><strong>Saulem</strong></span> <span class='ocrx_word' id='word_1_125' title='bbox 1395 1803 1616 1873; x_wconf 85' lang='lat' dir='ltr'><strong>spiritus</strong></span> <span class='ocrx_word' id='word_1_126' title='bbox 1657 1805 1917 1860; x_wconf 88' lang='lat' dir='ltr'><strong>adversus</strong></span> 
     </span>
    </p>
   </div>
   <div class='ocr_carea' id='block_1_17' title="bbox 2029 630 3601 727">
    <p class='ocr_par' dir='ltr' id='par_1_17' title="bbox 2029 630 3601 727">
     <span class='ocr_line' id='line_1_17' title="bbox 2029 630 3601 727; baseline 0.017 -48"><span class='ocrx_word' id='word_1_127' title='bbox 2029 641 2199 697; x_wconf 83' lang='lat' dir='ltr'><strong>agnus</strong></span> <span class='ocrx_word' id='word_1_128' title='bbox 2224 646 2235 681; x_wconf 93' lang='lat'>:</span> <span class='ocrx_word' id='word_1_129' title='bbox 2267 630 2390 698; x_wconf 86' lang='lat' dir='ltr'><strong>quia</strong></span> <span class='ocrx_word' id='word_1_130' title='bbox 2418 631 2470 684; x_wconf 93' lang='lat' dir='ltr'><strong>in</strong></span> <span class='ocrx_word' id='word_1_131' title='bbox 2495 649 2604 703; x_wconf 86' lang='lat' dir='ltr'><strong>quo</strong></span> <span class='ocrx_word' id='word_1_132' title='bbox 2628 647 2909 707; x_wconf 86' lang='lat' dir='ltr'><strong>peccatum</strong></span> <span class='ocrx_word' id='word_1_133' title='bbox 2938 655 3042 695; x_wconf 90' lang='lat' dir='ltr'><strong>non</strong></span> <span class='ocrx_word' id='word_1_134' title='bbox 3074 630 3416 712; x_wconf 73' lang='lat' dir='ltr'><strong>invenerunt,</strong></span> <span class='ocrx_word' id='word_1_135' title='bbox 3443 654 3601 727; x_wconf 48' lang='lat' dir='ltr'><strong>quasi</strong></span> 
     </span>
    </p>
   </div>
   <div class='ocr_carea' id='block_1_18' title="bbox 2024 723 2835 789">
    <p class='ocr_par' dir='ltr' id='par_1_18' title="bbox 2024 723 2835 789">
     <span class='ocr_line' id='line_1_18' title="bbox 2024 723 2835 789; baseline 0.014 -19"><span class='ocrx_word' id='word_1_136' title='bbox 2024 727 2359 789; x_wconf 88' lang='lat' dir='ltr'><strong>peccatorem</strong></span> <span class='ocrx_word' id='word_1_137' title='bbox 2389 723 2655 789; x_wconf 85' lang='lat' dir='ltr'><strong>persecuti</strong></span> <span class='ocrx_word' id='word_1_138' title='bbox 2692 737 2835 781; x_wconf 89' lang='lat' dir='ltr'><strong>sunt.</strong></span> 
     </span>
    </p>
   </div>
   <div class='ocr_carea' id='block_1_19' title="bbox 2088 808 3599 893">
    <p class='ocr_par' dir='ltr' id='par_1_19' title="bbox 2088 808 3599 893">
     <span class='ocr_line' id='line_1_19' title="bbox 2088 808 3599 893; baseline 0.017 -35"><span class='ocrx_word' id='word_1_139' title='bbox 2088 827 2126 893; x_wconf 29' lang='grc' dir='ltr'><strong>ἰ</strong></span> <span class='ocrx_word' id='word_1_140' title='bbox 2156 808 2466 866; x_wconf 78' lang='lat' dir='ltr'><strong>Nuntiatum</strong></span> <span class='ocrx_word' id='word_1_141' title='bbox 2510 822 2595 868; x_wconf 90' lang='lat' dir='ltr'><strong>est</strong></span> <span class='ocrx_word' id='word_1_142' title='bbox 2630 825 2809 871; x_wconf 90' lang='lat' dir='ltr'><strong>autem</strong></span> <span class='ocrx_word' id='word_1_143' title='bbox 2841 816 2985 873; x_wconf 82' lang='lat' dir='ltr'><strong>Sauli</strong></span> <span class='ocrx_word' id='word_1_144' title='bbox 3016 836 3045 873; x_wconf 87' lang='lat' dir='ltr'><strong>a</strong></span> <span class='ocrx_word' id='word_1_145' title='bbox 3088 820 3390 880; x_wconf 80' lang='lat' dir='ltr'><strong>dicentibus</strong></span> <span class='ocrx_word' id='word_1_146' title='bbox 3419 843 3430 878; x_wconf 95' lang='lat'>:</span> <span class='ocrx_word' id='word_1_147' title='bbox 3461 814 3599 883; x_wconf 78' lang='lat' dir='ltr'><strong>Ecce</strong></span> 
     </span>
    </p>
   </div>
   <div class='ocr_carea' id='block_1_20' title="bbox 2030 896 3594 982">
    <p class='ocr_par' dir='ltr' id='par_1_20' title="bbox 2030 896 3594 982">
     <span class='ocr_line' id='line_1_20' title="bbox 2030 896 3594 982; baseline 0.015 -34"><span class='ocrx_word' id='word_1_148' title='bbox 2030 917 2049 947; x_wconf 80' lang='grc' dir='ltr'><strong>ι</strong></span> <span class='ocrx_word' id='word_1_149' title='bbox 2077 896 2241 953; x_wconf 80' lang='lat' dir='ltr'><strong>David</strong></span> <span class='ocrx_word' id='word_1_150' title='bbox 2289 900 2341 961; x_wconf 83' lang='lat' dir='ltr'><strong>in</strong></span> <span class='ocrx_word' id='word_1_151' title='bbox 2373 900 2565 972; x_wconf 68' lang='lat' dir='ltr'><strong>Najoth</strong></span> <span class='ocrx_word' id='word_1_152' title='bbox 2614 904 2673 960; x_wconf 86' lang='lat' dir='ltr'><strong>in</strong></span> <span class='ocrx_word' id='word_1_153' title='bbox 2723 906 3008 973; x_wconf 75' lang='lat' dir='ltr'><strong>Ratitatba,</strong></span> <span class='ocrx_word' id='word_1_154' title='bbox 3044 931 3060 960; x_wconf 79' lang='grc' dir='ltr'><strong>ι</strong></span> <span class='ocrx_word' id='word_1_155' title='bbox 3096 921 3203 966; x_wconf 89' lang='lat' dir='ltr'><strong>etc.</strong></span> <span class='ocrx_word' id='word_1_156' title='bbox 3231 912 3351 982; x_wconf 79' lang='lat' dir='ltr'><strong>(Ea:</strong></span> <span class='ocrx_word' id='word_1_157' title='bbox 3406 915 3594 972; x_wconf 80' lang='lat' dir='ltr'><strong>mero-</strong></span> 
     </span>
    </p>
   </div>
   <div class='ocr_carea' id='block_1_21' title="bbox 2024 987 3592 1062">
    <p class='ocr_par' dir='ltr' id='par_1_21' title="bbox 2024 987 3592 1062">
     <span class='ocr_line' id='line_1_21' title="bbox 2024 987 3592 1062; baseline 0.013 -23"><span class='ocrx_word' id='word_1_158' title='bbox 2024 987 2235 1059; x_wconf 79' lang='lat' dir='ltr'><strong>nymo.)</strong></span> <span class='ocrx_word' id='word_1_159' title='bbox 2271 989 2461 1060; x_wconf 85' lang='lat' dir='ltr'><strong>Najoth</strong></span> <span class='ocrx_word' id='word_1_160' title='bbox 2491 991 2641 1048; x_wconf 88' lang='lat' dir='ltr'><strong>locus</strong></span> <span class='ocrx_word' id='word_1_161' title='bbox 2677 1004 2759 1049; x_wconf 86' lang='lat' dir='ltr'><strong>est</strong></span> <span class='ocrx_word' id='word_1_162' title='bbox 2789 996 2840 1050; x_wconf 92' lang='lat' dir='ltr'><strong>in</strong></span> <span class='ocrx_word' id='word_1_163' title='bbox 2874 996 3154 1062; x_wconf 82' lang='lat' dir='ltr'><strong>Ramatha,</strong></span> <span class='ocrx_word' id='word_1_164' title='bbox 3192 1003 3280 1057; x_wconf 89' lang='lat' dir='ltr'><strong>ubi</strong></span> <span class='ocrx_word' id='word_1_165' title='bbox 3310 1000 3476 1058; x_wconf 83' lang='lat' dir='ltr'><strong>David</strong></span> <span class='ocrx_word' id='word_1_166' title='bbox 3505 1023 3592 1060; x_wconf 89' lang='lat' dir='ltr'><strong>se—</strong></span> 
     </span>
    </p>
   </div>
   <div class='ocr_carea' id='block_1_22' title="bbox 2025 1074 3595 1156">
    <p class='ocr_par' dir='ltr' id='par_1_22' title="bbox 2025 1074 3595 1156">
     <span class='ocr_line' id='line_1_22' title="bbox 2025 1074 3595 1156; baseline 0.013 -27"><span class='ocrx_word' id='word_1_167' title='bbox 2025 1074 2119 1130; x_wconf 86' lang='lat' dir='ltr'><strong>dit.</strong></span> <span class='ocrx_word' id='word_1_168' title='bbox 2149 1076 2318 1135; x_wconf 78' lang='lat' dir='ltr'><strong>Rama</strong></span> <span class='ocrx_word' id='word_1_169' title='bbox 2349 1096 2477 1135; x_wconf 89' lang='lat' dir='ltr'><strong>vero</strong></span> <span class='ocrx_word' id='word_1_170' title='bbox 2504 1083 2556 1136; x_wconf 92' lang='lat' dir='ltr'><strong>in</strong></span> <span class='ocrx_word' id='word_1_171' title='bbox 2589 1082 2729 1138; x_wconf 85' lang='lat' dir='ltr'><strong>tribu</strong></span> <span class='ocrx_word' id='word_1_172' title='bbox 2773 1084 3050 1156; x_wconf 86' lang='lat' dir='ltr'><strong>Benjamin</strong></span> <span class='ocrx_word' id='word_1_173' title='bbox 3089 1089 3280 1145; x_wconf 86' lang='lat' dir='ltr'><strong>civitas</strong></span> <span class='ocrx_word' id='word_1_174' title='bbox 3302 1103 3386 1147; x_wconf 88' lang='lat' dir='ltr'><strong>est</strong></span> <span class='ocrx_word' id='word_1_175' title='bbox 3416 1092 3595 1152; x_wconf 84' lang='lat' dir='ltr'><strong>Saulis</strong></span> 
     </span>
    </p>
   </div>
   <div class='ocr_carea' id='block_1_23' title="bbox 2024 1164 3594 1253">
    <p class='ocr_par' dir='ltr' id='par_1_23' title="bbox 2024 1164 3594 1253">
     <span class='ocr_line' id='line_1_23' title="bbox 2024 1164 3594 1253; baseline 0.013 -35"><span class='ocrx_word' id='word_1_176' title='bbox 2024 1164 2076 1218; x_wconf 82' lang='lat' dir='ltr'><strong>in</strong></span> <span class='ocrx_word' id='word_1_177' title='bbox 2110 1176 2261 1222; x_wconf 78' lang='lat' dir='ltr'><strong>sexto</strong></span> <span class='ocrx_word' id='word_1_178' title='bbox 2293 1164 2542 1225; x_wconf 80' lang='lat' dir='ltr'><strong>milliaria</strong></span> <span class='ocrx_word' id='word_1_179' title='bbox 2569 1171 2636 1227; x_wconf 90' lang='lat' dir='ltr'><strong>ab</strong></span> <span class='ocrx_word' id='word_1_180' title='bbox 2660 1172 2830 1239; x_wconf 82' lang='lat' dir='ltr'><strong>Helia,</strong></span> <span class='ocrx_word' id='word_1_181' title='bbox 2876 1176 2946 1230; x_wconf 88' lang='lat' dir='ltr'><strong>ad</strong></span> <span class='ocrx_word' id='word_1_182' title='bbox 2982 1181 3456 1247; x_wconf 83' lang='lat' dir='ltr'><strong>septentrionalem</strong></span> <span class='ocrx_word' id='word_1_183' title='bbox 3482 1185 3594 1253; x_wconf 81' lang='lat' dir='ltr'><strong>pia-</strong></span> 
     </span>
    </p>
   </div>
   <div class='ocr_carea' id='block_1_24' title="bbox 2023 1262 3595 1337">
    <p class='ocr_par' dir='ltr' id='par_1_24' title="bbox 2023 1262 3595 1337">
     <span class='ocr_line' id='line_1_24' title="bbox 2023 1262 3595 1337; baseline 0.013 -25"><span class='ocrx_word' id='word_1_184' title='bbox 2023 1274 2143 1328; x_wconf 75' lang='lat' dir='ltr'><strong>gam</strong></span> <span class='ocrx_word' id='word_1_185' title='bbox 2173 1270 2359 1316; x_wconf 86' lang='lat' dir='ltr'><strong>contra</strong></span> <span class='ocrx_word' id='word_1_186' title='bbox 2384 1262 2589 1320; x_wconf 86' lang='lat' dir='ltr'><strong>Bethel.</strong></span> <span class='ocrx_word' id='word_1_187' title='bbox 2622 1266 2864 1323; x_wconf 86' lang='lat' dir='ltr'><strong>Meminit</strong></span> <span class='ocrx_word' id='word_1_188' title='bbox 2894 1268 3052 1337; x_wconf 81' lang='lat' dir='ltr'><strong>huius</strong></span> <span class='ocrx_word' id='word_1_189' title='bbox 3080 1281 3133 1327; x_wconf 92' lang='lat' dir='ltr'><strong>et</strong></span> <span class='ocrx_word' id='word_1_190' title='bbox 3160 1272 3442 1330; x_wconf 82' lang='lat' dir='ltr'><strong>Jercmias.</strong></span> <span class='ocrx_word' id='word_1_191' title='bbox 3475 1277 3595 1335; x_wconf 82' lang='lat' dir='ltr'><strong>Alia</strong></span> 
     </span>
    </p>
   </div>
   <div class='ocr_carea' id='block_1_25' title="bbox 2023 1351 3591 1435">
    <p class='ocr_par' dir='ltr' id='par_1_25' title="bbox 2023 1351 3591 1435">
     <span class='ocr_line' id='line_1_25' title="bbox 2023 1351 3591 1435; baseline 0.012 -33"><span class='ocrx_word' id='word_1_192' title='bbox 2023 1357 2201 1404; x_wconf 86' lang='lat' dir='ltr'><strong>autem</strong></span> <span class='ocrx_word' id='word_1_193' title='bbox 2244 1351 2412 1407; x_wconf 72' lang='lat' dir='ltr'><strong>[tanta</strong></span> <span class='ocrx_word' id='word_1_194' title='bbox 2439 1365 2521 1409; x_wconf 90' lang='lat' dir='ltr'><strong>est</strong></span> <span class='ocrx_word' id='word_1_195' title='bbox 2561 1355 2610 1410; x_wconf 89' lang='lat' dir='ltr'><strong>in</strong></span> <span class='ocrx_word' id='word_1_196' title='bbox 2640 1354 2779 1411; x_wconf 84' lang='lat' dir='ltr'><strong>tribu</strong></span> <span class='ocrx_word' id='word_1_197' title='bbox 2813 1360 2964 1423; x_wconf 80' lang='lat' dir='ltr'><strong>Aser,</strong></span> <span class='ocrx_word' id='word_1_198' title='bbox 2998 1360 3217 1428; x_wconf 78' lang='lat' dir='ltr'><strong>Najoth,</strong></span> <span class='ocrx_word' id='word_1_199' title='bbox 3257 1365 3591 1435; x_wconf 65' lang='lat' dir='ltr'><strong>pulchritudo</strong></span> 
     </span>
    </p>
   </div>
   <div class='ocr_carea' id='block_1_26' title="bbox 2021 1436 3591 1525">
    <p class='ocr_par' dir='ltr' id='par_1_26' title="bbox 2021 1436 3591 1525">
     <span class='ocr_line' id='line_1_26' title="bbox 2021 1436 3591 1525; baseline 0.013 -34"><span class='ocrx_word' id='word_1_200' title='bbox 2021 1439 2436 1509; x_wconf 88' lang='lat' dir='ltr'><strong>interpretatur;</strong></span> <span class='ocrx_word' id='word_1_201' title='bbox 2470 1453 2524 1498; x_wconf 88' lang='lat' dir='ltr'><strong>et</strong></span> <span class='ocrx_word' id='word_1_202' title='bbox 2545 1443 2736 1509; x_wconf 78' lang='lat' dir='ltr'><strong>Rama,</strong></span> <span class='ocrx_word' id='word_1_203' title='bbox 2767 1448 3044 1504; x_wconf 75' lang='lat' dir='ltr'><strong>excelsum.</strong></span> <span class='ocrx_word' id='word_1_204' title='bbox 3070 1450 3215 1507; x_wconf 88' lang='lat' dir='ltr'><strong>Bene</strong></span> <span class='ocrx_word' id='word_1_205' title='bbox 3241 1469 3370 1525; x_wconf 78' lang='lat' dir='ltr'><strong>ergo</strong></span> <span class='ocrx_word' id='word_1_206' title='bbox 3395 1436 3591 1511; x_wconf 69' lang='lat' dir='ltr'><strong>etnive-</strong></span> 
     </span>
    </p>
   </div>
   <div class='ocr_carea' id='block_1_27' title="bbox 2020 1528 3596 1615">
    <p class='ocr_par' dir='ltr' id='par_1_27' title="bbox 2020 1528 3596 1615">
     <span class='ocr_line' id='line_1_27' title="bbox 2020 1528 3596 1615; baseline 0.011 -33"><span class='ocrx_word' id='word_1_207' title='bbox 2020 1529 2175 1583; x_wconf 86' lang='lat' dir='ltr'><strong>niont</strong></span> <span class='ocrx_word' id='word_1_208' title='bbox 2216 1530 2332 1586; x_wconf 59' lang='lat' dir='ltr'><strong>haec</strong></span> <span class='ocrx_word' id='word_1_209' title='bbox 2372 1534 2589 1588; x_wconf 84' lang='lat' dir='ltr'><strong>nomina</strong></span> <span class='ocrx_word' id='word_1_210' title='bbox 2628 1533 2866 1592; x_wconf 86' lang='lat' dir='ltr'><strong>locorum</strong></span> <span class='ocrx_word' id='word_1_211' title='bbox 2913 1528 3077 1595; x_wconf 75' lang='lat' dir='ltr'><strong>rebus&#39;</strong></span> <span class='ocrx_word' id='word_1_212' title='bbox 3116 1541 3168 1595; x_wconf 91' lang='lat' dir='ltr'><strong>in</strong></span> <span class='ocrx_word' id='word_1_213' title='bbox 3213 1541 3298 1597; x_wconf 91' lang='lat' dir='ltr'><strong>his</strong></span> <span class='ocrx_word' id='word_1_214' title='bbox 3341 1546 3596 1615; x_wconf 71' lang='lat' dir='ltr'><strong>expletis,</strong></span> 
     </span>
    </p>
   </div>
   <div class='ocr_carea' id='block_1_28' title="bbox 2018 1620 3593 1693">
    <p class='ocr_par' dir='ltr' id='par_1_28' title="bbox 2018 1620 3593 1693">
     <span class='ocr_line' id='line_1_28' title="bbox 2018 1620 3593 1693; baseline 0.013 -20"><span class='ocrx_word' id='word_1_215' title='bbox 2018 1620 2143 1690; x_wconf 81' lang='lat' dir='ltr'><strong>quia</strong></span> <span class='ocrx_word' id='word_1_216' title='bbox 2204 1625 2588 1692; x_wconf 86' lang='lat' dir='ltr'><strong>prophetarum</strong></span> <span class='ocrx_word' id='word_1_217' title='bbox 2642 1627 2783 1681; x_wconf 86' lang='lat' dir='ltr'><strong>dicta</strong></span> <span class='ocrx_word' id='word_1_218' title='bbox 2842 1638 2898 1684; x_wconf 91' lang='lat' dir='ltr'><strong>et</strong></span> <span class='ocrx_word' id='word_1_219' title='bbox 2960 1630 3329 1691; x_wconf 86' lang='lat' dir='ltr'><strong>celsitudinem</strong></span> <span class='ocrx_word' id='word_1_220' title='bbox 3393 1634 3593 1693; x_wconf 86' lang='lat' dir='ltr'><strong>habent</strong></span> 
     </span>
    </p>
   </div>
   <div class='ocr_carea' id='block_1_29' title="bbox 2018 1696 3021 1774">
    <p class='ocr_par' dir='ltr' id='par_1_29' title="bbox 2018 1696 3021 1774">
     <span class='ocr_line' id='line_1_29' title="bbox 2018 1696 3021 1774; baseline 0.008 -9"><span class='ocrx_word' id='word_1_221' title='bbox 2018 1710 2254 1765; x_wconf 71' lang='lat' dir='ltr'><strong>scientizn</strong></span> <span class='ocrx_word' id='word_1_222' title='bbox 2281 1727 2346 1766; x_wconf 89' lang='lat' dir='ltr'><strong>ac</strong></span> <span class='ocrx_word' id='word_1_223' title='bbox 2374 1696 2707 1770; x_wconf 48' lang='lat' dir='ltr'><strong>denustatem</strong></span> <span class='ocrx_word' id='word_1_224' title='bbox 2737 1717 3021 1774; x_wconf 87' lang='lat' dir='ltr'><strong>locutionis</strong></span> 
     </span>
    </p>
   </div>
   <div class='ocr_carea' id='block_1_30' title="bbox 2091 1799 3588 1885">
    <p class='ocr_par' dir='ltr' id='par_1_30' title="bbox 2091 1799 3588 1885">
     <span class='ocr_line' id='line_1_30' title="bbox 2091 1799 3588 1885; baseline 0.011 -30"><span class='ocrx_word' id='word_1_225' title='bbox 2091 1799 2237 1871; x_wconf 75' lang='lat' dir='ltr'><strong>(CAP.</strong></span> <span class='ocrx_word' id='word_1_226' title='bbox 2277 1802 2393 1873; x_wconf 77' lang='lat' dir='ltr'><strong>xx.)</strong></span> <span class='ocrx_word' id='word_1_227' title='bbox 2420 1823 2438 1855; x_wconf 78' lang='grc' dir='ltr'><strong>ι</strong></span> <span class='ocrx_word' id='word_1_228' title='bbox 2467 1804 2611 1861; x_wconf 80' lang='lat' dir='ltr'><strong>Misit</strong></span> <span class='ocrx_word' id='word_1_229' title='bbox 2638 1821 2768 1878; x_wconf 76' lang='lat' dir='ltr'><strong>ergo</strong></span> <span class='ocrx_word' id='word_1_230' title='bbox 2808 1806 2937 1862; x_wconf 89' lang='lat' dir='ltr'><strong>Saul</strong></span> <span class='ocrx_word' id='word_1_231' title='bbox 2981 1809 3217 1876; x_wconf 82' lang='lat' dir='ltr'><strong>lictores,</strong></span> <span class='ocrx_word' id='word_1_232' title='bbox 3245 1822 3304 1867; x_wconf 90' lang='lat' dir='ltr'><strong>nt</strong></span> <span class='ocrx_word' id='word_1_233' title='bbox 3330 1827 3588 1885; x_wconf 84' lang='lat' dir='ltr'><strong>caperent</strong></span> 
     </span>
    </p>
   </div>
   <div class='ocr_carea' id='block_1_31' title="bbox 345 1890 3586 1972">
    <p class='ocr_par' dir='ltr' id='par_1_31' title="bbox 345 1890 3586 1972">
     <span class='ocr_line' id='line_1_31' title="bbox 345 1890 3586 1972; baseline 0.002 -22"><span class='ocrx_word' id='word_1_234' title='bbox 345 1894 640 1959; x_wconf 87' lang='lat' dir='ltr'><strong>invaderet,</strong></span> <span class='ocrx_word' id='word_1_235' title='bbox 664 1895 998 1965; x_wconf 73' lang='lat' dir='ltr'><strong>apprehensa</strong></span> <span class='ocrx_word' id='word_1_236' title='bbox 1043 1891 1209 1947; x_wconf 86' lang='lat' dir='ltr'><strong>David</strong></span> <span class='ocrx_word' id='word_1_237' title='bbox 1231 1892 1464 1958; x_wconf 87' lang='lat' dir='ltr'><strong>cithara,</strong></span> <span class='ocrx_word' id='word_1_238' title='bbox 1490 1892 1609 1962; x_wconf 87' lang='lat' dir='ltr'><strong>ejus</strong></span> <span class='ocrx_word' id='word_1_239' title='bbox 1635 1895 1911 1949; x_wconf 86' lang='lat' dir='ltr'><strong>vesaniam</strong></span> <span class='ocrx_word' id='word_1_240' title='bbox 1938 1894 1986 1954; x_wconf 85' lang='lat' dir='ltr'><strong>B</strong></span> <span class='ocrx_word' id='word_1_241' title='bbox 2019 1912 2037 1943; x_wconf 82' lang='grc' dir='ltr'><strong>ι</strong></span> <span class='ocrx_word' id='word_1_242' title='bbox 2068 1890 2254 1947; x_wconf 89' lang='lat' dir='ltr'><strong>David.</strong></span> <span class='ocrx_word' id='word_1_243' title='bbox 2300 1893 2401 1963; x_wconf 85' lang='lat' dir='ltr'><strong>Qui</strong></span> <span class='ocrx_word' id='word_1_244' title='bbox 2446 1910 2570 1950; x_wconf 88' lang='lat' dir='ltr'><strong>cum</strong></span> <span class='ocrx_word' id='word_1_245' title='bbox 2612 1896 2869 1952; x_wconf 89' lang='lat' dir='ltr'><strong>vidissent</strong></span> <span class='ocrx_word' id='word_1_246' title='bbox 2920 1915 3150 1955; x_wconf 89' lang='lat' dir='ltr'><strong>cuneum</strong></span> <span class='ocrx_word' id='word_1_247' title='bbox 3201 1896 3586 1972; x_wconf 82' lang='lat' dir='ltr'><strong>prophetarum</strong></span> 
     </span>
    </p>
   </div>
   <div class='ocr_carea' id='block_1_32' title="bbox 343 1980 1913 2054">
    <p class='ocr_par' dir='ltr' id='par_1_32' title="bbox 343 1980 1913 2054">
     <span class='ocr_line' id='line_1_32' title="bbox 343 1980 1913 2054; baseline 0.001 -17"><span class='ocrx_word' id='word_1_248' title='bbox 343 1982 656 2051; x_wconf 79' lang='lat' dir='ltr'><strong>mitigabat?</strong></span> <span class='ocrx_word' id='word_1_249' title='bbox 696 1982 803 2041; x_wconf 84' lang='lat' dir='ltr'><strong>Per</strong></span> <span class='ocrx_word' id='word_1_250' title='bbox 826 1981 1047 2037; x_wconf 83' lang='lat' dir='ltr'><strong>Saulem</strong></span> <span class='ocrx_word' id='word_1_251' title='bbox 1075 1982 1219 2038; x_wconf 90' lang='lat' dir='ltr'><strong>enim</strong></span> <span class='ocrx_word' id='word_1_252' title='bbox 1247 1980 1550 2036; x_wconf 76' lang='lat' dir='ltr'><strong>Judaeornm</strong></span> <span class='ocrx_word' id='word_1_253' title='bbox 1581 1982 1775 2049; x_wconf 87' lang='lat' dir='ltr'><strong>elatio,</strong></span> <span class='ocrx_word' id='word_1_254' title='bbox 1816 2000 1913 2054; x_wconf 87' lang='lat' dir='ltr'><strong>per</strong></span> 
     </span>
    </p>
   </div>
   <div class='ocr_carea' id='block_1_33' title="bbox 342 2068 1908 2141">
    <p class='ocr_par' dir='ltr' id='par_1_33' title="bbox 342 2068 1908 2141">
     <span class='ocr_line' id='line_1_33' title="bbox 342 2068 1908 2141; baseline 0 -14"><span class='ocrx_word' id='word_1_255' title='bbox 342 2071 510 2127; x_wconf 84' lang='lat' dir='ltr'><strong>David</strong></span> <span class='ocrx_word' id='word_1_256' title='bbox 563 2081 744 2127; x_wconf 87' lang='lat' dir='ltr'><strong>autem</strong></span> <span class='ocrx_word' id='word_1_257' title='bbox 784 2070 1072 2127; x_wconf 81' lang='lat' dir='ltr'><strong>humilitas</strong></span> <span class='ocrx_word' id='word_1_258' title='bbox 1118 2069 1321 2126; x_wconf 86' lang='lat' dir='ltr'><strong>Christi</strong></span> <span class='ocrx_word' id='word_1_259' title='bbox 1371 2068 1724 2141; x_wconf 80' lang='lat' dir='ltr'><strong>signiﬁcatur.</strong></span> <span class='ocrx_word' id='word_1_260' title='bbox 1775 2072 1908 2127; x_wconf 88' lang='lat' dir='ltr'><strong>Cum</strong></span> 
     </span>
    </p>
   </div>
   <div class='ocr_carea' id='block_1_34' title="bbox 338 2158 1910 2240">
    <p class='ocr_par' dir='ltr' id='par_1_34' title="bbox 338 2158 1910 2240">
     <span class='ocr_line' id='line_1_34' title="bbox 338 2158 1910 2240; baseline -0.004 -16"><span class='ocrx_word' id='word_1_261' title='bbox 338 2184 469 2240; x_wconf 76' lang='lat' dir='ltr'><strong>ergo</strong></span> <span class='ocrx_word' id='word_1_262' title='bbox 490 2169 558 2224; x_wconf 91' lang='lat' dir='ltr'><strong>ab</strong></span> <span class='ocrx_word' id='word_1_263' title='bbox 587 2166 862 2223; x_wconf 80' lang='lat' dir='ltr'><strong>immundo</strong></span> <span class='ocrx_word' id='word_1_264' title='bbox 899 2165 1091 2237; x_wconf 87' lang='lat' dir='ltr'><strong>spiritu</strong></span> <span class='ocrx_word' id='word_1_265' title='bbox 1137 2164 1268 2221; x_wconf 86' lang='lat' dir='ltr'><strong>Saul</strong></span> <span class='ocrx_word' id='word_1_266' title='bbox 1298 2165 1577 2235; x_wconf 85' lang='lat' dir='ltr'><strong>arripitur,</strong></span> <span class='ocrx_word' id='word_1_267' title='bbox 1623 2158 1793 2219; x_wconf 83' lang='lat' dir='ltr'><strong>David</strong></span> <span class='ocrx_word' id='word_1_268' title='bbox 1819 2180 1910 2219; x_wconf 87' lang='lat' dir='ltr'><strong>ca-</strong></span> 
     </span>
    </p>
   </div>
   <div class='ocr_carea' id='block_1_35' title="bbox 339 2258 1909 2334">
    <p class='ocr_par' dir='ltr' id='par_1_35' title="bbox 339 2258 1909 2334">
     <span class='ocr_line' id='line_1_35' title="bbox 339 2258 1909 2334; baseline -0.003 -16"><span class='ocrx_word' id='word_1_269' title='bbox 339 2272 497 2320; x_wconf 86' lang='lat' dir='ltr'><strong>nente</strong></span> <span class='ocrx_word' id='word_1_270' title='bbox 542 2263 659 2334; x_wconf 68' lang='lat' dir='ltr'><strong>eius</strong></span> <span class='ocrx_word' id='word_1_271' title='bbox 703 2262 923 2317; x_wconf 85' lang='lat' dir='ltr'><strong>vesania</strong></span> <span class='ocrx_word' id='word_1_272' title='bbox 970 2269 1301 2330; x_wconf 84' lang='lat' dir='ltr'><strong>temperatur</strong></span> <span class='ocrx_word' id='word_1_273' title='bbox 1336 2277 1349 2313; x_wconf 92' lang='lat'>:</span> <span class='ocrx_word' id='word_1_274' title='bbox 1400 2258 1525 2328; x_wconf 85' lang='lat' dir='ltr'><strong>quia</strong></span> <span class='ocrx_word' id='word_1_275' title='bbox 1559 2272 1683 2313; x_wconf 90' lang='lat' dir='ltr'><strong>cum</strong></span> <span class='ocrx_word' id='word_1_276' title='bbox 1720 2272 1909 2313; x_wconf 87' lang='lat' dir='ltr'><strong>sensus</strong></span> 
     </span>
    </p>
   </div>
   <div class='ocr_carea' id='block_1_36' title="bbox 335 2348 1906 2424">
    <p class='ocr_par' dir='ltr' id='par_1_36' title="bbox 335 2348 1906 2424">
     <span class='ocr_line' id='line_1_36' title="bbox 335 2348 1906 2424; baseline -0.004 -15"><span class='ocrx_word' id='word_1_277' title='bbox 335 2353 642 2410; x_wconf 66' lang='lat' dir='ltr'><strong>Judzeorum</strong></span> <span class='ocrx_word' id='word_1_278' title='bbox 693 2368 794 2424; x_wconf 87' lang='lat' dir='ltr'><strong>per</strong></span> <span class='ocrx_word' id='word_1_279' title='bbox 834 2350 1222 2421; x_wconf 84' lang='lat' dir='ltr'><strong>blasphemiam</strong></span> <span class='ocrx_word' id='word_1_280' title='bbox 1269 2349 1324 2404; x_wconf 92' lang='lat' dir='ltr'><strong>in</strong></span> <span class='ocrx_word' id='word_1_281' title='bbox 1371 2348 1610 2406; x_wconf 79' lang='lat' dir='ltr'><strong>furorem</strong></span> <span class='ocrx_word' id='word_1_282' title='bbox 1656 2349 1906 2414; x_wconf 87' lang='lat' dir='ltr'><strong>vertitur,</strong></span> 
     </span>
    </p>
   </div>
   <div class='ocr_carea' id='block_1_37' title="bbox 334 2440 1909 2518">
    <p class='ocr_par' dir='ltr' id='par_1_37' title="bbox 334 2440 1909 2518">
     <span class='ocr_line' id='line_1_37' title="bbox 334 2440 1909 2518; baseline -0.006 -16"><span class='ocrx_word' id='word_1_283' title='bbox 334 2447 554 2518; x_wconf 71' lang='lat' dir='ltr'><strong>dignum</strong></span> <span class='ocrx_word' id='word_1_284' title='bbox 589 2453 676 2502; x_wconf 91' lang='lat' dir='ltr'><strong>est</strong></span> <span class='ocrx_word' id='word_1_285' title='bbox 702 2451 764 2500; x_wconf 90' lang='lat' dir='ltr'><strong>ut</strong></span> <span class='ocrx_word' id='word_1_286' title='bbox 793 2446 859 2500; x_wconf 81' lang='lat' dir='ltr'><strong>ad</strong></span> <span class='ocrx_word' id='word_1_287' title='bbox 886 2443 1113 2499; x_wconf 88' lang='lat' dir='ltr'><strong>salutem</strong></span> <span class='ocrx_word' id='word_1_288' title='bbox 1139 2450 1347 2497; x_wconf 87' lang='lat' dir='ltr'><strong>mentes</strong></span> <span class='ocrx_word' id='word_1_289' title='bbox 1370 2456 1580 2506; x_wconf 88' lang='lat' dir='ltr'><strong>eorum,</strong></span> <span class='ocrx_word' id='word_1_290' title='bbox 1613 2440 1764 2517; x_wconf 84' lang='lat' dir='ltr'><strong>quasi</strong></span> <span class='ocrx_word' id='word_1_291' title='bbox 1791 2440 1909 2494; x_wconf 90' lang='lat' dir='ltr'><strong>dul-</strong></span> 
     </span>
    </p>
   </div>
   <div class='ocr_carea' id='block_1_38' title="bbox 334 2526 1906 2603">
    <p class='ocr_par' dir='ltr' id='par_1_38' title="bbox 334 2526 1906 2603">
     <span class='ocr_line' id='line_1_38' title="bbox 334 2526 1906 2603; baseline -0.004 -10"><span class='ocrx_word' id='word_1_292' title='bbox 334 2536 524 2593; x_wconf 84' lang='lat' dir='ltr'><strong>cedine</strong></span> <span class='ocrx_word' id='word_1_293' title='bbox 564 2534 807 2600; x_wconf 67' lang='lat' dir='ltr'><strong>citharae,</strong></span> <span class='ocrx_word' id='word_1_294' title='bbox 843 2526 1129 2589; x_wconf 75' lang='lat' dir='ltr'><strong>locutionis</strong></span> <span class='ocrx_word' id='word_1_295' title='bbox 1153 2531 1474 2603; x_wconf 71' lang='lat' dir='ltr'><strong>evangelicae</strong></span> <span class='ocrx_word' id='word_1_296' title='bbox 1518 2530 1906 2602; x_wconf 77' lang='lat' dir='ltr'><strong>tranquillitate</strong></span> 
     </span>
    </p>
   </div>
   <div class='ocr_carea' id='block_1_39' title="bbox 336 2620 1900 2693">
    <p class='ocr_par' dir='ltr' id='par_1_39' title="bbox 336 2620 1900 2693">
     <span class='ocr_line' id='line_1_39' title="bbox 336 2620 1900 2693; baseline -0.003 -12"><span class='ocrx_word' id='word_1_297' title='bbox 336 2633 677 2682; x_wconf 86' lang='lat' dir='ltr'><strong>revocentur.</strong></span> <span class='ocrx_word' id='word_1_298' title='bbox 709 2622 870 2680; x_wconf 80' lang='lat' dir='ltr'><strong>Nisus</strong></span> <span class='ocrx_word' id='word_1_299' title='bbox 913 2631 997 2679; x_wconf 87' lang='lat' dir='ltr'><strong>est</strong></span> <span class='ocrx_word' id='word_1_300' title='bbox 1034 2620 1162 2679; x_wconf 86' lang='lat' dir='ltr'><strong>Sani</strong></span> <span class='ocrx_word' id='word_1_301' title='bbox 1189 2622 1357 2677; x_wconf 89' lang='lat' dir='ltr'><strong>David</strong></span> <span class='ocrx_word' id='word_1_302' title='bbox 1381 2622 1697 2693; x_wconf 88' lang='lat' dir='ltr'><strong>psallentem</strong></span> <span class='ocrx_word' id='word_1_303' title='bbox 1733 2620 1900 2678; x_wconf 83' lang='lat' dir='ltr'><strong>conﬁ-</strong></span> 
     </span>
    </p>
   </div>
   <div class='ocr_carea' id='block_1_40' title="bbox 335 2711 1906 2785">
    <p class='ocr_par' dir='ltr' id='par_1_40' title="bbox 335 2711 1906 2785">
     <span class='ocr_line' id='line_1_40' title="bbox 335 2711 1906 2785; baseline -0.001 -15"><span class='ocrx_word' id='word_1_304' title='bbox 335 2729 463 2785; x_wconf 76' lang='lat' dir='ltr'><strong>gere</strong></span> <span class='ocrx_word' id='word_1_305' title='bbox 484 2712 673 2769; x_wconf 85' lang='lat' dir='ltr'><strong>lancea</strong></span> <span class='ocrx_word' id='word_1_306' title='bbox 699 2713 750 2767; x_wconf 93' lang='lat' dir='ltr'><strong>in</strong></span> <span class='ocrx_word' id='word_1_307' title='bbox 788 2712 1068 2783; x_wconf 86' lang='lat' dir='ltr'><strong>parietem,</strong></span> <span class='ocrx_word' id='word_1_308' title='bbox 1099 2720 1154 2768; x_wconf 90' lang='lat' dir='ltr'><strong>et</strong></span> <span class='ocrx_word' id='word_1_309' title='bbox 1190 2712 1476 2768; x_wconf 86' lang='lat' dir='ltr'><strong>declinavit</strong></span> <span class='ocrx_word' id='word_1_310' title='bbox 1511 2712 1676 2768; x_wconf 82' lang='lat' dir='ltr'><strong>David</strong></span> <span class='ocrx_word' id='word_1_311' title='bbox 1706 2728 1737 2766; x_wconf 89' lang='lat' dir='ltr'><strong>a</strong></span> <span class='ocrx_word' id='word_1_312' title='bbox 1768 2711 1906 2768; x_wconf 79' lang='lat' dir='ltr'><strong>facie</strong></span> 
     </span>
    </p>
   </div>
   <div class='ocr_carea' id='block_1_41' title="bbox 336 2803 1907 2873">
    <p class='ocr_par' dir='ltr' id='par_1_41' title="bbox 336 2803 1907 2873">
     <span class='ocr_line' id='line_1_41' title="bbox 336 2803 1907 2873; baseline -0.002 -13"><span class='ocrx_word' id='word_1_313' title='bbox 336 2803 486 2860; x_wconf 87' lang='lat' dir='ltr'><strong>Sani.</strong></span> <span class='ocrx_word' id='word_1_314' title='bbox 539 2803 756 2860; x_wconf 85' lang='lat' dir='ltr'><strong>Lancea</strong></span> <span class='ocrx_word' id='word_1_315' title='bbox 802 2810 978 2858; x_wconf 83' lang='lat' dir='ltr'><strong>autem</strong></span> <span class='ocrx_word' id='word_1_316' title='bbox 1008 2818 1162 2860; x_wconf 88' lang='lat' dir='ltr'><strong>casso</strong></span> <span class='ocrx_word' id='word_1_317' title='bbox 1198 2803 1421 2858; x_wconf 79' lang='lat' dir='ltr'><strong>Vulnere</strong></span> <span class='ocrx_word' id='word_1_318' title='bbox 1464 2803 1672 2873; x_wconf 89' lang='lat' dir='ltr'><strong>perlata</strong></span> <span class='ocrx_word' id='word_1_319' title='bbox 1719 2811 1803 2857; x_wconf 89' lang='lat' dir='ltr'><strong>est</strong></span> <span class='ocrx_word' id='word_1_320' title='bbox 1847 2803 1907 2857; x_wconf 90' lang='lat' dir='ltr'><strong>in</strong></span> 
     </span>
    </p>
   </div>
   <div class='ocr_carea' id='block_1_42' title="bbox 331 2890 1898 2964">
    <p class='ocr_par' dir='ltr' id='par_1_42' title="bbox 331 2890 1898 2964">
     <span class='ocr_line' id='line_1_42' title="bbox 331 2890 1898 2964; baseline -0.002 -16"><span class='ocrx_word' id='word_1_321' title='bbox 331 2895 613 2964; x_wconf 79' lang='lat' dir='ltr'><strong>parietem.</strong></span> <span class='ocrx_word' id='word_1_322' title='bbox 674 2891 768 2949; x_wconf 85' lang='lat' dir='ltr'><strong>Sic</strong></span> <span class='ocrx_word' id='word_1_323' title='bbox 810 2901 867 2948; x_wconf 87' lang='lat' dir='ltr'><strong>et</strong></span> <span class='ocrx_word' id='word_1_324' title='bbox 910 2893 1234 2962; x_wconf 66' lang='lat' dir='ltr'><strong>praedicante</strong></span> <span class='ocrx_word' id='word_1_325' title='bbox 1274 2891 1489 2948; x_wconf 85' lang='lat' dir='ltr'><strong>Christo</strong></span> <span class='ocrx_word' id='word_1_326' title='bbox 1532 2890 1898 2964; x_wconf 81' lang='lat' dir='ltr'><strong>Evangelinm,</strong></span> 
     </span>
    </p>
   </div>
   <div class='ocr_carea' id='block_1_43' title="bbox 330 2970 1909 3040">
    <p class='ocr_par' dir='ltr' id='par_1_43' title="bbox 330 2970 1909 3040">
     <span class='ocr_line' id='line_1_43' title="bbox 330 2970 1909 3040; baseline 0.001 -1"><span class='ocrx_word' id='word_1_327' title='bbox 330 2984 500 3040; x_wconf 71' lang='lat' dir='ltr'><strong>Judtei</strong></span> <span class='ocrx_word' id='word_1_328' title='bbox 528 2984 768 3040; x_wconf 81' lang='lat' dir='ltr'><strong>meditati</strong></span> <span class='ocrx_word' id='word_1_329' title='bbox 789 2991 917 3040; x_wconf 86' lang='lat' dir='ltr'><strong>sunt</strong></span> <span class='ocrx_word' id='word_1_330' title='bbox 936 2984 987 3039; x_wconf 92' lang='lat' dir='ltr'><strong>ei</strong></span> <span class='ocrx_word' id='word_1_331' title='bbox 1014 2992 1246 3040; x_wconf 90' lang='lat' dir='ltr'><strong>mortem</strong></span> <span class='ocrx_word' id='word_1_332' title='bbox 1275 2983 1495 3040; x_wconf 79' lang='lat' dir='ltr'><strong>inferre.</strong></span> <span class='ocrx_word' id='word_1_333' title='bbox 1528 2983 1635 3040; x_wconf 90' lang='lat' dir='ltr'><strong>Sed</strong></span> <span class='ocrx_word' id='word_1_334' title='bbox 1658 2985 1784 3039; x_wconf 81' lang='lat' dir='ltr'><strong>dum</strong></span> <span class='ocrx_word' id='word_1_335' title='bbox 1811 2970 1909 3040; x_wconf 66' lang='lat' dir='ltr'><strong>me</strong></span> 
     </span>
    </p>
   </div>
   <div class='ocr_carea' id='block_1_44' title="bbox 331 3072 1900 3144">
    <p class='ocr_par' dir='ltr' id='par_1_44' title="bbox 331 3072 1900 3144">
     <span class='ocr_line' id='line_1_44' title="bbox 331 3072 1900 3144; baseline 0.001 -15"><span class='ocrx_word' id='word_1_336' title='bbox 331 3076 397 3129; x_wconf 78' lang='lat' dir='ltr'><strong>ab</strong></span> <span class='ocrx_word' id='word_1_337' title='bbox 427 3075 505 3129; x_wconf 92' lang='lat' dir='ltr'><strong>eis</strong></span> <span class='ocrx_word' id='word_1_338' title='bbox 536 3074 602 3129; x_wconf 83' lang='lat' dir='ltr'><strong>ad</strong></span> <span class='ocrx_word' id='word_1_339' title='bbox 638 3074 864 3131; x_wconf 82' lang='lat' dir='ltr'><strong>salutem</strong></span> <span class='ocrx_word' id='word_1_340' title='bbox 887 3075 1123 3144; x_wconf 74' lang='lat' dir='ltr'><strong>gentium</strong></span> <span class='ocrx_word' id='word_1_341' title='bbox 1153 3072 1307 3129; x_wconf 90' lang='lat' dir='ltr'><strong>vivus</strong></span> <span class='ocrx_word' id='word_1_342' title='bbox 1337 3078 1576 3138; x_wconf 86' lang='lat' dir='ltr'><strong>secessit,</strong></span> <span class='ocrx_word' id='word_1_343' title='bbox 1609 3074 1780 3131; x_wconf 84' lang='lat' dir='ltr'><strong>solam</strong></span> <span class='ocrx_word' id='word_1_344' title='bbox 1804 3075 1900 3130; x_wconf 86' lang='lat' dir='ltr'><strong>du-</strong></span> 
     </span>
    </p>
   </div>
   <div class='ocr_carea' id='block_1_45' title="bbox 334 3163 1603 3221">
    <p class='ocr_par' dir='ltr' id='par_1_45' title="bbox 334 3163 1603 3221">
     <span class='ocr_line' id='line_1_45' title="bbox 334 3163 1603 3221; baseline -0.001 -2"><span class='ocrx_word' id='word_1_345' title='bbox 334 3166 517 3220; x_wconf 75' lang='lat' dir='ltr'><strong>ritiam.</strong></span> <span class='ocrx_word' id='word_1_346' title='bbox 530 3166 728 3221; x_wconf 86' lang='lat' dir='ltr'><strong>mentis</strong></span> <span class='ocrx_word' id='word_1_347' title='bbox 755 3164 971 3220; x_wconf 86' lang='lat' dir='ltr'><strong>illorum</strong></span> <span class='ocrx_word' id='word_1_348' title='bbox 1000 3163 1204 3219; x_wconf 87' lang='lat' dir='ltr'><strong>malitia</strong></span> <span class='ocrx_word' id='word_1_349' title='bbox 1234 3179 1421 3220; x_wconf 90' lang='lat' dir='ltr'><strong>eorum</strong></span> <span class='ocrx_word' id='word_1_350' title='bbox 1444 3163 1603 3220; x_wconf 73' lang='lat' dir='ltr'><strong>hesit.</strong></span> 
     </span>
    </p>
   </div>
   <div class='ocr_carea' id='block_1_46' title="bbox 2016 1984 3589 2062">
    <p class='ocr_par' dir='ltr' id='par_1_46' title="bbox 2016 1984 3589 2062">
     <span class='ocr_line' id='line_1_46' title="bbox 2016 1984 3589 2062; baseline 0.01 -26"><span class='ocrx_word' id='word_1_351' title='bbox 2016 2003 2036 2036; x_wconf 75' lang='grc' dir='ltr'><strong>ι</strong></span> <span class='ocrx_word' id='word_1_352' title='bbox 2069 1984 2496 2050; x_wconf 84' lang='lat' dir='ltr'><strong>vaticinantium,</strong></span> <span class='ocrx_word' id='word_1_353' title='bbox 2515 1996 2569 2043; x_wconf 85' lang='lat' dir='ltr'><strong>et</strong></span> <span class='ocrx_word' id='word_1_354' title='bbox 2588 1985 2807 2044; x_wconf 88' lang='lat' dir='ltr'><strong>Samuel</strong></span> <span class='ocrx_word' id='word_1_355' title='bbox 2835 1998 3062 2045; x_wconf 86' lang='lat' dir='ltr'><strong>stantem</strong></span> <span class='ocrx_word' id='word_1_356' title='bbox 3083 2006 3245 2062; x_wconf 86' lang='lat' dir='ltr'><strong>super</strong></span> <span class='ocrx_word' id='word_1_357' title='bbox 3269 2009 3385 2061; x_wconf 90' lang='lat' dir='ltr'><strong>eos,</strong></span> <span class='ocrx_word' id='word_1_358' title='bbox 3413 1995 3589 2052; x_wconf 83' lang='lat' dir='ltr'><strong>factus</strong></span> 
     </span>
    </p>
   </div>
   <div class='ocr_carea' id='block_1_47' title="bbox 2016 2073 3585 2157">
    <p class='ocr_par' dir='ltr' id='par_1_47' title="bbox 2016 2073 3585 2157">
     <span class='ocr_line' id='line_1_47' title="bbox 2016 2073 3585 2157; baseline 0.01 -31"><span class='ocrx_word' id='word_1_359' title='bbox 2016 2093 2035 2126; x_wconf 85' lang='grc'><strong><em>‹</em></strong></span> <span class='ocrx_word' id='word_1_360' title='bbox 2070 2083 2152 2129; x_wconf 90' lang='lat' dir='ltr'><strong>est</strong></span> <span class='ocrx_word' id='word_1_361' title='bbox 2178 2073 2344 2130; x_wconf 87' lang='lat' dir='ltr'><strong>etiam</strong></span> <span class='ocrx_word' id='word_1_362' title='bbox 2389 2076 2612 2146; x_wconf 89' lang='lat' dir='ltr'><strong>spiritus</strong></span> <span class='ocrx_word' id='word_1_363' title='bbox 2640 2076 2852 2133; x_wconf 88' lang='lat' dir='ltr'><strong>Domini</strong></span> <span class='ocrx_word' id='word_1_364' title='bbox 2894 2095 3058 2151; x_wconf 87' lang='lat' dir='ltr'><strong>super</strong></span> <span class='ocrx_word' id='word_1_365' title='bbox 3092 2097 3207 2149; x_wconf 87' lang='lat' dir='ltr'><strong>eos,</strong></span> <span class='ocrx_word' id='word_1_366' title='bbox 3257 2091 3313 2139; x_wconf 91' lang='lat' dir='ltr'><strong>et</strong></span> <span class='ocrx_word' id='word_1_367' title='bbox 3352 2087 3585 2157; x_wconf 80' lang='lat' dir='ltr'><strong>prophe-</strong></span> 
     </span>
    </p>
   </div>
   <div class='ocr_carea' id='block_1_48' title="bbox 2015 2167 3585 2245">
    <p class='ocr_par' dir='ltr' id='par_1_48' title="bbox 2015 2167 3585 2245">
     <span class='ocr_line' id='line_1_48' title="bbox 2015 2167 3585 2245; baseline 0.011 -32"><span class='ocrx_word' id='word_1_368' title='bbox 2015 2184 2033 2213; x_wconf 73' lang='grc' dir='ltr'><strong>ι</strong></span> <span class='ocrx_word' id='word_1_369' title='bbox 2072 2172 2186 2219; x_wconf 83' lang='lat' dir='ltr'><strong>tare</strong></span> <span class='ocrx_word' id='word_1_370' title='bbox 2223 2175 2505 2243; x_wconf 61' lang='lat' dir='ltr'><strong>coeperunt</strong></span> <span class='ocrx_word' id='word_1_371' title='bbox 2551 2167 2713 2222; x_wconf 89' lang='lat' dir='ltr'><strong>etiam</strong></span> <span class='ocrx_word' id='word_1_372' title='bbox 2752 2168 2875 2239; x_wconf 88' lang='lat' dir='ltr'><strong>ipsi,</strong></span> <span class='ocrx_word' id='word_1_373' title='bbox 2913 2187 2932 2221; x_wconf 80' lang='grc' dir='ltr'><strong>ι</strong></span> <span class='ocrx_word' id='word_1_374' title='bbox 2970 2178 3077 2225; x_wconf 91' lang='lat' dir='ltr'><strong>etc.</strong></span> <span class='ocrx_word' id='word_1_375' title='bbox 3131 2170 3149 2245; x_wconf 95' lang='lat'>(</span> <span class='ocrx_word' id='word_1_376' title='bbox 3171 2172 3256 2226; x_wconf 73' lang='lat' dir='ltr'><strong>Ex</strong></span> <span class='ocrx_word' id='word_1_377' title='bbox 3302 2172 3531 2231; x_wconf 70' lang='lat' dir='ltr'><strong>Isidoro.</strong></span> <span class='ocrx_word' id='word_1_378' title='bbox 3566 2178 3585 2245; x_wconf 91' lang='lat'><strong>)</strong></span> 
     </span>
    </p>
   </div>
   <div class='ocr_carea' id='block_1_49' title="bbox 2008 2254 3580 2335">
    <p class='ocr_par' dir='ltr' id='par_1_49' title="bbox 2008 2254 3580 2335">
     <span class='ocr_line' id='line_1_49' title="bbox 2008 2254 3580 2335; baseline 0.007 -27"><span class='ocrx_word' id='word_1_379' title='bbox 2008 2254 2176 2326; x_wconf 78' lang='lat' dir='ltr'><strong>Igitur</strong></span> <span class='ocrx_word' id='word_1_380' title='bbox 2204 2255 2370 2311; x_wconf 87' lang='lat' dir='ltr'><strong>David</strong></span> <span class='ocrx_word' id='word_1_381' title='bbox 2398 2258 2559 2328; x_wconf 71' lang='lat' dir='ltr'><strong>regite</strong></span> <span class='ocrx_word' id='word_1_382' title='bbox 2606 2274 2796 2314; x_wconf 82' lang='lat' dir='ltr'><strong>manus</strong></span> <span class='ocrx_word' id='word_1_383' title='bbox 2826 2260 2989 2315; x_wconf 87' lang='lat' dir='ltr'><strong>ictum</strong></span> <span class='ocrx_word' id='word_1_384' title='bbox 3021 2261 3265 2317; x_wconf 87' lang='lat' dir='ltr'><strong>devitans</strong></span> <span class='ocrx_word' id='word_1_385' title='bbox 3289 2304 3304 2328; x_wconf 97' lang='lat'><strong>,</strong></span> <span class='ocrx_word' id='word_1_386' title='bbox 3355 2263 3580 2335; x_wconf 78' lang='lat' dir='ltr'><strong>ejusque</strong></span> 
     </span>
    </p>
   </div>
   <div class='ocr_carea' id='block_1_50' title="bbox 2007 2345 3583 2422">
    <p class='ocr_par' dir='ltr' id='par_1_50' title="bbox 2007 2345 3583 2422">
     <span class='ocr_line' id='line_1_50' title="bbox 2007 2345 3583 2422; baseline 0.009 -26"><span class='ocrx_word' id='word_1_387' title='bbox 2007 2345 2411 2414; x_wconf 79' lang='lat' dir='ltr'><strong>persecutiones</strong></span> <span class='ocrx_word' id='word_1_388' title='bbox 2448 2347 2740 2413; x_wconf 89' lang='lat' dir='ltr'><strong>declinans,</strong></span> <span class='ocrx_word' id='word_1_389' title='bbox 2780 2348 2917 2421; x_wconf 79' lang='lat' dir='ltr'><strong>fugit</strong></span> <span class='ocrx_word' id='word_1_390' title='bbox 2962 2352 3213 2422; x_wconf 84' lang='lat' dir='ltr'><strong>venitque</strong></span> <span class='ocrx_word' id='word_1_391' title='bbox 3255 2354 3322 2408; x_wconf 89' lang='lat' dir='ltr'><strong>ad</strong></span> <span class='ocrx_word' id='word_1_392' title='bbox 3359 2353 3583 2410; x_wconf 84' lang='lat' dir='ltr'><strong>Samue-</strong></span> 
     </span>
    </p>
   </div>
   <div class='ocr_carea' id='block_1_51' title="bbox 2009 2432 3578 2509">
    <p class='ocr_par' dir='ltr' id='par_1_51' title="bbox 2009 2432 3578 2509">
     <span class='ocr_line' id='line_1_51' title="bbox 2009 2432 3578 2509; baseline 0.008 -24"><span class='ocrx_word' id='word_1_393' title='bbox 2009 2432 2137 2496; x_wconf 92' lang='lat' dir='ltr'><strong>lem,</strong></span> <span class='ocrx_word' id='word_1_394' title='bbox 2171 2439 2224 2487; x_wconf 89' lang='lat' dir='ltr'><strong>et</strong></span> <span class='ocrx_word' id='word_1_395' title='bbox 2246 2434 2392 2488; x_wconf 86' lang='lat' dir='ltr'><strong>misit</strong></span> <span class='ocrx_word' id='word_1_396' title='bbox 2423 2433 2553 2489; x_wconf 88' lang='lat' dir='ltr'><strong>Saul</strong></span> <span class='ocrx_word' id='word_1_397' title='bbox 2583 2437 2823 2503; x_wconf 91' lang='lat' dir='ltr'><strong>nuntios,</strong></span> <span class='ocrx_word' id='word_1_398' title='bbox 2862 2438 2953 2508; x_wconf 91' lang='lat' dir='ltr'><strong>qni</strong></span> <span class='ocrx_word' id='word_1_399' title='bbox 2980 2441 3441 2509; x_wconf 80' lang='lat' dir='ltr'><strong>apprehendereut</strong></span> <span class='ocrx_word' id='word_1_400' title='bbox 3470 2444 3578 2497; x_wconf 88' lang='lat' dir='ltr'><strong>Da-</strong></span> 
     </span>
    </p>
   </div>
   <div class='ocr_carea' id='block_1_52' title="bbox 2006 2522 3580 2602">
    <p class='ocr_par' dir='ltr' id='par_1_52' title="bbox 2006 2522 3580 2602">
     <span class='ocr_line' id='line_1_52' title="bbox 2006 2522 3580 2602; baseline 0.011 -29"><span class='ocrx_word' id='word_1_401' title='bbox 2006 2522 2115 2577; x_wconf 83' lang='lat' dir='ltr'><strong>vid.</strong></span> <span class='ocrx_word' id='word_1_402' title='bbox 2146 2522 2247 2590; x_wconf 81' lang='lat' dir='ltr'><strong>Qui</strong></span> <span class='ocrx_word' id='word_1_403' title='bbox 2281 2538 2405 2579; x_wconf 87' lang='lat' dir='ltr'><strong>cum</strong></span> <span class='ocrx_word' id='word_1_404' title='bbox 2454 2526 2712 2581; x_wconf 86' lang='lat' dir='ltr'><strong>vidissent</strong></span> <span class='ocrx_word' id='word_1_405' title='bbox 2752 2526 2968 2585; x_wconf 89' lang='lat' dir='ltr'><strong>Samuel</strong></span> <span class='ocrx_word' id='word_1_406' title='bbox 2998 2529 3137 2585; x_wconf 87' lang='lat' dir='ltr'><strong>inter</strong></span> <span class='ocrx_word' id='word_1_407' title='bbox 3170 2532 3481 2602; x_wconf 78' lang='lat' dir='ltr'><strong>prophetas,</strong></span> <span class='ocrx_word' id='word_1_408' title='bbox 3521 2545 3580 2590; x_wconf 84' lang='lat' dir='ltr'><strong>et</strong></span> 
     </span>
    </p>
   </div>
   <div class='ocr_carea' id='block_1_53' title="bbox 2005 2617 3573 2697">
    <p class='ocr_par' dir='ltr' id='par_1_53' title="bbox 2005 2617 3573 2697">
     <span class='ocr_line' id='line_1_53' title="bbox 2005 2617 3573 2697; baseline 0.01 -29"><span class='ocrx_word' id='word_1_409' title='bbox 2005 2623 2205 2669; x_wconf 70' lang='lat' dir='ltr'><strong>emtum</strong></span> <span class='ocrx_word' id='word_1_410' title='bbox 2234 2617 2618 2686; x_wconf 83' lang='lat' dir='ltr'><strong>prophetarum</strong></span> <span class='ocrx_word' id='word_1_411' title='bbox 2664 2619 2757 2688; x_wconf 89' lang='lat' dir='ltr'><strong>qui</strong></span> <span class='ocrx_word' id='word_1_412' title='bbox 2794 2619 2847 2674; x_wconf 92' lang='lat' dir='ltr'><strong>in</strong></span> <span class='ocrx_word' id='word_1_413' title='bbox 2888 2618 2977 2675; x_wconf 93' lang='lat' dir='ltr'><strong>illo</strong></span> <span class='ocrx_word' id='word_1_414' title='bbox 3014 2628 3252 2692; x_wconf 90' lang='lat' dir='ltr'><strong>tempore</strong></span> <span class='ocrx_word' id='word_1_415' title='bbox 3281 2627 3573 2697; x_wconf 80' lang='lat' dir='ltr'><strong>propheta-</strong></span> 
     </span>
    </p>
   </div>
   <div class='ocr_carea' id='block_1_54' title="bbox 2005 2702 3581 2787">
    <p class='ocr_par' dir='ltr' id='par_1_54' title="bbox 2005 2702 3581 2787">
     <span class='ocr_line' id='line_1_54' title="bbox 2005 2702 3581 2787; baseline 0.01 -30"><span class='ocrx_word' id='word_1_416' title='bbox 2005 2704 2155 2771; x_wconf 87' lang='lat' dir='ltr'><strong>bant,</strong></span> <span class='ocrx_word' id='word_1_417' title='bbox 2186 2702 2361 2760; x_wconf 87' lang='lat' dir='ltr'><strong>nuntii</strong></span> <span class='ocrx_word' id='word_1_418' title='bbox 2388 2706 2478 2776; x_wconf 86' lang='lat' dir='ltr'><strong>qui</strong></span> <span class='ocrx_word' id='word_1_419' title='bbox 2509 2707 2659 2763; x_wconf 85' lang='lat' dir='ltr'><strong>missi</strong></span> <span class='ocrx_word' id='word_1_420' title='bbox 2699 2718 2841 2775; x_wconf 88' lang='lat' dir='ltr'><strong>sunt,</strong></span> <span class='ocrx_word' id='word_1_421' title='bbox 2877 2712 3097 2783; x_wconf 82' lang='lat' dir='ltr'><strong>accepto</strong></span> <span class='ocrx_word' id='word_1_422' title='bbox 3140 2715 3327 2768; x_wconf 78' lang='lat' dir='ltr'><strong>eodem</strong></span> <span class='ocrx_word' id='word_1_423' title='bbox 3357 2719 3581 2787; x_wconf 81' lang='lat' dir='ltr'><strong>spiritu,</strong></span> 
     </span>
    </p>
   </div>
   <div class='ocr_carea' id='block_1_55' title="bbox 2005 2796 3576 2876">
    <p class='ocr_par' dir='ltr' id='par_1_55' title="bbox 2005 2796 3576 2876">
     <span class='ocr_line' id='line_1_55' title="bbox 2005 2796 3576 2876; baseline 0.008 -27"><span class='ocrx_word' id='word_1_424' title='bbox 2005 2797 2482 2865; x_wconf 83' lang='lat' dir='ltr'><strong>prophetaverunt.</strong></span> <span class='ocrx_word' id='word_1_425' title='bbox 2505 2796 2791 2868; x_wconf 82' lang='lat' dir='ltr'><strong>Missisque</strong></span> <span class='ocrx_word' id='word_1_426' title='bbox 2811 2799 2931 2856; x_wconf 88' lang='lat' dir='ltr'><strong>aliis</strong></span> <span class='ocrx_word' id='word_1_427' title='bbox 2974 2802 3077 2857; x_wconf 90' lang='lat' dir='ltr'><strong>hoc</strong></span> <span class='ocrx_word' id='word_1_428' title='bbox 3108 2798 3351 2876; x_wconf 83' lang='lat' dir='ltr'><strong>centigit,</strong></span> <span class='ocrx_word' id='word_1_429' title='bbox 3384 2817 3439 2862; x_wconf 91' lang='lat' dir='ltr'><strong>et</strong></span> <span class='ocrx_word' id='word_1_430' title='bbox 3469 2817 3576 2863; x_wconf 88' lang='lat' dir='ltr'><strong>ter-</strong></span> 
     </span>
    </p>
   </div>
   <div class='ocr_carea' id='block_1_56' title="bbox 2004 2887 3577 2965">
    <p class='ocr_par' dir='ltr' id='par_1_56' title="bbox 2004 2887 3577 2965">
     <span class='ocr_line' id='line_1_56' title="bbox 2004 2887 3577 2965; baseline 0.007 -24"><span class='ocrx_word' id='word_1_431' title='bbox 2004 2887 2096 2943; x_wconf 81' lang='lat' dir='ltr'><strong>tiis</strong></span> <span class='ocrx_word' id='word_1_432' title='bbox 2123 2887 2491 2945; x_wconf 84' lang='lat' dir='ltr'><strong>nihilominus.</strong></span> <span class='ocrx_word' id='word_1_433' title='bbox 2541 2888 2732 2945; x_wconf 81' lang='lat' dir='ltr'><strong>Postea</strong></span> <span class='ocrx_word' id='word_1_434' title='bbox 2762 2906 2891 2947; x_wconf 87' lang='lat' dir='ltr'><strong>vero</strong></span> <span class='ocrx_word' id='word_1_435' title='bbox 2933 2908 3054 2947; x_wconf 88' lang='lat' dir='ltr'><strong>eum</strong></span> <span class='ocrx_word' id='word_1_436' title='bbox 3093 2901 3148 2949; x_wconf 91' lang='lat' dir='ltr'><strong>et</strong></span> <span class='ocrx_word' id='word_1_437' title='bbox 3174 2895 3290 2965; x_wconf 90' lang='lat' dir='ltr'><strong>ipse</strong></span> <span class='ocrx_word' id='word_1_438' title='bbox 3333 2897 3460 2951; x_wconf 85' lang='lat' dir='ltr'><strong>Sani</strong></span> <span class='ocrx_word' id='word_1_439' title='bbox 3486 2915 3577 2955; x_wconf 69' lang='grc' dir='ltr'><strong>νε-</strong></span> 
     </span>
    </p>
   </div>
   <div class='ocr_carea' id='block_1_57' title="bbox 2003 2976 3578 3054">
    <p class='ocr_par' dir='ltr' id='par_1_57' title="bbox 2003 2976 3578 3054">
     <span class='ocr_line' id='line_1_57' title="bbox 2003 2976 3578 3054; baseline 0.009 -23"><span class='ocrx_word' id='word_1_440' title='bbox 2003 2977 2191 3041; x_wconf 90' lang='lat' dir='ltr'><strong>uisset,</strong></span> <span class='ocrx_word' id='word_1_441' title='bbox 2244 2976 2418 3034; x_wconf 80' lang='lat' dir='ltr'><strong>factus</strong></span> <span class='ocrx_word' id='word_1_442' title='bbox 2461 2988 2544 3034; x_wconf 88' lang='lat' dir='ltr'><strong>est</strong></span> <span class='ocrx_word' id='word_1_443' title='bbox 2584 2984 2748 3049; x_wconf 81' lang='lat' dir='ltr'><strong>super</strong></span> <span class='ocrx_word' id='word_1_444' title='bbox 2795 2995 2919 3036; x_wconf 88' lang='lat' dir='ltr'><strong>eum</strong></span> <span class='ocrx_word' id='word_1_445' title='bbox 2972 2980 3206 3054; x_wconf 84' lang='lat' dir='ltr'><strong>Spiritus</strong></span> <span class='ocrx_word' id='word_1_446' title='bbox 3252 2982 3482 3053; x_wconf 88' lang='lat' dir='ltr'><strong>Domini,</strong></span> <span class='ocrx_word' id='word_1_447' title='bbox 3521 2997 3578 3045; x_wconf 89' lang='lat' dir='ltr'><strong>et</strong></span> 
     </span>
    </p>
   </div>
   <div class='ocr_carea' id='block_1_58' title="bbox 2004 3068 3157 3147">
    <p class='ocr_par' dir='ltr' id='par_1_58' title="bbox 2004 3068 3157 3147">
     <span class='ocr_line' id='line_1_58' title="bbox 2004 3068 3157 3147; baseline 0.001 -25"><span class='ocrx_word' id='word_1_448' title='bbox 2004 3068 2311 3127; x_wconf 81' lang='lat' dir='ltr'><strong>ambulabat</strong></span> <span class='ocrx_word' id='word_1_449' title='bbox 2343 3068 2669 3147; x_wconf 75' lang='lat' dir='ltr'><strong>ingrediens.</strong></span> <span class='ocrx_word' id='word_1_450' title='bbox 2700 3079 2756 3125; x_wconf 89' lang='lat' dir='ltr'><strong>et</strong></span> <span class='ocrx_word' id='word_1_451' title='bbox 2785 3070 3157 3143; x_wconf 82' lang='lat' dir='ltr'><strong>prephetabat.</strong></span> 
     </span>
    </p>
   </div>
   <div class='ocr_carea' id='block_1_59' title="bbox 2073 3158 3568 3234">
    <p class='ocr_par' dir='ltr' id='par_1_59' title="bbox 2073 3158 3568 3234">
     <span class='ocr_line' id='line_1_59' title="bbox 2073 3158 3568 3234; baseline 0.006 -21"><span class='ocrx_word' id='word_1_452' title='bbox 2073 3158 2182 3232; x_wconf 78' lang='lat' dir='ltr'><strong>(Ea:</strong></span> <span class='ocrx_word' id='word_1_453' title='bbox 2225 3158 2494 3231; x_wconf 67' lang='lat' dir='ltr'><strong>Hebraeo.)</strong></span> <span class='ocrx_word' id='word_1_454' title='bbox 2539 3158 2774 3226; x_wconf 64' lang='lat' dir='ltr'><strong>Quaestio</strong></span> <span class='ocrx_word' id='word_1_455' title='bbox 2804 3177 2995 3234; x_wconf 83' lang='lat' dir='ltr'><strong>magna</strong></span> <span class='ocrx_word' id='word_1_456' title='bbox 3024 3163 3117 3218; x_wconf 89' lang='lat' dir='ltr'><strong>hic</strong></span> <span class='ocrx_word' id='word_1_457' title='bbox 3134 3164 3328 3232; x_wconf 89' lang='lat' dir='ltr'><strong>oritur,</strong></span> <span class='ocrx_word' id='word_1_458' title='bbox 3365 3182 3485 3222; x_wconf 83' lang='lat' dir='ltr'><strong>cum</strong></span> <span class='ocrx_word' id='word_1_459' title='bbox 3516 3169 3568 3222; x_wconf 88' lang='lat' dir='ltr'><strong>in</strong></span> 
     </span>
    </p>
   </div>
   <div class='ocr_carea' id='block_1_60' title="bbox 398 3249 3569 3330">
    <p class='ocr_par' dir='ltr' id='par_1_60' title="bbox 398 3249 3569 3330">
     <span class='ocr_line' id='line_1_60' title="bbox 398 3249 3569 3330; baseline 0.001 -21"><span class='ocrx_word' id='word_1_460' title='bbox 398 3253 527 3318; x_wconf 63' lang='lat' dir='ltr'><strong>Car.</strong></span> <span class='ocrx_word' id='word_1_461' title='bbox 553 3254 691 3327; x_wconf 71' lang='lat' dir='ltr'><strong>nx.)</strong></span> <span class='ocrx_word' id='word_1_462' title='bbox 724 3273 743 3306; x_wconf 79' lang='grc' dir='ltr'><strong>ι</strong></span> <span class='ocrx_word' id='word_1_463' title='bbox 778 3254 924 3309; x_wconf 78' lang='lat' dir='ltr'><strong>Misit</strong></span> <span class='ocrx_word' id='word_1_464' title='bbox 948 3268 1077 3325; x_wconf 76' lang='lat' dir='ltr'><strong>ergo</strong></span> <span class='ocrx_word' id='word_1_465' title='bbox 1105 3253 1231 3310; x_wconf 90' lang='lat' dir='ltr'><strong>Saul</strong></span> <span class='ocrx_word' id='word_1_466' title='bbox 1271 3254 1532 3310; x_wconf 84' lang='lat' dir='ltr'><strong>satellites</strong></span> <span class='ocrx_word' id='word_1_467' title='bbox 1557 3271 1685 3312; x_wconf 91' lang='lat' dir='ltr'><strong>suos</strong></span> <span class='ocrx_word' id='word_1_468' title='bbox 1716 3257 1769 3312; x_wconf 90' lang='lat' dir='ltr'><strong>in</strong></span> <span class='ocrx_word' id='word_1_469' title='bbox 1796 3258 1894 3312; x_wconf 86' lang='lat' dir='ltr'><strong>do-</strong></span> <span class='ocrx_word' id='word_1_470' title='bbox 1925 3266 1971 3330; x_wconf 71' lang='grc' dir='ltr'>ο</span> <span class='ocrx_word' id='word_1_471' title='bbox 2002 3250 2428 3319; x_wconf 72' lang='lat' dir='ltr'><strong>praecedentibus</strong></span> <span class='ocrx_word' id='word_1_472' title='bbox 2472 3249 2680 3321; x_wconf 80' lang='lat' dir='ltr'><strong>legatur</strong></span> <span class='ocrx_word' id='word_1_473' title='bbox 2713 3268 2725 3304; x_wconf 90' lang='lat'><strong>:</strong></span> <span class='ocrx_word' id='word_1_474' title='bbox 2755 3272 2773 3303; x_wconf 74' lang='grc' dir='ltr'><strong>ι</strong></span> <span class='ocrx_word' id='word_1_475' title='bbox 2802 3251 2870 3309; x_wconf 82' lang='grc' dir='ltr'>Ει</span> <span class='ocrx_word' id='word_1_476' title='bbox 2890 3266 2993 3308; x_wconf 86' lang='lat' dir='ltr'><strong>non</strong></span> <span class='ocrx_word' id='word_1_477' title='bbox 3034 3254 3163 3309; x_wconf 89' lang='lat' dir='ltr'><strong>vidit</strong></span> <span class='ocrx_word' id='word_1_478' title='bbox 3190 3254 3407 3310; x_wconf 85' lang='lat' dir='ltr'><strong>Samuel</strong></span> <span class='ocrx_word' id='word_1_479' title='bbox 3435 3256 3569 3313; x_wconf 72' lang='lat' dir='ltr'><strong>Sau—</strong></span> 
     </span>
    </p>
   </div>
   <div class='ocr_carea' id='block_1_61' title="bbox 334 3345 1903 3413">
    <p class='ocr_par' dir='ltr' id='par_1_61' title="bbox 334 3345 1903 3413">
     <span class='ocr_line' id='line_1_61' title="bbox 334 3345 1903 3413; baseline 0.002 -12"><span class='ocrx_word' id='word_1_480' title='bbox 334 3371 352 3401; x_wconf 75' lang='grc' dir='ltr'><strong>ι</strong></span> <span class='ocrx_word' id='word_1_481' title='bbox 385 3362 532 3403; x_wconf 88' lang='lat' dir='ltr'><strong>mum</strong></span> <span class='ocrx_word' id='word_1_482' title='bbox 578 3345 771 3412; x_wconf 85' lang='lat' dir='ltr'><strong>David,</strong></span> <span class='ocrx_word' id='word_1_483' title='bbox 803 3354 862 3400; x_wconf 89' lang='lat' dir='ltr'><strong>ut</strong></span> <span class='ocrx_word' id='word_1_484' title='bbox 904 3345 1239 3403; x_wconf 85' lang='lat' dir='ltr'><strong>custodirent</strong></span> <span class='ocrx_word' id='word_1_485' title='bbox 1264 3362 1411 3413; x_wconf 91' lang='lat' dir='ltr'><strong>eum,</strong></span> <span class='ocrx_word' id='word_1_486' title='bbox 1450 3355 1505 3402; x_wconf 89' lang='lat' dir='ltr'><strong>et</strong></span> <span class='ocrx_word' id='word_1_487' title='bbox 1539 3347 1903 3404; x_wconf 84' lang='lat' dir='ltr'><strong>interﬁcerent</strong></span> 
     </span>
    </p>
   </div>
   <div class='ocr_carea' id='block_1_62' title="bbox 333 3434 1904 3508">
    <p class='ocr_par' dir='ltr' id='par_1_62' title="bbox 333 3434 1904 3508">
     <span class='ocr_line' id='line_1_62' title="bbox 333 3434 1904 3508; baseline 0.001 -17"><span class='ocrx_word' id='word_1_488' title='bbox 333 3461 352 3491; x_wconf 75' lang='grc' dir='ltr'><strong>ι</strong></span> <span class='ocrx_word' id='word_1_489' title='bbox 391 3451 569 3493; x_wconf 82' lang='lat' dir='ltr'><strong>mane.</strong></span> <span class='ocrx_word' id='word_1_490' title='bbox 606 3436 883 3493; x_wconf 76' lang='lat' dir='ltr'><strong>Abscessit</strong></span> <span class='ocrx_word' id='word_1_491' title='bbox 909 3444 1088 3496; x_wconf 81' lang='lat' dir='ltr'><strong>autem</strong></span> <span class='ocrx_word' id='word_1_492' title='bbox 1122 3435 1291 3491; x_wconf 88' lang='lat' dir='ltr'><strong>David</strong></span> <span class='ocrx_word' id='word_1_493' title='bbox 1320 3444 1506 3502; x_wconf 88' lang='lat' dir='ltr'><strong>nocte,</strong></span> <span class='ocrx_word' id='word_1_494' title='bbox 1541 3445 1595 3494; x_wconf 91' lang='lat' dir='ltr'><strong>et</strong></span> <span class='ocrx_word' id='word_1_495' title='bbox 1623 3434 1776 3508; x_wconf 81' lang='lat' dir='ltr'><strong>fugit,</strong></span> <span class='ocrx_word' id='word_1_496' title='bbox 1819 3446 1904 3492; x_wconf 86' lang='lat' dir='ltr'><strong>at-</strong></span> 
     </span>
    </p>
   </div>
   <div class='ocr_carea' id='block_1_63' title="bbox 334 3527 1898 3600">
    <p class='ocr_par' dir='ltr' id='par_1_63' title="bbox 334 3527 1898 3600">
     <span class='ocr_line' id='line_1_63' title="bbox 334 3527 1898 3600; baseline 0.001 -19"><span class='ocrx_word' id='word_1_497' title='bbox 334 3549 353 3581; x_wconf 68' lang='lat' dir='ltr'><strong>e</strong></span> <span class='ocrx_word' id='word_1_498' title='bbox 385 3543 490 3600; x_wconf 91' lang='lat' dir='ltr'><strong>que</strong></span> <span class='ocrx_word' id='word_1_499' title='bbox 536 3527 774 3589; x_wconf 78' lang='lat' dir='ltr'><strong>salvatus</strong></span> <span class='ocrx_word' id='word_1_500' title='bbox 798 3535 901 3582; x_wconf 89' lang='lat' dir='ltr'><strong>est.</strong></span> <span class='ocrx_word' id='word_1_501' title='bbox 949 3527 1189 3598; x_wconf 85' lang='lat' dir='ltr'><strong>Cumque</strong></span> <span class='ocrx_word' id='word_1_502' title='bbox 1222 3529 1497 3584; x_wconf 86' lang='lat' dir='ltr'><strong>venissent</strong></span> <span class='ocrx_word' id='word_1_503' title='bbox 1524 3529 1699 3583; x_wconf 91' lang='lat' dir='ltr'><strong>nuntii</strong></span> <span class='ocrx_word' id='word_1_504' title='bbox 1748 3528 1898 3593; x_wconf 86' lang='lat' dir='ltr'><strong>Saul,</strong></span> 
     </span>
    </p>
   </div>
   <div class='ocr_carea' id='block_1_64' title="bbox 330 3616 1899 3689">
    <p class='ocr_par' dir='ltr' id='par_1_64' title="bbox 330 3616 1899 3689">
     <span class='ocr_line' id='line_1_64' title="bbox 330 3616 1899 3689; baseline 0.001 -18"><span class='ocrx_word' id='word_1_505' title='bbox 330 3640 348 3671; x_wconf 80' lang='grc' dir='ltr'><strong>ι</strong></span> <span class='ocrx_word' id='word_1_506' title='bbox 386 3617 710 3674; x_wconf 69' lang='lat' dir='ltr'><strong>invenerunt</strong></span> <span class='ocrx_word' id='word_1_507' title='bbox 751 3616 986 3679; x_wconf 78' lang='lat' dir='ltr'><strong>statuam</strong></span> <span class='ocrx_word' id='word_1_508' title='bbox 1029 3616 1084 3677; x_wconf 81' lang='lat' dir='ltr'><strong>in</strong></span> <span class='ocrx_word' id='word_1_509' title='bbox 1133 3616 1269 3673; x_wconf 86' lang='lat' dir='ltr'><strong>lecto</strong></span> <span class='ocrx_word' id='word_1_510' title='bbox 1302 3618 1553 3688; x_wconf 85' lang='lat' dir='ltr'><strong>positam,</strong></span> <span class='ocrx_word' id='word_1_511' title='bbox 1602 3626 1658 3672; x_wconf 88' lang='lat' dir='ltr'><strong>et</strong></span> <span class='ocrx_word' id='word_1_512' title='bbox 1702 3617 1899 3689; x_wconf 87' lang='lat' dir='ltr'><strong>pellem</strong></span> 
     </span>
    </p>
   </div>
   <div class='ocr_carea' id='block_1_65' title="bbox 330 3706 1899 3780">
    <p class='ocr_par' dir='ltr' id='par_1_65' title="bbox 330 3706 1899 3780">
     <span class='ocr_line' id='line_1_65' title="bbox 330 3706 1899 3780; baseline 0 -18"><span class='ocrx_word' id='word_1_513' title='bbox 330 3729 350 3762; x_wconf 79' lang='grc' dir='ltr'><strong>ι</strong></span> <span class='ocrx_word' id='word_1_514' title='bbox 384 3708 611 3780; x_wconf 81' lang='lat' dir='ltr'><strong>pilosam</strong></span> <span class='ocrx_word' id='word_1_515' title='bbox 641 3720 927 3778; x_wconf 69' lang='lat' dir='ltr'><strong>caprarum</strong></span> <span class='ocrx_word' id='word_1_516' title='bbox 951 3706 1018 3761; x_wconf 85' lang='lat' dir='ltr'><strong>ad</strong></span> <span class='ocrx_word' id='word_1_517' title='bbox 1052 3707 1375 3779; x_wconf 72' lang='lat' dir='ltr'><strong>caputeius,</strong></span> <span class='ocrx_word' id='word_1_518' title='bbox 1412 3729 1430 3761; x_wconf 78' lang='grc' dir='ltr'><strong>ι</strong></span> <span class='ocrx_word' id='word_1_519' title='bbox 1465 3714 1569 3764; x_wconf 85' lang='lat' dir='ltr'><strong>etc.</strong></span> <span class='ocrx_word' id='word_1_520' title='bbox 1604 3707 1899 3763; x_wconf 88' lang='lat' dir='ltr'><strong>Audiamus</strong></span> 
     </span>
    </p>
   </div>
   <div class='ocr_carea' id='block_1_66' title="bbox 323 3800 1903 3873">
    <p class='ocr_par' dir='ltr' id='par_1_66' title="bbox 323 3800 1903 3873">
     <span class='ocr_line' id='line_1_66' title="bbox 323 3800 1903 3873; baseline 0.002 -18"><span class='ocrx_word' id='word_1_521' title='bbox 323 3814 452 3872; x_wconf 79' lang='lat' dir='ltr'><strong>ergo</strong></span> <span class='ocrx_word' id='word_1_522' title='bbox 477 3801 605 3872; x_wconf 86' lang='lat' dir='ltr'><strong>quid</strong></span> <span class='ocrx_word' id='word_1_523' title='bbox 627 3803 727 3858; x_wconf 84' lang='lat' dir='ltr'><strong>hoc</strong></span> <span class='ocrx_word' id='word_1_524' title='bbox 765 3800 1034 3873; x_wconf 77' lang='lat' dir='ltr'><strong>signiﬁcat</strong></span> <span class='ocrx_word' id='word_1_525' title='bbox 1060 3801 1203 3871; x_wconf 88' lang='lat' dir='ltr'><strong>quod</strong></span> <span class='ocrx_word' id='word_1_526' title='bbox 1231 3802 1441 3857; x_wconf 88' lang='lat' dir='ltr'><strong>miserit</strong></span> <span class='ocrx_word' id='word_1_527' title='bbox 1469 3801 1599 3858; x_wconf 88' lang='lat' dir='ltr'><strong>Saul</strong></span> <span class='ocrx_word' id='word_1_528' title='bbox 1627 3801 1693 3857; x_wconf 82' lang='lat' dir='ltr'><strong>ad</strong></span> <span class='ocrx_word' id='word_1_529' title='bbox 1716 3800 1903 3858; x_wconf 50' lang='lat' dir='ltr'><strong>casto?</strong></span> 
     </span>
    </p>
   </div>
   <div class='ocr_carea' id='block_1_67' title="bbox 323 3889 1894 3958">
    <p class='ocr_par' dir='ltr' id='par_1_67' title="bbox 323 3889 1894 3958">
     <span class='ocr_line' id='line_1_67' title="bbox 323 3889 1894 3958; baseline -0.002 -9"><span class='ocrx_word' id='word_1_530' title='bbox 323 3894 572 3949; x_wconf 85' lang='lat' dir='ltr'><strong>diendam</strong></span> <span class='ocrx_word' id='word_1_531' title='bbox 603 3889 819 3949; x_wconf 87' lang='lat' dir='ltr'><strong>domum</strong></span> <span class='ocrx_word' id='word_1_532' title='bbox 849 3891 1046 3958; x_wconf 85' lang='lat' dir='ltr'><strong>David,</strong></span> <span class='ocrx_word' id='word_1_533' title='bbox 1089 3900 1150 3949; x_wconf 92' lang='lat' dir='ltr'><strong>ut</strong></span> <span class='ocrx_word' id='word_1_534' title='bbox 1176 3893 1600 3948; x_wconf 87' lang='lat' dir='ltr'><strong>interﬁceretur?</strong></span> <span class='ocrx_word' id='word_1_535' title='bbox 1642 3890 1753 3951; x_wconf 83' lang='lat' dir='ltr'><strong>Hoc</strong></span> <span class='ocrx_word' id='word_1_536' title='bbox 1789 3908 1894 3947; x_wconf 93' lang='lat' dir='ltr'><strong>non</strong></span> 
     </span>
    </p>
   </div>
   <div class='ocr_carea' id='block_1_68' title="bbox 321 3980 1896 4053">
    <p class='ocr_par' dir='ltr' id='par_1_68' title="bbox 321 3980 1896 4053">
     <span class='ocr_line' id='line_1_68' title="bbox 321 3980 1896 4053; baseline 0.001 -16"><span class='ocrx_word' id='word_1_537' title='bbox 321 3983 390 4037; x_wconf 79' lang='lat' dir='ltr'><strong>ad</strong></span> <span class='ocrx_word' id='word_1_538' title='bbox 428 3997 644 4040; x_wconf 80' lang='lat' dir='ltr'><strong>erucem</strong></span> <span class='ocrx_word' id='word_1_539' title='bbox 687 3980 918 4047; x_wconf 83' lang='lat' dir='ltr'><strong>Domini,</strong></span> <span class='ocrx_word' id='word_1_540' title='bbox 952 3982 1045 4037; x_wconf 89' lang='lat' dir='ltr'><strong>sed</strong></span> <span class='ocrx_word' id='word_1_541' title='bbox 1085 3990 1265 4037; x_wconf 85' lang='lat' dir='ltr'><strong>tamen</strong></span> <span class='ocrx_word' id='word_1_542' title='bbox 1315 3981 1381 4037; x_wconf 89' lang='lat' dir='ltr'><strong>ad</strong></span> <span class='ocrx_word' id='word_1_543' title='bbox 1424 3983 1731 4053; x_wconf 88' lang='lat' dir='ltr'><strong>passionem</strong></span> <span class='ocrx_word' id='word_1_544' title='bbox 1780 3981 1896 4052; x_wconf 81' lang='lat' dir='ltr'><strong>ejus</strong></span> 
     </span>
    </p>
   </div>
   <div class='ocr_carea' id='block_1_69' title="bbox 321 4072 1891 4143">
    <p class='ocr_par' dir='ltr' id='par_1_69' title="bbox 321 4072 1891 4143">
     <span class='ocr_line' id='line_1_69' title="bbox 321 4072 1891 4143; baseline 0.002 -16"><span class='ocrx_word' id='word_1_545' title='bbox 321 4074 572 4143; x_wconf 83' lang='lat' dir='ltr'><strong>pertinet.</strong></span> <span class='ocrx_word' id='word_1_546' title='bbox 606 4072 910 4128; x_wconf 72' lang='lat' dir='ltr'><strong>Crueiﬁxus</strong></span> <span class='ocrx_word' id='word_1_547' title='bbox 939 4073 1080 4128; x_wconf 88' lang='lat' dir='ltr'><strong>enim</strong></span> <span class='ocrx_word' id='word_1_548' title='bbox 1125 4072 1400 4140; x_wconf 82' lang='lat' dir='ltr'><strong>Christus,</strong></span> <span class='ocrx_word' id='word_1_549' title='bbox 1432 4082 1488 4129; x_wconf 91' lang='lat' dir='ltr'><strong>et</strong></span> <span class='ocrx_word' id='word_1_550' title='bbox 1518 4084 1760 4130; x_wconf 88' lang='lat' dir='ltr'><strong>mortuus</strong></span> <span class='ocrx_word' id='word_1_551' title='bbox 1788 4087 1891 4142; x_wconf 87' lang='lat' dir='ltr'><strong>est,</strong></span> 
     </span>
    </p>
   </div>
   <div class='ocr_carea' id='block_1_70' title="bbox 321 4161 1894 4235">
    <p class='ocr_par' dir='ltr' id='par_1_70' title="bbox 321 4161 1894 4235">
     <span class='ocr_line' id='line_1_70' title="bbox 321 4161 1894 4235; baseline 0.005 -21"><span class='ocrx_word' id='word_1_552' title='bbox 321 4178 384 4216; x_wconf 70' lang='lat' dir='ltr'><strong>:ae</strong></span> <span class='ocrx_word' id='word_1_553' title='bbox 411 4161 667 4231; x_wconf 79' lang='lat' dir='ltr'><strong>sepultus.</strong></span> <span class='ocrx_word' id='word_1_554' title='bbox 711 4162 845 4219; x_wconf 83' lang='lat' dir='ltr'><strong>Erat</strong></span> <span class='ocrx_word' id='word_1_555' title='bbox 886 4177 1015 4235; x_wconf 73' lang='lat' dir='ltr'><strong>ergo</strong></span> <span class='ocrx_word' id='word_1_556' title='bbox 1057 4161 1146 4216; x_wconf 88' lang='lat' dir='ltr'><strong>illa</strong></span> <span class='ocrx_word' id='word_1_557' title='bbox 1191 4163 1465 4232; x_wconf 87' lang='lat' dir='ltr'><strong>sepultura</strong></span> <span class='ocrx_word' id='word_1_558' title='bbox 1508 4173 1762 4234; x_wconf 89' lang='lat' dir='ltr'><strong>tanquam</strong></span> <span class='ocrx_word' id='word_1_559' title='bbox 1800 4166 1894 4221; x_wconf 89' lang='lat' dir='ltr'><strong>do-</strong></span> 
     </span>
    </p>
   </div>
   <div class='ocr_carea' id='block_1_71' title="bbox 323 4249 1892 4326">
    <p class='ocr_par' dir='ltr' id='par_1_71' title="bbox 323 4249 1892 4326">
     <span class='ocr_line' id='line_1_71' title="bbox 323 4249 1892 4326; baseline 0.006 -23"><span class='ocrx_word' id='word_1_560' title='bbox 323 4264 461 4314; x_wconf 82' lang='lat' dir='ltr'><strong>mns,</strong></span> <span class='ocrx_word' id='word_1_561' title='bbox 486 4249 552 4303; x_wconf 86' lang='lat' dir='ltr'><strong>ad</strong></span> <span class='ocrx_word' id='word_1_562' title='bbox 588 4265 749 4319; x_wconf 80' lang='lat' dir='ltr'><strong>quam</strong></span> <span class='ocrx_word' id='word_1_563' title='bbox 784 4252 1185 4308; x_wconf 84' lang='lat' dir='ltr'><strong>custodiendam</strong></span> <span class='ocrx_word' id='word_1_564' title='bbox 1234 4253 1381 4308; x_wconf 90' lang='lat' dir='ltr'><strong>misit</strong></span> <span class='ocrx_word' id='word_1_565' title='bbox 1414 4268 1636 4326; x_wconf 77' lang='lat' dir='ltr'><strong>regnum</strong></span> <span class='ocrx_word' id='word_1_566' title='bbox 1683 4254 1892 4311; x_wconf 68' lang='lat' dir='ltr'><strong>Iudaeo-</strong></span> 
     </span>
    </p>
   </div>
   <div class='ocr_carea' id='block_1_72' title="bbox 320 4339 1887 4413">
    <p class='ocr_par' dir='ltr' id='par_1_72' title="bbox 320 4339 1887 4413">
     <span class='ocr_line' id='line_1_72' title="bbox 320 4339 1887 4413; baseline 0.004 -21"><span class='ocrx_word' id='word_1_567' title='bbox 320 4354 459 4404; x_wconf 85' lang='lat' dir='ltr'><strong>rum,</strong></span> <span class='ocrx_word' id='word_1_568' title='bbox 510 4339 724 4409; x_wconf 86' lang='lat' dir='ltr'><strong>quando</strong></span> <span class='ocrx_word' id='word_1_569' title='bbox 752 4341 1002 4396; x_wconf 84' lang='lat' dir='ltr'><strong>custodes</strong></span> <span class='ocrx_word' id='word_1_570' title='bbox 1030 4340 1253 4399; x_wconf 83' lang='lat' dir='ltr'><strong>adhibiti</strong></span> <span class='ocrx_word' id='word_1_571' title='bbox 1292 4348 1420 4398; x_wconf 88' lang='lat' dir='ltr'><strong>sunt</strong></span> <span class='ocrx_word' id='word_1_572' title='bbox 1453 4343 1699 4413; x_wconf 90' lang='lat' dir='ltr'><strong>sepulcro</strong></span> <span class='ocrx_word' id='word_1_573' title='bbox 1727 4343 1887 4400; x_wconf 88' lang='lat' dir='ltr'><strong>Chri-</strong></span> 
     </span>
    </p>
   </div>
   <div class='ocr_carea' id='block_1_73' title="bbox 2004 3342 3568 3422">
    <p class='ocr_par' dir='ltr' id='par_1_73' title="bbox 2004 3342 3568 3422">
     <span class='ocr_line' id='line_1_73' title="bbox 2004 3342 3568 3422; baseline 0.006 -27"><span class='ocrx_word' id='word_1_574' title='bbox 2004 3342 2110 3396; x_wconf 90' lang='lat' dir='ltr'><strong>lem</strong></span> <span class='ocrx_word' id='word_1_575' title='bbox 2135 3356 2307 3412; x_wconf 87' lang='lat' dir='ltr'><strong>usque</strong></span> <span class='ocrx_word' id='word_1_576' title='bbox 2340 3343 2395 3397; x_wconf 87' lang='lat' dir='ltr'><strong>in</strong></span> <span class='ocrx_word' id='word_1_577' title='bbox 2429 3342 2570 3398; x_wconf 89' lang='lat' dir='ltr'><strong>diem</strong></span> <span class='ocrx_word' id='word_1_578' title='bbox 2600 3345 2791 3399; x_wconf 89' lang='lat' dir='ltr'><strong>mortis</strong></span> <span class='ocrx_word' id='word_1_579' title='bbox 2819 3360 2948 3411; x_wconf 73' lang='lat' dir='ltr'><strong>suae,</strong></span> <span class='ocrx_word' id='word_1_580' title='bbox 2986 3365 3004 3397; x_wconf 81' lang='grc' dir='ltr'><strong>ι</strong></span> <span class='ocrx_word' id='word_1_581' title='bbox 3028 3344 3301 3415; x_wconf 82' lang='lat' dir='ltr'><strong>quomodo</strong></span> <span class='ocrx_word' id='word_1_582' title='bbox 3332 3349 3420 3404; x_wconf 92' lang='lat' dir='ltr'><strong>hic</strong></span> <span class='ocrx_word' id='word_1_583' title='bbox 3445 3365 3568 3422; x_wconf 89' lang='lat' dir='ltr'><strong>pro-</strong></span> 
     </span>
    </p>
   </div>
   <div class='ocr_carea' id='block_1_74' title="bbox 2001 3435 3570 3510">
    <p class='ocr_par' dir='ltr' id='par_1_74' title="bbox 2001 3435 3570 3510">
     <span class='ocr_line' id='line_1_74' title="bbox 2001 3435 3570 3510; baseline 0.006 -22"><span class='ocrx_word' id='word_1_584' title='bbox 2001 3435 2252 3505; x_wconf 89' lang='lat' dir='ltr'><strong>phetasse</strong></span> <span class='ocrx_word' id='word_1_585' title='bbox 2280 3450 2461 3490; x_wconf 84' lang='lat' dir='ltr'><strong>coram</strong></span> <span class='ocrx_word' id='word_1_586' title='bbox 2484 3435 2734 3491; x_wconf 88' lang='lat' dir='ltr'><strong>Samucle</strong></span> <span class='ocrx_word' id='word_1_587' title='bbox 2758 3437 3001 3492; x_wconf 88' lang='lat' dir='ltr'><strong>dicatur?</strong></span> <span class='ocrx_word' id='word_1_588' title='bbox 3024 3437 3192 3506; x_wconf 80' lang='lat' dir='ltr'><strong>Quam</strong></span> <span class='ocrx_word' id='word_1_589' title='bbox 3220 3441 3570 3510; x_wconf 63' lang='lat' dir='ltr'><strong>quaestionem.</strong></span> 
     </span>
    </p>
   </div>
   <div class='ocr_carea' id='block_1_75' title="bbox 2002 3524 3563 3586">
    <p class='ocr_par' dir='ltr' id='par_1_75' title="bbox 2002 3524 3563 3586">
     <span class='ocr_line' id='line_1_75' title="bbox 2002 3524 3563 3586; baseline 0.004 -8"><span class='ocrx_word' id='word_1_590' title='bbox 2002 3524 2211 3580; x_wconf 67' lang='lat' dir='ltr'><strong>Hebrtei</strong></span> <span class='ocrx_word' id='word_1_591' title='bbox 2254 3525 2339 3580; x_wconf 91' lang='lat' dir='ltr'><strong>his</strong></span> <span class='ocrx_word' id='word_1_592' title='bbox 2380 3524 2587 3582; x_wconf 89' lang='lat' dir='ltr'><strong>duobus</strong></span> <span class='ocrx_word' id='word_1_593' title='bbox 2635 3528 2808 3583; x_wconf 84' lang='lat' dir='ltr'><strong>modis</strong></span> <span class='ocrx_word' id='word_1_594' title='bbox 2851 3528 3082 3583; x_wconf 87' lang='lat' dir='ltr'><strong>solvunt.</strong></span> <span class='ocrx_word' id='word_1_595' title='bbox 3132 3529 3239 3584; x_wconf 85' lang='lat' dir='ltr'><strong>Ant</strong></span> <span class='ocrx_word' id='word_1_596' title='bbox 3277 3545 3384 3585; x_wconf 89' lang='lat' dir='ltr'><strong>non</strong></span> <span class='ocrx_word' id='word_1_597' title='bbox 3431 3532 3563 3586; x_wconf 80' lang='lat' dir='ltr'><strong>vidit</strong></span> 
     </span>
    </p>
   </div>
   <div class='ocr_carea' id='block_1_76' title="bbox 1999 3616 3565 3692">
    <p class='ocr_par' dir='ltr' id='par_1_76' title="bbox 1999 3616 3565 3692">
     <span class='ocr_line' id='line_1_76' title="bbox 1999 3616 3565 3692; baseline 0.004 -21"><span class='ocrx_word' id='word_1_598' title='bbox 1999 3631 2144 3681; x_wconf 88' lang='lat' dir='ltr'><strong>eum,</strong></span> <span class='ocrx_word' id='word_1_599' title='bbox 2195 3618 2321 3687; x_wconf 88' lang='lat' dir='ltr'><strong>quia</strong></span> <span class='ocrx_word' id='word_1_600' title='bbox 2351 3616 2565 3687; x_wconf 72' lang='lat' dir='ltr'><strong>Quando</strong></span> <span class='ocrx_word' id='word_1_601' title='bbox 2603 3617 2822 3688; x_wconf 82' lang='lat' dir='ltr'><strong>junctus</strong></span> <span class='ocrx_word' id='word_1_602' title='bbox 2856 3626 2939 3673; x_wconf 86' lang='lat' dir='ltr'><strong>est</strong></span> <span class='ocrx_word' id='word_1_603' title='bbox 2977 3617 3106 3674; x_wconf 85' lang='lat' dir='ltr'><strong>Sani</strong></span> <span class='ocrx_word' id='word_1_604' title='bbox 3134 3635 3306 3675; x_wconf 92' lang='lat' dir='ltr'><strong>cuneo</strong></span> <span class='ocrx_word' id='word_1_605' title='bbox 3333 3622 3565 3692; x_wconf 85' lang='lat' dir='ltr'><strong>prophe-</strong></span> 
     </span>
    </p>
   </div>
   <div class='ocr_carea' id='block_1_77' title="bbox 2000 3705 3568 3776">
    <p class='ocr_par' dir='ltr' id='par_1_77' title="bbox 2000 3705 3568 3776">
     <span class='ocr_line' id='line_1_77' title="bbox 2000 3705 3568 3776; baseline 0.004 -17"><span class='ocrx_word' id='word_1_606' title='bbox 2000 3713 2198 3770; x_wconf 89' lang='lat' dir='ltr'><strong>tarum,</strong></span> <span class='ocrx_word' id='word_1_607' title='bbox 2229 3705 2510 3762; x_wconf 87' lang='lat' dir='ltr'><strong>abscondit</strong></span> <span class='ocrx_word' id='word_1_608' title='bbox 2543 3722 2602 3763; x_wconf 89' lang='lat' dir='ltr'><strong>se</strong></span> <span class='ocrx_word' id='word_1_609' title='bbox 2627 3705 2841 3762; x_wconf 84' lang='lat' dir='ltr'><strong>Samuel</strong></span> <span class='ocrx_word' id='word_1_610' title='bbox 2865 3721 2932 3761; x_wconf 91' lang='lat' dir='ltr'><strong>ne</strong></span> <span class='ocrx_word' id='word_1_611' title='bbox 2960 3707 3228 3763; x_wconf 90' lang='lat' dir='ltr'><strong>videretur</strong></span> <span class='ocrx_word' id='word_1_612' title='bbox 3251 3708 3320 3763; x_wconf 92' lang='lat' dir='ltr'><strong>ah</strong></span> <span class='ocrx_word' id='word_1_613' title='bbox 3345 3724 3439 3776; x_wconf 89' lang='lat' dir='ltr'><strong>eo;</strong></span> <span class='ocrx_word' id='word_1_614' title='bbox 3474 3720 3568 3766; x_wconf 90' lang='lat' dir='ltr'><strong>aut</strong></span> 
     </span>
    </p>
   </div>
   <div class='ocr_carea' id='block_1_78' title="bbox 1997 3795 3564 3869">
    <p class='ocr_par' dir='ltr' id='par_1_78' title="bbox 1997 3795 3564 3869">
     <span class='ocr_line' id='line_1_78' title="bbox 1997 3795 3564 3869; baseline 0.004 -20"><span class='ocrx_word' id='word_1_615' title='bbox 1997 3810 2103 3850; x_wconf 89' lang='lat' dir='ltr'><strong>non</strong></span> <span class='ocrx_word' id='word_1_616' title='bbox 2148 3795 2281 3850; x_wconf 89' lang='lat' dir='ltr'><strong>vidit</strong></span> <span class='ocrx_word' id='word_1_617' title='bbox 2328 3812 2448 3852; x_wconf 92' lang='lat' dir='ltr'><strong>eum</strong></span> <span class='ocrx_word' id='word_1_618' title='bbox 2486 3797 2730 3853; x_wconf 91' lang='lat' dir='ltr'><strong>indutum</strong></span> <span class='ocrx_word' id='word_1_619' title='bbox 2771 3798 2955 3853; x_wconf 87' lang='lat' dir='ltr'><strong>habitu</strong></span> <span class='ocrx_word' id='word_1_620' title='bbox 2998 3800 3148 3869; x_wconf 83' lang='lat' dir='ltr'><strong>regio</strong></span> <span class='ocrx_word' id='word_1_621' title='bbox 3193 3814 3299 3869; x_wconf 89' lang='lat' dir='ltr'><strong>quo</strong></span> <span class='ocrx_word' id='word_1_622' title='bbox 3346 3798 3564 3855; x_wconf 83' lang='lat' dir='ltr'><strong>indutus</strong></span> 
     </span>
    </p>
   </div>
   <div class='ocr_carea' id='block_1_79' title="bbox 1995 3888 3564 3963">
    <p class='ocr_par' dir='ltr' id='par_1_79' title="bbox 1995 3888 3564 3963">
     <span class='ocr_line' id='line_1_79' title="bbox 1995 3888 3564 3963; baseline 0.002 -20"><span class='ocrx_word' id='word_1_623' title='bbox 1995 3895 2113 3943; x_wconf 89' lang='lat' dir='ltr'><strong>erat</strong></span> <span class='ocrx_word' id='word_1_624' title='bbox 2154 3889 2368 3958; x_wconf 87' lang='lat' dir='ltr'><strong>quando</strong></span> <span class='ocrx_word' id='word_1_625' title='bbox 2393 3890 2595 3945; x_wconf 89' lang='lat' dir='ltr'><strong>dictum</strong></span> <span class='ocrx_word' id='word_1_626' title='bbox 2623 3896 2746 3944; x_wconf 90' lang='lat' dir='ltr'><strong>est:</strong></span> <span class='ocrx_word' id='word_1_627' title='bbox 2780 3909 2798 3941; x_wconf 83' lang='grc' dir='ltr'><strong>ι</strong></span> <span class='ocrx_word' id='word_1_628' title='bbox 2834 3888 2948 3945; x_wconf 74' lang='lat' dir='ltr'><strong>Non</strong></span> <span class='ocrx_word' id='word_1_629' title='bbox 2977 3889 3110 3944; x_wconf 85' lang='lat' dir='ltr'><strong>vidit</strong></span> <span class='ocrx_word' id='word_1_630' title='bbox 3152 3904 3272 3944; x_wconf 89' lang='lat' dir='ltr'><strong>eum</strong></span> <span class='ocrx_word' id='word_1_631' title='bbox 3306 3906 3474 3963; x_wconf 89' lang='lat' dir='ltr'><strong>usque</strong></span> <span class='ocrx_word' id='word_1_632' title='bbox 3511 3893 3564 3947; x_wconf 91' lang='lat' dir='ltr'><strong>in</strong></span> 
     </span>
    </p>
   </div>
   <div class='ocr_carea' id='block_1_80' title="bbox 1996 3979 3561 4047">
    <p class='ocr_par' dir='ltr' id='par_1_80' title="bbox 1996 3979 3561 4047">
     <span class='ocr_line' id='line_1_80' title="bbox 1996 3979 3561 4047; baseline -0.001 -11"><span class='ocrx_word' id='word_1_633' title='bbox 1996 3980 2137 4036; x_wconf 89' lang='lat' dir='ltr'><strong>diem</strong></span> <span class='ocrx_word' id='word_1_634' title='bbox 2165 3979 2356 4037; x_wconf 85' lang='lat' dir='ltr'><strong>mortis</strong></span> <span class='ocrx_word' id='word_1_635' title='bbox 2400 3996 2540 4046; x_wconf 64' lang='lat' dir='ltr'><strong>sum;</strong></span> <span class='ocrx_word' id='word_1_636' title='bbox 2581 3999 2599 4031; x_wconf 79' lang='grc' dir='ltr'><strong>ι</strong></span> <span class='ocrx_word' id='word_1_637' title='bbox 2634 3980 2988 4047; x_wconf 83' lang='lat' dir='ltr'><strong>subauditur,</strong></span> <span class='ocrx_word' id='word_1_638' title='bbox 3041 3999 3059 4031; x_wconf 77' lang='grc' dir='ltr'><strong>ι</strong></span> <span class='ocrx_word' id='word_1_639' title='bbox 3092 3981 3337 4036; x_wconf 84' lang='lat' dir='ltr'><strong>indutum</strong></span> <span class='ocrx_word' id='word_1_640' title='bbox 3377 3982 3561 4036; x_wconf 83' lang='lat' dir='ltr'><strong>habitu</strong></span> 
     </span>
    </p>
   </div>
   <div class='ocr_carea' id='block_1_81' title="bbox 1994 4070 3561 4147">
    <p class='ocr_par' dir='ltr' id='par_1_81' title="bbox 1994 4070 3561 4147">
     <span class='ocr_line' id='line_1_81' title="bbox 1994 4070 3561 4147; baseline -0.001 -21"><span class='ocrx_word' id='word_1_641' title='bbox 1994 4071 2161 4142; x_wconf 79' lang='lat' dir='ltr'><strong>regio.</strong></span> <span class='ocrx_word' id='word_1_642' title='bbox 2198 4090 2216 4122; x_wconf 81' lang='grc' dir='ltr'><strong>ι</strong></span> <span class='ocrx_word' id='word_1_643' title='bbox 2242 4070 2586 4147; x_wconf 78' lang='lat' dir='ltr'><strong>Exspoliasse</strong></span> <span class='ocrx_word' id='word_1_644' title='bbox 2614 4087 2744 4126; x_wconf 88' lang='lat' dir='ltr'><strong>vero</strong></span> <span class='ocrx_word' id='word_1_645' title='bbox 2777 4087 2835 4126; x_wconf 89' lang='lat' dir='ltr'><strong>se</strong></span> <span class='ocrx_word' id='word_1_646' title='bbox 2861 4087 2966 4127; x_wconf 89' lang='lat' dir='ltr'><strong>non</strong></span> <span class='ocrx_word' id='word_1_647' title='bbox 3001 4071 3251 4126; x_wconf 88' lang='lat' dir='ltr'><strong>omnibus</strong></span> <span class='ocrx_word' id='word_1_648' title='bbox 3277 4072 3561 4132; x_wconf 87' lang='lat' dir='ltr'><strong>vestimen-</strong></span> 
     </span>
    </p>
   </div>
   <div class='ocr_carea' id='block_1_82' title="bbox 1993 4158 3565 4233">
    <p class='ocr_par' dir='ltr' id='par_1_82' title="bbox 1993 4158 3565 4233">
     <span class='ocr_line' id='line_1_82' title="bbox 1993 4158 3565 4233; baseline -0.001 -18"><span class='ocrx_word' id='word_1_649' title='bbox 1993 4160 2083 4226; x_wconf 89' lang='lat' dir='ltr'><strong>tis,</strong></span> <span class='ocrx_word' id='word_1_650' title='bbox 2137 4160 2230 4215; x_wconf 91' lang='lat' dir='ltr'><strong>sed</strong></span> <span class='ocrx_word' id='word_1_651' title='bbox 2265 4160 2536 4229; x_wconf 80' lang='lat' dir='ltr'><strong>regalibus</strong></span> <span class='ocrx_word' id='word_1_652' title='bbox 2565 4160 2965 4232; x_wconf 80' lang='lat' dir='ltr'><strong>intelligendum</strong></span> <span class='ocrx_word' id='word_1_653' title='bbox 3014 4168 3117 4215; x_wconf 93' lang='lat' dir='ltr'><strong>est.</strong></span> <span class='ocrx_word' id='word_1_654' title='bbox 3155 4158 3273 4233; x_wconf 81' lang='lat' dir='ltr'><strong>(Ea:</strong></span> <span class='ocrx_word' id='word_1_655' title='bbox 3305 4159 3530 4215; x_wconf 82' lang='lat' dir='ltr'><strong>Isidoro.</strong></span> <span class='ocrx_word' id='word_1_656' title='bbox 3540 4181 3565 4231; x_wconf 58' lang='grc' dir='ltr'><strong>ι</strong></span> 
     </span>
    </p>
   </div>
   <div class='ocr_carea' id='block_1_83' title="bbox 1993 4241 3558 4320">
    <p class='ocr_par' dir='ltr' id='par_1_83' title="bbox 1993 4241 3558 4320">
     <span class='ocr_line' id='line_1_83' title="bbox 1993 4241 3558 4320; baseline 0.003 -19"><span class='ocrx_word' id='word_1_657' title='bbox 1993 4247 2122 4303; x_wconf 84' lang='lat' dir='ltr'><strong>Item</strong></span> <span class='ocrx_word' id='word_1_658' title='bbox 2157 4248 2417 4319; x_wconf 69' lang='lat' dir='ltr'><strong>quaeritur</strong></span> <span class='ocrx_word' id='word_1_659' title='bbox 2460 4249 2726 4318; x_wconf 83' lang='lat' dir='ltr'><strong>quomodo</strong></span> <span class='ocrx_word' id='word_1_660' title='bbox 2760 4258 2814 4304; x_wconf 90' lang='lat' dir='ltr'><strong>et</strong></span> <span class='ocrx_word' id='word_1_661' title='bbox 2856 4249 2932 4304; x_wconf 90' lang='lat' dir='ltr'><strong>illi</strong></span> <span class='ocrx_word' id='word_1_662' title='bbox 2972 4250 3143 4304; x_wconf 90' lang='lat' dir='ltr'><strong>nuntii</strong></span> <span class='ocrx_word' id='word_1_663' title='bbox 3170 4251 3262 4320; x_wconf 88' lang='lat' dir='ltr'><strong>qui</strong></span> <span class='ocrx_word' id='word_1_664' title='bbox 3293 4250 3439 4305; x_wconf 88' lang='lat' dir='ltr'><strong>missi</strong></span> <span class='ocrx_word' id='word_1_665' title='bbox 3474 4241 3558 4306; x_wconf 77' lang='lat' dir='ltr'><strong>cs-</strong></span> 
     </span>
    </p>
   </div>
   <div class='ocr_carea' id='block_1_84' title="bbox 1990 4338 3549 4406">
    <p class='ocr_par' dir='ltr' id='par_1_84' title="bbox 1990 4338 3549 4406">
     <span class='ocr_line' id='line_1_84' title="bbox 1990 4338 3549 4406; baseline -0.002 -10"><span class='ocrx_word' id='word_1_666' title='bbox 1990 4349 2111 4396; x_wconf 88' lang='lat' dir='ltr'><strong>sent</strong></span> <span class='ocrx_word' id='word_1_667' title='bbox 2129 4340 2196 4395; x_wconf 90' lang='lat' dir='ltr'><strong>ad</strong></span> <span class='ocrx_word' id='word_1_668' title='bbox 2221 4341 2511 4395; x_wconf 90' lang='lat' dir='ltr'><strong>tenendum</strong></span> <span class='ocrx_word' id='word_1_669' title='bbox 2539 4340 2810 4396; x_wconf 83' lang='lat' dir='ltr'><strong>hominem</strong></span> <span class='ocrx_word' id='word_1_670' title='bbox 2841 4347 2895 4395; x_wconf 90' lang='lat' dir='ltr'><strong>et</strong></span> <span class='ocrx_word' id='word_1_671' title='bbox 2922 4338 2987 4393; x_wconf 86' lang='lat' dir='ltr'><strong>ad</strong></span> <span class='ocrx_word' id='word_1_672' title='bbox 3017 4342 3204 4395; x_wconf 78' lang='lat' dir='ltr'><strong>necem</strong></span> <span class='ocrx_word' id='word_1_673' title='bbox 3227 4340 3549 4406; x_wconf 89' lang='lat' dir='ltr'><strong>ducendum,</strong></span> 
     </span>
    </p>
   </div>
   <div class='ocr_carea' id='block_1_85' title="bbox 320 4427 3559 4503">
    <p class='ocr_par' dir='ltr' id='par_1_85' title="bbox 320 4427 3559 4503">
     <span class='ocr_line' id='line_1_85' title="bbox 320 4427 3559 4503; baseline 0 -19"><span class='ocrx_word' id='word_1_674' title='bbox 320 4432 409 4485; x_wconf 89' lang='lat' dir='ltr'><strong>sli.</strong></span> <span class='ocrx_word' id='word_1_675' title='bbox 455 4430 733 4498; x_wconf 83' lang='lat' dir='ltr'><strong>Quomodo</strong></span> <span class='ocrx_word' id='word_1_676' title='bbox 768 4446 899 4503; x_wconf 76' lang='lat' dir='ltr'><strong>ergo</strong></span> <span class='ocrx_word' id='word_1_677' title='bbox 940 4433 1206 4488; x_wconf 81' lang='lat' dir='ltr'><strong>custodita</strong></span> <span class='ocrx_word' id='word_1_678' title='bbox 1249 4443 1333 4490; x_wconf 83' lang='lat' dir='ltr'><strong>est</strong></span> <span class='ocrx_word' id='word_1_679' title='bbox 1376 4434 1588 4500; x_wconf 80' lang='lat' dir='ltr'><strong>domus,</strong></span> <span class='ocrx_word' id='word_1_680' title='bbox 1640 4435 1685 4490; x_wconf 85' lang='lat' dir='ltr'><strong>si</strong></span> <span class='ocrx_word' id='word_1_681' title='bbox 1720 4434 1889 4493; x_wconf 82' lang='lat' dir='ltr'><strong>David</strong></span> <span class='ocrx_word' id='word_1_682' title='bbox 1988 4428 2110 4482; x_wconf 89' lang='lat' dir='ltr'><strong>talis</strong></span> <span class='ocrx_word' id='word_1_683' title='bbox 2157 4428 2379 4498; x_wconf 91' lang='lat' dir='ltr'><strong>spiritus</strong></span> <span class='ocrx_word' id='word_1_684' title='bbox 2424 4428 2715 4498; x_wconf 87' lang='lat' dir='ltr'><strong>participes</strong></span> <span class='ocrx_word' id='word_1_685' title='bbox 2761 4427 2896 4481; x_wconf 70' lang='lat' dir='ltr'><strong>edici</strong></span> <span class='ocrx_word' id='word_1_686' title='bbox 2936 4428 3268 4486; x_wconf 82' lang='lat' dir='ltr'><strong>meruerint?</strong></span> <span class='ocrx_word' id='word_1_687' title='bbox 3312 4428 3379 4481; x_wconf 92' lang='lat' dir='ltr'><strong>Et</strong></span> <span class='ocrx_word' id='word_1_688' title='bbox 3427 4427 3559 4485; x_wconf 83' lang='lat' dir='ltr'><strong>Sani</strong></span> 
     </span>
    </p>
   </div>
   <div class='ocr_carea' id='block_1_86' title="bbox 320 4520 3558 4593">
    <p class='ocr_par' dir='ltr' id='par_1_86' title="bbox 320 4520 3558 4593">
     <span class='ocr_line' id='line_1_86' title="bbox 320 4520 3558 4593; baseline 0.001 -18"><span class='ocrx_word' id='word_1_689' title='bbox 320 4523 583 4593; x_wconf 79' lang='lat' dir='ltr'><strong>ﬁgurabat</strong></span> <span class='ocrx_word' id='word_1_690' title='bbox 616 4523 910 4585; x_wconf 82' lang='lat' dir='ltr'><strong>Christum,</strong></span> <span class='ocrx_word' id='word_1_691' title='bbox 942 4530 1005 4577; x_wconf 88' lang='lat' dir='ltr'><strong>ut</strong></span> <span class='ocrx_word' id='word_1_692' title='bbox 1036 4522 1285 4579; x_wconf 88' lang='lat' dir='ltr'><strong>Christus</strong></span> <span class='ocrx_word' id='word_1_693' title='bbox 1311 4523 1737 4591; x_wconf 80' lang='lat' dir='ltr'><strong>interﬁceretur,</strong></span> <span class='ocrx_word' id='word_1_694' title='bbox 1759 4524 1884 4578; x_wconf 90' lang='lat' dir='ltr'><strong>dum</strong></span> <span class='ocrx_word' id='word_1_695' title='bbox 1984 4522 2122 4591; x_wconf 84' lang='lat' dir='ltr'><strong>ipse,</strong></span> <span class='ocrx_word' id='word_1_696' title='bbox 2168 4520 2260 4590; x_wconf 89' lang='lat' dir='ltr'><strong>qui</strong></span> <span class='ocrx_word' id='word_1_697' title='bbox 2297 4521 2538 4585; x_wconf 87' lang='lat' dir='ltr'><strong>miserat,</strong></span> <span class='ocrx_word' id='word_1_698' title='bbox 2566 4520 2805 4587; x_wconf 86' lang='lat' dir='ltr'><strong>veniens,</strong></span> <span class='ocrx_word' id='word_1_699' title='bbox 2836 4528 2893 4576; x_wconf 92' lang='lat' dir='ltr'><strong>et</strong></span> <span class='ocrx_word' id='word_1_700' title='bbox 2918 4521 3032 4591; x_wconf 89' lang='lat' dir='ltr'><strong>ipse</strong></span> <span class='ocrx_word' id='word_1_701' title='bbox 3059 4521 3371 4593; x_wconf 79' lang='lat' dir='ltr'><strong>sanguinem</strong></span> <span class='ocrx_word' id='word_1_702' title='bbox 3402 4522 3558 4577; x_wconf 88' lang='lat' dir='ltr'><strong>inno-</strong></span> 
     </span>
    </p>
   </div>
   <div class='ocr_carea' id='block_1_87' title="bbox 313 4608 3554 4684">
    <p class='ocr_par' dir='ltr' id='par_1_87' title="bbox 313 4608 3554 4684">
     <span class='ocr_line' id='line_1_87' title="bbox 313 4608 3554 4684; baseline -0.002 -15"><span class='ocrx_word' id='word_1_703' title='bbox 313 4616 559 4670; x_wconf 83' lang='lat' dir='ltr'><strong>Christus</strong></span> <span class='ocrx_word' id='word_1_704' title='bbox 586 4630 695 4671; x_wconf 87' lang='lat' dir='ltr'><strong>non</strong></span> <span class='ocrx_word' id='word_1_705' title='bbox 725 4610 777 4669; x_wconf 89' lang='lat' dir='ltr'><strong>in</strong></span> <span class='ocrx_word' id='word_1_706' title='bbox 804 4615 1101 4684; x_wconf 76' lang='lat' dir='ltr'><strong>sepultura,</strong></span> <span class='ocrx_word' id='word_1_707' title='bbox 1139 4615 1231 4669; x_wconf 87' lang='lat' dir='ltr'><strong>sed</strong></span> <span class='ocrx_word' id='word_1_708' title='bbox 1262 4616 1316 4668; x_wconf 91' lang='lat' dir='ltr'><strong>in</strong></span> <span class='ocrx_word' id='word_1_709' title='bbox 1354 4630 1515 4671; x_wconf 85' lang='lat' dir='ltr'><strong>cruce</strong></span> <span class='ocrx_word' id='word_1_710' title='bbox 1552 4616 1623 4670; x_wconf 88' lang='lat' dir='ltr'><strong>sit</strong></span> <span class='ocrx_word' id='word_1_711' title='bbox 1661 4609 1958 4670; x_wconf 77' lang='lat' dir='ltr'><strong>interfe—D</strong></span> <span class='ocrx_word' id='word_1_712' title='bbox 1983 4616 2195 4667; x_wconf 85' lang='lat' dir='ltr'><strong>centem</strong></span> <span class='ocrx_word' id='word_1_713' title='bbox 2241 4625 2486 4679; x_wconf 70' lang='lat' dir='ltr'><strong>quzerens</strong></span> <span class='ocrx_word' id='word_1_714' title='bbox 2522 4608 2816 4675; x_wconf 87' lang='lat' dir='ltr'><strong>eﬁ‘undere,</strong></span> <span class='ocrx_word' id='word_1_715' title='bbox 2869 4611 3113 4680; x_wconf 87' lang='lat' dir='ltr'><strong>accipere</strong></span> <span class='ocrx_word' id='word_1_716' title='bbox 3154 4610 3351 4665; x_wconf 89' lang='lat' dir='ltr'><strong>meruit</strong></span> <span class='ocrx_word' id='word_1_717' title='bbox 3397 4612 3554 4681; x_wconf 84' lang='lat' dir='ltr'><strong>spiri-</strong></span> 
     </span>
    </p>
   </div>
   <div class='ocr_carea' id='block_1_88' title="bbox 311 4703 1882 4774">
    <p class='ocr_par' dir='ltr' id='par_1_88' title="bbox 311 4703 1882 4774">
     <span class='ocr_line' id='line_1_88' title="bbox 311 4703 1882 4774; baseline 0.001 -15"><span class='ocrx_word' id='word_1_718' title='bbox 311 4706 469 4760; x_wconf 84' lang='lat' dir='ltr'><strong>ctus?</strong></span> <span class='ocrx_word' id='word_1_719' title='bbox 502 4704 753 4761; x_wconf 77' lang='lat' dir='ltr'><strong>Refertur</strong></span> <span class='ocrx_word' id='word_1_720' title='bbox 789 4705 891 4759; x_wconf 89' lang='lat' dir='ltr'><strong>hoc</strong></span> <span class='ocrx_word' id='word_1_721' title='bbox 929 4705 996 4759; x_wconf 88' lang='lat' dir='ltr'><strong>ad</strong></span> <span class='ocrx_word' id='word_1_722' title='bbox 1037 4718 1231 4774; x_wconf 90' lang='lat' dir='ltr'><strong>corpus</strong></span> <span class='ocrx_word' id='word_1_723' title='bbox 1259 4703 1482 4769; x_wconf 88' lang='lat' dir='ltr'><strong>Christi,</strong></span> <span class='ocrx_word' id='word_1_724' title='bbox 1525 4705 1652 4774; x_wconf 90' lang='lat' dir='ltr'><strong>quia</strong></span> <span class='ocrx_word' id='word_1_725' title='bbox 1679 4704 1882 4760; x_wconf 83' lang='lat' dir='ltr'><strong>interﬁ-</strong></span> 
     </span>
    </p>
   </div>
   <div class='ocr_carea' id='block_1_89' title="bbox 310 4793 1881 4862">
    <p class='ocr_par' dir='ltr' id='par_1_89' title="bbox 310 4793 1881 4862">
     <span class='ocr_line' id='line_1_89' title="bbox 310 4793 1881 4862; baseline 0 -12"><span class='ocrx_word' id='word_1_726' title='bbox 310 4813 433 4850; x_wconf 81' lang='lat' dir='ltr'><strong>cere</strong></span> <span class='ocrx_word' id='word_1_727' title='bbox 473 4795 745 4850; x_wconf 87' lang='lat' dir='ltr'><strong>Christum</strong></span> <span class='ocrx_word' id='word_1_728' title='bbox 790 4802 908 4850; x_wconf 88' lang='lat' dir='ltr'><strong>erat</strong></span> <span class='ocrx_word' id='word_1_729' title='bbox 962 4794 1152 4849; x_wconf 89' lang='lat' dir='ltr'><strong>tollere</strong></span> <span class='ocrx_word' id='word_1_730' title='bbox 1190 4809 1383 4849; x_wconf 91' lang='lat' dir='ltr'><strong>nomen</strong></span> <span class='ocrx_word' id='word_1_731' title='bbox 1424 4793 1622 4849; x_wconf 88' lang='lat' dir='ltr'><strong>Christi</strong></span> <span class='ocrx_word' id='word_1_732' title='bbox 1661 4807 1881 4862; x_wconf 88' lang='lat' dir='ltr'><strong>:neque</strong></span> 
     </span>
    </p>
   </div>
   <div class='ocr_carea' id='block_1_90' title="bbox 309 4882 1879 4953">
    <p class='ocr_par' dir='ltr' id='par_1_90' title="bbox 309 4882 1879 4953">
     <span class='ocr_line' id='line_1_90' title="bbox 309 4882 1879 4953; baseline 0 -14"><span class='ocrx_word' id='word_1_733' title='bbox 309 4887 452 4940; x_wconf 89' lang='lat' dir='ltr'><strong>enim</strong></span> <span class='ocrx_word' id='word_1_734' title='bbox 480 4887 794 4943; x_wconf 87' lang='lat' dir='ltr'><strong>crederetur</strong></span> <span class='ocrx_word' id='word_1_735' title='bbox 821 4885 872 4938; x_wconf 92' lang='lat' dir='ltr'><strong>in</strong></span> <span class='ocrx_word' id='word_1_736' title='bbox 903 4882 1199 4948; x_wconf 83' lang='lat' dir='ltr'><strong>Christum,</strong></span> <span class='ocrx_word' id='word_1_737' title='bbox 1230 4885 1273 4939; x_wconf 90' lang='lat' dir='ltr'><strong>si</strong></span> <span class='ocrx_word' id='word_1_738' title='bbox 1305 4885 1640 4940; x_wconf 86' lang='lat' dir='ltr'><strong>mendacium</strong></span> <span class='ocrx_word' id='word_1_739' title='bbox 1675 4899 1879 4953; x_wconf 67' lang='lat' dir='ltr'><strong>prteva-</strong></span> 
     </span>
    </p>
   </div>
   <div class='ocr_carea' id='block_1_91' title="bbox 309 4974 1874 5045">
    <p class='ocr_par' dir='ltr' id='par_1_91' title="bbox 309 4974 1874 5045">
     <span class='ocr_line' id='line_1_91' title="bbox 309 4974 1874 5045; baseline 0 -17"><span class='ocrx_word' id='word_1_740' title='bbox 309 4976 445 5031; x_wconf 89' lang='lat' dir='ltr'><strong>lcret</strong></span> <span class='ocrx_word' id='word_1_741' title='bbox 495 4975 775 5031; x_wconf 88' lang='lat' dir='ltr'><strong>custodum</strong></span> <span class='ocrx_word' id='word_1_742' title='bbox 831 4974 922 5045; x_wconf 89' lang='lat' dir='ltr'><strong>qui</strong></span> <span class='ocrx_word' id='word_1_743' title='bbox 986 4974 1225 5043; x_wconf 88' lang='lat' dir='ltr'><strong>corrupti</strong></span> <span class='ocrx_word' id='word_1_744' title='bbox 1270 4983 1422 5040; x_wconf 90' lang='lat' dir='ltr'><strong>sunt,</strong></span> <span class='ocrx_word' id='word_1_745' title='bbox 1485 4982 1546 5029; x_wconf 92' lang='lat' dir='ltr'><strong>ut</strong></span> <span class='ocrx_word' id='word_1_746' title='bbox 1596 4975 1874 5029; x_wconf 88' lang='lat' dir='ltr'><strong>dicerent:</strong></span> 
     </span>
    </p>
   </div>
   <div class='ocr_carea' id='block_1_92' title="bbox 313 5065 1881 5136">
    <p class='ocr_par' dir='ltr' id='par_1_92' title="bbox 313 5065 1881 5136">
     <span class='ocr_line' id='line_1_92' title="bbox 313 5065 1881 5136; baseline 0.004 -19"><span class='ocrx_word' id='word_1_747' title='bbox 313 5092 328 5117; x_wconf 76' lang='grc' dir='ltr'><strong>ι</strong></span> <span class='ocrx_word' id='word_1_748' title='bbox 365 5066 526 5133; x_wconf 84' lang='lat' dir='ltr'><strong>Quia,</strong></span> <span class='ocrx_word' id='word_1_749' title='bbox 556 5065 947 5128; x_wconf 86' lang='lat' dir='ltr'><strong>dormientibus</strong></span> <span class='ocrx_word' id='word_1_750' title='bbox 999 5065 1172 5129; x_wconf 89' lang='lat' dir='ltr'><strong>nobis,</strong></span> <span class='ocrx_word' id='word_1_751' title='bbox 1224 5074 1487 5121; x_wconf 87' lang='lat' dir='ltr'><strong>venerunt</strong></span> <span class='ocrx_word' id='word_1_752' title='bbox 1532 5067 1775 5136; x_wconf 90' lang='lat' dir='ltr'><strong>discipuli</strong></span> <span class='ocrx_word' id='word_1_753' title='bbox 1825 5076 1881 5123; x_wconf 87' lang='lat' dir='ltr'><strong>et</strong></span> 
     </span>
    </p>
   </div>
   <div class='ocr_carea' id='block_1_93' title="bbox 308 5152 1881 5227">
    <p class='ocr_par' dir='ltr' id='par_1_93' title="bbox 308 5152 1881 5227">
     <span class='ocr_line' id='line_1_93' title="bbox 308 5152 1881 5227; baseline 0.002 -19"><span class='ocrx_word' id='word_1_754' title='bbox 308 5153 650 5208; x_wconf 84' lang='lat' dir='ltr'><strong>abstulerunt</strong></span> <span class='ocrx_word' id='word_1_755' title='bbox 692 5167 815 5208; x_wconf 83' lang='lat' dir='ltr'><strong>eum</strong></span> <span class='ocrx_word' id='word_1_756' title='bbox 847 5152 1065 5223; x_wconf 79' lang='lat' dir='ltr'><strong>(Matth.</strong></span> <span class='ocrx_word' id='word_1_757' title='bbox 1114 5154 1335 5223; x_wconf 79' lang='lat' dir='ltr'><strong>xxvut).</strong></span> <span class='ocrx_word' id='word_1_758' title='bbox 1373 5174 1391 5206; x_wconf 78' lang='grc' dir='ltr'><strong>ι</strong></span> <span class='ocrx_word' id='word_1_759' title='bbox 1422 5154 1535 5211; x_wconf 82' lang='lat' dir='ltr'><strong>Hoc</strong></span> <span class='ocrx_word' id='word_1_760' title='bbox 1574 5166 1660 5211; x_wconf 91' lang='lat' dir='ltr'><strong>est</strong></span> <span class='ocrx_word' id='word_1_761' title='bbox 1701 5158 1881 5227; x_wconf 83' lang='lat' dir='ltr'><strong>itaque</strong></span> 
     </span>
    </p>
   </div>
   <div class='ocr_carea' id='block_1_94' title="bbox 307 5242 1880 5315">
    <p class='ocr_par' dir='ltr' id='par_1_94' title="bbox 307 5242 1880 5315">
     <span class='ocr_line' id='line_1_94' title="bbox 307 5242 1880 5315; baseline 0.004 -20"><span class='ocrx_word' id='word_1_762' title='bbox 307 5243 443 5297; x_wconf 79' lang='lat' dir='ltr'><strong>velle</strong></span> <span class='ocrx_word' id='word_1_763' title='bbox 468 5242 744 5298; x_wconf 79' lang='lat' dir='ltr'><strong>Christum</strong></span> <span class='ocrx_word' id='word_1_764' title='bbox 782 5242 1106 5309; x_wconf 84' lang='lat' dir='ltr'><strong>interﬁcere,</strong></span> <span class='ocrx_word' id='word_1_765' title='bbox 1153 5259 1345 5299; x_wconf 90' lang='lat' dir='ltr'><strong>nomen</strong></span> <span class='ocrx_word' id='word_1_766' title='bbox 1378 5244 1495 5315; x_wconf 55' lang='lat' dir='ltr'><strong>ei&#39;rs</strong></span> <span class='ocrx_word' id='word_1_767' title='bbox 1526 5247 1880 5302; x_wconf 80' lang='lat' dir='ltr'><strong>resurrectio-</strong></span> 
     </span>
    </p>
   </div>
   <div class='ocr_carea' id='block_1_95' title="bbox 308 5331 1876 5407">
    <p class='ocr_par' dir='ltr' id='par_1_95' title="bbox 308 5331 1876 5407">
     <span class='ocr_line' id='line_1_95' title="bbox 308 5331 1876 5407; baseline 0.005 -22"><span class='ocrx_word' id='word_1_768' title='bbox 308 5334 392 5386; x_wconf 87' lang='lat' dir='ltr'><strong>nis</strong></span> <span class='ocrx_word' id='word_1_769' title='bbox 420 5331 785 5402; x_wconf 72' lang='lat' dir='ltr'><strong>exstinguere,</strong></span> <span class='ocrx_word' id='word_1_770' title='bbox 834 5340 894 5387; x_wconf 87' lang='lat' dir='ltr'><strong>ut</strong></span> <span class='ocrx_word' id='word_1_771' title='bbox 920 5334 1255 5391; x_wconf 84' lang='lat' dir='ltr'><strong>mendacium</strong></span> <span class='ocrx_word' id='word_1_772' title='bbox 1282 5334 1571 5407; x_wconf 84' lang='lat' dir='ltr'><strong>Evangelio</strong></span> <span class='ocrx_word' id='word_1_773' title='bbox 1596 5335 1876 5406; x_wconf 70' lang='lat' dir='ltr'><strong>praeferre-</strong></span> 
     </span>
    </p>
   </div>
   <div class='ocr_carea' id='block_1_96' title="bbox 303 5418 1873 5481">
    <p class='ocr_par' dir='ltr' id='par_1_96' title="bbox 303 5418 1873 5481">
     <span class='ocr_line' id='line_1_96' title="bbox 303 5418 1873 5481; baseline 0.002 -4"><span class='ocrx_word' id='word_1_774' title='bbox 303 5431 411 5477; x_wconf 86' lang='lat' dir='ltr'><strong>tur.</strong></span> <span class='ocrx_word' id='word_1_775' title='bbox 441 5418 547 5474; x_wconf 84' lang='lat' dir='ltr'><strong>Sed</strong></span> <span class='ocrx_word' id='word_1_776' title='bbox 583 5419 725 5475; x_wconf 82' lang='lat' dir='ltr'><strong>sicut</strong></span> <span class='ocrx_word' id='word_1_777' title='bbox 763 5420 893 5477; x_wconf 88' lang='lat' dir='ltr'><strong>illud</strong></span> <span class='ocrx_word' id='word_1_778' title='bbox 928 5437 1033 5477; x_wconf 91' lang='lat' dir='ltr'><strong>non</strong></span> <span class='ocrx_word' id='word_1_779' title='bbox 1075 5423 1242 5478; x_wconf 89' lang='lat' dir='ltr'><strong>valuit</strong></span> <span class='ocrx_word' id='word_1_780' title='bbox 1290 5423 1418 5480; x_wconf 90' lang='lat' dir='ltr'><strong>Saul</strong></span> <span class='ocrx_word' id='word_1_781' title='bbox 1448 5433 1507 5479; x_wconf 89' lang='lat' dir='ltr'><strong>ut</strong></span> <span class='ocrx_word' id='word_1_782' title='bbox 1542 5425 1873 5481; x_wconf 83' lang='lat' dir='ltr'><strong>interﬁceret</strong></span> 
     </span>
    </p>
   </div>
   <div class='ocr_carea' id='block_1_97' title="bbox 298 5507 1871 5581">
    <p class='ocr_par' dir='ltr' id='par_1_97' title="bbox 298 5507 1871 5581">
     <span class='ocr_line' id='line_1_97' title="bbox 298 5507 1871 5581; baseline 0.006 -17"><span class='ocrx_word' id='word_1_783' title='bbox 298 5509 489 5574; x_wconf 69' lang='lat' dir='ltr'><strong>David,</strong></span> <span class='ocrx_word' id='word_1_784' title='bbox 514 5507 594 5563; x_wconf 82' lang='lat' dir='ltr'><strong>sie</strong></span> <span class='ocrx_word' id='word_1_785' title='bbox 620 5522 724 5564; x_wconf 89' lang='lat' dir='ltr'><strong>nec</strong></span> <span class='ocrx_word' id='word_1_786' title='bbox 754 5511 932 5581; x_wconf 88' lang='lat' dir='ltr'><strong>potuit</strong></span> <span class='ocrx_word' id='word_1_787' title='bbox 953 5526 1174 5581; x_wconf 70' lang='lat' dir='ltr'><strong>regnum</strong></span> <span class='ocrx_word' id='word_1_788' title='bbox 1202 5512 1506 5569; x_wconf 65' lang='lat' dir='ltr'><strong>Iudaeorum</strong></span> <span class='ocrx_word' id='word_1_789' title='bbox 1536 5515 1767 5580; x_wconf 72' lang='lat' dir='ltr'><strong>edicere,</strong></span> <span class='ocrx_word' id='word_1_790' title='bbox 1810 5525 1871 5573; x_wconf 88' lang='lat' dir='ltr'><strong>ut</strong></span> 
     </span>
    </p>
   </div>
   <div class='ocr_carea' id='block_1_98' title="bbox 300 5598 1866 5675">
    <p class='ocr_par' dir='ltr' id='par_1_98' title="bbox 300 5598 1866 5675">
     <span class='ocr_line' id='line_1_98' title="bbox 300 5598 1866 5675; baseline 0.004 -22"><span class='ocrx_word' id='word_1_791' title='bbox 300 5598 616 5661; x_wconf 75' lang='lat' dir='ltr'><strong>memoriam</strong></span> <span class='ocrx_word' id='word_1_792' title='bbox 660 5599 863 5655; x_wconf 84' lang='lat' dir='ltr'><strong>Christi</strong></span> <span class='ocrx_word' id='word_1_793' title='bbox 904 5599 1123 5656; x_wconf 88' lang='lat' dir='ltr'><strong>deleret.</strong></span> <span class='ocrx_word' id='word_1_794' title='bbox 1154 5601 1243 5657; x_wconf 81' lang='lat' dir='ltr'><strong>isti</strong></span> <span class='ocrx_word' id='word_1_795' title='bbox 1278 5611 1456 5658; x_wconf 85' lang='lat' dir='ltr'><strong>autem</strong></span> <span class='ocrx_word' id='word_1_796' title='bbox 1496 5605 1586 5675; x_wconf 89' lang='lat' dir='ltr'><strong>qui</strong></span> <span class='ocrx_word' id='word_1_797' title='bbox 1625 5605 1690 5658; x_wconf 89' lang='lat' dir='ltr'><strong>de</strong></span> <span class='ocrx_word' id='word_1_798' title='bbox 1739 5605 1866 5660; x_wconf 80' lang='lat' dir='ltr'><strong>Sani</strong></span> 
     </span>
    </p>
   </div>
   <div class='ocr_carea' id='block_1_99' title="bbox 299 5690 1862 5760">
    <p class='ocr_par' dir='ltr' id='par_1_99' title="bbox 299 5690 1862 5760">
     <span class='ocr_line' id='line_1_99' title="bbox 299 5690 1862 5760; baseline 0.006 -20"><span class='ocrx_word' id='word_1_799' title='bbox 299 5691 515 5756; x_wconf 82' lang='lat' dir='ltr'><strong>virtute,</strong></span> <span class='ocrx_word' id='word_1_800' title='bbox 563 5690 619 5746; x_wconf 75' lang='lat' dir='ltr'><strong>id</strong></span> <span class='ocrx_word' id='word_1_801' title='bbox 650 5698 755 5755; x_wconf 79' lang='lat' dir='ltr'><strong>est,</strong></span> <span class='ocrx_word' id='word_1_802' title='bbox 795 5690 861 5746; x_wconf 87' lang='lat' dir='ltr'><strong>de</strong></span> <span class='ocrx_word' id='word_1_803' title='bbox 911 5706 1075 5760; x_wconf 75' lang='lat' dir='ltr'><strong>regno</strong></span> <span class='ocrx_word' id='word_1_804' title='bbox 1118 5691 1445 5756; x_wconf 70' lang='lat' dir='ltr'><strong>Judteorum,</strong></span> <span class='ocrx_word' id='word_1_805' title='bbox 1495 5697 1547 5749; x_wconf 93' lang='lat' dir='ltr'><strong>in</strong></span> <span class='ocrx_word' id='word_1_806' title='bbox 1588 5694 1862 5749; x_wconf 85' lang='lat' dir='ltr'><strong>Christum</strong></span> 
     </span>
    </p>
   </div>
   <div class='ocr_carea' id='block_1_100' title="bbox 296 5782 1864 5858">
    <p class='ocr_par' dir='ltr' id='par_1_100' title="bbox 296 5782 1864 5858">
     <span class='ocr_line' id='line_1_100' title="bbox 296 5782 1864 5858; baseline 0.004 -25"><span class='ocrx_word' id='word_1_807' title='bbox 296 5797 618 5858; x_wconf 60' lang='lat' dir='ltr'><strong>prrrsutnere</strong></span> <span class='ocrx_word' id='word_1_808' title='bbox 647 5783 948 5848; x_wconf 85' lang='lat' dir='ltr'><strong>voluerunt,</strong></span> <span class='ocrx_word' id='word_1_809' title='bbox 1000 5782 1336 5839; x_wconf 74' lang='lat' dir='ltr'><strong>ollenderunt</strong></span> <span class='ocrx_word' id='word_1_810' title='bbox 1362 5784 1414 5837; x_wconf 91' lang='lat' dir='ltr'><strong>in</strong></span> <span class='ocrx_word' id='word_1_811' title='bbox 1445 5783 1671 5856; x_wconf 82' lang='lat' dir='ltr'><strong>lapidem</strong></span> <span class='ocrx_word' id='word_1_812' title='bbox 1696 5783 1864 5839; x_wconf 69' lang='grc' dir='ltr'><strong>οπεο-</strong></span> 
     </span>
    </p>
   </div>
   <div class='ocr_carea' id='block_1_101' title="bbox 1988 4700 3555 4771">
    <p class='ocr_par' dir='ltr' id='par_1_101' title="bbox 1988 4700 3555 4771">
     <span class='ocr_line' id='line_1_101' title="bbox 1988 4700 3555 4771; baseline 0.003 -16"><span class='ocrx_word' id='word_1_813' title='bbox 1988 4710 2098 4755; x_wconf 85' lang='lat' dir='ltr'><strong>tum</strong></span> <span class='ocrx_word' id='word_1_814' title='bbox 2129 4700 2275 4756; x_wconf 76' lang='lat' dir='ltr'><strong>illum</strong></span> <span class='ocrx_word' id='word_1_815' title='bbox 2305 4709 2359 4755; x_wconf 89' lang='lat' dir='ltr'><strong>et</strong></span> <span class='ocrx_word' id='word_1_816' title='bbox 2385 4700 2727 4771; x_wconf 88' lang='lat' dir='ltr'><strong>prophetare.</strong></span> <span class='ocrx_word' id='word_1_817' title='bbox 2754 4701 3020 4769; x_wconf 83' lang='lat' dir='ltr'><strong>Quantum</strong></span> <span class='ocrx_word' id='word_1_818' title='bbox 3054 4703 3197 4758; x_wconf 85' lang='lat' dir='ltr'><strong>enim</strong></span> <span class='ocrx_word' id='word_1_819' title='bbox 3219 4704 3285 4758; x_wconf 89' lang='lat' dir='ltr'><strong>ad</strong></span> <span class='ocrx_word' id='word_1_820' title='bbox 3313 4703 3555 4767; x_wconf 84' lang='lat' dir='ltr'><strong>litteram</strong></span> 
     </span>
    </p>
   </div>
   <div class='ocr_carea' id='block_1_102' title="bbox 1987 4792 3550 4862">
    <p class='ocr_par' dir='ltr' id='par_1_102' title="bbox 1987 4792 3550 4862">
     <span class='ocr_line' id='line_1_102' title="bbox 1987 4792 3550 4862; baseline 0.001 -15"><span class='ocrx_word' id='word_1_821' title='bbox 1987 4793 2197 4856; x_wconf 87' lang='lat' dir='ltr'><strong>attinet,</strong></span> <span class='ocrx_word' id='word_1_822' title='bbox 2246 4806 2353 4846; x_wconf 88' lang='lat' dir='ltr'><strong>non</strong></span> <span class='ocrx_word' id='word_1_823' title='bbox 2382 4800 2465 4846; x_wconf 89' lang='lat' dir='ltr'><strong>est</strong></span> <span class='ocrx_word' id='word_1_824' title='bbox 2498 4792 2694 4846; x_wconf 88' lang='lat' dir='ltr'><strong>mirum</strong></span> <span class='ocrx_word' id='word_1_825' title='bbox 2724 4792 2996 4847; x_wconf 88' lang='lat' dir='ltr'><strong>hominem</strong></span> <span class='ocrx_word' id='word_1_826' title='bbox 3022 4795 3307 4862; x_wconf 89' lang='lat' dir='ltr'><strong>reprobum</strong></span> <span class='ocrx_word' id='word_1_827' title='bbox 3339 4795 3405 4848; x_wconf 86' lang='lat' dir='ltr'><strong>ad</strong></span> <span class='ocrx_word' id='word_1_828' title='bbox 3437 4810 3550 4849; x_wconf 88' lang='lat' dir='ltr'><strong>mo-</strong></span> 
     </span>
    </p>
   </div>
   <div class='ocr_carea' id='block_1_103' title="bbox 1986 4880 3550 4950">
    <p class='ocr_par' dir='ltr' id='par_1_103' title="bbox 1986 4880 3550 4950">
     <span class='ocr_line' id='line_1_103' title="bbox 1986 4880 3550 4950; baseline 0.001 -14"><span class='ocrx_word' id='word_1_829' title='bbox 1986 4889 2220 4936; x_wconf 84' lang='lat' dir='ltr'><strong>mentum</strong></span> <span class='ocrx_word' id='word_1_830' title='bbox 2249 4881 2555 4935; x_wconf 78' lang='lat' dir='ltr'><strong>transitorie</strong></span> <span class='ocrx_word' id='word_1_831' title='bbox 2579 4881 2949 4950; x_wconf 88' lang='lat' dir='ltr'><strong>prophetasse,</strong></span> <span class='ocrx_word' id='word_1_832' title='bbox 2997 4880 3120 4935; x_wconf 86' lang='lat' dir='ltr'><strong>dum</strong></span> <span class='ocrx_word' id='word_1_833' title='bbox 3147 4882 3307 4935; x_wconf 85' lang='lat' dir='ltr'><strong>etiam</strong></span> <span class='ocrx_word' id='word_1_834' title='bbox 3346 4883 3550 4937; x_wconf 71' lang='lat' dir='ltr'><strong>similes</strong></span> 
     </span>
    </p>
   </div>
   <div class='ocr_carea' id='block_1_104' title="bbox 1983 4972 3550 5045">
    <p class='ocr_par' dir='ltr' id='par_1_104' title="bbox 1983 4972 3550 5045">
     <span class='ocr_line' id='line_1_104' title="bbox 1983 4972 3550 5045; baseline 0.001 -18"><span class='ocrx_word' id='word_1_835' title='bbox 1983 4972 2135 5027; x_wconf 83' lang='lat' dir='ltr'><strong>muiti</strong></span> <span class='ocrx_word' id='word_1_836' title='bbox 2177 4972 2469 5043; x_wconf 67' lang='lat' dir='ltr'><strong>prophetiae</strong></span> <span class='ocrx_word' id='word_1_837' title='bbox 2500 4972 2696 5028; x_wconf 90' lang='lat' dir='ltr'><strong>donum</strong></span> <span class='ocrx_word' id='word_1_838' title='bbox 2730 4972 2980 5045; x_wconf 77' lang='lat' dir='ltr'><strong>leguntur</strong></span> <span class='ocrx_word' id='word_1_839' title='bbox 3011 4973 3284 5038; x_wconf 87' lang='lat' dir='ltr'><strong>habuisse,</strong></span> <span class='ocrx_word' id='word_1_840' title='bbox 3312 4974 3451 5029; x_wconf 88' lang='lat' dir='ltr'><strong>sicut</strong></span> <span class='ocrx_word' id='word_1_841' title='bbox 3493 4986 3550 5029; x_wconf 81' lang='lat' dir='ltr'><strong>et</strong></span> 
     </span>
    </p>
   </div>
   <div class='ocr_carea' id='block_1_105' title="bbox 1982 5058 3543 5132">
    <p class='ocr_par' dir='ltr' id='par_1_105' title="bbox 1982 5058 3543 5132">
     <span class='ocr_line' id='line_1_105' title="bbox 1982 5058 3543 5132; baseline 0.001 -17"><span class='ocrx_word' id='word_1_842' title='bbox 1982 5060 2196 5117; x_wconf 85' lang='lat' dir='ltr'><strong>Balaam</strong></span> <span class='ocrx_word' id='word_1_843' title='bbox 2236 5058 2326 5116; x_wconf 91' lang='lat' dir='ltr'><strong>ille</strong></span> <span class='ocrx_word' id='word_1_844' title='bbox 2370 5061 2662 5131; x_wconf 84' lang='lat' dir='ltr'><strong>reprobus,</strong></span> <span class='ocrx_word' id='word_1_845' title='bbox 2709 5075 2868 5131; x_wconf 90' lang='lat' dir='ltr'><strong>quem</strong></span> <span class='ocrx_word' id='word_1_846' title='bbox 2921 5076 3027 5116; x_wconf 91' lang='lat' dir='ltr'><strong>non</strong></span> <span class='ocrx_word' id='word_1_847' title='bbox 3075 5069 3214 5116; x_wconf 87' lang='lat' dir='ltr'><strong>tacet</strong></span> <span class='ocrx_word' id='word_1_848' title='bbox 3264 5062 3543 5132; x_wconf 83' lang='lat' dir='ltr'><strong>Scriptura</strong></span> 
     </span>
    </p>
   </div>
   <div class='ocr_carea' id='block_1_106' title="bbox 1966 5150 3541 5223">
    <p class='ocr_par' dir='ltr' id='par_1_106' title="bbox 1966 5150 3541 5223">
     <span class='ocr_line' id='line_1_106' title="bbox 1966 5150 3541 5223; baseline 0 -18"><span class='ocrx_word' id='word_1_849' title='bbox 1966 5150 2173 5220; x_wconf 83' lang='lat' dir='ltr'><strong>judicio</strong></span> <span class='ocrx_word' id='word_1_850' title='bbox 2200 5150 2380 5207; x_wconf 81' lang='lat' dir='ltr'><strong>divino</strong></span> <span class='ocrx_word' id='word_1_851' title='bbox 2414 5166 2535 5205; x_wconf 87' lang='lat' dir='ltr'><strong>esse</strong></span> <span class='ocrx_word' id='word_1_852' title='bbox 2571 5152 2882 5207; x_wconf 86' lang='lat' dir='ltr'><strong>damnatum</strong></span> <span class='ocrx_word' id='word_1_853' title='bbox 2910 5151 2930 5223; x_wconf 97' lang='lat'><strong>(</strong></span> <span class='ocrx_word' id='word_1_854' title='bbox 2951 5151 3113 5206; x_wconf 83' lang='lat' dir='ltr'><strong>Num.</strong></span> <span class='ocrx_word' id='word_1_855' title='bbox 3151 5166 3291 5217; x_wconf 68' lang='grc' dir='ltr'>χχιι,</span> <span class='ocrx_word' id='word_1_856' title='bbox 3322 5168 3454 5206; x_wconf 82' lang='lat' dir='ltr'><strong>xxm</strong></span> <span class='ocrx_word' id='word_1_857' title='bbox 3495 5164 3541 5206; x_wconf 75' lang='lat' dir='ltr'><strong>et</strong></span> 
     </span>
    </p>
   </div>
   <div class='ocr_carea' id='block_1_107' title="bbox 1970 5242 3546 5315">
    <p class='ocr_par' dir='ltr' id='par_1_107' title="bbox 1970 5242 3546 5315">
     <span class='ocr_line' id='line_1_107' title="bbox 1970 5242 3546 5315; baseline 0 -18"><span class='ocrx_word' id='word_1_858' title='bbox 1970 5242 2128 5315; x_wconf 78' lang='lat' dir='ltr'><strong>xxiv)</strong></span> <span class='ocrx_word' id='word_1_859' title='bbox 2162 5261 2175 5296; x_wconf 88' lang='lat'>:</span> <span class='ocrx_word' id='word_1_860' title='bbox 2209 5244 2303 5298; x_wconf 84' lang='lat' dir='ltr'><strong>sed</strong></span> <span class='ocrx_word' id='word_1_861' title='bbox 2342 5252 2525 5297; x_wconf 89' lang='lat' dir='ltr'><strong>tamen</strong></span> <span class='ocrx_word' id='word_1_862' title='bbox 2570 5242 2909 5312; x_wconf 85' lang='lat' dir='ltr'><strong>prophetiam</strong></span> <span class='ocrx_word' id='word_1_863' title='bbox 2962 5242 3258 5298; x_wconf 84' lang='lat' dir='ltr'><strong>habebant.</strong></span> <span class='ocrx_word' id='word_1_864' title='bbox 3307 5242 3416 5297; x_wconf 78' lang='lat' dir='ltr'><strong>Nec</strong></span> <span class='ocrx_word' id='word_1_865' title='bbox 3454 5242 3546 5297; x_wconf 86' lang='lat' dir='ltr'><strong>illa</strong></span> 
     </span>
    </p>
   </div>
   <div class='ocr_carea' id='block_1_108' title="bbox 1970 5332 3541 5402">
    <p class='ocr_par' dir='ltr' id='par_1_108' title="bbox 1970 5332 3541 5402">
     <span class='ocr_line' id='line_1_108' title="bbox 1970 5332 3541 5402; baseline 0.001 -14"><span class='ocrx_word' id='word_1_866' title='bbox 1970 5335 2131 5389; x_wconf 83' lang='lat' dir='ltr'><strong>verba</strong></span> <span class='ocrx_word' id='word_1_867' title='bbox 2154 5346 2340 5402; x_wconf 84' lang='lat' dir='ltr'><strong>parum</strong></span> <span class='ocrx_word' id='word_1_868' title='bbox 2362 5340 2632 5388; x_wconf 84' lang='lat' dir='ltr'><strong>testantur</strong></span> <span class='ocrx_word' id='word_1_869' title='bbox 2660 5332 2786 5388; x_wconf 90' lang='lat' dir='ltr'><strong>huic</strong></span> <span class='ocrx_word' id='word_1_870' title='bbox 2811 5334 3109 5395; x_wconf 58' lang='lat' dir='ltr'><strong>sententiae,</strong></span> <span class='ocrx_word' id='word_1_871' title='bbox 3141 5350 3259 5402; x_wconf 67' lang='lat' dir='ltr'><strong>qua:</strong></span> <span class='ocrx_word' id='word_1_872' title='bbox 3290 5334 3341 5388; x_wconf 87' lang='lat' dir='ltr'><strong>in</strong></span> <span class='ocrx_word' id='word_1_873' title='bbox 3365 5334 3541 5389; x_wconf 83' lang='lat' dir='ltr'><strong>Evan.</strong></span> 
     </span>
    </p>
   </div>
   <div class='ocr_carea' id='block_1_109' title="bbox 1974 5418 3540 5495">
    <p class='ocr_par' dir='ltr' id='par_1_109' title="bbox 1974 5418 3540 5495">
     <span class='ocr_line' id='line_1_109' title="bbox 1974 5418 3540 5495; baseline -0.001 -16"><span class='ocrx_word' id='word_1_874' title='bbox 1974 5424 2110 5495; x_wconf 80' lang='lat' dir='ltr'><strong>geiio</strong></span> <span class='ocrx_word' id='word_1_875' title='bbox 2146 5425 2345 5495; x_wconf 85' lang='lat' dir='ltr'><strong>scripta</strong></span> <span class='ocrx_word' id='word_1_876' title='bbox 2373 5434 2522 5487; x_wconf 86' lang='lat' dir='ltr'><strong>sunt,</strong></span> <span class='ocrx_word' id='word_1_877' title='bbox 2545 5423 2742 5478; x_wconf 80' lang='lat' dir='ltr'><strong>multos</strong></span> <span class='ocrx_word' id='word_1_878' title='bbox 2762 5423 3001 5478; x_wconf 87' lang='lat' dir='ltr'><strong>dicturos</strong></span> <span class='ocrx_word' id='word_1_879' title='bbox 3032 5425 3082 5477; x_wconf 91' lang='lat' dir='ltr'><strong>in</strong></span> <span class='ocrx_word' id='word_1_880' title='bbox 3106 5418 3194 5477; x_wconf 73' lang='lat' dir='ltr'><strong>Illa</strong></span> <span class='ocrx_word' id='word_1_881' title='bbox 3221 5424 3309 5479; x_wconf 84' lang='lat' dir='ltr'><strong>die</strong></span> <span class='ocrx_word' id='word_1_882' title='bbox 3344 5441 3357 5478; x_wconf 91' lang='lat'><strong>:</strong></span> <span class='ocrx_word' id='word_1_883' title='bbox 3386 5444 3408 5476; x_wconf 71' lang='grc' dir='ltr'><strong>ι</strong></span> <span class='ocrx_word' id='word_1_884' title='bbox 3437 5426 3540 5478; x_wconf 88' lang='lat' dir='ltr'><strong>Do-</strong></span> 
     </span>
    </p>
   </div>
   <div class='ocr_carea' id='block_1_110' title="bbox 1974 5514 3541 5580">
    <p class='ocr_par' dir='ltr' id='par_1_110' title="bbox 1974 5514 3541 5580">
     <span class='ocr_line' id='line_1_110' title="bbox 1974 5514 3541 5580; baseline 0.001 -11"><span class='ocrx_word' id='word_1_885' title='bbox 1974 5516 2139 5580; x_wconf 89' lang='lat' dir='ltr'><strong>mine,</strong></span> <span class='ocrx_word' id='word_1_886' title='bbox 2168 5516 2412 5578; x_wconf 83' lang='lat' dir='ltr'><strong>Domitie,</strong></span> <span class='ocrx_word' id='word_1_887' title='bbox 2464 5516 2516 5569; x_wconf 90' lang='lat' dir='ltr'><strong>in</strong></span> <span class='ocrx_word' id='word_1_888' title='bbox 2564 5515 2780 5570; x_wconf 82' lang='lat' dir='ltr'><strong>nomine</strong></span> <span class='ocrx_word' id='word_1_889' title='bbox 2824 5523 2938 5577; x_wconf 88' lang='lat' dir='ltr'><strong>tuo,</strong></span> <span class='ocrx_word' id='word_1_890' title='bbox 2987 5514 3443 5575; x_wconf 86' lang='lat' dir='ltr'><strong>manducavimus.</strong></span> <span class='ocrx_word' id='word_1_891' title='bbox 3484 5525 3541 5571; x_wconf 88' lang='lat' dir='ltr'><strong>et</strong></span> 
     </span>
    </p>
   </div>
   <div class='ocr_carea' id='block_1_111' title="bbox 1971 5602 3537 5676">
    <p class='ocr_par' dir='ltr' id='par_1_111' title="bbox 1971 5602 3537 5676">
     <span class='ocr_line' id='line_1_111' title="bbox 1971 5602 3537 5676; baseline -0.001 -17"><span class='ocrx_word' id='word_1_892' title='bbox 1971 5604 2201 5668; x_wconf 82' lang='lat' dir='ltr'><strong>bibimus</strong></span> <span class='ocrx_word' id='word_1_893' title='bbox 2236 5603 2729 5676; x_wconf 63' lang='lat' dir='ltr'><strong>&#39;[prophetavimus,</strong></span> <span class='ocrx_word' id='word_1_894' title='bbox 2770 5612 2827 5659; x_wconf 89' lang='lat' dir='ltr'><strong>et</strong></span> <span class='ocrx_word' id='word_1_895' title='bbox 2865 5603 3125 5658; x_wconf 72' lang='lat' dir='ltr'><strong>dmmonia</strong></span> <span class='ocrx_word' id='word_1_896' title='bbox 3163 5602 3454 5675; x_wconf 73' lang='lat' dir='ltr'><strong>eiecimus]</strong></span> <span class='ocrx_word' id='word_1_897' title='bbox 3483 5613 3537 5659; x_wconf 82' lang='lat' dir='ltr'><strong>et</strong></span> 
     </span>
    </p>
   </div>
   <div class='ocr_carea' id='block_1_112' title="bbox 1970 5691 3528 5765">
    <p class='ocr_par' dir='ltr' id='par_1_112' title="bbox 1970 5691 3528 5765">
     <span class='ocr_line' id='line_1_112' title="bbox 1970 5691 3528 5765; baseline -0.002 -17"><span class='ocrx_word' id='word_1_898' title='bbox 1970 5695 2023 5749; x_wconf 91' lang='lat' dir='ltr'><strong>in</strong></span> <span class='ocrx_word' id='word_1_899' title='bbox 2055 5693 2270 5748; x_wconf 89' lang='lat' dir='ltr'><strong>nomine</strong></span> <span class='ocrx_word' id='word_1_900' title='bbox 2298 5704 2391 5747; x_wconf 88' lang='lat' dir='ltr'><strong>tuo</strong></span> <span class='ocrx_word' id='word_1_901' title='bbox 2418 5694 2643 5747; x_wconf 82' lang='lat' dir='ltr'><strong>virtutes</strong></span> <span class='ocrx_word' id='word_1_902' title='bbox 2662 5692 2854 5747; x_wconf 86' lang='lat' dir='ltr'><strong>multas</strong></span> <span class='ocrx_word' id='word_1_903' title='bbox 2882 5691 3105 5747; x_wconf 78' lang='lat' dir='ltr'><strong>fecimus</strong></span> <span class='ocrx_word' id='word_1_904' title='bbox 3138 5692 3528 5765; x_wconf 64' lang='lat' dir='ltr'><strong>(Matth.vn).t</strong></span> 
     </span>
    </p>
   </div>
   <div class='ocr_carea' id='block_1_113' title="bbox 1969 5780 3533 5862">
    <p class='ocr_par' dir='ltr' id='par_1_113' title="bbox 1969 5780 3533 5862">
     <span class='ocr_line' id='line_1_113' title="bbox 1969 5780 3533 5862; baseline 0.001 -24"><span class='ocrx_word' id='word_1_905' title='bbox 1969 5785 2173 5854; x_wconf 74' lang='lat' dir='ltr'><strong>Quibus</strong></span> <span class='ocrx_word' id='word_1_906' title='bbox 2193 5794 2375 5840; x_wconf 82' lang='lat' dir='ltr'><strong>tamen</strong></span> <span class='ocrx_word' id='word_1_907' title='bbox 2401 5785 2645 5840; x_wconf 83' lang='lat' dir='ltr'><strong>dicturus</strong></span> <span class='ocrx_word' id='word_1_908' title='bbox 2665 5791 2747 5837; x_wconf 83' lang='lat' dir='ltr'><strong>est</strong></span> <span class='ocrx_word' id='word_1_909' title='bbox 2765 5801 2776 5836; x_wconf 92' lang='lat'>:</span> <span class='ocrx_word' id='word_1_910' title='bbox 2801 5801 2818 5833; x_wconf 77' lang='grc' dir='ltr'><strong>ι</strong></span> <span class='ocrx_word' id='word_1_911' title='bbox 2849 5780 2964 5837; x_wconf 82' lang='lat' dir='ltr'><strong>Non</strong></span> <span class='ocrx_word' id='word_1_912' title='bbox 2992 5782 3114 5837; x_wconf 89' lang='lat' dir='ltr'><strong>novi</strong></span> <span class='ocrx_word' id='word_1_913' title='bbox 3134 5797 3228 5840; x_wconf 87' lang='lat' dir='ltr'><strong>vos</strong></span> <span class='ocrx_word' id='word_1_914' title='bbox 3247 5798 3491 5862; x_wconf 69' lang='lat' dir='ltr'><strong>unquam</strong></span> <span class='ocrx_word' id='word_1_915' title='bbox 3512 5801 3533 5838; x_wconf 89' lang='lat'><strong>:-</strong></span> 
     </span>
    </p>
   </div>
  </div>
