4010 6194
331 384 394 437 51
1145 383 1496 440 COMMENT.
1536 385 1604 440 IN
1644 387 1888 444 LlBROS
1923 389 1990 443 IV
2032 387 2294 450 REGUM.
2336 424 2405 434 —
2443 394 2512 449 IN
2551 395 2674 452 LIB.
2713 399 2754 453 Ι.
3510 408 3576 464 58

330 495 586 550 discedite
611 509 640 546 a
675 509 781 556 me,
814 495 906 564 qui
938 497 1233 565 operamini
1256 499 1595 567 iniquitatem
1632 501 1898 572 (lbid.).-i
1932 505 1982 565 Α
2013 524 2031 553 ι
2072 504 2257 571 David,
2305 523 2741 580 unumquemque
2768 513 2831 566 de
2859 521 3053 577 terra,»
3083 529 3272 571 verum
3291 530 3412 573 esse
3435 535 3581 575 com-

333 582 553 660 llystice
589 591 774 636 autem
803 584 1108 643 exemplum
1141 585 1297 654 hujus
1321 586 1448 640 Saul
1489 590 1908 658 nuntiorumque

328 673 442 741 ejus
468 673 523 726 in
570 673 674 727 hac
723 676 989 729 sententia
1032 675 1226 744 ﬁgurat
1266 679 1554 734 nonnullos
1601 679 1903 746 hicreticos,

331 763 417 831 qui
465 761 670 831 aliquid
698 761 825 816 boni
855 763 921 818 de
951 766 1265 821 muneribus
1306 768 1479 821 sancti
1528 767 1761 837 Spiritus
1810 772 1907 825 ha-

333 853 475 914 bent,
523 853 666 905 sicut
695 861 1018 908 testamenta
1057 855 1187 925 legis
1214 864 1270 910 et
1299 857 1602 928 Evangelii,
1652 860 1902 929 baptismi

330 953 686 997 sacramenta.
713 945 821 1011 Qui
854 961 976 1000 cum
1012 947 1080 1000 ad
1119 947 1416 1003 Eccle-:iam
1452 951 1770 1007 catholicam
1815 969 1903 1008 ve-

330 1035 502 1097 niunt,
555 1052 662 1088 non
710 1046 795 1090 est
842 1037 948 1092 ullo
985 1039 1146 1092 modo
1189 1040 1243 1092 in
1289 1041 1368 1094 eis
1412 1026 1740 1106 violandum,
1785 1054 1899 1109 aut,

326 1124 475 1192 quasi
515 1140 622 1180 non
659 1126 914 1191 habeant,
947 1127 1285 1183 tradendum.
1319 1129 1422 1186 Sed
1459 1141 1636 1187 tamen
1668 1149 1760 1188 eos
1793 1151 1900 1189 non

328 1216 443 1269 ideo
478 1216 676 1270 debere
707 1217 863 1270 saluti
899 1215 1194 1281 conﬁdere,
1225 1222 1350 1290 quia
1386 1238 1493 1277 non
1534 1225 1900 1294 improbamus

328 1305 461 1374 quod
499 1305 624 1360 illos
659 1308 935 1375 accepisse
975 1310 1276 1375 credimus;
1313 1314 1406 1367 sed
1444 1323 1658 1384 oportet
1689 1333 1782 1373 eos
1812 1334 1900 1373 co-

326 1410 580 1464 guoscere
628 1397 912 1462 unitatem,
957 1407 1014 1454 et
1050 1401 1363 1456 societatem
1396 1403 1450 1457 in
1475 1405 1690 1462 vinculo
1723 1411 1895 1477 pacis,

324 1484 432 1538 sine
455 1500 564 1553 qua
585 1487 808 1541 omnino
831 1487 1093 1557 quidquid
1121 1489 1322 1545 habere
1342 1500 1656 1562 potuerunt,
1703 1513 1895 1566 quam-

324 1576 398 1629 vis
435 1577 508 1629 sit
543 1587 794 1632 sanctum
837 1587 1002 1647 atque
1024 1580 1422 1646 venerandum,
1469 1584 1570 1652 ipsi
1605 1594 1781 1642 tamen
1814 1588 1898 1644 ni-

324 1665 608 1722 hilominus
633 1673 764 1720 sunt
791 1674 944 1722 tanto
971 1667 1299 1738 indigniores
1327 1669 1502 1726 eil'ecti
1528 1675 1752 1741 prmmio
1772 1677 1895 1731 vitae

319 1766 548 1820 aeternae,
579 1764 786 1825 quanto
808 1756 915 1812 illis
939 1757 1096 1813 donis
1119 1775 1224 1812 non
1253 1760 1390 1816 bene
1419 1763 1500 1816 usi
1516 1771 1660 1828 sunt,
1689 1780 1808 1834 qua:
1837 1768 1890 1821 in

2009 594 2260 662 probaret
2283 598 2408 666 quia
2437 599 2685 655 videlicet
2717 603 2975 656 eradicati
3006 613 3133 660 sunt
3157 607 3361 663 inimici
3409 611 3576 665 David

2005 682 2072 738 de
2125 692 2290 750 terra,
2339 702 2443 741 non
2493 689 2608 757 ipso
2646 691 2812 745 David
2859 707 2918 748 se
2965 695 3032 749 de
3075 696 3401 754 adversariis
3446 701 3576 755 ulci-

2005 784 2206 839 sei-nte,
2243 779 2336 831 sed
2361 777 2637 846 judicante
2686 782 2912 839 Domino
2949 800 3047 853 pro
3079 786 3187 842 illo.
3215 789 3361 847 Bene
3395 801 3575 844 autem

2004 863 2278 936 subjungi‘t
2305 883 2319 920 :
2348 889 2366 920 ‹
2397 867 2460 922 Et
2484 872 2687 926 addidit
2713 871 2980 929 Jonathan
3007 876 3248 944 deierare
3289 882 3479 947 David,
3510 899 3576 937 eo

2008 975 2028 1005 ς
2063 957 2205 1024 quod
2240 959 2488 1029 diligeret
2535 961 2704 1016 illum.
2755 957 2922 1018 Sicuf
2952 968 3096 1020 enim
3131 970 3365 1023 animam
3397 987 3571 1037 suam,

2008 1062 2027 1093 ι
2057 1044 2131 1098 ita
2163 1045 2415 1116 diligebat
2445 1064 2608 1103 eum-1
2639 1069 2651 1103 :
2681 1061 2740 1105 ut
2764 1053 2850 1107 ille
2893 1055 3146 1110 nimirum
3187 1060 3278 1127 qui
3309 1069 3416 1114 tam
3453 1078 3576 1131 per-

2002 1131 2143 1188 fecto
2160 1133 2314 1202 juxta
2352 1137 2526 1206 legem
2568 1139 2662 1194 Dei
2690 1156 2874 1197 amore
2901 1146 3357 1212 complectebatur
3383 1151 3570 1216 David,

2000 1239 2029 1277 a
2053 1225 2353 1293 perditione
2381 1229 2722 1283 inimicorum
2751 1232 2866 1301 ejus
2894 1237 3268 1291 ostenderetur
3292 1240 3588 1294 immunis.‘

1999 1313 2101 1381 Qui
2145 1317 2242 1370 etsi
2277 1319 2385 1372 cito
2413 1329 2586 1375 morte
2612 1333 2929 1394 praereptus,
2975 1343 3197 1397 regnum
3236 1345 3357 1385 cum
3395 1346 3482 1394 eo,
3511 1342 3569 1386 ut

1997 1404 2288 1472 sperabat,
2348 1415 2622 1463 terrenum
2680 1412 2880 1468 habere
2939 1418 3184 1486 nequivit
3241 1434 3526 1476 commune
3553 1462 3568 1486 ,

1996 1496 2199 1565 absque
2222 1498 2329 1551 ulla
2355 1507 2531 1554 tamen
2561 1504 2988 1562 contradictione
3013 1510 3161 1578 regni
3185 1511 3421 1566 caelestis
3442 1528 3571 1566 con-

1995 1590 2218 1644 sortium
2263 1607 2384 1647 cum
2434 1609 2498 1650 eo
2535 1611 2694 1665 quem
2718 1614 2816 1667 pro
2860 1601 3029 1670 gloria
3077 1603 3335 1658 virtutum
3367 1606 3563 1659 tantis-

1992 1697 2090 1751 per
2125 1684 2331 1750 dilexit,
2378 1703 2501 1743 cum
2549 1700 2694 1746 esset
2745 1702 2801 1747 et
2846 1694 2962 1764 ipse
3003 1695 3089 1749 vir
3139 1697 3419 1763 virtutum,
3475 1713 3565 1754 ac-

1994 1775 2153 1843 cepit.

319 1846 411 1898 liac
457 1845 567 1898 vita
601 1885 616 1909 ,
666 1859 786 1915 qua:
841 1847 1152 1902 transitoria
1201 1857 1304 1911 est,
1356 1860 1698 1920 acceperunt.
1759 1854 1884 1909 ltem

2070 1885 2087 1916 ε
2124 1868 2284 1923 Venit
2303 1867 2570 1925 Jonathan
2606 1873 2660 1926 in
2692 1889 2879 1945 agrum
2907 1877 3058 1946 juxta
3085 1877 3343 1948 placitum
3373 1879 3562 1945 David,

315 1936 615 2003 exemplum
657 1943 821 2005 atque
870 1936 1047 2007 imago
1091 1938 1251 2007 hujus
1293 1937 1423 1994 Saul
1474 1943 1894 2013 nuntiorumque

315 2023 427 2088 ejus
463 2023 516 2076 in
563 2023 665 2077 hoc
705 2023 844 2088 loco,
875 2021 1182 2080 Jndzeorum
1228 2041 1336 2081 non
1379 2028 1674 2099 incongrue
1716 2041 1894 2101 gestat

314 2128 612 2186 personam,
660 2113 752 2182 qui
794 2114 923 2168 dum
957 2117 1231 2171 adversari
1271 2119 1491 2186 cupiunt
1525 2118 1760 2186 Christo,
1793 2122 1893 2176 ha-

315 2204 437 2257 bent
487 2203 540 2256 in
590 2217 686 2258 ore
733 2213 1074 2260 sacramenta
1121 2205 1258 2276 legis
1297 2216 1354 2263 et
1396 2210 1784 2279 prophetarum
1821 2213 1890 2267 ad

316 2295 675 2348 testimonium
723 2293 950 2360 Christi,
1001 2304 1058 2351 et
1103 2312 1226 2352 cum
1269 2298 1529 2364 Ecclesia,
1563 2302 1720 2370 quasi
1762 2319 1886 2356 cum

313 2384 604 2455 prophetis,
653 2386 720 2440 de
768 2385 1068 2457 Scripturis
1113 2388 1414 2457 disputant,
1457 2390 1599 2446 sicut
1642 2390 1718 2446 illi
1764 2408 1888 2448 cum

315 2475 589 2544 prophetis
613 2476 1071 2557 vaticinabantur.

905 2587 1133 2643 CAPUT
1172 2589 1290 2642 XX.

317 2677 381 2733 De
403 2695 463 2732 eo
488 2679 630 2750 quod
663 2677 795 2733 Saul
818 2680 960 2750 misit
991 2679 1201 2734 nuntios
1227 2679 1296 2732 ad
1323 2681 1662 2750 quarendum
1692 2681 1883 2745 David,

372 2750 460 2831 qui
479 2749 762 2831 uenientes
787 2749 858 2802 ad
889 2766 1108 2831 cuneum
1126 2749 1535 2831 prophetarum.
1546 2760 1595 2831 et
1621 2752 1725 2820 ipsi
1762 2768 1886 2831 pro-

373 2819 691 2887 phetabant;
739 2836 831 2876 nec
881 2837 983 2873 non
1023 2830 1071 2877 et
1117 2819 1252 2873 Saul
1295 2830 1471 2888 postea
1517 2819 1650 2875 illuc
1674 2819 1883 2876 veniens

376 2899 481 2958 tota
512 2889 600 2941 die
638 2890 812 2942 nudus
850 2889 1191 2958 prophetarit.
1241 2888 1313 2942 De
1344 2889 1507 2942 verbis
1538 2890 1787 2944 Jonathm
1814 2891 1885 2943 ad

377 2957 541 3032 David
593 2967 644 3013 et
694 2960 759 3014 de
799 2957 953 3029 signo
985 2959 1187 3029 sagitta:
1231 2958 1370 3030 quod
1409 2959 1550 3013 dedit
1590 2961 1659 3014 ad
1710 2961 1883 3032 ipsum

375 3027 563 3083 David.

373 3136 525 3204 Quod
561 3137 781 3193 dicente
819 3135 1091 3193 Jonathan
1123 3136 1189 3190 ad
1226 3135 1420 3202 David,
1463 3151 1623 3206 quem
1671 3138 1884 3196 insecu-

2001 1972 2021 2004 ε
2065 1965 2119 2010 et
2146 1971 2281 2026 puer
2307 1961 2561 2028 parvulus
2587 1977 2710 2017 cum
2735 1979 2820 2028 eo,
2851 1973 2907 2019 et
2933 1967 3009 2019 ait
3036 1968 3100 2021 ad
3126 1980 3350 2036 puerum
3376 1983 3561 2022 suum:

1999 2065 2018 2097 σ
2065 2045 2209 2103 Vade
2238 2058 2291 2104 et
2320 2050 2453 2105 aﬂ'er
2499 2055 2628 2107 mihi
2665 2057 2891 2126 sagittas
2919 2073 3053 2128 quas
3079 2074 3180 2129 ego
3202 2057 3368 2127 jacio,
3407 2081 3426 2112 υ
3457 2069 3560 2115 etc.

1991 2135 2130 2203 Quid
2158 2147 2243 2194 est
2277 2143 2420 2210 quod
2444 2142 2712 2199 Jonathan
2740 2147 2911 2202 David
2957 2163 3173 2204 servare
3210 2151 3414 2217 volens,
3443 2166 3573 2206 cum‘

1991 2227 2080 2282 ille
2125 2229 2318 2284 lateret
2363 2233 2417 2286 in
2456 2248 2586 2304 agro
2624 2236 2777 2304 juxta
2823 2237 3054 2307 lapidem
3087 2240 3155 2294 ad
3185 2241 3396 2310 signum
3432 2242 3568 2298 duas

1981 2319 2114 2388 jecit
2141 2323 2400 2392 sagittas,
2459 2339 2595 2393 quas
2623 2341 2758 2396 puer
2800 2329 3076 2396 parvulus,
3127 2331 3385 2402 ignorans
3433 2335 3560 2402 quid

1987 2408 2199 2473 fecerit,
2227 2411 2463 2482 collegit,
2493 2422 2548 2468 et
2590 2415 2642 2469 in
2690 2417 2962 2470 civitatem
3011 2421 3196 2474 retulit
3233 2439 3246 2473 :
3290 2421 3391 2475 nisi
3422 2423 3565 2492 quo-.l

1989 2500 2130 2556 Deus
2156 2501 2317 2556 Pater
2343 2503 2536 2558 Filium
2567 2521 2722 2561 suilm
2756 2509 3116 2579 unigenitum,
3140 2517 3297 2582 quem
3326 2516 3390 2569 ad
3422 2515 3562 2569 salu-

1987 2597 2094 2645 tem
2121 2592 2338 2647 humani
2367 2595 2580 2665 generis
2602 2597 2917 2654 mittendum
2946 2601 3276 2667 decreverat,
3302 2605 3355 2658 in
3384 2603 3560 2659 littera

1986 2679 2140 2751 legis,
2184 2682 2384 2740 Judaais
2438 2687 2805 2745 nescientibus
2848 2692 3220 2748 absconditum
3267 2697 3565 2750 habuerat?

1986 2771 2154 2826 David
2177 2788 2310 2845 ergo
2339 2776 2687 2834 absconditus
2713 2789 2795 2834 est
2821 2781 2874 2835 in
2914 2797 3064 2851 agro,
3099 2785 3148 2838 id
3177 2795 3279 2847 est.
3309 2786 3559 2844 Christus

1986 2860 2188 2917 relatus
2229 2872 2315 2918 est
2359 2865 2412 2919 in
2451 2869 2670 2922 mundo.
2711 2869 2789 2924 De
2827 2887 2935 2941 quo
2964 2875 3290 2946 evangelista
3325 2874 3560 2933 Joannes

1986 2949 2149 3005 dicit:
2178 2970 2197 3002 ‹
2217 2951 2276 3008 lu
2303 2955 2504 3009 mundo
2535 2965 2672 3023 erat,
2703 2968 2758 3014 et
2793 2961 3025 3016 mundus
3051 2977 3152 3032 per
3187 2965 3362 3033 ipsum
3389 2965 3560 3020 factus

1984 3049 2084 3101 est,
2115 3050 2173 3096 et
2197 3044 2430 3099 mundus
2455 3059 2578 3100 eum
2609 3063 2712 3102 non
2745 3051 2996 3120 cognovit
3027 3051 3206 3124 (Joan.
3242 3054 3303 3124 ι).
3336 3075 3354 3107 ι
3397 3053 3559 3111 Juxta

1983 3128 2216 3200 lapidem
2256 3133 2498 3199 sedebat,
2539 3136 2668 3205 quia
2712 3138 2767 3191 in
2803 3139 3003 3194 tabulis
3049 3141 3181 3212 legis
3220 3143 3560 3213 conscriptus

317 3229 535 3284 tionibus
570 3229 744 3298 patris
771 3228 854 3282 sui
895 3243 1000 3283 non
1029 3225 1191 3294 justis
1227 3227 1445 3284 dolebat
1485 3227 1732 3299 fatigari;
1767 3247 1785 3280 ι
1819 3228 1876 3283 Si
1905 3213 1949 3276 C
1980 3229 2118 3281 erat,
2145 3229 2205 3275 ut
2225 3229 2309 3277 est
2335 3223 2462 3278 illud
2488 3241 2500 3275 :
2525 3243 2544 3277 ι
2571 3225 2732 3287 Audi.
2757 3227 2940 3292 Israel,
2964 3227 3221 3285 Dominus
3244 3231 3384 3286 Deus
3409 3240 3555 3296 tuus,

320 3340 335 3374 ι
365 3321 573 3385 vixero,
601 3318 768 3375 facies
790 3319 920 3372 mihi
952 3319 1374 3374 misericordiam
1403 3318 1638 3373 Domini.
1665 3318 1723 3374 Si
1745 3333 1875 3374 vero

319 3429 333 3462 ι
361 3419 604 3465 mortuus
637 3410 815 3474 fuero,
847 3424 953 3464 non
983 3408 1197 3464 auferes
1220 3409 1645 3465 misericordiam
1672 3417 1819 3466 tuam
1847 3425 1879 3465 e

318 3525 332 3556 ι
361 3505 518 3559 domo
552 3521 673 3560 mea
701 3518 873 3575 usque
903 3505 956 3560 iu
984 3505 1372 3575 sempiternum
1393 3546 1407 3571 ,
1458 3507 1674 3577 quando
1701 3507 1881 3562 eradi-

318 3614 333 3644 l
363 3597 562 3650 caverit
606 3597 868 3650 Dominus
905 3595 1150 3650 inimicos
1207 3596 1394 3660 David,
1441 3611 1879 3668 unumquemque

319 3708 334 3738 ι
363 3687 426 3741 de
464 3695 628 3740 terra.
665 3703 686 3736 ι
719 3684 855 3740 Cum
901 3683 1214 3756 adjungeret
1261 3683 1541 3754 Scriptura
1571 3702 1586 3739 ε
1625 3705 1643 3738 ι
1674 3687 1879 3758 pepigit

319 3797 333 3825 ι
365 3791 490 3847 ergo
513 3775 694 3830 {mdes
720 3774 988 3830 Jonathan
1019 3790 1141 3831 cum
1165 3776 1323 3829 domo
1352 3775 1539 3840 David,
1575 3795 1593 3828 ι
1623 3778 1878 3832 continuo

314 3867 582 3921 subintulit
606 3867 792 3922 dicens
824 3885 836 3920 :
879 3886 896 3918 ι
927 3866 992 3920 Et
1019 3867 1303 3936 requisivit
1324 3867 1584 3921 Dominus
1612 3869 1678 3922 de
1713 3884 1876 3924 manu

319 3975 334 4008 ι
358 3957 690 4011 inimicorum
717 3957 907 4022 David,
927 3977 946 4009 ι
972 3966 1077 4012 etc.
1103 3957 1206 4012 Per
1233 3957 1668 4028 anticipationem
1693 3959 1877 4028 utique

316 4047 451 4114 fecit,
495 4050 652 4118 prius
685 4049 924 4104 historiae
962 4049 1330 4106 interscrendo
1358 4049 1502 4118 quod
1543 4050 1712 4106 multo
1755 4059 1877 4120 post

312 4149 540 4207 tempore
566 4138 774 4192 factum
803 4146 905 4202 est,
932 4152 1076 4200 cum,
1103 4136 1389 4192 interfecto
1420 4125 1602 4202 saule,
1650 4152 1873 4206 regnum

312 4231 371 4284 ad
398 4231 614 4284 domum
645 4230 812 4286 David
841 4229 1156 4285 translatum
1195 4237 1298 4295 est,
1329 4235 1384 4283 et
1409 4228 1500 4298 qui
1533 4228 1874 4284 innocentem

312 4335 422 4374 eum
467 4320 666 4388 injuste
717 4319 1207 4390 persequebantur,
1248 4318 1395 4387 justa
1444 4326 1570 4373 sunt
1616 4319 1875 4373 divinitus

311 4415 504 4468 ultione
548 4413 815 4469 mulctati.
857 4413 988 4468 Cum
1019 4413 1162 4466 cnim
1201 4411 1481 4480 requisivit
1516 4410 1779 4465 Dominus
1808 4412 1876 4465 de

310 4520 461 4558 manu
507 4505 851 4559 inimicorum
896 4503 1067 4559 David
1091 4518 1261 4573 quare
1301 4504 1476 4557 virum
1521 4512 1767 4559 sanctum
1795 4503 1874 4558 af-

309 4597 558 4662 ﬂixerint,
587 4607 714 4652 tunc
736 4598 1065 4668 cogebantur
1091 4596 1351 4651 rationem
1374 4597 1600 4652 reddere
1625 4597 1873 4651 odiorum

306 4689 492 4756 quibus
529 4697 681 4742 tanto
710 4697 949 4758 tempore
978 4696 1165 4742 contra
1207 4687 1355 4742 illum
1383 4689 1685 4744 saevierant.
1721 4689 1875 4756 Quod

311 4787 359 4829 ct
384 4779 446 4832 de
476 4778 740 4843 Ahsalon,
766 4788 821 4833 et
847 4778 912 4833 de
943 4777 1067 4834 Siha
1093 4779 1201 4835 lilio
1228 4779 1447 4846 Bochri,
1473 4790 1530 4836 et
1568 4782 1634 4837 de
1662 4783 1874 4838 cmteris

310 4867 542 4921 uestibus
594 4866 765 4921 David
810 4882 963 4936 mque
1009 4875 1185 4936 potest
1241 4867 1486 4938 intelligi.
1541 4868 1712 4923 Aliter
1755 4887 1768 4922 :
1814 4869 1872 4924 Si

307 4956 440 5009 scire
462 4957 548 5010 vis
565 4957 695 5027 quid
722 4957 789 5012 de
809 4971 969 5010 manu
997 4957 1339 5012 inimicorum
1370 4958 1539 5013 David
1562 4959 1874 5028 requisierit

310 5043 575 5108 llonninus,
604 5054 785 5115 potest
805 5042 944 5117 (nisi
973 5044 1159 5115 fallor)
1189 5047 1243 5099 in
1267 5046 1547 5115 superiore
1581 5047 1868 5112 sententia,

305 5149 405 5202 qua
432 5136 636 5190 dictum
659 5148 743 5191 est
781 5138 925 5206 quod
952 5136 1126 5192 [tedas
1150 5138 1415 5208 pepigerit
1451 5137 1720 5195 Jonathan
1747 5154 1872 5193 cum

304 5227 458 5280 domo
486 5225 675 5291 David,
703 5243 732 5280 a
777 5243 986 5298 pocynu
1034 5226 1390 5299 [posteriori]
1433 5229 1680 5300 intelligi,
1728 5229 1874 5298 quod

304 5316 402 5368 hoc
427 5317 493 5370 de
519 5333 679 5370 manu
720 5318 1063 5371 inimicorum
1112 5317 1278 5372 David
1324 5318 1652 5385 requisierit,
1683 5319 1735 5372 id
1765 5325 1871 5382 est,

304 5418 466 5470 quare
498 5421 604 5459 non
646 5415 700 5460 et
741 5407 838 5478 ipsi
867 5406 1042 5462 Tardus
1069 5423 1191 5462 cum
1220 5423 1283 5462 eo
1310 5409 1460 5477 pacis
1505 5408 1643 5462 inire
1691 5407 1875 5463 volue-

306 5494 429 5557 rint,
472 5510 595 5549 cum
624 5511 732 5563 quo
760 5511 883 5551 esse
912 5496 1196 5550 Dominum
1229 5497 1500 5551 viderunt.
1546 5496 1753 5551 Idcirco
1783 5511 1877 5550 au-

306 5589 409 5634 tem
443 5584 724 5655 Scriptura
773 5586 861 5640 hic
908 5587 1230 5640 sententiam
1269 5587 1408 5642 hanc
1453 5587 1876 5656 prmupando

305 5673 643 5741 interponere
685 5675 918 5737 videtur,
961 5684 1022 5726 ut
1053 5675 1413 5729 testimonium
1457 5675 1720 5737 Jonathae,
1769 5690 1876 5743 quo

306 5763 546 5826 dixerat:
595 5787 612 5816 ι
648 5766 874 5834 Quando
917 5764 1268 5820 cradicaverit
1317 5766 1572 5825 Dominus
1627 5765 1875 5827 inimicos

1982 3309 2124 3365 Deus
2150 3326 2290 3368 unus
2313 3320 2397 3367 est
2423 3312 2600 3385 (Deut.
2624 3316 2700 3388 vi)
2719 3333 2766 3381 ;›
2793 3325 2848 3372 et
2872 3335 2884 3370 :
2917 3337 2934 3368 (
2957 3318 3070 3372 Non
3094 3335 3337 3374 assumes
3365 3335 3560 3376 nomen

1981 3401 2075 3456 Dei
2105 3401 2182 3456 tui
2214 3403 2269 3456 in
2297 3418 2496 3458 vanum
2526 3404 2723 3477 (Exod.
2752 3406 2868 3478 xx).
2907 3427 2926 3460 ι
2979 3407 3113 3463 Nam
3144 3408 3273 3465 Saul
3299 3412 3424 3466 odio
3465 3412 3561 3465 ha-

1979 3492 2112 3547 bens
2134 3493 2332 3559 David,
2376 3494 2519 3550 inter
2545 3497 2730 3565 epulas
2759 3499 2952 3553 sedens
2971 3539 2986 3564 ,
3018 3499 3184 3554 ﬁlium
3214 3515 3334 3555 eum
3364 3501 3554 3555 mortis

1979 3597 2100 3638 esse
2118 3583 2416 3653 judicabat.
2446 3585 2514 3639 Et
2537 3585 2758 3643 Judaica
2789 3590 3036 3657 perﬁdia,
3066 3591 3119 3644 in
3147 3592 3360 3661 paschae
3384 3591 3560 3661 epulis

1979 3672 2292 3738 convivans,
2321 3675 2388 3728 de
2414 3690 2549 3730 nece
2575 3675 2777 3732 Christi
2805 3680 3090 3734 tractabat.
3119 3680 3252 3736 Cum
3283 3698 3410 3750 ergo
3440 3681 3558 3735 illus

1979 3763 2151 3818 xisset
2185 3781 2364 3830 mane,
2393 3768 2542 3821 venit
2568 3766 2829 3824 Jonathas
2867 3771 2922 3824 in
2959 3787 3147 3842 agrum
3187 3770 3342 3839 juxta
3389 3772 3559 3842 placi-

1981 3864 2092 3908 tum
2121 3855 2307 3915 David.
2348 3864 2402 3910 et
2443 3873 2579 3927 puer
2621 3859 2878 3928 parvulus
2924 3875 3047 3916 cum
3084 3876 3168 3916 eo.
3219 3860 3358 3915 Jecit
3397 3877 3558 3916 unam

1979 3947 2250 4017 sagittam,
2270 3946 2403 4015 jecit
2429 3957 2484 4003 et
2511 3950 2691 4004 aliam.
2734 3953 2797 4006 Et
2818 3953 2963 4007 Deus
2991 3953 3174 4018 Pater,
3211 3953 3560 4009 illucescente

1980 4052 2141 4092 mane
2193 4037 2555 4104 credulitatis,
2604 4042 2838 4108 primum
2889 4043 3257 4098 testimonium
3309 4044 3440 4115 legis
3491 4047 3558 4099 de

1977 4127 2196 4183 Christo
2222 4129 2462 4198 protulit.
2493 4128 2696 4185 Deinde
2722 4134 3016 4201 prophetas
3046 4135 3212 4199 misit,
3243 4138 3332 4203 qui
3366 4138 3433 4190 de
3457 4138 3556 4191 ad-

1977 4225 2140 4272 ventu
2171 4216 2288 4284 ejus
2314 4218 2756 4274 testiiicarentur.
2813 4219 2964 4276 Unde
2989 4222 3250 4292 scriptum
3279 4232 3364 4278 est
3389 4244 3401 4278 :
3443 4243 3462 4274 ι
3498 4225 3554 4278 ln

1980 4307 2181 4362 lumine
2213 4307 2393 4376 jacula
2432 4316 2521 4361 tua
2561 4308 2735 4374 ibunt,
2774 4311 2828 4364 in
2866 4312 3154 4380 splendore
3201 4312 3431 4384 fulguris
3463 4330 3555 4368 ar-

1977 4411 2188 4450 morum
2237 4407 2454 4451 tuorum
2490 4397 2803 4471 (Zach.1x).
2847 4421 2864 4453 ι
2919 4401 3146 4473 Collegit
3189 4414 3369 4458 autem
3419 4419 3556 4473 puer

1979 4484 2222 4540 Jonathte
2251 4488 2495 4556 sagittas,
2544 4496 2600 4542 et
2637 4491 2817 4544 attulit
2857 4492 2924 4546 ad
2955 4491 3233 4546 dominum
3280 4509 3458 4558 suum,
3500 4504 3556 4550 et

1901 4552 1953 4611 D
1980 4578 2108 4646 quid
2159 4552 2410 4649 ageretur
2455 4580 2670 4648 penitus
2717 4582 3018 4652 ignorabat.
3069 4583 3162 4640 Sic
3212 4594 3267 4641 et
3297 4552 3554 4643 Judaicus

1978 4668 2225 4738 populus,
2254 4669 2423 4724 libros
2457 4670 2589 4741 legis
2616 4680 2672 4726 et
2701 4674 3088 4743 prophetarum
3122 4685 3367 4746 portans,
3397 4681 3553 4749 quasi

1979 4755 2238 4812 divinitus
2276 4760 2612 4830 conscriptos
2650 4761 2972 4829 honorabat,
3011 4767 3103 4820 sed
3131 4781 3276 4832 eum,
3309 4778 3363 4823 et
3391 4784 3550 4838 quem

1979 4846 2188 4919 Moyses
2221 4858 2276 4904 et
2301 4853 2583 4920 prophetae
2627 4854 2993 4924 signaverant,
3023 4861 3438 4927 praesentialiter
3478 4863 3554 4916 in-

1977 4946 2061 4995 ter
2084 4956 2142 4998 se
2169 4951 2476 4999 manentem
2506 4960 2616 5000 non
2640 4956 2985 5018 cognoverat.

2558 5058 2786 5116 CAPUT
2824 5059 2961 5116 XXI.

1973 5163 2052 5220 De
2087 5185 2146 5222 eo
2184 5167 2326 5252 quod
2345 5168 2481 5252 fugit
2503 5167 2676 5252 David
2717 5169 2787 5223 ad
2813 5170 3136 5252 sacerdotem
3158 5171 3474 5252 Abimelcgh,
3512 5191 3552 5252 la

2043 5255 2146 5319 quo
2179 5247 2359 5308 pastus
2393 5247 2489 5302 est,
2521 5249 2731 5312 propter
2755 5240 2898 5309 quod
2929 5241 3039 5310 ipse
3060 5241 3302 5296 sacerdos
3338 5261 3368 5295 a
3392 5240 3552 5296 Saulo

2046 5307 2514 5382 interfectusestet
2538 5310 2692 5362 turba
2722 5310 3052 5382 {acerdotum
3075 5329 3194 5367 cum
3212 5329 3292 5367 co.
3323 5311 3400 5365 De
3421 5312 3550 5382 fuga

2045 5378 2217 5432 David
2246 5378 2316 5431 ad
2337 5377 2507 5430 Achid
2530 5395 2698 5448 regem
2721 5376 2873 5435 Gelli.

2047 5491 2197 5560 (CAP.
2225 5489 2366 5562 xxi.)
2418 5509 2436 5541 ι
2473 5490 2724 5546 Surrexit
2770 5491 2954 5563 itaque
3000 5494 3172 5548 David
3229 5493 3444 5554 iterum,
3495 5501 3560 5557 et

1981 5601 2001 5634 ι
2045 5582 2182 5653 fugit
2219 5582 2275 5636 in
2311 5583 2396 5636 die
2426 5582 2517 5636 illa
2557 5597 2587 5636 a
2622 5582 2763 5638 facie
2789 5581 2918 5638 Saul
2944 5599 2958 5637 :
2983 5584 3237 5652 venitque
3268 5582 3335 5635 ad
3363 5595 3560 5636 sacer».

1982 5692 2000 5724 ι
2047 5674 2225 5728 dotem
2241 5672 2570 5737 Abimelccli,
2600 5689 2628 5726 a
2654 5688 2762 5742 quo
2786 5681 2840 5727 et
2862 5673 3096 5743 gladium
3117 5671 3283 5726 Goliae
3305 5668 3551 5740 sustulit,‘

1983 5784 2000 5817 ι
2045 5772 2100 5820 ct
2132 5778 2298 5834 panes
2325 5764 2704 5836 propositionis
2749 5764 2978 5834 accepit.
3020 5782 3038 5815 ι
3089 5764 3220 5830 Quae
3254 5776 3341 5816 res
3368 5757 3424 5814 cl
3456 5776 3548 5820 sa--.
