4026 6202
373 395 439 448 59
1014 389 1074 444 Β.
1113 387 1369 446 RABANI
1406 383 1621 440 MAUl'tl
1659 381 1963 438 ARCHIEP,

2064 381 2315 438 ocuxr.
2353 350 2635 440 OPERUM
2676 381 2852 437 PARS
2891 382 2933 435 ι.
3543 381 3610 434 ei

381 525 396 554 ι
445 505 648 558 cerdoti
675 511 900 558 mortem
937 502 1137 566 attulit,
1175 509 1230 554 et
1260 498 1782 553 animadversionem
1812 494 1938 548 reli-
1969 497 2013 553 Α
2042 495 2181 561 apud
2232 509 2412 563 regem
2461 496 2745 563 quemdam
2784 495 2945 556 Geth,
3003 495 3217 547 nomine
3265 493 3454 547 Achis.
3505 494 3612 548 Sed

374 599 538 666 gius-:e
567 595 751 650 intulit
779 595 1007 649 civitati.
1053 593 1237 646 Primo
1281 589 1568 644 videndum
1603 597 1687 641 est
1711 587 1842 655 quid
1871 587 1942 639 sit

375 688 516 756 quod
543 686 708 740 David
730 683 1086 754 interroganti
1101 681 1377 752 respondit
1396 680 1684 742 sacerdoti,
1707 688 1762 732 et
1785 678 1938 732 dixit.

382 797 402 826 ι
453 777 517 831 Et
557 776 775 845 quidem
815 775 860 829 si
891 776 957 828 de
993 773 1308 827 mulieribus
1343 771 1542 841 agitur,
1579 769 1946 824 continuimus

382 887 401 917 ι
450 882 548 922 nos
585 868 654 921 ab
691 865 808 920 heri
839 871 896 918 et
920 863 1342 927 nudiustertius,
1383 861 1599 930 quando
1626 858 1944 928 egredieba-

381 977 401 1006 ε
448 973 590 1022 mur,
617 965 672 1010 et
694 956 914 1010 fuerunt
934 969 1062 1009 vasa
1090 969 1380 1024 puerorum
1418 960 1625 1007 sancta.
1658 969 1678 1002 ι
1712 949 1820 1021 (Ea;
1842 948 1951 1003 He-

379 1045 562 1116 lva-mo.)
603 1044 716 1100 Hoc
737 1058 951 1112 quoque
980 1043 1159 1100 taliter
1188 1043 1362 1111 accipi
1392 1049 1609 1112 potest:
1634 1039 1946 1094 Abimelech

379 1137 678 1204 interrogat
742 1144 924 1188 utrum
978 1133 1146 1187 David
1202 1141 1258 1188 et
1311 1133 1464 1202 pueri
1528 1131 1647 1196 sui,
1695 1146 1831 1200 quos
1893 1130 1947 1183 in

377 1227 526 1280 illum
572 1234 628 1280 et
667 1226 817 1280 illum
861 1225 1039 1280 locum
1063 1225 1386 1279 conduxisse
1423 1239 1481 1277 se
1511 1224 1740 1286 dixerat,
1765 1221 1948 1275 mundi

379 1326 564 1374 essent
593 1359 606 1372 .
663 1318 834 1372 David
860 1333 990 1372 vero
1017 1317 1351 1388 aanigmatice
1377 1315 1652 1385 pluraliter
1680 1315 1746 1368 de
1773 1315 1951 1383 seipso

381 1408 678 1478 respondit,
705 1406 892 1462 dicens
917 1425 928 1459 :
961 1425 980 1457 ι
1011 1407 1078 1461 Et
1107 1406 1322 1462 fuerunt
1351 1420 1479 1459 vasa
1508 1419 1796 1475 puerorum
1828 1419 1951 1458 san-

379 1509 484 1561 cta,
520 1519 537 1550 ι
565 1500 793 1563 scilicet,
823 1514 854 1552 a
880 1499 1168 1554 concubitu
1190 1496 1480 1568 conjugali.
1510 1497 1661 1563 Quod
1688 1511 1817 1551 vero
1843 1495 1948 1549 ait:

385 1609 403 1640 ι
441 1591 608 1655 Porro
633 1590 718 1644 via
748 1590 864 1644 haec
888 1589 1092 1659 polluta
1117 1597 1222 1654 est,
1257 1609 1275 1640 ι
1309 1597 1367 1644 et
1392 1589 1445 1642 in
1471 1588 1696 1642 Hebrazo
1725 1587 1947 1656 legitur:

386 1697 404 1729 s
439 1679 608 1734 Porro
640 1679 722 1732 via
752 1679 868 1733 btec
901 1678 1034 1733 laica
1061 1685 1167 1744 est,
1201 1697 1220 1731 ι
1273 1679 1352 1732 sic
1392 1685 1477 1732 est
1511 1677 1949 1746 intelligendum:

387 1788 406 1818 ι
447 1769 541 1824 Via
566 1770 680 1824 hare
708 1769 845 1824 laica
876 1778 989 1836 est;
1027 1790 1046 1822 ι
1083 1785 1146 1825 ac
1173 1771 1219 1825 si
1251 1757 1455 1826 diceret
1479 1787 1491 1821 :
1514 1769 1572 1824 ln
1603 1769 1720 1838 lege
1747 1783 1952 1838 praece-

381 1868 532 1928 ptum
574 1867 659 1913 est
686 1868 747 1914 ut
776 1832 1071 1914 extraneus
1104 1874 1213 1914 non
1253 1859 1501 1914 comedat
1540 1873 1608 1912 ex
1635 1832 1762 1923 eis;-
1796 1867 1850 1913 et
1895 1865 1952 1911 tu
1981 1832 2028 1890 Β

379 1953 707 2023 interrogas,
762 1961 947 2007 utrum
1000 1951 1189 2007 mundi
1242 1951 1349 2006 sint
1365 1944 1975 2017 pueri,quietiamsiim-

385 2043 570 2096 mundi
618 2050 823 2108 essent,
853 2056 1193 2112 nequaquam
1235 2040 1316 2095 eis
1342 2039 1488 2094 vesci
1527 2039 1826 2094 deberent?
1873 2037 1957 2092 ld-

381 2132 530 2185 circo
571 2131 657 2184 via
706 2131 846 2186 laica
890 2138 996 2195 est,
1040 2129 1170 2200 quia
1220 2137 1278 2182 tu
1319 2127 1586 2183 laicaliter
1630 2125 1954 2197 interrogas.

381 2219 536 2284 Quod
564 2233 692 2272 vero
725 2218 970 2286 sequitur
996 2232 1012 2270 :
1041 2235 1061 2268 ι
1098 2217 1204 2272 Sed
1234 2224 1290 2271 et
1319 2217 1434 2286 ipsa
1462 2217 1621 2270 hodie
1654 2215 1960 2270 sanctifica-

385 2307 530 2361 bitur
573 2306 627 2360 in
661 2306 825 2369 vasis,
864 2325 883 2357 ›
919 2306 1035 2374 ipsa
1063 2305 1250 2372 utique
1277 2304 1331 2357 in
1356 2303 1522 2368 vasis,
1554 2303 1607 2356 id
1635 2311 1739 2367 est,
1777 2310 1961 2357 mente

385 2394 716 2449 sanctificari
766 2394 930 2459 dicit;
981 2393 1108 2463 quia
1162 2393 1265 2446 nisi
1315 2393 1638 2446 necessitate
1686 2391 1956 2461 corporis,

385 2495 441 2542 et
468 2484 709 2552 periculo
734 2484 856 2538 vitae
881 2491 1126 2554 urgente,
1159 2497 1501 2552 nequaquam
1519 2491 1836 2538 vesceretur
1856 2484 1958 2538 eis.

387 2577 496 2648 (Ex
518 2575 774 2647 Isidoro.)
810 2577 877 2629 Et
905 2576 1019 2630 baac
1047 2575 1231 2644 itaque
1255 2584 1532 2646 gestorum
1560 2576 1693 2631 fides
1718 2585 1821 2631 est.
1855 2577 1963 2632 Sed

387 2675 648 2732 quantum
701 2667 768 2720 ad
813 2674 1213 2721 sacramentum
1261 2666 1557 2736 prophetiae
1604 2667 1859 2736 pertinet,
1906 2667 1961 2722 in

385 2757 604 2812 Christo
631 2757 858 2811 Domino
888 2765 1075 2812 nostro
1102 2755 1379 2827 impletum
1408 2764 1512 2810 est.
1544 2755 1644 2823 Qui
1673 2758 1883 2826 positus
1905 2759 1963 2813 in

387 2861 571 2909 carne,
610 2845 735 2900 dum
771 2846 1183 2902 insectationem
1219 2848 1514 2902 declinaret
1549 2845 1846 2914 judaicam,
1895 2847 1964 2903 ad

389 2935 662 3005 apostolos
687 2937 1101 3000 transivit,.cum
1131 2937 1324 3006 quibus
1363 2947 1418 2991 et
1452 2937 1818 2992 desideratum
1861 2937 1965 2992 sibi

389 3029 566 3085 cibum
609 3030 876 3099 sumpsit:
911 3049 929 3080 ‹
957 3030 1234 3085 Desiderio
1278 3030 1425 3085 enim
1451 3031 1780 3086 desideravit
1811 3047 1966 3086 man-

390 3119 588 3175 ducare
629 3123 828 3191 pascha
879 3121 1030 3193 (Luc.
1060 3122 1219 3193 χχιι).
1254 3142 1272 3175 ι
1325 3123 1405 3177 Ex
1445 3123 1641 3192 quibus
1673 3121 1861 3188 Goliaa,
1908 3122 1964 3176 id

383 3214 490 3271 est,
531 3221 681 3260 arma
711 3207 930 3272 diaboli,
963 3207 1178 3262 sustulit
1215 3225 1228 3260 :
1265 3206 1422 3262 fortis
1450 3209 1596 3262 enim
1636 3209 1808 3278 spolia
1849 3209 1964 3277 ipse

391 3297 611 3366 diripuit
637 3297 792 3369 (Luc.
823 3298 924 3368 xi).
975 3299 1070 3353 His
1117 3313 1246 3369 ergo
1279 3313 1310 3352 a
1341 3298 1537 3368 quibus
1585 3307 1835 3368 receptus
1881 3307 1966 3354 est

390 3389 661 3457 Christus,
693 3391 1066 3468 tribulationes
1104 3392 1315 3448 induxit
1341 3393 1588 3448 diabolus
1620 3400 1676 3447 et
1711 3403 1962 3448 mortem.

399 3497 418 3530 ι
455 3479 658 3536 Omnes
689 3482 856 3548 enim,
884 3492 946 3537 ut
975 3484 1051 3538 ait
1072 3483 1382 3554 Apostolus,
1412 3485 1504 3554 qui
1548 3485 1602 3539 in
1631 3483 1851 3540 Christo
1878 3485 1967 3554 pie

395 3571 578 3626 volunt
627 3573 832 3639 vivere,
891 3576 1320 3643 persecutionem
1369 3575 1652 3645 patiuntur
1698 3574 1785 3646 (II
1827 3575 1964 3629 Tim.

395 3662 500 3731 ιιι).
533 3682 553 3715 ι
587 3662 655 3717 Ει
682 3663 972 3719 Dominus:
1007 3684 1027 3717 ι
1067 3663 1124 3719 Si
1155 3680 1261 3729 me,
1294 3665 1492 3735 inquit,
1519 3664 1790 3735 persecuti
1815 3673 1964 3730 sunt,

393 3762 448 3810 et
474 3769 570 3810 vos
597 3764 990 3826 persequentur
1019 3755 1199 3828 (Joan.
1232 3755 1346 3829 xv).
1373 3776 1392 3809 ι

469 3866 488 3894 ε
537 3847 669 3901 Erat
713 3854 893 3902 autem
949 3847 1022 3902 ibi
1066 3848 1283 3916 quidam
1311 3847 1395 3902 vir
1429 3846 1497 3902 de
1533 3847 1705 3901 servis
1733 3845 1862 3900 Saul
1911 3845 1967 3900 in

398 3957 418 3990 s
465 3939 553 3994 die
580 3939 671 3992 illa
699 3939 846 3993 intus
884 3939 937 3992 in
967 3939 1348 4005 tabernaculo,
1379 3947 1434 3994 et
1462 3953 1658 3993 nomen
1682 3938 1799 4008 ejus
1823 3938 1969 4007 Doeg

395 4029 420 4082 ἰ
469 4031 750 4084 Ιάιιιιιωιιε.
795 4049 816 4083 ι
879 4029 989 4101 (Ea:
1024 4029 1290 4101 Hebrwo.)
1343 4030 1401 4085 In
1449 4030 1676 4085 Hebrzeo
1717 4029 1966 4096 habetur,

400 4139 420 4172 ι
468 4121 734 4190 obligatus
767 4121 821 4176 in
859 4129 1150 4192 conspectu
1186 4121 1426 4186 Domini;
1466 4140 1484 4172 ι
1524 4120 1790 4192 obligatus
1826 4121 1966 4176 idem

396 4213 538 4280 Doeg
578 4212 843 4266 ldumaaus
885 4219 1007 4266 erat
1049 4219 1206 4277 voto,
1249 4226 1356 4280 quo
1401 4225 1459 4266 se
1498 4211 1833 4282 obligaverat
1869 4211 1968 4266 ali-

393 4309 525 4370 quot
554 4301 744 4356 diebus
789 4301 845 4355 in
895 4301 1240 4358 tabernaculo
1273 4302 1484 4356 Domini
1535 4302 1968 4366 immoraturum,

393 4402 450 4446 et
489 4391 721 4447 orationi
758 4400 1090 4448 vacaturum.
1146 4393 1292 4463 Doeg
1329 4401 1508 4446 autem
1558 4393 1658 4447 iste
1705 4393 1970 4447 ldumaaus

393 4483 506 4552 (qui
534 4485 884 4550 camelorum,
907 4484 958 4538 id
989 4494 1073 4538 est
1092 4483 1410 4538 infructuosi
1442 4483 1620 4553 gregis
1639 4492 1692 4537 et
1715 4483 1963 4548 tortuosi,
1991 4513 2047 4575 D

394 4584 580 4632 custos
623 4585 762 4641 erat,
793 4584 850 4632 et
881 4577 1290 4644 interpretatur,
1322 4584 1496 4629 motus
1534 4575 1647 4628 sive
1687 4574 1966 4628 sollicitus.

395 4667 487 4734 qui
533 4675 588 4721 et
632 4667 899 4736 percussit
938 4664 1247 4718 Abimelecb
1295 4665 1630 4720 sacerdotem
1679 4678 1964 4732 magnum:

399 4755 546 4825 (nam
589 4755 898 4809 Abimelech
957 4754 1344 4822 interpretatur
1385 4752 1550 4822 frater
1589 4769 1734 4807 meus
1759 4754 1872 4823 rex)
1915 4754 1969 4808 in

399 4844 616 4900 nomine
648 4843 799 4900 Iuda:
825 4843 1117 4914 proditoris
1144 4857 1432 4912 personam
1464 4850 1661 4912 gestat.
1687 4858 1786 4910 per
1809 4858 1970 4913 quem

400 4933 587 4988 fraude
621 4941 808 4988 contra
833 4933 1248 5001 Redemptorem
1289 4941 1556 4997 nostrum,
1591 4933 1683 5002 qui
1720 4949 1847 4989 vere
1876 4950 1970 4990 rex

397 5032 504 5087 est,
553 5032 809 5094 operatus
851 5022 1117 5089 diabolus,
1164 5031 1245 5088 ιιι,
1294 5021 1410 5091 ejus
1456 5023 1760 5092 proditione
1807 5024 1972 5091 facta,

398 5114 564 5168 etiam
607 5123 794 5184 postea
828 5115 1258 5184 persecutionem
1296 5114 1535 5170 Ecclesia
1577 5123 1872 5185 pateretur,
1921 5125 1977 5172 et

396 5203 779 5258 occiderentur
817 5203 1199 5274 quamplurimi
1241 5204 1486 5274 discipuli
1525 5203 1750 5271 Christi,
1795 5213 1850 5261 ct
1880 5221 1974 5260 sa-

400 5293 671 5359 cerdotes,
707 5301 765 5348 et
798 5309 900 5365 pro
936 5295 1151 5350 nomine
1189 5295 1305 5366 ejus
1333 5296 1742 5365 persecutiones
1767 5299 1977 5366 gravis-

400 5381 570 5437 simas
611 5383 933 5453 perferrent.
1003 5384 1111 5440 Sed
1157 5386 1212 5439 in
1270 5387 1430 5441 domo
1472 5386 1783 5443 Abimelech
1829 5390 1978 5445 solus

402 5474 667 5530 Abiatbar
711 5475 962 5546 princeps
999 5479 1340 5533 sacerdotum
1388 5495 1418 5532 a
1453 5490 1799 5549 persecutore
1849 5480 1977 5536 Saul

403 5565 660 5621 immunis
713 5573 830 5632 est,
882 5567 1007 5637 quia
1065 5585 1222 5623 nemo
1282 5579 1461 5640 potest
1516 5586 1716 5626 nocere
1760 5571 1978 5627 Christo

404 5653 633 5724 principi
659 5658 1017 5722 sacerdotum,
1047 5659 1139 5728 qui
1167 5659 1341 5714 victor
1376 5659 1443 5714 ad
1475 5661 1642 5716 cmlos
1675 5663 1939 5718 ascendit.

476 5745 686 5806 Interea
724 5748 915 5818 David,
963 5767 1084 5808 cum
1135 5753 1346 5822 fugeret
1395 5753 1548 5822 Saul,
1599 5755 1765 5812 latere
1811 5759 1979 5814 voluit

2044 598 2164 637 cum
2187 584 2357 653 gloria
2383 582 2499 648 ejus
2525 585 2605 638 sic
2633 583 2820 638 fuisset
2848 592 3294 644 commemorata,
3326 598 3392 636 nc
3420 598 3517 652 per
3547 585 3613 638 li-

2043 689 2226 728 vorem
2256 691 2350 728 rex
2385 675 2454 729 ad
2481 690 2641 744 quem
2679 673 2995 744 confugerat
3026 676 3078 728 in
3106 689 3226 728 eum
3258 675 3458 742 aliquid
3490 675 3613 728 mali

2045 765 2465 830 machinaretur,
2495 766 2648 819 finxit
2673 765 2954 830 insaniam,
2981 775 3057 828 et,
3085 767 3238 834 quasi
3267 765 3448 821 furore
3502 785 3618 822 cor-

2047 863 2250 922 reptus,
2288 874 2306 906 ι
2336 857 2565 910 mutavit
2593 873 2654 910 os
2679 873 2855 922 suum,
2897 857 3306 926 delluebantque
3335 859 3518 913 salivae
3565 861 3618 914 in

2053 962 2072 995 ι
2120 945 2340 999 barbam
2367 945 2504 1013 ejus,
2536 947 3014 1018 collabebaturque
3045 950 3099 1003 in
3129 950 3378 1005 manibus
3405 965 3615 1016 eorum,

2055 1052 2073 1085 ι
2118 1042 2174 1089 et
2197 1037 2509 1102 procidebat
2537 1037 2602 1090 ad
2633 1038 2771 1091 ostia
2797 1045 2984 1106 portas.
3021 1057 3039 1090 ι

2126 1143 2145 1176 ι
2193 1127 2261 1180 Ει
2342 1127 2479 1182 dixit
2527 1125 2692 1182 Achis
2737 1147 2751 1180 :
2801 1128 2940 1194 Quid
2990 1129 3095 1184 hnc
3140 1129 3273 1184 mihi
3325 1129 3624 1186 adduxistis

2057 1235 2075 1266 ε
2120 1217 2319 1271 istum?
2369 1217 2621 1288 Nunquid
2667 1219 2891 1272 deerant
2934 1220 3089 1274 nobis
3146 1217 3369 1274 furiosi?
3430 1220 3498 1274 Et
3545 1222 3624 1276 sic

2056 1325 2074 1358 ι
2121 1322 2242 1361 enm
2275 1307 2496 1362 dimisit.
2543 1327 2561 1359 ι
2585 1307 2712 1377 (Ex
2759 1308 3012 1379 Isidoro.)
3034 1309 3199 1364 Achis
3230 1309 3619 1378 interpretatur

2050 1400 2306 1468 quomodo
2350 1413 2446 1466 est,
2492 1417 2590 1472 per
2631 1404 2776 1471 quod
2818 1403 3155 1473 significatur
3201 1403 3526 1473 ignorantia,
3564 1412 3622 1457 et

2052 1490 2275 1544 verbum
2318 1493 2566 1548 mirantis
2597 1503 2651 1548 et
2681 1493 3044 1564 agnoscentis,
3075 1493 3218 1562 quod
3262 1494 3316 1546 in
3344 1502 3501 1564 gente
3525 1491 3622 1545 Ju-

2053 1582 2287 1637 dzeorum
2323 1584 2600 1653 impletum
2629 1593 2731 1639 est.
2759 1585 2862 1651 Qui
2891 1585 3017 1640 dum
3046 1585 3321 1640 Christum
3352 1585 3625 1646 viderunt,

2053 1688 2160 1727 non
2197 1684 2548 1744 agnoverunt,
2587 1691 2770 1730 coram
2817 1675 3015 1744 quibus
3044 1675 3274 1728 mutavit
3299 1689 3361 1729 os
3389 1690 3544 1729 suum
3574 1683 3629 1728 et

2057 1764 2206 1818 abiit.
2255 1765 2427 1818 Erant
2463 1766 2605 1820 enim
2647 1766 2718 1820 ibi
2750 1773 3020 1835 praecepta
3064 1765 3198 1834 legis
3235 1765 3490 1828 carnalia,
3513 1774 3630 1818 erat

2056 1855 2382 1909 sacrificium
2417 1857 2710 1910 secundum
2737 1856 2937 1921 Aaron,
2967 1864 3022 1911 et
3051 1866 3236 1926 postea
3269 1858 3386 1927 ipse
3417 1857 3482 1911 de
3511 1872 3630 1912 cor-

2056 1959 2186 2014 pore
2210 1953 2264 1999 et
2289 1945 2551 2014 sanguine
2577 1960 2676 2000 suo
2705 1947 2940 2000 instituit
2973 1947 3301 2002 sacrificium
3333 1947 3628 2001 secundum

2056 2034 2300 2088 ordinem
2331 2034 2744 2090 Melchisedech.
2799 2036 3025 2091 Mutavit
3069 2052 3130 2091 os
3169 2053 3323 2092 suum
3366 2038 3418 2091 in
3461 2053 3632 2092 sacer-

2058 2122 2226 2186 dotio,
2259 2125 2488 2178 mutavit
2535 2125 2588 2178 in
2619 2126 2925 2194 praeceptis,
2956 2125 3090 2180 dans
3141 2127 3287 2180 aliud
3314 2126 3631 2180 Testamen-

2059 2219 2194 2276 tum,
2244 2223 2504 2267 evacuata
2535 2205 2738 2268 carnali
2785 2217 3119 2284 operatione,
3165 2223 3326 2284 atque
3369 2215 3634 2284 collapsus

2059 2309 2144 2356 est
2186 2303 2242 2356 in
2269 2303 2516 2358 manibus
2544 2319 2730 2358 eorum
2763 2305 2981 2375 quando
3024 2320 3148 2360 eum
3179 2306 3634 2374 comprehenden-

2061 2399 2144 2446 tes
2173 2393 2574 2448 crucifixernnt.
2605 2395 2674 2448 Et
2700 2395 3016 2465 procidebat
3043 2396 3110 2450 ad
3138 2397 3334 2450 ostium
3363 2406 3548 2466 portae,
3582 2397 3632 2450 id

2061 2495 2146 2541 est
2189 2485 2507 2541 humiliabat
2547 2503 2624 2542 se.
2677 2488 2792 2544 Hoc
2836 2498 2920 2544 est
2963 2489 3105 2544 enim
3134 2489 3418 2558 procidere
3465 2504 3635 2558 usque

2063 2579 2129 2633 ad
2157 2580 2354 2634 ostium
2385 2578 2506 2633 fidei
2538 2587 2736 2634 nostrae
2762 2598 2775 2633 ε
2801 2582 2998 2635 ostium
3025 2581 3171 2636 enim
3200 2591 3389 2652 μοι-ιω,
3421 2582 3634 2635 initium

2063 2675 2147 2722 est
2175 2667 2318 2720 fidei.
2350 2667 2478 2721 Inde
2515 2667 2706 2736 incipit
2730 2668 2991 2734 Ecclesia,
3016 2679 3073 2724 et
3099 2670 3345 2738 pervenit
3372 2686 3543 2738 usque
3569 2671 3640 2726 ad

2065 2758 2322 2828 speciem.
2359 2757 2427 2811 Et
2455 2772 2576 2812 cum
2604 2759 2778 2813 credit
2820 2775 2883 2814 ea
2911 2775 3032 2828 qua:
3076 2777 3184 2815 non
3213 2761 3377 2824 videt,
3408 2763 3638 2816 merebi-

2065 2856 2155 2904 tur
2183 2848 2396 2903 illorum
2422 2847 2648 2918 perfrui,
2671 2865 2795 2904 eum
2824 2865 2946 2903 eum
2976 2849 3112 2905 facie
3140 2851 3206 2905 ad
3235 2850 3426 2906 faciem
3455 2851 3637 2906 videre

2065 2940 2310 3010 cmperit.
2367 2939 2523 3006 Quod
2565 2956 2694 2996 vero
2751 2942 2803 2996 in
2855 2941 2945 2997 illo
2991 2943 3146 3013 quasi
3199 2943 3402 2998 furioso
3455 2944 3637 2998 salivae

2067 3030 2433 3084 decurrebant
2484 3045 2646 3099 super
2698 3030 2921 3086 barbam
2977 3030 3128 3101 ejus,
3184 3033 3472 3103 Apostolus
3523 3035 3636 3089 haec
3701 3094 3709 3101 ,

2067 3117 2262 3187 aperit,
2305 3117 2526 3173 dicens:
2558 3137 2576 3170 ‹
2611 3116 2780 3174 Judaei
2826 3120 2980 3191 signa
3018 3130 3227 3192 petunt.
3255 3131 3310 3178 et
3338 3122 3510 3178 Graeci
3554 3139 3641 3178 sa-

2065 3207 2322 3277 pientiam
2373 3217 2657 3278 quazrunt;
2713 3225 2813 3265 nos
2862 3219 3044 3266 autem
3093 3207 3446 3282 praedicamus
3486 3214 3644 3270 Chri-

2065 3306 2207 3353 stum
2247 3299 2588 3365 cruciﬁxum,
2645 3299 2846 3356 Judazis
2883 3302 3099 3371 quidem
3136 3304 3472 3369 scandalum,
3513 3321 3643 3375 gen-

2066 3389 2211 3445 tibus
2262 3398 2442 3444 autem
2473 3389 2758 3444 stultitiam
2797 3408 2810 3444 :
2858 3391 2988 3461 ipsis
3017 3407 3146 3448 vero
3177 3394 3400 3460 vocatis,
3441 3391 3642 3449 Judmis

2065 3491 2120 3536 et
2148 3479 2374 3548 Grarcis,
2425 3481 2699 3538 Christum
2728 3483 2823 3538 Dei
2877 3485 3153 3551 virtutem,
3189 3494 3244 3540 et
3287 3487 3381 3542 Dei
3427 3488 3638 3557 sapien-

2071 3575 2234 3641 tiam;
2286 3576 2413 3644 quia
2473 3577 2616 3644 quod
2665 3576 2889 3631 stultum
2940 3586 3025 3632 est
3077 3577 3200 3644 Dei,
3249 3579 3512 3648 sapientia
3558 3589 3643 3634 cst

2066 3664 2375 3719 hominibus
2426 3664 2490 3736 (I
2528 3663 2651 3719 Cor.
2689 3665 2766 3736 ι).
2828 3684 2847 3717 ι
2909 3665 3104 3721 Saliva:
3153 3667 3294 3721 enim
3339 3667 3645 3736 significant

2067 3754 2458 3809 infirmitatem.
2491 3755 2597 3810 Sed
2626 3756 2749 3825 quia
2775 3755 2998 3810 stultum
3029 3757 3124 3811 Dei
3149 3756 3342 3812 fortius
3364 3764 3447 3811 est
3470 3758 3642 3820 homi-

2066 3847 2224 3901 nibus
2248 3863 2260 3899 :
2286 3855 2408 3901 nota
2435 3847 2560 3916 quia
2587 3847 2767 3902 saliva:
2795 3847 3100 3912 ostendant,
3131 3847 3228 3903 sed
3252 3847 3492 3911 attende,
3517 3847 3640 3917 quia

2067 3953 2231 4008 super
2253 3937 2479 3992 barbam
2519 3939 2832 3994 decurrunt.
2883 3939 3161 4006 Quomodo
3187 3939 3332 3994 enim
3380 3939 3434 3992 in
3463 3938 3646 3997 salivis

2069 4031 2374 4097 infirmitas,
2405 4031 2485 4086 sic
2509 4032 2562 4086 in
2593 4031 2761 4086 barba
2788 4031 2960 4088 virtus
2986 4031 3308 4087 ostenditur.
3339 4030 3494 4085 Texit
3517 4047 3646 4101 ergo

2067 4122 2324 4178 virtutem
2375 4140 2529 4179 suam
2572 4139 2798 4192 corpore
2844 4123 3175 4178 infirmitatis
3220 4139 3331 4178 sure
3378 4139 3391 4175 :
3436 4131 3492 4178 et
3521 4124 3646 4192 quia

2070 4212 2371 4269 forinsecus
2405 4215 2798 4276 infirmabatur,
2830 4222 3088 4284 tanquam
3142 4214 3194 4268 in
3225 4213 3391 4268 saliva
3419 4228 3645 4283 appareo

2069 4304 2194 4369 bat;
2253 4304 2402 4359 intus
2444 4313 2623 4359 autem
2671 4303 2850 4358 divina
2905 4305 3096 4368 virtus,
3150 4311 3405 4374 tanquam
3456 4303 3646 4367 barba,

2070 4395 2372 4466 tegebatur.

2645 4484 2872 4541 CAPUT
2920 4483 3084 4542 XXII.

2081 4594 2157 4649 De
2195 4609 2253 4648 eo
2289 4594 2428 4664 quod
2469 4593 2638 4647 David
2674 4595 2804 4664 fugit
2845 4596 2900 4648 in
2939 4593 3235 4664 speluncam
3266 4591 3530 4654 Odollam,
3562 4593 3649 4664 ubi

2146 4610 2157 4648 ε
2195 4610 2253 4648 eo
2362 4610 2426 4647 oa
2469 4610 2637 4647 uama
2674 4610 2804 4664 [agit
2845 4612 2900 4648 ιη
2939 4610 3235 4664 spetuncam
3266 4610 3530 4654 uacuam,
3563 4610 3649 4645 um

2146 4681 2263 4719 eum
2289 4610 2622 4745 fratresejus
2659 4676 2705 4744 et
2733 4665 2898 4745 omnis
2922 4666 3105 4718 domus
3139 4665 3303 4733 patris
3336 4664 3450 4745 ejus
3475 4663 3651 4716 visita—

2149 4733 2349 4799 vermtt,
2370 4744 2416 4787 et
2443 4733 2539 4788 alii
2561 4733 2774 4803 plurimi
2810 4734 2878 4786 ad
2899 4751 3016 4787 eum
3046 4741 3408 4787 convenerunt.

2147 4848 2298 4919 (CAP.
2328 4849 2488 4918 xm.)
2521 4867 2539 4900 ι
2567 4847 2726 4917 Fugit
2759 4847 2928 4902 David
2965 4848 3017 4902 in
3047 4847 3355 4916 speluncam
3382 4845 3647 4910 Odollam,

2083 4958 2101 4991 ‹
2146 4939 2233 4993 ubi
2267 4955 2390 4993 eum
2425 4937 2622 4992 fratres
2655 4935 2794 5005 ejus,
2821 4948 2877 4990 et
2905 4938 3082 4992 omnis
3111 4937 3301 4991 domus
3329 4935 3501 5005 patris
3537 4934 3657 5004 ejus

2081 5049 2099 5082 ι
2143 5030 2516 5094 visitaverunt,
2565 5037 2622 5084 ct
2661 5038 3032 5084 convenerunt
3077 5027 3143 5083 ad
3173 5042 3296 5082 eum
3343 5044 3532 5084 omnes
3556 5031 3651 5098 qui

2080 5144 2100 5178 ι
2145 5133 2301 5181 erant
2358 5125 2412 5179 in
2467 5123 2714 5194 angustia
2771 5122 3070 5188 constituti,
3133 5129 3188 5176 et
3250 5121 3488 5190 oppressi
3544 5133 3653 5172 aare

2083 5234 2101 5267 ς
2145 5215 2340 5280 alieno,
2397 5222 2454 5268 ct
2504 5229 2690 5268 amaro
2727 5213 2930 5277 animo,
2986 5220 3045 5268 et
3095 5212 3270 5268 factus
3326 5221 3410 5267 est
3461 5227 3651 5266 eorum

2083 5325 2102 5357 ‹
2146 5305 2415 5374 princeps,
2450 5324 2468 5357 ι
2510 5312 2616 5358 etc.
2653 5303 2788 5370 Quid
2825 5311 2908 5358 est
2938 5303 3083 5373 quod
3111 5303 3278 5364 David
3309 5310 3559 5357 manente
3600 5302 3652 5355 in

2075 5395 2352 5464 spelunca,
2395 5402 2658 5448 venerunt
2701 5395 2770 5448 ad
2819 5409 2942 5448 eum
2989 5393 3190 5449 fratres
3221 5393 3360 5461 ejus,
3399 5399 3452 5447 ct
3475 5393 3652 5447 omnis

2077 5485 2270 5540 domus
2295 5485 2465 5554 patris
2490 5483 2644 5552 ejus?
2666 5483 2781 5541 Hoc
2823 5493 2926 5551 est,
2955 5485 3030 5539 illi
3061 5485 3152 5552 qui
3180 5499 3249 5537 ex
3280 5482 3565 5553 Synagoga
3597 5483 3650 5536 in

2076 5593 2200 5634 eum
2228 5578 2584 5640 crediderunt,
2614 5587 2880 5632 venerunt
2907 5577 2973 5631 ad
3002 5576 3171 5630 illum.
3195 5576 3260 5628 Et
3283 5582 3653 5630 convenerunt

2079 5669 2146 5724 ad
2175 5683 2296 5722 eum
2337 5680 2524 5722 omnes
2549 5667 2642 5736 qui
2679 5675 2838 5722 erant
2884 5667 2938 5720 in
2985 5665 3233 5736 angustia
3284 5664 3564 5719 constituti
3599 5672 3651 5717 et

2081 5759 2322 5831 oppressi
2353 5774 2459 5814 mre
2486 5757 2678 5813 alieno.
2713 5757 2825 5812 Hoc
2851 5765 2935 5813 est
2968 5758 3110 5827 quod
3138 5758 3252 5827 ipse
3287 5761 3352 5815 ad
3385 5775 3443 5814 se
3470 5756 3653 5811 venire
