4026 6202
388 387 457 442 63
1018 385 1078 439 Β.
1122 381 1374 439 ΒΑΒΑΝΙ
1413 381 1631 439 MAURl
1670 377 1956 436 Αῐιοιιιεῐ

2056 378 2338 436 ΙΟϐυΝΤ.
2380 378 2665 436 OPERUM
2706 379 2884 436 PARS
2925 381 2964 434 l.
3547 385 3614 440 64

378 507 522 556 esset
559 497 614 552 in
641 497 892 567 spelunca
928 498 1130 562 carnis,
1159 505 1560 567 persecutorem
1596 495 1851 566 populum
1893 493 1946 547 in
1976 491 2027 550 Α
2057 507 2077 540 ‹
2124 491 2408 546 universus
2435 490 2615 555 lsrael,
2635 498 2690 546 et
2717 491 3042 561 planxerunt
3059 507 3202 558 eum,
3231 505 3288 548 et
3305 495 3634 564 sepelierunt

380 597 644 658 potestate
692 589 912 652 habuit,
961 597 1016 642 et
1057 603 1163 642 non
1209 588 1432 642 accidit.
1483 587 1756 656 Scriptum
1807 585 1953 640 enim

379 687 499 731 erat
527 678 595 732 de
621 678 702 732 eis
728 694 826 747 per
852 677 1169 746 prophetam
1194 694 1207 728 :
1236 695 1255 727 ι
1286 675 1363 730 Ne
1396 677 1663 731 occideris
1691 691 1786 731 eos
1815 674 1954 744 (εἶεν.

381 767 512 837 xu).
529 786 545 816 ι
576 767 816 834 Denique
831 766 999 820 David
1021 767 1392 820 tantummodo
1419 767 1786 820 summitatem
1811 765 1958 820 ebla-

382 859 556 928 mydis
585 857 699 925 ejus
727 858 947 912 silcnter
971 858 1218 916 abscidit.
1251 866 1312 911 ut
1338 859 1647 912 ostenderet
1673 858 1956 927 prophetia

381 948 653 1002 Christum
681 948 896 1002 Iudaeos
930 963 1036 1002 non
1068 947 1349 1008 occidisse,
1381 949 1475 1001 sed
1506 947 1586 1001 eis
1623 955 1828 1000 tantum
1872 961 1959 1000 re-

385 1042 471 1107 gni
501 1040 727 1110 gloriam
764 1038 1074 1102 abstulisse,
1124 1039 1309 1107 sicque
1337 1054 1432 1093 eos
1461 1055 1558 1108 pro
1584 1040 1958 1106 persecutione

380 1147 474 1184 sua
502 1144 703 1184 vacuos
741 1130 870 1185 sede
909 1129 994 1182 vel
1037 1130 1265 1198 imperio
1297 1129 1602 1198 reliquisse.
1647 1128 1958 1199 Cblamydis

379 1221 523 1274 enim
563 1221 796 1275 abscisio
833 1221 984 1290 regni
1011 1229 1098 1275 est
1138 1222 1454 1292 amputatio.
1509 1220 1622 1275 Hoc
1653 1221 1815 1275 etiam
1853 1221 1959 1275 alio

381 1312 500 1365 loco
549 1312 688 1366 idem
718 1311 845 1365 Saul
885 1328 1006 1366 cum
1053 1327 1152 1380 per
1199 1312 1617 1366 inobedientiam
1657 1319 1955 1380 peccasset,

382 1407 637 1458 ostendit.
685 1405 819 1458 Nam
861 1420 982 1459 cum
1011 1406 1222 1459 veniam
1255 1415 1588 1474 precaretur,
1640 1413 1960 1474 rogaretque

385 1497 690 1578 Samuelcm
730 1506 791 1551 ut
830 1506 1194 1552 reverteretur
1237 1514 1360 1553 cum
1409 1497 1500 1552 illo
1541 1497 1608 1552 ad
1639 1497 1959 1566 placandum

387 1589 573 1651 Deum,
603 1597 658 1642 et
691 1587 972 1651 noluisset,
1018 1597 1179 1656 atque
1209 1597 1530 1642 convertens
1569 1587 1761 1641 faciem
1806 1602 1958 1640 suam

384 1677 578 1738 abiret,
620 1678 794 1731 tenuit
843 1675 972 1731 Saul
1022 1677 1301 1746 pinnulam
1350 1677 1657 1731 vestimenti
1711 1675 1851 1744 ejus,
1905 1684 1962 1730 et

387 1768 618 1836 disrupit
648 1784 788 1833 eam,
823 1778 878 1824 et
919 1769 1053 1822 dixit
1099 1769 1166 1823 ad
1211 1784 1337 1824 eum
1364 1768 1619 1826 Samuel:
1672 1789 1689 1819 c
1721 1769 1959 1839 Disrupit

388 1857 642 1913 Dominus
672 1873 896 1930 regnum
920 1858 1083 1913 Israel
1113 1859 1179 1913 de
1207 1875 1370 1913 manu
1399 1868 1486 1914 tua
1514 1859 1695 1924 hodie,
1728 1869 1783 1914 et
1809 1860 1960 1914 dabit

386 1948 514 2002 illud
553 1950 800 2018 proximo
837 1959 947 2016 tuo,
989 1957 1044 2004 et
1081 1950 1351 2005 dividetur
1385 1950 1550 2005 Israel
1594 1951 1646 2004 in
1687 1951 1822 2005 duos
1863 1965 1959 2020 po-

388 2039 540 2107 pulos
567 2038 618 2110 (I
648 2039 771 2110 Reg.
804 2041 916 2110 xv).
955 2060 974 2093 ι
1010 2040 1150 2109 Ergo
1173 2054 1264 2096 rex
1295 2041 1396 2096 iste
1422 2056 1710 2110 personam
1733 2040 1959 2109 ﬁgurate

382 2129 602 2199 gerebat
628 2129 953 2194 Iudaeorum,
983 2130 1296 2201 signiﬁcans
1321 2131 1464 2200 quod
1509 2130 1633 2185 inde
1659 2131 1958 2185 amissurus

382 2229 498 2275 erat
539 2237 762 2292 regnum
791 2221 921 2276 dum
949 2222 1292 2292 persequitur
1326 2221 1622 2276 Christum.
1669 2221 1801 2276 ltem
1839 2237 1955 2276 mo-

385 2313 571 2368 raliter
599 2312 757 2381 hujus
787 2315 865 2369 rei
891 2321 1101 2385 gestum
1143 2315 1189 2368 si
1218 2314 1339 2382 quis
1365 2313 1660 2382 quaesierit,
1705 2313 1779 2367 ita
1815 2312 1960 2366 acci-

384 2418 511 2471 pere
544 2410 741 2472 potest,
771 2410 827 2456 ut
856 2419 955 2472 per
981 2401 1111 2456 Saul
1145 2402 1272 2458 mali
1317 2412 1557 2458 rectores
1583 2401 1953 2472 designentur.

384 2493 493 2562 (Ea:
539 2492 840 2564 Gregorio.)
911 2492 1042 2548 Saul
1091 2493 1254 2563 igitur
1300 2502 1544 2550 ventrem
1596 2507 1824 2563 purgare
1875 2500 1958 2546 est

382 2598 578 2654 pravos
634 2585 951 2653 praepositos
1011 2592 1327 2653 conceptam
1386 2584 1441 2639 in
1489 2585 1652 2638 corde
1696 2583 1957 2636 malitiam

382 2688 554 2742 usque
579 2673 648 2728 ad
675 2688 837 2743 opera
869 2675 1053 2728 miseri
1084 2675 1268 2730 odoris
1292 2675 1608 2739 extendere,
1640 2683 1696 2729 et
1723 2675 1956 2746 cogitata

384 2765 526 2833 apud
558 2778 618 2818 se
645 2765 805 2818 noxia
836 2764 990 2822 factis
1015 2767 1378 2823 exterioribus
1421 2767 1766 2836 exsequendo
1805 2784 1958 2822 mon-

381 2863 576 2908 strare.
608 2854 776 2920 Quem
807 2862 986 2910 tamen
1010 2856 1181 2911 David
1215 2858 1380 2912 ferire
1425 2859 1651 2924 metuit;
1699 2859 1823 2928 quia
1855 2859 1956 2945 pia:

380 2946 716 3001 subditorum
753 2955 964 3004 mentes
991 2950 1059 3004 ab
1087 2951 1234 3004 omni
1265 2966 1324 3005 se
1351 2960 1503 3020 peste
1547 2951 1960 3006 obtrectationis

380 3036 732 3103 abstinentes,
756 3040 1167 3110 prtepositorum
1190 3041 1357 3096 vitam
1385 3042 1533 3095 nullo
1562 3041 1756 3113 lingua:
1782 3041 1958 3112 gladio

379 3130 721 3199 percutiunt,
749 3131 916 3185 etiam
951 3147 1076 3186 cum
1104 3131 1173 3186 de
1215 3131 1620 3202 imperfectiooe
1659 3133 1955 3203 repreheo--

380 3219 532 3272 dunt.
573 3218 676 3289 Qui
718 3228 774 3273 et
807 3220 854 3274 si
894 3221 1109 3290 quando
1158 3231 1378 3290 propter
1426 3222 1794 3278 inﬁrmitatem
1840 3238 1960 3278 sese

381 3309 656 3364 abstinere
699 3309 790 3364 vix
839 3319 1086 3380 possunt,
1134 3319 1194 3365 ut
1231 3321 1474 3368 extrema
1513 3314 1756 3383 quaedam
1797 3324 1961 3384 atque

382 3400 651 3456 esteriora
681 3402 1091 3472 przepositorum
1136 3403 1299 3468 mala,
1329 3405 1423 3459 sed
1468 3413 1649 3459 tamen
1686 3406 1962 3460 humiliter

382 3489 692 3557 loquantur,
729 3491 883 3559 quasi
912 3507 1063 3547 oram
1104 3493 1403 3565 chlamydis
1445 3494 1664 3550 silenter
1695 3496 1955 3552 incidunt.

383 3579 520 3645 Quia
549 3580 800 3634 videlicet
827 3581 953 3635 dum
985 3583 1192 3653 praelati
1223 3585 1470 3654 dignitati
1507 3585 1697 3641 saltem
1740 3587 1959 3643 innoxie

381 3677 434 3722 et
466 3667 698 3724 latenter
721 3669 1001 3741 derogant,
1030 3673 1183 3742 quasi
1212 3674 1354 3742 regis
1379 3676 1702 3744 superpositi
1753 3687 1958 3732 vestem

380 3756 606 3811 findant.
657 3757 765 3813 Sed
814 3767 993 3814 tamen
1038 3762 1105 3816 ad
1152 3765 1472 3834 semetipsos
1521 3765 1766 3831 redeunt,
1795 3782 1958 3835 seque

382 3846 850 3904 vehementissime
882 3849 964 3904 vel
990 3850 1057 3905 de
1090 3852 1405 3907 tenuissima
1433 3854 1584 3908 verbi
1631 3855 1958 3912 laceratione

381 3939 796 4006 reprehendunt.
849 3940 1002 3996 Unde
1048 3950 1103 3997 et
1149 3943 1286 3998 bene
1319 3952 1374 3998 et
1404 3944 1513 3999 illic
1557 3947 1816 4016 scriptum
1843 3958 1952 4004 est:

383 4047 401 4077 ι
435 4027 564 4082 Post
611 4028 724 4082 haec
771 4031 941 4085 David
1001 4034 1267 4101 percussit
1311 4051 1408 4090 cor
1459 4052 1646 4103 suum,
1695 4054 1761 4093 eo
1814 4042 1958 4109 quod

383 4136 398 4166 ι
437 4115 752 4172 abscidisset
792 4135 943 4174 oram
973 4121 1272 4194 chlamydis
1304 4123 1450 4179 Saul.
1491 4146 1509 4178 ι
1565 4127 1731 4183 Facta
1761 4130 1959 4199 quippe

380 4211 785 4280 .arzepositorum
833 4213 946 4268 oris
994 4213 1172 4284 gladio
1212 4215 1456 4272 ferienda
1483 4235 1590 4272 non
1617 4230 1763 4286 sunt,
1793 4221 1954 4275 etiam

377 4317 502 4354 eum
551 4303 991 4371 reprehendenda
1049 4314 1194 4362 certe
1236 4306 1569 4376 judicantur.
1625 4309 1683 4364 Si
1740 4313 1957 4382 quando

379 4407 508 4447 vero
561 4403 750 4448 contra
804 4410 898 4450 eos
949 4396 1030 4450 vel
1088 4399 1141 4452 in
1195 4401 1436 4456 minimis
1494 4402 1675 4473 lingua
1734 4403 1954 4470 labitur,

2062 598 2081 630 ι
2125 595 2249 636 eum
2302 583 2356 636 in
2404 583 2566 637 domo
2608 597 2706 638 sua
2760 583 2814 637 in
2843 584 3128 638 Ramatha.
3179 585 3633 658 Consurgeosque

2062 690 2082 724 ι
2125 673 2298 728 David
2324 673 2603 728 descendit
2637 674 2693 727 in
2719 674 2992 729 desertum
3020 673 3251 740 Pharao,
3291 695 3310 726 ι
3353 686 3460 731 etc.
3525 677 3633 750 (Ea:

2056 761 2423 831 Hieronymo.)
2456 762 2670 816 Pharao
2708 779 2852 818 nunc
2880 771 2964 817 est
2999 764 3255 832 oppidum
3302 772 3458 820 trans
3499 766 3635 821 Ara-

2056 850 2234 915 biam,
2279 851 2525 920 junctum
2575 852 2897 919 Saracenis,
2946 855 3037 924 qui
3085 856 3140 909 in
3183 857 3472 914 solitudine
3510 864 3632 930 vagi

2056 953 2261 998 errant.
2312 944 2418 997 Per
2463 945 2567 999 hoc
2613 945 2718 998 iter
2761 946 3010 1000 fecerunt
3053 947 3147 1000 ﬁlii
3187 947 3375 1013 Israel,
3415 964 3538 1004 cum
3569 951 3635 1005 de

2057 1045 2240 1090 monte
2264 1035 2412 1089 Sinai
2437 1045 2618 1091 castra
2649 1038 2959 1092 movissent.
2990 1038 3083 1091 Est
3108 1053 3237 1109 ergo
3263 1041 3346 1110 (ut
3374 1041 3632 1112 diximus)

2059 1134 2210 1180 trans
2237 1125 2511 1191 Arabiam,
2543 1135 2732 1180 contra
2781 1127 3072 1181 australem
3118 1129 3355 1200 plagam,
3386 1139 3444 1184 et
3468 1131 3635 1185 distat

2057 1219 2126 1272 ab
2151 1217 2268 1270 Aila
2304 1225 2493 1272 contra
2542 1219 2805 1272 orientem
2853 1219 3047 1275 itinere
3091 1220 3255 1274 trium
3293 1221 3524 1276 dierum.
3577 1225 3634 1278 In

2057 1307 2272 1360 deserto
2308 1315 2488 1361 autem
2532 1307 2748 1361 Pharao
2778 1308 3059 1377 Scriptura
3111 1323 3507 1365 commemorat
3542 1315 3635 1366 tta-

2057 1399 2258 1453 bitasse
2284 1398 2584 1453 lsmaelem.
2619 1398 2773 1472 (Gen.
2802 1399 2937 1470 xxi).
2969 1398 3119 1453 Unde
3138 1407 3192 1453 et
3211 1398 3516 1464 lsmaelitze,
3541 1403 3634 1470 qni

2059 1504 2202 1542 nunc
2254 1487 2511 1543 Saraceni
2557 1489 2832 1544 dicuntur.
2908 1487 3162 1558 Legimus
3211 1488 3637 1548 Chodorlaomor

2061 1593 2242 1648 regem
2271 1579 2604 1648 percussisse
2628 1595 2723 1634 eos
2752 1580 2845 1648 qui
2874 1588 3032 1633 erant
3063 1579 3117 1634 in
3149 1580 3364 1635 deserto
3393 1581 3630 1636 Pharao.

2135 1689 2153 1722 ι
2199 1670 2331 1723 Erat
2373 1679 2557 1724 autem
2600 1671 2684 1724 vir
2713 1670 2982 1740 quispiam
3028 1671 3084 1724 in
3125 1670 3412 1726 solitudine
3456 1672 3633 1737 Maoo,

2067 1783 2086 1815 ι
2130 1775 2186 1818 et
2213 1764 2482 1833 possessio
2507 1765 2624 1834 ejus
2655 1766 2708 1819 in
2735 1764 3004 1829 Cat-melo,
3041 1785 3059 1816 ι
3091 1773 3196 1821 etc.
3251 1765 3486 1822 Historia
3515 1785 3636 1837 qua:

1987 1833 2033 1892 Β
2058 1854 2126 1908 de
2155 1854 2324 1908 Nabal
2370 1864 2424 1911 et
2459 1833 2671 1926 Abigail
2716 1871 2886 1910 uxore
2937 1857 3054 1926 ejus
3101 1865 3306 1921 narrat,
3342 1833 3629 1928 mysticum

2059 1945 2389 2000 intellectum
2431 1947 2648 2017 quaerit.
2698 1946 2868 2000 Nabal
2899 1947 3043 2000 enim
3088 1948 3154 2002 de
3181 1963 3288 2016 quo
3315 1947 3518 2002 dictum
3553 1959 3638 2004 est

2056 2039 2199 2108 quod
2246 2039 2330 2092 vir
2381 2040 2548 2094 durus
2592 2046 2648 2094 et
2697 2039 2964 2109 pessimus
3018 2049 3074 2094 et
3123 2039 3424 2094 malitiosus
3469 2049 3634 2105 esset,

2058 2135 2243 2197 typum
2287 2137 2434 2182 tenet
2457 2129 2639 2198 populi
2668 2126 2998 2182 Iudaeorum.
3050 2128 3290 2195 Quorum
3338 2131 3505 2202 aliqui
3534 2148 3637 2186 uva

2056 2219 2216 2280 fellis,
2249 2230 2303 2274 et
2328 2219 2486 2274 botro
2510 2221 2892 2275 amaritudinis
2929 2221 3206 2287 inebriati,
3237 2223 3371 2277 dura
3402 2225 3636 2290 cervice,

2056 2317 2113 2362 et
2169 2309 2564 2364 incircumcisis
2607 2311 2864 2365 cordibus
2912 2325 3125 2381 semper
3171 2311 3397 2382 Spiritui
3451 2323 3640 2368 sancto

2059 2399 2422 2462 resistebant,
2474 2408 2638 2468 atque
2684 2401 2957 2455 carnalem
3013 2417 3232 2456 sensum
3283 2403 3338 2456 in
3387 2402 3502 2474 lege
3549 2418 3640 2458 se-

2057 2501 2303 2562 quentes,
2335 2493 2485 2548 stulti
2515 2493 2644 2548 facti
2687 2503 2831 2547 sunt.
2885 2494 3036 2560 Quod
3065 2496 3200 2550 bene
3244 2511 3438 2550 nomen
3471 2494 3639 2550 Nabal

2057 2582 2334 2651 exprimit.
2387 2582 2785 2653 Interpretatur
2812 2583 2954 2636 enim
2985 2583 3261 2653 insipiens,
3293 2584 3377 2638 vel
3406 2584 3634 2638 dentem.

2061 2671 2214 2727 Unde
2251 2680 2307 2725 et
2346 2672 2626 2727 Christum
2671 2672 3000 2736 venientem,
3043 2681 3100 2726 et
3140 2687 3236 2742 per
3264 2673 3536 2742 apostolos
3569 2674 3640 2727 ab

2058 2762 2139 2816 eis
2166 2761 2518 2817 refectionem
2547 2762 2675 2816 ﬁdei
2720 2773 2777 2816 et
2815 2764 2969 2816 bona:
3014 2764 3346 2832 operationis
3389 2771 3642 2834 expeten-

2060 2861 2193 2918 tem,
2227 2861 2570 2922 respuerant,
2597 2853 2858 2908 dicentes.
2897 2871 2916 2903 ι
2949 2852 3104 2909 Hunc
3133 2864 3317 2908 autem
3343 2854 3639 2917 nescimus,

2059 2945 2203 2999 unde
2231 2945 2333 2998 sit?
2380 2943 2488 2998 Nos
2515 2943 2682 3014 Moysi
2725 2944 2972 3014 discipuli
3023 2961 3209 3000 sumus
3257 2944 3439 3015 (Joan.
3480 2947 3579 3013 Ix).
3613 2964 3634 2998 ι

2059 3035 2269 3108 Abigail
2306 3051 2455 3100 vero,
2495 3036 2561 3091 de
2606 3052 2711 3107 qua
2756 3035 2923 3091 refert
2957 3037 3236 3108 Scriptura
3277 3038 3418 3107 quod
3449 3038 3643 3092 mulier

2059 3129 2478 3197 prudentissima
2510 3136 2565 3182 et
2593 3129 2838 3197 speciosa
2867 3127 3048 3193 fuerit,
3082 3139 3267 3198 typum
3297 3136 3444 3184 tenet
3471 3129 3641 3199 plebis

2064 3219 2227 3283 illius,
2253 3219 2345 3289 qui
2381 3233 2447 3272 ex
2471 3216 2672 3272 Iudaeis
2701 3219 2768 3272 ad
2799 3218 2960 3274 ﬁdem
2991 3219 3240 3274 conversi
3276 3219 3500 3273 Domino
3527 3219 3643 3287 pla-

2058 3325 2184 3364 cere
2210 3317 2546 3364 meruerunt.
2570 3308 2725 3376 Quod
2748 3311 2885 3364 bene
2915 3327 3111 3364 nomen
3124 3309 3334 3381 Abigail
3358 3319 3530 3366 sonat.
3561 3311 3643 3364 ln-

2059 3409 2388 3469 tcrpretatur
2409 3402 2553 3456 enim
2568 3402 2732 3472 patris
2755 3403 2854 3457 mei
2875 3401 3176 3458 exsultatio.
3204 3403 3358 3458 Unde
3389 3411 3444 3458 et
3468 3403 3642 3458 Durni-

2058 3505 2162 3545 nus
2180 3490 2232 3544 io
2249 3490 2544 3562 Evangelio
2557 3490 2708 3545 dicit.
2741 3509 2759 3541 ι
2789 3490 3058 3546 Gaudium
3083 3492 3191 3546 erit
3229 3493 3285 3546 in
3311 3492 3451 3546 caelo
3480 3507 3644 3562 super

2058 3595 2165 3634 uno
2192 3590 2476 3650 peccatore
2499 3582 2871 3652 ptenitentiam
2901 3591 3095 3653 agente
3129 3581 3280 3653 (Luc.
3310 3583 3423 3654 xv).
3462 3602 3482 3634 ι
3517 3582 3643 3638 Haec

2057 3671 2256 3740 srepius
2295 3671 2350 3726 in
2379 3672 2658 3742 prophetis
2686 3682 2740 3726 et
2777 3672 2831 3726 in
2855 3673 3116 3741 apostolis
3145 3688 3242 3742 pro
3268 3673 3442 3726 salute
3464 3673 3643 3744 populi

2054 3758 2266 3815 Judaici
2312 3763 2632 3830 deprecans,
2676 3763 2845 3817 David
2892 3773 3082 3818 nostro
3110 3762 3441 3817 oblationem
3486 3779 3643 3819 acce-

2054 3854 2317 3925 ptabilem
2343 3855 2608 3909 bonorum
2643 3869 2891 3924 operum,
2927 3861 2984 3907 et
3020 3853 3122 3923 pize
3155 3853 3460 3908 devotionis
3488 3853 3645 3907 obtu-

2055 3947 2137 4001 lit.
2177 3947 2348 4011 Quam
2392 3945 2484 4000 ille
2515 3953 2636 4016 post
2674 3954 2902 4000 mortem
2935 3945 3036 3999 viri
3065 3945 3168 4008 sui,
3201 3946 3292 4015 qui
3335 3945 3559 4004 demens
3589 3943 3642 3998 in

2056 4038 2289 4092 stultitia
2309 4052 2405 4091 sua
2430 4037 2614 4107 periit,
2647 4036 2920 4091 asciviLin
2947 4033 3280 4106 conjugiurn,
3317 4044 3374 4089 et
3396 4035 3645 4090 exhibuit

2057 4128 2159 4183 sibi
2211 4143 2464 4198 sponsam
2520 4143 2624 4182 non
2673 4127 2962 4181 habentem
3017 4127 3284 4180 maculam
3332 4135 3423 4180 aut
3453 4141 3642 4197 rugam

2059 4217 2220 4289 (Eph.
2249 4217 2325 4290 v).
2377 4218 2484 4286 (Ea:
2507 4216 2698 4285 Beda.)
2723 4216 2876 4282 Quod
2902 4216 3116 4287 Abigail
3171 4216 3520 4286 interpellans
3547 4231 3644 4284 pro

2057 4327 2118 4367 se
2152 4321 2207 4367 et
2242 4329 2340 4382 pro
2377 4312 2536 4367 domo
2582 4326 2679 4365 sua
2727 4310 2806 4364 ait
2844 4313 2908 4364 ad
2949 4309 3140 4374 David,
3184 4325 3348 4379 quem
3393 4310 3477 4363 vir
3523 4307 3642 4376 ejus

2057 4401 2284 4456 stultitia
2317 4411 2373 4455 et
2396 4401 2659 4455 ebrietate
2693 4399 2903 4468 sopitus
2927 4398 3249 4454 offenderat.

377 4499 598 4539 necesse
639 4495 722 4539 est
760 4495 817 4540 ut
854 4486 1140 4544 aﬂlictione
1173 4491 1504 4560 poenitentia:
1546 4495 1953 4564 comprimatur,
1981 4520 2034 4578 Ι)
2136 4511 2154 4542 ι
2191 4490 2247 4545 Si
2283 4491 2428 4546 enim
2469 4491 2771 4545 surrexerit
2804 4489 3092 4558 aliquando
3127 4489 3644 4558 bomo'persequcns

375 4584 642 4643 quatenus
692 4577 759 4631 ad
817 4580 1160 4648 semetipsum
1214 4581 1430 4643 redeat,
1480 4597 1602 4636 cum
1654 4585 1956 4653 praeposita:

377 4667 630 4733 potestati
681 4667 986 4735 deliquerit,
1039 4668 1260 4737 ejusque
1315 4679 1504 4724 contra
1559 4687 1618 4726 se
1661 4673 1952 4742 judicium,

374 4757 464 4824 qui
492 4757 593 4810 sibi
620 4757 876 4826 przelatus
902 4766 1004 4823 est,
1031 4759 1429 4828 perhorrescat.
1477 4762 1612 4816 Nam
1661 4779 1787 4818 cum
1817 4781 1954 4834 prm-

376 4844 564 4913 positis
611 4845 993 4915 delinquimus,
1027 4846 1140 4915 ejus
1181 4851 1508 4904 ordinationi
1538 4853 1627 4922 qui
1667 4869 1761 4909 eos
1797 4857 1953 4911 nobis

377 4938 628 5005 praetulit,
661 4939 962 4995 obviamus.
1015 4940 1164 4996 Unde
1191 4943 1400 5014 Moyses
1426 4961 1642 5016 quoque
1671 4964 1793 5002 cum
1823 4965 1953 5004 con-

377 5039 457 5084 tra
498 5048 557 5087 se
591 5040 646 5088 et
668 5032 847 5087 Aaron
873 5034 1124 5104 populum
1151 5039 1407 5106 conqueri
1449 5041 1812 5110 cognovisset,
1843 5043 1947 5096 ait:

381 5139 399 5171 ι
441 5119 551 5174 Nos
586 5121 730 5176 enim
757 5123 885 5192 quid
911 5126 1137 5180 sumus?
1185 5125 1294 5181 Nec
1340 5137 1530 5183 contra
1565 5145 1666 5184 nos
1690 5139 1774 5186 est
1801 5147 1952 5185 mur-

378 5227 498 5271 ιιιιιι⁸
528 5219 787 5277 vestrum,
813 5213 908 5267 sed
932 5223 1124 5268 contra
1155 5215 1434 5270 Dominum
1466 5217 1662 5289 (Exod.
1693 5221 1828 5290 va).
1856 5239 1875 5271 ι

967 5324 1195 5382 CAPUT
1234 5327 1399 5383 XXV.

382 5413 456 5478 De
492 5424 658 5468 morte
695 5414 962 5492 Samuelis
1007 5427 1054 5470 et
1091 5418 1156 5492 de
1191 5419 1413 5473 lt'storia
1459 5420 1632 5492 Nabal
1671 5431 1720 5475 et
1742 5423 1949 5492 Abigoil

552 5487 732 5539 uxoris
761 5487 896 5556 ejus,
917 5488 1174 5557 quomodo
1200 5500 1412 5557 egerunt
1436 5507 1554 5543 cum
1579 5491 1766 5545 David.

449 5577 576 5633 Post
621 5579 737 5635 lucc
780 5580 1028 5649 sequitur
1071 5580 1346 5649 Scriptura
1396 5597 1627 5636 narrans
1667 5583 1735 5637 de
1775 5592 1949 5640 morte

380 5666 648 5726 Samuelis
695 5677 749 5725 et
782 5670 849 5724 de
885 5670 1005 5740 fuga
1027 5671 1216 5734 David,
1242 5671 1316 5724 ita
1370 5671 1557 5729 dicens
1583 5690 1596 5725 :
1621 5671 1769 5742 (Car.
1798 5675 1948 5747 xxv.)

384 5770 403 5807 ι
452 5754 687 5814 Mortuus
739 5767 822 5814 est
869 5768 1048 5815 autem
1087 5759 1335 5826 Samuel,
1375 5770 1430 5816 et
1471 5773 1829 5834 congregatus
1867 5775 1947 5820 est

2064 4599 2082 4630 ι
2110 4589 2184 4643 te,
2215 4586 2272 4632 et
2308 4595 2559 4649 quaerens
2603 4579 2843 4632 animam
2886 4588 3053 4643 tuam,
3082 4579 3187 4632 erit
3214 4578 3396 4631 anima
3427 4578 3638 4632 Domini

2063 4690 2079 4722 ι
2110 4671 2214 4725 mei
2254 4672 2545 4735 custodita,
2575 4671 2732 4740 quasi
2781 4669 2836 4724 in
2883 4669 3142 4724 fasciculo
3175 4669 3470 4724 viventium
3501 4667 3642 4735 apud

2061 4782 2078 4814 ι
2111 4763 2396 4818 Dominum
2424 4764 2593 4818 Deum
2625 4772 2798 4816 tuum.
2855 4759 3024 4814 Porro
3069 4759 3251 4814 anima
3298 4759 3641 4812 inimicorum

2059 4873 2076 4906 ι
2108 4863 2323 4910 tuorum
2354 4855 2621 4910 rotabitur
2637 4853 2788 4922 quasi
2814 4853 2868 4907 in
2901 4852 3103 4922 impetu
3129 4859 3184 4905 et
3209 4850 3412 4906 circulo
3439 4847 3640 4912 fundae,

2058 4965 2077 4996 ι
2098 4954 2226 5008 etc.;
2257 4965 2275 4997 ι
2306 4946 2672 5016 pulcherrima
2713 4945 3116 5012 comparatione
3141 4951 3342 4997 statum
3367 4942 3640 5012 justorum

2053 5054 2084 5092 a
2121 5039 2476 5108 reproborum
2513 5046 2660 5093 sorte
2696 5037 2978 5092 discernit.
3026 5035 3229 5090 Horum
3271 5035 3472 5104 quippe
3515 5033 3634 5086 ani-

2056 5144 2174 5183 mas
2201 5128 2434 5198 appellat
2457 5129 2722 5190 viventes,
2754 5135 2813 5182 ut
2859 5127 3074 5182 illorum
3103 5141 3135 5180 e
3169 5126 3450 5180 contrario
3475 5123 3641 5192 spiri-

2057 5220 2149 5273 tali
2185 5229 2359 5274 morte
2402 5228 2811 5289 praeoccupatas
2859 5219 3116 5281 insinuet,
3163 5215 3320 5285 juxta
3362 5215 3489 5269 illud
3521 5228 3642 5282 pro-

2052 5309 2266 5378 phetae:
2296 5327 2313 5360 ι
2371 5307 2567 5362 Anima
2625 5323 2746 5377 qua:
2799 5307 3151 5378 peccaverit,
3210 5305 3327 5374 ipsa
3379 5303 3642 5356 morietur

2052 5399 2266 5470 (Ezech.
2292 5398 2470 5470 xvtn).
2493 5417 2512 5450 ι
2546 5398 2656 5453 llos
2683 5398 2966 5464 fasciculo,
2999 5398 3119 5455 illos
3156 5397 3321 5467 lapidi
3351 5394 3530 5449 funda:
3553 5408 3641 5448 as-

2049 5489 2271 5544 similat.
2321 5489 2633 5546 Fasciculus
2673 5491 2818 5545 enim
2867 5489 3280 5559 constringitur,
3329 5494 3390 5540 ut
3432 5485 3640 5552 integer

2051 5589 2267 5636 maneat
2298 5589 2353 5636 et
2400 5590 2775 5638 conservetur.
2827 5581 2986 5652 Lapis
3035 5581 3087 5634 in
3140 5579 3306 5634 funda
3351 5574 3634 5646 expeditus

2049 5673 2285 5743 ponitur,
2334 5681 2394 5726 ut
2435 5671 2742 5740 abjiciatur.
2791 5672 2884 5728 Sic
2917 5671 3144 5735 etenim,
3181 5670 3262 5725 sic
3300 5670 3352 5724 in
3385 5669 3489 5722 hoc
3527 5679 3630 5719 sre—

2052 5764 2174 5821 culo
2205 5765 2362 5821 electi
2408 5765 2680 5836 pressuris
2724 5763 3132 5818 tribulationum
3183 5764 3636 5832 coangustantur,
