4026 6202
419 261 487 317 ss
1234 261 1572 318 comem
1609 262 1676 316 IN
1716 256 1962 316 LIBROS
2001 256 2068 311 Iv
2111 249 2371 318 τωρωι.
2410 294 2479 304 -
2515 264 2582 319 IN
2619 259 2746 321 LIB.
2788 267 2825 323 l.
3612 273 3677 329 et:

416 386 474 431 ut
491 376 577 431 his
595 374 856 429 admoniti
887 373 1086 428 arctius
1109 389 1166 426 se
1189 376 1252 426 ad
1279 375 1504 427 invicem
1533 383 1717 427 mutua
1739 371 2000 426 charitatc
2029 371 2077 428 Α
2107 378 2192 424 tur
2220 388 2329 442 pra:
2359 375 2573 445 gaudio,
2599 392 2665 431 co
2705 378 2848 447 quod
2879 378 3136 434 Dominus
3166 397 3288 437 cum
3329 383 3676 450 custodisset,

408 460 768 517 conuectant,
796 463 852 508 et
881 453 1177 510 coadunati
1201 453 1267 508 ad
1293 454 1522 509 invicem
1550 470 1714 510 manu
1750 460 1835 513 sui
1877 458 1995 512 lle-

408 543 714 613 demptoris
734 547 787 598 in
803 555 1121 612 perpetuum
1141 553 1554 600 conserventur.
1576 549 1640 599 At
1657 564 1786 602 vero
1805 565 1989 619 repro-

411 638 466 690 bi
483 646 691 706 quanto
711 635 875 698 latius
894 637 947 690 in
972 638 1073 691 hac
1096 636 1204 690 vita
1225 638 1593 706 voluptatibus
1615 641 1984 708 propriis,ve-

413 727 493 781 lut
518 726 698 791 liberi,
715 726 1090 791 dimittuntur,
1111 737 1259 782 tanto
1279 729 1496 798 longius
1517 730 1570 783 in
1598 729 1784 786 futuro
1803 746 1833 784 a
1856 733 1996 787 divi-

413 834 498 873 na:
512 817 744 872 visionis
761 818 932 886 glorla
951 817 1337 886 projiciuntur,
1363 827 1420 872 ut
1438 820 1506 874 de
1525 821 1606 875 eis
1631 823 1825 876 merito
1844 821 1991 878 dica-

412 921 540 965 tur:
579 927 599 960 σ
615 908 678 961 Et
693 910 917 979 quidem
940 909 1039 978 ipsi
1057 909 1128 963 de
1146 924 1314 964 manu
1332 918 1424 964 tua
1441 912 1649 980 expulsi
1669 923 1799 967 sunt
1817 912 1988 984 (Psal.

410 1000 678 1071 unus).
714 1019 734 1053 ι
761 1001 896 1054 Mirc
918 1010 1104 1055 autem
1135 1002 1563 1070 omnipotentem
1593 1005 1997 1073 providentiam

408 1092 674 1149 describit
691 1093 914 1162 superni
928 1092 1188 1163 pectoris,
1205 1108 1331 1147 cum
1353 1093 1730 1149 dicitanimam
1747 1097 1848 1150 viri
1869 1112 1998 1151 sen-

408 1192 506 1252 cti,
523 1189 682 1255 quasi
701 1189 755 1241 in
783 1187 1043 1242 l'asciculo
1065 1187 1386 1256 viventium,
1410 1189 1551 1258 apud
1567 1188 1847 1246 dominum
1868 1207 1991 1248 esse

407 1281 744 1334 custodiam.
762 1277 916 1333 Sicut
929 1280 1073 1334 enim
1091 1279 1410 1334 facillimum
1425 1289 1510 1337 est
1523 1281 1749 1337 cuilibet
1763 1281 1997 1338 fascicu-

410 1375 522 1425 lqu
551 1372 737 1425 herba:
767 1371 853 1424 vel
878 1371 985 1426 feni
1013 1386 1108 1427 sua
1144 1387 1309 1426 manu
1337 1382 1608 1428 retentum
1637 1391 1986 1439 consonare,

410 1466 482 1516 ita
497 1465 682 1519 .virtus
710 1463 923 1518 Domini
953 1473 1006 1519 et
1033 1464 1340 1520 Salvatoris
1366 1465 1540 1520 nostri
1567 1480 1756 1522 omnes
1780 1483 1874 1536 per
1898 1482 1994 1522 or.-

410 1561 534 1612 bem
553 1558 765 1612 electos
788 1558 858 1612 ab
880 1556 1033 1611 initio
1053 1572 1223 1626 usque
1241 1557 1294 1612 in
1318 1556 1480 1611 tinem
1500 1557 1711 1623 saeculi,
1732 1572 1798 1610 ne
1816 1556 1909 1626 qui
1928 1571 1997 1611 ex

407 1649 492 1705 eis
507 1649 612 1702 ulla
628 1649 842 1704 ratione
860 1658 1106 1718 pereant,
1120 1648 1240 1704 sine
1259 1648 1440 1704 labore
1458 1657 1659 1713 tuetur,
1675 1645 1991 1716 juxta,quod
2018 1663 2024 1718 ς

2097 479 2166 518 ne
2194 480 2314 520 eam
2346 476 2608 538 tangeret.

2665 558 2891 615 CAPUT
2923 560 3109 616 XXVI.

2097 663 2252 749 Quod
2280 666 2459 749 David.
2470 669 2672 739 fugiens
2693 689 2724 723 a
2749 672 2884 749 facie
2903 671 3104 749 Saulis,
3134 689 3253 749 cum
3271 685 3391 749 eum
3413 675 3679 729 dormien-

2165 745 2266 790 tem
2295 743 2584 804 reperisset,
2623 757 2725 794 non
2767 743 2978 808 occidit,
3013 743 3103 796 sed
3145 743 3313 797 solam
3363 743 3600 798 lanceam
3629 754 3678 798 et

2165 808 2414 876 scyphum
2441 826 2592 878 aqua:
2623 810 2857 863 abstulit.

2165 915 2316 986 (Cur.
2345 917 2520 988 xxvi.)
2551 938 2567 968 ‹
2595 919 2660 972 Et
2681 927 2946 974 venerunt
2975 920 3159 987 Ziphei
3200 921 3265 974 ad
3312 921 3440 974 Sani
3480 922 3531 975 in
3574 921 3678 976 Ga-

2099 1024 2120 1057 ι
2148 1007 2270 1071 baa,
2295 1008 2572 1062 dicentes:
2601 1009 2743 1062 Ecce
2774 1009 2940 1062 David
2981 1009 3327 1064 absconditus
3348 1021 3430 1066 est
3460 1012 3512 1064 in
3543 1012 3678 1066 colle

2099 1116 2118 1150 ί
2149 1098 2390 1161 Hachila,
2441 1115 2560 1168 qua:
2609 1114 2676 1153 ex
2721 1100 2948 1152 adverso
2980 1100 3303 1154 solitudinis.
3334 1101 3401 1154 Et
3441 1102 3680 1155 surrexit

2099 1206 2116 1237 ε
2149 1188 2302 1254 Saul,
2327 1198 2379 1242 et
2409 1187 2686 1242 descendit
2715 1188 2766 1241 in
2797 1189 3069 1242 desertum
3100 1190 3257 1257 Ziph,
3280 1209 3298 1239 ι
3327 1198 3433 1244 etc.
3476 1191 3676 1244 lterum

2093 1276 2220 1330 item
2251 1277 2415 1330 David
2444 1276 2655 1345 fugiens
2693 1293 2722 1330 a
2749 1275 2889 1330 facie
2915 1276 3042 1330 Saul
3065 1277 3116 1330 in
3147 1286 3324 1332 castra
3360 1279 3524 1344 regis,
3551 1295 3672 1332 cum

2093 1366 2448 1420 dormientem
2477 1367 2808 1432 ollendisset,
2848 1384 2954 1420 non
2981 1368 3268 1436 percussit,
3309 1385 3413 1422 non
3440 1371 3678 1434 occidit;

2093 1455 2187 1508 sed
2214 1454 2386 1508 solam
2407 1455 2673 1519 lanceam,
2697 1472 2817 1524 quae
2848 1457 2914 1510 ad
2945 1465 3108 1526 caput
3144 1455 3261 1524 ejus
3284 1466 3420 1522 erat,
3445 1468 3498 1511 et
3525 1457 3686 1510 lentia

2091 1544 2266 1598 culam
2290 1546 2520 1600 sustulit.
3607 1538 3642 1569 ‘

2167 1654 2185 1686 ι
2215 1635 2616 1692 Dorntientihus
2627 1638 2836 1693 cunctis
2857 1652 3214 1708 egressusque
3232 1653 3262 1691 e
3277 1639 3490 1703 castris,
3508 1646 3681 1693 trans-

407 1741 527 1810 ipse
563 1743 622 1794 in
664 1715 963 1810 Evangelia
982 1740 1083 1795 sub
1111 1739 1283 1811 tlgura
1315 1740 1503 1796 ovium
1527 1741 1594 1795 de
1618 1715 1697 1795 eis
1732 1715 1986 1808 loquens:
2017 1715 2064 1775 Β
2097 1744 2116 1777 ί
2146 1725 2244 1779 ίνίι
2272 1726 2326 1779 in
2350 1728 2628 1782 cacumine
2669 1729 2890 1783 montis.
2917 1748 2934 1779 ι
2979 1731 3088 1800 (Ea:
3108 1730 3359 1801 Isidoro.)
3390 1730 3527 1795 Quid
3553 1742 3689 1798 ergo

410 1850 433 1883 ι
464 1832 529 1886 Et
547 1841 852 1902 sequentur
881 1848 990 1898 me,
1014 1834 1289 1903 inquit,’et
1319 1848 1422 1902 ego
1445 1833 1610 1888 vitam
1643 1845 1898 1888 aeternam
1922 1831 1994 1887 do

2094 1819 2197 1873 hoc
2221 1827 2326 1884 est,
2352 1820 2456 1874 nisi
2487 1821 2631 1889 quod
2654 1821 3120 1890 persequebantur
3147 1822 3420 1876 Christum
3464 1819 3677 1874 Ιιιόωὶῖ

403 1927 514 1992 eis,
579 1935 634 1981 et
682 1939 792 1979 non
817 1926 1078 1995 peribunt
1120 1925 1174 1979 iu
1219 1934 1484 1979 aeternum
1539 1939 1640 1978 nec
1682 1925 1862 1993 capiet
1902 1935 2002 1978 ea;
2094 1909 2200 1964 Sed
2231 1911 2607 1980 persequendo
2653 1911 3014 1976 dormiebant,
3045 1912 3169 1980 quia
3225 1927 3334 1965 non
3386 1910 3681 1982 vigilabant

405 2020 704 2087 quisquam
723 2017 791 2072 de
826 2032 993 2072 manu
1014 2033 1132 2073 mea
1152 2015 1336 2088 (Joan.
1362 2018 1439 2085 x).
1471 2036 1490 2070 ι
1514 2016 1673 2072 Sicut
1694 2015 1997 2071 fasciculus

388 2118 538 2157 unus
563 2097 896 2170 quibuslibet
946 2094 1184 2149 vinculis
1222 2093 1496 2164 alligatur,
1546 2091 1618 2143 ita
1657 2089 1833 2144 omnis
1867 2103 1993 2141 san-

388 2205 607 2248 ctorum
639 2202 839 2256 cretus,
868 2203 976 2243 una
1011 2187 1309 2254 eademque
1344 2183 1467 2246 ﬁde,
1517 2197 1612 2251 spe
1641 2188 1698 2235 et
1723 2180 1991 2235 charitate

385 2285 462 2338 ad
496 2284 736 2337 invicem
786 2277 1196 2347 constringitur,
1253 2289 1358 2329 uno
1393 2272 1589 2327 divina:
1638 2269 1992 2341 protectiouis

387 2375 695 2434 munimine
739 2370 1128 2427 circumdatur.
1183 2367 1266 2421 Ad
1322 2365 1557 2419 litteram
1613 2370 1795 2415 autem
1839 2369 1992 2430 patet

387 2481 630 2523 sensus:
691 2463 820 2534 quia
874 2461 1055 2516 anima
1110 2457 1305 2522 David,
1362 2451 1814 2524 persequentibus
1862 2450 1998 2504 licet.

388 2558 666 2618 hostibus,
695 2552 966 2609 custodita
995 2564 1210 2620 semper
1254 2547 1357 2600 fuit
1395 2547 1449 2600 in
1481 2555 1632 2600 sorte
1669 2543 1990 2598 viventium.-

389 2650 572 2704 Porro
611 2645 816 2702 inimici
842 2644 980 2714 ejus,
1005 2640 1378 2697 insistentibus
1405 2637 1508 2693 sibi
1545 2635 1984 2699 adversitatibus,

385 2743 533 2797 sicut
581 2741 714 2810 lapis
751 2737 916 2793 funda
971 2736 1362 2796 circumactus,
1412 2731 1493 2786 sic
1546 2727 1788 2783 instabili
1836 2735 1986 2782 motu

385 2831 745 2904 perturbandi
771 2839 829 2885 et
859 2829 976 2883 suis
995 2833 1179 2882 essent
1216 2821 1520 2894 expcllendi
1551 2821 1618 2876 de
1641 2818 1865 2884 finibus,
1897 2816 1991 2873 vel

383 2929 554 2983 etiam
591 2923 850 2981 humanis
875 2920 1039 2976 rebus
1069 2915 1373 2972 auferendi.

462 3085 480 3115 ι
509 3061 764 3118 Diluculo
811 3066 990 3112 autem
1038 3069 1162 3110 cum
1211 3050 1526 3123 digessisset
1571 3047 1758 3103 vinum
1792 3043 1984 3109 Nabal,
2015 3069 2059 3132 ρ

386 3177 407 3209 ‹
441 3154 707 3211 indicavit
731 3159 784 3205 et
813 3166 951 3204 uxor
980 3163 1077 3204 sua
1122 3148 1287 3202 verba
1318 3146 1455 3210 haec,
1487 3161 1506 3195 ›
1556 3150 1664 3197 etc.
1709 3139 1817 3213 (Ea:
1854 3137 1986 3192 Gre-

383 3245 583 3319 gorio.)
638 3243 776 3311 Quid
821 3242 977 3296 nobis
1022 3237 1235 3309 Abigail
1264 3251 1361 3307 per
1408 3219 1824 3289 renuntiationis
1875 3245 1986 3287 sua:

384 3339 848 3410 dispensationem
890 3333 1086 3398 innuit,
1138 3329 1240 3384 nisi
1272 3327 1417 3398 quod
1466 3323 1757 3380 iracundos
1795 3321 1987 3376 melius

385 3429 738 3499 corrigimus,
763 3427 809 3481 si
836 3425 891 3478 in
930 3423 1045 3493 ipsa
1077 3421 1172 3475 ira:
1200 3435 1311 3475 sum
1355 3415 1720 3472 commotione
1750 3413 1987 3468 declina-

386 3539 509 3577 mus
529 3526 553 3575 ?
583 3517 895 3575 Pcrturhati
927 3516 1148 3586 quippe,
1176 3511 1305 3582 quid
1329 3509 1549 3564 audiant
1579 3508 1848 3578 ignorant.
1880 3505 1986 3560 Sed

386 3630 510 3668 eum
544 3612 610 3666 ad
667 3627 726 3666 se
778 3609 1027 3671 redeunt,
1081 3612 1232 3658 tanto
1280 3600 1538 3657 libentius
1591 3595 1987 3652 exhortationis

388 3705 554 3760 verba
618 3700 910 3772 recipiunt,
965 3703 1168 3767 quanto
1221 3708 1280 3748 se
1334 3687 1677 3759 tranquillius
1733 3686 1994 3741 toleratosv

385 3795 736 3850 erubescunt.
772 3789 935 3844 Menti
966 3793 1143 3840 autem
1183 3783 1365 3838 furore
1395 3781 1561 3835 ebrire
1589 3794 1749 3834 omne
1776 3785 1975 3835 certum

390 3881 555 3952 (quod
601 3877 822 3949 dicitur)
872 3888 1184 3946 perversum
1236 3871 1472 3926 videtur.
1528 3867 1684 3924 Unde
1731 3877 1786 3921 et
1837 3876 1987 3920 certe

389 3971 559 4028 Nabal
587 3971 744 4026 ebn'o
768 3969 980 4039 culpam
1004 3982 1154 4022 suam
1180 3964 1390 4034 Abigail
1416 3961 1761 4016 laudabiliter
1781 3961 1983 4015 tacuit:

389 4081 576 4136 quam,
603 4064 816 4134 digesto
854 4060 1002 4124 vino,
1047 4057 1390 4112 laudabiliter
1415 4053 1572 4108 dixit.
1606 4050 1812 4106 idcirco
1841 4052 1986 4106 enim

394 4158 595 4212 malum
644 4153 788 4224 quod
820 4152 1026 4224 fecerat
1068 4161 1396 4220 cognoscere
1450 4152 1682 4216 poterat,
1731 4143 1859 4212 quia
1884 4145 1988 4199 hoc

393 4249 576 4305 ebrius
596 4262 704 4301 non
740 4219 962 4299 aud‘it.

468 4401 494 4433 ο
519 4379 652 4434 Saul
696 4385 876 4431 autem
911 4373 1058 4428 dedit
1090 4368 1286 4425 Michol
1332 4368 1494 4421 ﬁliam
1545 4381 1718 4430 suam,
1761 4378 1985 4419 uxorem

398 4493 424 4523 ι
444 4468 640 4533 David,
664 4465 880 4520 Phalthi
910 4463 1019 4516 lilio
1040 4461 1185 4523 Lais,
1216 4459 1308 4529 qui
1338 4465 1458 4512 erat
1483 4455 1550 4511 de
1577 4453 1790 4519 Gallim,
1820 4472 1837 4504 ι
1874 4462 1979 4507 etc.

395 4562 506 4632 {Ex
539 4556 731 4625 Beda.)
793 4555 860 4610 Ut
913 4553 1152 4617 Hebraei,
1202 4566 1310 4605 non
1364 4547 1615 4619 cognovit
1663 4561 1784 4601 eam
1839 4544 1983 4598 idem

398 4651 638 4714 Phalthi,
697 4645 954 4716 quoniam
1005 4644 1052 4698 si
1104 4641 1444 4711 cognovisset
1489 4652 1652 4702 eam,
1707 4650 1982 4705 nunquam

400 4742 566 4797 David
594 4740 696 4796 sibi
721 4753 841 4792 eam
869 4744 1057 4805 postea
1079 4734 1368 4796 sociasset,
1389 4731 1516 4801 quia
1545 4731 1602 4783 in
1630 4729 1747 4798 lege
1770 4727 1985 4798 penitus

401 4832 708 4903 huiusmodi
736 4828 1055 4899 prohibetur
1077 4827 1278 4879 coitus.
1302 4823 1447 4877 Idem
1495 4835 1729 4890 namque
1767 4818 1983 4873 Phalthi

399 4930 466 4982 de
495 4925 710 4985 Gallim,
741 4923 846 4976 hoc
877 4927 984 4982 est,
1014 4917 1080 4972 de
1126 4915 1472 4970 inundatione
1521 4919 1658 4967 erat.
1697 4910 1984 4966 lnundatio

398 5024 522 5078 lites
541 5020 624 5073 lex
649 5015 984 5084 intelligitur.
1017 5011 1176 5082 Legis
1214 5009 1358 5064 enim
1387 5010 1576 5064 doctor
1601 5015 1722 5060 erat
1754 5008 1820 5060 de
1847 5003 1986 5058 Bau—

396 5115 529 5175 rim,
567 5112 620 5164 id
647 5122 748 5172 est,
779 5107 844 5162 de
867 5105 1074 5161 electis.
1103 5102 1334 5170 Quando
1350 5110 1530 5156 autem
1552 5115 1583 5153 a
1606 5098 1766 5153 Saule
1789 5096 1982 5152 Micbol

392 5207 452 5261 ei
471 5206 650 5268 datur,
677 5200 918 5265 Phalthi,
933 5199 1100 5260 idest,
1116 5196 1358 5258 evndem,
1383 5194 1788 5260 interpretatur.
1812 5188 1984 5256 Quan-

393 5301 470 5354 do
498 5311 624 5351 vero
650 5295 720 5348 ab
754 5308 822 5348 eo
864 5291 1053 5346 eadem
1096 5286 1292 5342 Michol
1320 5285 1590 5348 aufertur,
1617 5279 1902 5345 Phalthiel,
1931 5280 1987 5335 id

394 5403 511 5453 est,
532 5387 752 5443 credens
780 5403 812 5438 α
835 5385 968 5448 Deo,
995 5383 1397 5450 interpretatur.
1443 5374 1684 5429 Eundem
1704 5390 1736 5426 a
1763 5371 1874 5425 Deo
1900 5371 1984 5426 di-

397 5484 570 5544 citur,
595 5482 720 5549 quia
746 5475 1031 5533 custodivit
1052 5487 1200 5536 eum,
1221 5483 1288 5524 ne
1311 5475 1558 5538 tangeret
1577 5479 1716 5527 eam,
1740 5477 1820 5516 ne
1835 5460 1990 5514 ﬁeret

401 5584 780 5642 transgressor
801 5567 946 5639 legis.
973 5587 990 5617 ε
1021 5565 1358 5632 Secutusque
1377 5567 1461 5614 est
1481 5573 1600 5614 eam
1624 5556 1708 5610 vir
1729 5568 1859 5610 suus
1879 5551 1990 5621 plo-

403 5679 538 5718 rans
559 5641 734 5730 usque
771 5659 997 5713 Bannim
1044 5654 1130 5727 (ll
1159 5653 1287 5724 Reg.
1321 5647 1494 5721 xxxi).
1519 5669 1536 5700 ι
1578 5646 1828 5701 Plorasse
1857 5641 1988 5697 dici-

2090 2002 2275 2055 corde.
2329 2001 2538 2055 Duritia
2577 2002 2720 2056 enim
2773 2002 2953 2056 cordis
3005 2003 3332 2056 obdormitio
3381 2011 3483 2056 est.
3538 2000 3675 2054 Dor—

2091 2091 2268 2145 miunt
2297 2091 2488 2145 invita
2534 2093 2744 2146 veteri:
2799 2108 2906 2150 non
2957 2092 3178 2162 vigilant
3228 2094 3280 2146 in
3330 2109 3489 2146 nova.
3526 2091 3684 2146 V'cnit

2089 2179 2341 2236 Christus
2371 2200 2383 2234 :
2421 2197 2528 2236 non
2556 2196 2650 2236 eos
2671 2184 2891 2247 occidit,
2937 2184 3030 2238 sed
3061 2183 3183 2237 tulit
3215 2185 3282 2237 ab
3311 2184 3390 2237 eis
3419 2183 3679 2252 scyphum

2089 2287 2264 2341 aquae,
2291 2272 2342 2326 id
2365 2280 2466 2336 est,
2493 2273 2724 2342 gratiam
2748 2273 2880 2343 legis
2904 2291 2917 2337 ;
2952 2274 3072 2327 tulit
3097 2281 3152 2328 et
3175 2286 3447 2342 sceptrum
3477 2274 3682 2344 regale,

2088 2365 2240 2434 regni
2271 2364 2480 2418 scilicet
2528 2372 2875 2433 potestatem,
2927 2381 3087 2433 quam
3140 2381 3238 2434 pro
3284 2380 3477 2434 magno
3507 2365 3673 2418 habe—

2088 2453 2242 2517 bant,
2273 2463 2330 2509 et
2356 2455 2498 2509 unde
2522 2470 2582 2509 se
2611 2457 2966 2526 protegebant
3008 2455 3400 2524 temporaliter,
3436 2465 3487 2509 et
3513 2471 3678 2524 quam

2089 2546 2350 2600 adversus
2402 2544 2689 2602 Dominum
2752 2559 2850 2616 per
2900 2546 3332 2601 incredulitatem
3398 2547 3678 2617 gerebant.

2086 2637 2292 2692 Deinde
2344 2638 2518 2692 vietor
2570 2637 2738 2691 David
2776 2646 2962 2693 noster
3014 2638 3081 2693 de
3119 2638 3316 2692 castris
3358 2652 3548 2691 eorum
3592 2651 3682 2690 rc-

2086 2743 2305 2798 gressus
2329 2729 2664 2784 transcendit
2694 2729 2748 2782 in
2798 2729 3140 2785 altitudinem
3170 2728 3371 2786 montis
3397 2729 3678 2787 caelorum.

2658 2860 2887 2919 CAPUT
2915 2862 3125 2918 XXVII.

2514 2951 2768 3026 Sequitur
2799 2954 2864 3008 de
2885 2957 3041 3026 gestis
3075 2955 3265 3010 David.

2163 3063 2314 3138 (Car.
2346 3063 2545 3135 xxvtt.)
2591 3086 2607 3116 ι
2635 3065 2704 3120 Et
2724 3065 2971 3122 ascendit
2998 3066 3187 3131 David,
3220 3077 3275 3121 et
3301 3067 3408 3121 viri
3433 3060 3589 3136 ejus;
3623 3074 3678 3120 et

2097 3176 2116 3207 ε
2144 3156 2376 3226 agebant
2397 3155 2606 3224 przcdas
2624 3155 2688 3210 de
2709 3153 2951 3219 Gessori,
2977 3165 3030 3210 et
3055 3157 3118 3210 de
3141 3154 3324 3220 Gerzi,
3351 3166 3405 3210 et
3427 3156 3491 3210 de
3515 3155 3679 3208 Ama-

2095 3267 2112 3298 ι
2141 3246 2338 3302 lecitis.
2370 3245 2436 3300 Hi
2475 3244 2621 3299 enim
2658 3246 2778 3315 pagi
2833 3244 3214 3300 habitabantur
3257 3245 3309 3298 in
3342 3253 3490 3299 terra
3538 3244 3680 3298 anti-

2093 3359 2111 3391 (
2141 3338 2341 3408 quitus.
2377 3355 2394 3388 ›
2426 3334 2493 3389 Hi
2521 3336 2644 3406 pagi
2675 3350 2782 3389 non
2831 3343 2988 3390 erant
3031 3336 3130 3389 sub
3178 3342 3444 3404 potestate
3491 3332 3678 3408 Achis.

2088 3407 2326 3484 llabitati
2368 3429 2422 3484 in
2452 3437 2593 3482 terra
2628 3426 2927 3495 antiquitus
2971 3426 3243 3486 dicuntur,
3275 3425 3402 3495 quia
3431 3423 3596 3494 quieti
3612 3407 3676 3477 ὀι

2087 3523 2263 3578 securi
2294 3521 2522 3576 habitati
2569 3517 2804 3575 fuerant.
2849 3526 2905 3574 et
2953 3517 3156 3573 nullius
3204 3517 3377 3572 hostis
3405 3515 3667 3587 deprceda-
3713 3558 3715 3560 .

2096 3618 2274 3673 tiones
2295 3615 2555 3686 perpessi.

2627 3701 2856 3760 CAPUT
2887 3699 3122 3756 XXVII}.

2481 3816 2684 3871 Iterum
2711 3815 2775 3868 de
2814 3822 2979 3867 morte
3007 3810 3293 3868 Samuelis.

2159 3927 2310 3999 (Car.
2335 3925 2554 3996 xxvm.)
2585 3944 2604 3976 ι
2657 3923 2876 3978 Samuel
2925 3930 3104 3975 autem
3152 3927 3398 3974 mortuus
3424 3925 3546 3982 est;
3580 3916 3677 3972 lle-

2093 4039 2111 4070 ι
2144 4021 2326 4088 vitque
2375 4033 2498 4072 eum
2549 4016 2728 4071 omnis
2776 4013 2963 4075 lsrael,
3015 4019 3070 4066 et
3099 4010 3429 4080 sepelierunt
3464 4023 3586 4063 eum
3617 4008 3684 4062 inv

2093 4131 2110 4162 ε
2139 4110 2310 4164 Rama
2351 4108 2486 4161 urbe
2534 4121 2650 4168 sua,
2676 4125 2693 4156 ι
2729 4112 2834 4159 etc.
2869 4101 3042 4172 Supra
3093 4114 3328 4168 namque
3363 4099 3564 4152 dicitur
3587 4111 3678 4151 se-

2087 4200 2268 4272 pultus
2299 4199 2465 4252 fuisse
2493 4197 2546 4249 in
2575 4197 2737 4250 domo
2766 4209 2864 4248 sua
2890 4196 2942 4247 in
2965 4194 3156 4246 Rama.
3189 4191 3258 4244 In
3283 4190 3437 4242 domo
3466 4205 3583 4249 sua,
3613 4187 3677 4241 in

2090 4290 2292 4344 familia
2326 4287 2571 4342 videlicet
2608 4294 2668 4340 et
2693 4285 3012 4355 cognatione
3059 4297 3177 4338 sua.
3228 4281 3500 4348 Quaeritur
3526 4295 3685 4334 nam:

2011 4424 2063 4483 Β
2094 4398 2198 4451 quc
2241 4395 2364 4434 cum
2411 4377 2659 4446 superius
2701 4376 2816 4444 jam
2863 4383 3108 4428 mortuus
3162 4373 3394 4440 legatur,
3443 4387 3542 4425 cur
3587 4371 3686 4425 hic

2280 4479 2288 4483 -
2514 4476 2525 4483 .
2658 4467 2680 4483 n
2712 4466 2846 4483 ll-,,.
2873 4479 2951 4483 γυ-
2987 4465 2998 4483 I
3023 4465 3068 4483 ξ-
3122 4463 3192 4483 Ι--.
3229 4461 3436 4483 ιι-ι,-,.ε
3465 4460 3686 4483 -.-Ι----ιἋ

2088 4479 2364 4542 repetatur
2390 4467 2680 4523 mortuus?
2710 4466 2957 4520 Mortuus
2985 4465 3074 4518 hic
3117 4463 3199 4534 (ut
3229 4461 3441 4516 Hebraei
3465 4460 3686 4530 volunt)

2089 4564 2521 4624 resuscitationis
2549 4577 2662 4617 suae
2685 4575 2846 4616 causa
2879 4559 3180 4627 repetitur;
3213 4564 3268 4610 et
3296 4564 3358 4609 ut
3391 4555 3686 4608 damnatio

2089 4657 2288 4719 Saulis,
2321 4654 2412 4723 qui
2450 4653 2504 4706 in
2533 4651 2772 4722 peccatis
2802 4658 3048 4703 mortuus
3069 4653 3214 4711 erat,
3242 4653 3298 4700 et
3321 4643 3514 4698 relicto
3537 4644 3686 4706 Deo,

2087 4757 2275 4805 contra
2300 4747 2492 4817 legem,
2519 4743 2818 4814 Pythonem
2840 4738 3174 4803 consulebat,
3194 4737 3346 4807 justa-
3361 4749 3482 4791 esse
3505 4735 3684 4789 mani;

2088 4843 2395 4896 testaretur.

2651 4921 2878 4980 GAPUT
2903 4917 3100 4975 XXIX.

2087 5069 2166 5123 De
2199 5063 2500 5139 pytltonissa
2536 5059 2739 5139 qum-ob.
2765 5065 3001 5139 rogatum
3032 5051 3209 5139 Saulis
3239 5049 3534 5139 Samae-lem
3556 5057 3684 5104 sus.r

2292 5134 2490 5198 citavit,
2519 5129 2609 5194 qui
2633 5131 2679 5184 ei
2705 5129 2768 5182 de
2794 5129 2963 5179 vicina
2989 5132 3156 5177 morte
3183 5129 3461 5175 intimam.

2166 5291 2188 5322 ς
2212 5269 2342 5324 Post
2390 5272 2620 5321 mortem
2667 5268 2844 5316 autem
2880 5255 3146 5312 Samuelis
3189 5252 3509 5322 congregati
3551 5247 3682 5302 sunt

2096 5383 2114 5415 ‹
2147 5357 2473 5415 Philisthiim
2522 5361 2710 5410 contra
2749 5348 2936 5412 lsrael,
2988 5343 3364 5410 consuluitque
3403 5338 3532 5393 Saul
3563 5339 3676 5389 Doa

2097 5474 2114 5505 ε
2143 5453 2350 5507 minum
2377 5465 2391 5511 ;
2439 5453 2495 5501 et
2540 5459 2648 5498 non
2695 5438 2975 5509 respondit
3000 5435 3070 5501 ci,
3103 5447 3278 5502 neque
3309 5445 3406 5499 per
3439 5425 3673 5485 somnia,

2095 5564 2112 5596 ι
2144 5557 2316 5611 neque
2337 5553 2434 5609 per
2461 5533 2792 5594 sacerdotes,
2815 5548 2832 5580 ι
2867 5535 2973 5582 etc.
3008 5523 3114 5595 (Ex
3156 5521 3376 5576 Hebra'o
3398 5512 3679 5587 quodam.)

2092 5635 2347 5690 Hebraeus
2370 5627 2533 5683 habet
2555 5643 2570 5678 ι
2609 5624 2785 5693 Neque
2806 5635 2896 5691 per
2918 5615 3230 5676 doctrinam,
3258 5624 3418 5678 neque
3441 5621 3531 5676 per
3551 5619 3677 5674 pro:
