4010 6194
362 263 432 326 8⁸1
1002 265 1063 320 Β.
1107 255 1357 321 ΒΑΒΛΝΙ
1395 254 1615 319 MAURI
1654 246 1968 315 ARCHIEP.
2014 252 2319 313 MOGUN'I‘.
2362 247 2645 313 OPERUM
2683 248 2863 312 PARS
2894 246 2940 311 ~l.
3534 250 3606 310 68

355 385 557 455 phetas.
584 380 965 452 Respondebat
986 379 1243 434 Dominus
1264 393 1361 447 per
1382 377 1611 440 somnia,
1636 376 1776 430 sicut
1796 374 1935 428 idem
1964 375 2013 431 Α
2040 371 2420 425 νοοίιθὺειηῑιιιε
2462 369 2660 440 (Exod.
2714 371 2862 441 xxv).
2923 369 3159 438 itemque
3211 372 3338 424 dum
3384 371 3616 440 quisque

352 473 561 528 Hebraai
591 479 863 537 asserunt,
892 485 958 524 eo
994 471 1136 540 quod
1175 467 1470 538 jejunando
1491 476 1547 521 et
1585 467 1811 529 orando,
1841 482 1934 536 po-

354 566 577 620 scebant
600 563 877 618 oraculum
904 552 1005 617 sibi
1028 560 1144 614 ﬁeri
1163 559 1429 625 divinum,
1453 567 1508 615 et
1543 558 1802 613 Dominus
1830 556 1933 611 illis

351 672 450 729 per
476 657 686 712 somnia
715 654 989 710 revelabat
1026 667 1089 707 ea
1119 667 1240 720 qum
1268 650 1448 705 futura
1473 658 1631 706 erant
1654 668 1668 680 ο
1701 648 1846 718 quod
1876 648 1931 702 in

349 748 454 802 hoc
481 747 598 801 loco
625 746 846 799 minime
868 742 996 798 Saul
1026 741 1222 797 fecisse
1249 740 1463 811 tegitur.
1490 737 1596 793 Per
1615 739 1928 802 doctrinam,

350 854 441 908 per
466 836 641 908 ephod
664 835 888 898 scilicet,
912 833 1055 903 quod
1078 832 1328 887 sacerdos
1354 828 1407 885 in
1425 839 1644 901 pectore
1667 829 1927 898 gestabat.

354 927 538 997 Neque
560 942 652 996 per
673 924 971 995 prophetas,
1003 923 1128 992 quia
1165 921 1271 977 illis
1316 921 1721 977 Consulentibus
1750 918 1931 974 Domi-

350 1033 453 1072 nus
484 1030 827 1086 nequaquam
863 1015 1243 1086 respondebat.
1278 1014 1342 1068 Hi
1375 1014 1650 1084 prophetae
1681 1012 1932 1069 dicuntur

350 1106 515 1160 fuisse
565 1104 813 1176 discipuli
868 1103 1176 1161 Samuelis:
1236 1105 1432 1174 quibus
1486 1102 1932 1173 prophetantibus

340 1195 524 1264 junxit
573 1212 632 1252 se
679 1196 808 1252 Saul
871 1206 925 1252 et
974 1197 1339 1267 prophetavit.
1380 1194 1752 1266 Quaesivitqne
1801 1194 1932 1250 Saul

347 1285 743 1356 pythonissam,
772 1300 893 1355 quae
924 1286 1214 1341 suscitaret
1245 1284 1321 1340 illi
1350 1283 1673 1340 Samuclem.
1706 1282 1929 1340 Statim-

346 1392 454 1446 que
479 1377 794 1443 suscitatus,
820 1376 896 1430 ait
928 1377 995 1431 ad
1023 1390 1145 1430 eum
1169 1388 1184 1430 :

398 1487 446 1549 ,α
479 1468 657 1535 Quare
683 1467 995 1538 inquietasti
1020 1482 1128 1533 me,
1151 1475 1213 1521 ut
1241 1465 1570 1522 suscitarer?
1594 1483 1613 1517 ι
1635 1472 1740 1521 etc.
1773 1462 1931 1532 Quaa-

350 1561 506 1627 ritur,
544 1562 838 1616 secundum
862 1560 1162 1626 historiam,
1191 1567 1372 1614 utrum
1400 1558 1715 1630 pythonissa
1755 1557 1929 1627 ipsum

349 1651 664 1720 prophetam
696 1650 762 1704 de
799 1648 1010 1703 inferno
1031 1648 1358 1713 evocaverit,
1390 1661 1457 1700 an
1502 1646 1662 1700 aliam
1692 1644 1928 1713 aliquam

2034 460 2182 515 videt
2202 460 2495 525 somnium,
2525 475 2629 514 non
2657 456 2961 525 dicit,Vidi
2989 458 3274 528 imaginem
3301 456 3611 528 AuguStini.

2038 550 2155 616 sed,
2184 550 2306 605 Vidi
2333 548 2717 620 Augustinum,
2754 561 2876 603 cum
2904 562 2970 603 eo
3008 555 3249 617 tempore
3272 561 3380 616 quo
3409 546 3617 617 aliquid

2030 639 2136 695 tale
2156 638 2352 708 aliquis
2377 639 2532 703 vidit,
2578 639 2852 707 ignoraret
2879 637 2986 691 hoc
3031 634 3383 707 Augustinus.
3430 636 3618 707 Usque

2031 731 2167 785 adeo
2199 727 2544 794 manifestum
2571 736 2654 783 est
2683 743 2790 783 non
2821 729 2968 798 ipsos
2996 727 3265 793 homines,
3296 727 3392 781 sed
3426 727 3618 797 imagiz

2031 834 2129 875 nes
2149 832 2339 875 eorum
2362 819 2557 873 videri.
2597 819 2665 872 Et
2702 818 2915 873 Pharao
2948 819 3128 888 spicas
3153 831 3212 871 se
3246 816 3382 871 dixit
3411 817 3618 873 vidisse

2029 911 2084 965 in
2110 911 2316 966 somnis
2341 918 2396 965 et
2422 911 2607 975 boves,
2656 923 2766 965 non
2810 910 3081 979 spicarum
3110 917 3202 964 aut
3228 910 3390 964 boum
3421 909 3617 981 imagi-

2030 1016 2131 1057 nes
2156 999 2306 1073 (Gen.
2332 1000 2487 1076 κω..
2513 1000 2572 1057 Si
2614 1003 2780 1072 igitur
2818 1010 3038 1058 constat
3073 1002 3275 1071 liquido
3306 1001 3617 1056 nominibus

2027 1107 2213 1149 earum
2237 1108 2418 1148 rerum
2440 1107 2665 1162 quarum
2678 1093 2939 1164 imagines
2956 1099 3103 1159 sunt,
3116 1093 3331 1148 easdem
3354 1092 3618 1162 imagines

2030 1184 2311 1253 appellari,
2325 1199 2432 1239 non
2458 1185 2654 1240 mirum
2676 1192 2760 1239 est
2773 1185 2915 1254 quod
2928 1183 3207 1255 Scriptura
3231 1184 3364 1239 dicit
3389 1183 3613 1239 Samae.

2030 1274 2145 1329 lem‘
2163 1275 2358 1341 visum,
2404 1276 2617 1330 etiamsi
2661 1274 2799 1331 forte
2849 1276 3025 1346 imago
3054 1275 3325 1330 Samuelis
3367 1275 3617 1345 apparuit

2028 1378 2129 1434 per
2165 1364 2289 1419 ficta
2320 1365 2753 1420 machinamenta
2781 1363 2899 1433 ejus
2939 1364 3031 1435 qui
3079 1363 3430 1435 transﬁgurat
3471 1378 3533 1419 se
3557 1364 3615 1417 in

2029 1453 2278 1523 angelum
2299 1454 2457 1521 lucis,
2487 1465 2542 1510 et
2571 1455 2850 1511 ministros
2889 1470 3016 1510 suos
3041 1454 3305 1510 subornat
3327 1453 3478 1509 velut
3506 1453 3613 1508 mi.

2029 1542 2230 1599 nistros
2253 1541 2707 1613 justitiieUICor.
2734 1545 2834 1617 ιι).
2865 1544 2983 1600 Jam
3008 1559 3143 1599 vero
3164 1544 3212 1599 si
3240 1544 3392 1612 illud,
3417 1543 3613 1614 inquit,

2029 1640 2231 1699 movet,
2267 1634 2536 1703 quomodo
2577 1650 2610 1688 a
2636 1635 2876 1706 maligno
2912 1634 3104 1704 spiritu
3149 1632 3299 1690 Sauli
3325 1648 3452 1688 vera
3477 1648 3618 1703 pm

349 1715 726 1808 imaginariam
757 1736 1059 1791 illusionem
1100 1736 1311 1792 fallacia
1352 1737 1654 1792 daemonum
1683 1733 1928 1789 factam?
1957 1715 2005 1776 Β
2032 1723 2176 1778 diem
2223 1724 2354 1791 Sil",
2396 1731 2577 1795 Ροιεδῑ
2603 1734 2660 1781 εί
2703 1725 2834 1782 illud
2875 1726 3047 1782 Videl'i
3095 1726 3313 1792 ωίτιιων
3344 1727 3617 1797 quoniam

348 1827 425 1881 De
454 1830 555 1883 hac
581 1829 879 1899 quaestione
922 1828 1092 1883 beatae
1139 1826 1417 1882 memoriae
1443 1824 1775 1897 Augustinus
1812 1824 1928 1894 epi-

346 1935 540 1989 scopus
584 1920 935 1991 Simpliciano
985 1918 1369 1975 Mediolanensi
1407 1918 1660 1988 episcopo
1687 1916 1763 1970 ita
1792 1914 1928 1971 scri-

345 2008 490 2077 psit:
518 2027 538 2060 (
569 2008 823 2079 Inquiris,
854 2010 1092 2080 inquam,
1146 2016 1329 2063 utrum
1378 2005 1616 2077 potuerit
1659 2003 1927 2075 malignus

345 2098 569 2167 spiritus
593 2100 833 2155 excitam
874 2099 1108 2154 animam
1154 2099 1308 2170 justi,
1354 2105 1411 2153 et
1453 2107 1708 2167 tanquam
1738 2096 1805 2151 de
1832 2095 1927 2151 ab-

349 2188 476 2243 ditis
508 2200 847 2245 mortuorum
893 2190 1165 2262 repagulis
1202 2204 1448 2255 evocare,
1481 2196 1543 2244 ut
1577 2186 1856 2244 videretur
1873 2196 1930 2242 et

345 2276 658 2346 loqueretur
687 2293 810 2333 cum
861 2279 1010 2334 Saul.
1060 2279 1251 2334 Nonne
1300 2278 1471 2350 magis
1513 2277 1820 2333 mirandum
1857 2276 1929 2331 sit

353 2368 479 2438 quia
503 2367 735 2427 Satanas
776 2372 951 2442 ipsum
980 2372 1266 2428 Dominum
1304 2369 1618 2441 assumpsit,
1645 2376 1702 2425 et
1727 2368 1930 2426 consti-

343 2459 447 2513 tuit
478 2474 641 2530 super
664 2462 886 2531 pinnam
917 2462 1137 2533 templi?
1162 2461 1377 2534 (Matth.
1399 2460 1478 2533 v.)
1513 2460 1764 2528 Quolibet
1784 2460 1927 2516 enim

345 2550 504 2605 modo
527 2550 735 2618 fecerit,
765 2552 854 2606 ille
881 2552 1042 2607 etiam
1070 2553 1261 2607 modus
1302 2566 1411 2622 quo
1456 2549 1696 2605 Samueli
1721 2548 1926 2604 factum

346 2640 539 2695 estita
567 2649 628 2695 ut
674 2640 899 2696 Samuel
948 2642 1297 2706 excitaretur,
1348 2637 1599 2696 similiter
1626 2640 1791 2705 latet;
1823 2639 1926 2694 nisi

342 2730 483 2786 forte
509 2732 633 2803 quis
651 2730 854 2787 dixerit
888 2730 1187 2788 faciliorem
1212 2730 1427 2787 diabolo
1465 2730 1632 2786 fuisse
1656 2729 1927 2785 licentiam

344 2825 413 2879 ad
444 2824 734 2879 Dominum
762 2825 942 2879 vivum
969 2826 1111 2879 unde
1140 2823 1308 2881 voluit
1333 2822 1738 2887 assumendum,
1764 2829 1820 2877 et
1835 2821 1927 2876 ubi

343 2917 514 2974 voluit
557 2917 1013 2985 constituendum,
1063 2931 1225 2987 quam
1255 2915 1324 2969 ad
1369 2912 1636 2970 Samuelis
1689 2912 1927 2969 defuncti

341 3008 591 3078 spiritum
619 3022 651 3063 e
673 3007 787 3063 suis
823 3007 1040 3063 sedibus
1069 3005 1436 3061 excitandum.
1463 3002 1617 3072 Quod
1654 3002 1699 3058 si
1723 3001 1851 3058 illud
1871 3003 1926 3057 in

341 3096 634 3169 Evangelio
681 3114 781 3153 nos
820 3096 943 3153 ideo
984 3112 1091 3152 non
1136 3094 1441 3159 conturbet,
1493 3093 1623 3165 quia
1662 3090 1927 3148 Dominus

342 3188 513 3244 voluit
560 3196 723 3257 atque
767 3182 1016 3257 permisit
1041 3184 1186 3241 nulla
1219 3186 1574 3241 diminutione
1616 3200 1727 3240 suae
1768 3190 1927 3254 pote-

340 3282 497 3337 statis
523 3289 578 3336 et
607 3276 906 3334 divinitatis
953 3278 1008 3333 id
1053 3276 1189 3344 fieri,
1240 3278 1382 3333 sicut
1411 3277 1478 3332 ab
1525 3276 1658 3347 ipsis
1706 3273 1925 3342 Iudaeis,

342 3385 655 3440 quanquam
680 3368 950 3438 perversis
975 3376 1136 3437 atque
1155 3362 1470 3433 immundis,
1491 3374 1546 3422 et
1566 3365 1709 3421 facta
1730 3364 1928 3421 diaboli

340 3458 684 3524 facientibus,
714 3466 769 3513 et
796 3457 969 3512 teneri
997 3471 1076 3522 sc,
1104 3460 1161 3512 et
1184 3451 1401 3523 vinciri,
1438 3465 1493 3512 et
1518 3449 1689 3522 illudi,
1715 3464 1769 3511 et
1805 3471 1929 3511 cru-

338 3547 506 3619 cifigi,
534 3556 697 3618 atque
726 3543 957 3602 interﬁci
985 3561 1174 3617 passus
1217 3553 1302 3601 est
1332 3563 1345 3600 :
1389 3558 1498 3601 non
1524 3554 1606 3601 est
1633 3546 1926 3601 absurdum

338 3639 563 3694 credere
612 3650 680 3692 ex
723 3635 901 3705 aliqua
958 3634 1359 3706 dispensatione
1403 3635 1699 3691 voluntatis
1727 3635 1927 3691 divinat

310 3726 663 3795 permissum
716 3724 903 3791 fuisse,
961 3734 1023 3779 ut
1053 3739 1161 3779 non
1210 3724 1431 3791 invitus,
1461 3739 1564 3780 nec
1612 3724 1926 3780 dominante

340 3815 551 3887 magica
582 3814 846 3884 potentia,
887 3815 983 3869 sed
1010 3814 1195 3870 volens
1220 3822 1384 3884 atque
1424 3815 1808 3885 obtemperans
1832 3830 1927 3872 oc-

343 3905 503 3960 culta:
528 3904 919 3974 dispensationi
962 3903 1077 3969 Dei,
1108 3920 1229 3975 quae
1272 3903 1647 3975 pythonissam
1694 3904 1842 3960 illam
1867 3915 1926 3962 et

345 3994 564 4049 Saulem
606 3994 827 4061 latebat,
875 3995 1096 4064 spiritus
1134 3995 1413 4065 propheta:
1451 3995 1626 4049 sancti
1655 4010 1714 4050 se
1740 4004 1926 4051 osten-

342 4084 496 4140 deret
519 4085 828 4154 aspectibus
856 4084 1023 4155 regis,
1049 4084 1229 4140 divina
1251 4098 1377 4139 eum
1403 4084 1674 4138 sententia
1706 4100 1928 4155 percus—

343 4191 525 4232 surus.
574 4177 892 4248 Quanquam
917 4178 975 4232 in
1017 4177 1122 4233 hoc
1163 4175 1307 4232 facto
1349 4184 1530 4248 potest
1568 4179 1760 4234 adesse
1788 4178 1928 4235 alius

344 4266 558 4321 facilior
582 4266 906 4335 intellectus,
939 4275 1001 4321 ut
1039 4283 1149 4323 non
1191 4281 1322 4324 vere
1362 4269 1613 4339 spiritum
1658 4268 1928 4327 Samuelis

339 4358 633 4414 excitatum
662 4372 698 4460 ξι
725 4356 912 4460 requie
929 4372 1035 4460 sua
1062 4359 1368 4460 credamus,
1400 4359 1495 4416 sed
1520 4359 1736 4460 aliquod
1754 4362 1925 4432 phan-
1948 4400 2003 4460 Β

345 4455 543 4513 tasma,
570 4456 625 4501 et
660 4447 1036 4519 imaginariam
1064 4447 1367 4504 illusionem
1402 4449 1601 4505 diaboli
1643 4452 1920 4506 machina-

341 4539 580 4595 tionibus
618 4537 837 4605 factam,
864 4554 1025 4609 quam
1064 4547 1351 4608 propterea
1378 4537 1658 4609 Scriptura
1699 4540 1919 4595 nomine

343 4629 612 4685 Samuelis
632 4629 882 4699 appellat,
905 4628 1031 4697 quia
1050 4627 1227 4683 solent
1248 4629 1509 4699 imagines
1527 4644 1715 4683 earum
1735 4644 1917 4684 rerum

345 4720 659 4776 nominibus
685 4718 967 4789 appellari,
1009 4732 1240 4788 quarum
1283 4718 1545 4788 imagines
1583 4727 1728 4773 sunt.
1769 4717 1923 4775 Sicut

338 4811 523 4866 omnia
547 4825 667 4880 qua:
690 4810 984 4880 pinguntur
1009 4817 1171 4878 atque
1195 4807 1493 4879 tinguntur,
1523 4822 1710 4863 earum
1737 4824 1919 4864 rerum

338 4916 570 4971 quarum
595 4900 859 4971 imagines
885 4906 1030 4962 sunt,
1055 4899 1360 4954 nominibus
1387 4898 1759 4969 appellantur:
1783 4900 1923 4954 sicut

343 4997 580 5054 hominis
623 4997 832 5068 pictura
879 5010 1002 5050 cum
1051 4995 1309 5067 pingitur,
1358 4995 1635 5065 proprium
1671 4994 1921 5065 quodque

344 5105 538 5145 nomen
558 5090 935 5143 incunctanter
955 5086 1256 5152 adhibetur,
1284 5095 1339 5141 et
1358 5086 1556 5141 dicitur
1581 5105 1594 5141 :
1620 5082 1713 5141 Ille
1732 5086 1920 5143 Cicero

342 5189 447 5245 est,
479 5178 567 5234 ille
595 5177 882 5244 Salustius,
913 5177 1004 5232 ille
1022 5176 1279 5241 Achilles,
1309 5177 1411 5231 iste
1438 5176 1661 5243 Hector,
1702 5178 1806 5232 hoc
1826 5175 1923 5232 llu-

349 5287 472 5327 men
506 5271 727 5335 Simois,
755 5269 846 5324 illa
876 5270 1068 5336 Roma,
1092 5284 1215 5325 cum
1237 5269 1381 5324 aliud
1419 5269 1552 5324 nihil
1595 5271 1723 5337 sint,
1757 5286 1919 5341 quam

347 5363 502 5434 picta:
544 5361 822 5431 imagines.
876 5361 1028 5417 Unde
1055 5360 1331 5416 cherubim
1371 5376 1493 5416 cum
1523 5361 1631 5416 sint
1674 5361 1925 5419 ctelestcs

348 5456 597 5519 virtutes,
634 5452 758 5506 facti
787 5460 916 5508 tunc
943 5466 1010 5507 ex
1048 5451 1286 5519 metallo,
1318 5466 1427 5523 quo
1468 5453 1753 5523 imperavit
1782 5455 1922 5511 Deus

344 5560 509 5614 super
556 5559 736 5599 arcam
788 5545 1118 5610 testamenti,
1174 5558 1383 5614 magna:
1430 5544 1508 5598 rei
1559 5544 1925 5614 significanda:

343 5635 536 5697 gratia,
557 5650 658 5687 non
684 5635 823 5689 aliud
849 5650 1008 5706 qnam
1030 5633 1307 5691 cherubim
1330 5634 1416 5688 illa
1438 5650 1651 5704 quoquc
1670 5634 1921 5705 figmenta

2026 1815 2327 1871 daemones”
2348 1826 2686 1888 agnoverunt
2733 1816 3028 1885 Christum,
3076 1833 3240 1888 quem
3288 1817 3461 1874 Judaei
3504 1833 3616 1874 non

2025 1908 2387 1980 agnoscebant
2423 1908 2575 1982 (Luc.
2605 1925 2738 1977 vin;
2768 1910 2885 1966 Act.
2929 1911 3066 1983 xu).
3121 1912 3258 1969 Cum
3304 1912 3452 1967 enim
3501 1911 3620 1966 vult

2026 2000 2169 2056 Deus
2188 2001 2353 2057 etiam
2379 2016 2477 2073 per
2511 2002 2726 2058 infimos
2764 2003 2986 2074 spiritus
3020 2004 3256 2075 aliquem
3293 2018 3425 2060 vera
3448 2018 3619 2075 agno-

2026 2108 2200 2159 scere,
2230 2094 2548 2165 temporalia
2599 2095 2863 2151 duntaxat
2913 2097 2982 2152 ad
3022 2098 3185 2152 istam
3230 2097 3619 2152 mortalitatem

2025 2183 2373 2252 pertinentia,
2396 2184 2555 2241 facile
2584 2194 2688 2253 est,
2719 2196 2775 2242 et
2805 2202 2915 2243 non
2946 2188 3325 2259 incongruum,
3351 2196 3413 2243 ut
3440 2189 3619 2243 omni-

2025 2280 2218 2343 potens
2241 2282 2298 2329 et
2334 2272 2516 2343 justus
2540 2276 2609 2330 ad
2632 2290 2820 2331 eorum
2852 2290 3090 2348 prunam,
3116 2277 3310 2347 quibus
3339 2278 3443 2332 ista
3475 2291 3619 2347 prae

2026 2360 2302 2430 dicuntur,
2351 2371 2413 2418 ut
2459 2363 2658 2418 malum
2688 2364 2833 2435 quod
2880 2366 2962 2421 eis
3007 2366 3272 2431 imminet,
3320 2373 3615 2434 antequam

2025 2452 2211 2508 veniat
2260 2457 2648 2523 praenoscendo
2697 2455 3015 2525 patiantur,
3079 2456 3294 2512 occulto
3350 2465 3612 2527 apparatu

2026 2544 2407 2614 mysteriorum
2428 2560 2649 2601 suorum
2670 2546 2835 2601 etiam
2867 2546 3147 2618 spiritibus
3172 2547 3372 2603 talibus
3410 2545 3618 2616 aliquid

2025 2634 2376 2692 divinationis
2401 2637 2700 2717 impertiat,
2754 2647 2815 2694 ut
2843 2640 2984 2707 quod
3018 2640 3246 2694 audiunt
3271 2639 3341 2695 ab
3382 2640 3615 2710 angelis,

2025 2727 2394 2795 praenuntient
2449 2728 2781 2783 hominibus.
2839 2728 3075 2784 Tantum
3136 2738 3317 2785 autem
3365 2730 3613 2795 audiunt,

2025 2823 2293 2885 quantum
2341 2817 2586 2872 omnium
2636 2817 2896 2873 Dominus
2945 2827 3109 2889 atque
3165 2819 3475 2873 moderator
3527 2818 3617 2874 vel

2020 2902 2176 2973 jubet
2199 2905 2285 2961 vel
2311 2905 2458 2961 sinit.
2490 2906 2645 2963 Unde
2671 2907 2835 2963 etiam
2875 2909 3101 2979 Spiritus
3146 2909 3398 2981 pythonis
3426 2909 3481 2963 in
3508 2908 3619 2963 Ac-

2026 2997 2174 3052 tibus
2202 2996 2571 3067 apostolorum
2597 3006 2888 3055 attestatur
2911 2998 3075 3056 Paulo
3099 2999 3359 3071 apostolo,
3384 3008 3440 3055 et
3458 3013 3621 3054 cvan-

2026 3088 2218 3159 gelista
2245 3104 2367 3145 esse
2390 3099 2621 3147 conatur
2671 3091 2808 3164 (Act.
2859 3092 2993 3164 xw).
3035 3092 3263 3149 Miscent
3305 3102 3489 3149 tamen
3520 3088 3615 3149 isti

2027 3177 2292 3244 fallacias,
2323 3187 2381 3235 et
2420 3181 2563 3250 quod
2599 3196 2789 3238 verum
2838 3198 2997 3240 nosse
3033 3193 3342 3254 potuerunt,
3380 3199 3486 3240 non
3518 3184 3617 3240 do-

2027 3271 2183 3330 cendi
2212 3271 2385 3343 magis
2433 3288 2596 3343 quam
2640 3273 2939 3344 decipiendi
2988 3270 3094 3332 ﬁne
3140 3276 3522 3345 praenuntiant.
3547 3271 3621 3330 Et

2027 3357 2167 3414 forte
2191 3359 2295 3415 hoc
2323 3369 2427 3426 est,
2464 3362 2589 3431 quia
2614 3377 2740 3418 cum
2772 3364 2862 3418 illa
2888 3366 3065 3436 imago
3102 3363 3368 3421 Samuelis
3395 3364 3618 3422 Saulem

2026 3449 2289 3519 praedicat
2329 3451 2673 3518 moriturum,
2720 3452 2856 3508 dixit
2897 3456 3058 3509 etiam
3100 3470 3284 3510 secum
3328 3453 3612 3510 futurum:

2026 3540 2173 3610 quod
2220 3540 2408 3611 utique
2452 3536 2652 3598 falsum
2702 3552 2805 3599 est.
2856 3542 3050 3616 Magno
3094 3544 3293 3617 quippe
3329 3544 3617 3600 intervallo

2026 3631 2267 3701 separari
2296 3632 2469 3687 bonos
2505 3647 2537 3687 a
2574 3632 2731 3689 malis
2769 3643 2895 3706 post
2939 3644 3168 3691 mortem
3212 3636 3268 3690 in
3315 3632 3614 3707 Evangelia

2024 3720 2276 3792 legimus,
2306 3738 2430 3797 cum
2452 3723 2596 3779 inter
2621 3725 2914 3797 superbum
2940 3726 3088 3782 illum
3112 3724 3354 3794 divitem,
3381 3729 3474 3798 qui
3497 3726 3617 3799 jam

2027 3816 2171 3886 apud
2210 3814 2416 3873 inferos
2453 3826 2725 3874 tormenta
2773 3829 3073 3891 pateretur,
3126 3830 3182 3878 et
3225 3818 3373 3877 illum
3418 3822 3512 3892 qui
3544 3819 3615 3878 ad

2025 3906 2145 3977 ejus
2164 3905 2385 3976 januam
2413 3908 2697 3966 ulcerosus
2718 3908 2955 3979 jacebat,
2972 3905 3084 3983 jam
3112 3907 3167 3968 in
3192 3912 3378 3982 requie
3411 3912 3616 3967 consti-

2026 4008 2225 4067 tutum,
2242 4017 2496 4073 magnum
2518 4003 2687 4060 chaos
2707 4004 3051 4073 interjectum
3071 4019 3191 4060 esse
3208 4012 3436 4061 testatur
3455 4003 3611 4074 (Luc.

2027 4090 2162 4164 xvi).
2189 4093 2299 4149 Aut
2320 4094 2367 4149 si
2395 4105 2683 4165 propterea
2713 4095 2934 4151 Samuel
2963 4097 3014 4151 ei
3044 4097 3197 4161 dixit,
3244 4095 3451 4151 Mecum
3477 4095 3614 4162 eris,

2025 4191 2084 4237 ut
2109 4198 2216 4237 non
2242 4183 2311 4237 ad
2334 4184 2697 4254 aequalitatem
2719 4184 2995 4242 felicitatis
3033 4188 3128 4242 sed
3146 4188 3219 4242 ad
3261 4201 3452 4258 parem
3480 4201 3614 4241 con-

2026 4272 2287 4327 ditionem
2304 4273 2495 4327 mortis
2513 4272 2805 4343 referatur,
2827 4276 2973 4346 quod
2990 4285 3218 4347 uterque
3242 4277 3406 4331 homo
3426 4274 3613 4340 fuerit,

2026 4368 2082 4415 et
2101 4370 2331 4431 uterque
2371 4363 2511 4417 mori
2552 4365 2808 4435 potuerit,
2847 4364 3068 4436 jamque
3105 4373 3352 4422 mortuus
3381 4374 3611 4422 mortem

2028 4451 2150 4505 vivo
2176 4453 2608 4522 praznuntiabat;
2637 4457 2933 4513 secundum
2954 4466 3244 4529 utrumque
3270 4458 3435 4530 igitur
3454 4454 3617 4512 intel-

2023 4541 2244 4609 lectum,
2273 4543 2475 4601 habere
2513 4547 2718 4602 exitum
2748 4548 2890 4604 hanc
2926 4548 3234 4613 lectionem,
3265 4549 3357 4620 qui
3402 4562 3511 4602 non
3538 4547 3615 4602 sit

2025 4641 2214 4688 contra
2238 4633 2399 4691 ﬁdem
2423 4635 2770 4693 manifestum
2792 4646 2914 4693 est:
2958 4640 3064 4694 nisi
3102 4638 3243 4694 forte
3268 4637 3610 4708 profundiori

2025 4726 2376 4797 inquisitione
2422 4729 2730 4784 inveniatur
2773 4730 2841 4784 ad
2891 4730 3176 4801 liquidum,
3216 4730 3300 4784 vel
3337 4744 3498 4799 posse
3524 4730 3608 4782 vel

2026 4831 2133 4872 non
2155 4832 2314 4888 posse
2361 4818 2619 4884 animam,
2673 4834 2797 4874 cum
2841 4835 2906 4875 ex
2962 4821 3066 4875 hac
3107 4820 3220 4874 vita
3271 4818 3609 4889 migraverit,

2025 4908 2253 4979 magicis
2293 4909 2626 4965 carminibus
2668 4910 2909 4976 evocari,
2955 4918 3013 4965 et
3051 4910 3297 4964 vivorum
3346 4923 3611 4978 apparere

2026 4999 2352 5069 aspectibus,
2376 5000 2543 5053 etiam
2567 5000 2815 5069 corporis
2841 5000 3166 5056 lineamenta
3195 5007 3518 5070 gestantem,
3550 5008 3611 5053 ut

2024 5107 2135 5147 non
2169 5093 2344 5148 solum
2370 5092 2543 5147 videri
2566 5093 2762 5158 valeat,
2788 5091 2881 5148 sed
2903 5102 2960 5149 et
2981 5092 3220 5164 agnosci.
3246 5092 3314 5146 Et
3332 5092 3379 5146 si
3406 5099 3607 5160 potest,

2024 5193 2204 5239 utrum
2227 5185 2389 5238 etiam
2413 5185 2592 5238 anima
2607 5184 2759 5253 justi,
2777 5200 2881 5240 non
2902 5186 3115 5255 quidem
3136 5193 3362 5255 cogatur
3383 5183 3609 5253 magicis

2026 5274 2218 5341 sacris,
2251 5277 2349 5330 sed
2394 5274 2645 5344 dignetur
2672 5276 2880 5332 ostendi
2910 5276 3296 5332 occultion'hus
3329 5276 3607 5346 mysteriis

2029 5363 2161 5437 [AI.,
2193 5364 2461 5437 imperiis]
2488 5380 2714 5421 summai
2753 5367 2859 5438 legi
2898 5368 3296 5437 obtemperans,
3324 5374 3385 5420 ut
3407 5365 3455 5420 si
3484 5365 3605 5420 ﬁeri

2028 5470 2135 5511 non
2186 5471 2348 5526 posse
2384 5456 2661 5525 claruerit,
2707 5474 2815 5513 non
2854 5467 3079 5527 uterque
3119 5472 3312 5513 sensus
3357 5457 3414 5512 in
3441 5456 3605 5527 hujus

2029 5548 2321 5618 Scriptura:
2350 5549 2677 5604 tractatione
2722 5550 3058 5613 admittatur,
3111 5549 3207 5604 sed
3252 5547 3344 5601 illo
3381 5546 3606 5601 excluso

2026 5637 2407 5706 imaginatione
2434 5638 2730 5693 similitudo
2750 5637 3017 5693 Samuelis
3038 5636 3306 5693 diabolica
3332 5637 3438 5690 ritu
3457 5634 3607 5691 facta
3634 5634 3653 5647 ‘
