  <div class='ocr_page' id='page_1' title='image "/cluster/home/n/w/nwhite01/storage/ocr_20150623/109/hvd.32044054759741/040.png"; bbox 0 0 4026 6202; ppageno 0'>
   <div class='ocr_carea' id='block_1_1' title="bbox 372 240 446 301">
    <p class='ocr_par' dir='ltr' id='par_1_1' title="bbox 372 240 446 301">
     <span class='ocr_line' id='line_1_1' title="bbox 372 240 446 301; baseline 0 0"><span class='ocrx_word' id='word_1_1' title='bbox 372 240 446 301; x_wconf 72' lang='grc' dir='ltr'><strong>σε)</strong></span> 
     </span>
    </p>
   </div>
   <div class='ocr_carea' id='block_1_2' title="bbox 372 344 2014 423">
    <p class='ocr_par' dir='ltr' id='par_1_2' title="bbox 372 344 2014 423">
     <span class='ocr_line' id='line_1_2' title="bbox 372 344 2014 423; baseline -0.011 -12"><span class='ocrx_word' id='word_1_2' title='bbox 372 353 723 423; x_wconf 86' lang='lat' dir='ltr'><strong>intelligatur.</strong></span> <span class='ocrx_word' id='word_1_3' title='bbox 755 347 860 404; x_wconf 84' lang='lat' dir='ltr'><strong>Sed</strong></span> <span class='ocrx_word' id='word_1_4' title='bbox 885 347 1136 418; x_wconf 89' lang='lat' dir='ltr'><strong>quoniam</strong></span> <span class='ocrx_word' id='word_1_5' title='bbox 1161 347 1272 399; x_wconf 89' lang='lat' dir='ltr'><strong>sive</strong></span> <span class='ocrx_word' id='word_1_6' title='bbox 1297 345 1424 398; x_wconf 90' lang='lat' dir='ltr'><strong>illud</strong></span> <span class='ocrx_word' id='word_1_7' title='bbox 1453 344 1567 397; x_wconf 90' lang='lat' dir='ltr'><strong>ﬁeri</strong></span> <span class='ocrx_word' id='word_1_8' title='bbox 1612 346 1799 412; x_wconf 90' lang='lat' dir='ltr'><strong>possit,</strong></span> <span class='ocrx_word' id='word_1_9' title='bbox 1832 344 1942 396; x_wconf 88' lang='lat' dir='ltr'><strong>sive</strong></span> <span class='ocrx_word' id='word_1_10' title='bbox 1970 349 2014 405; x_wconf 82' lang='grc' dir='ltr'>Α</span> 
     </span>
    </p>
   </div>
   <div class='ocr_carea' id='block_1_3' title="bbox 372 433 1945 511">
    <p class='ocr_par' dir='ltr' id='par_1_3' title="bbox 372 433 1945 511">
     <span class='ocr_line' id='line_1_3' title="bbox 372 433 1945 511; baseline -0.01 -12"><span class='ocrx_word' id='word_1_11' title='bbox 372 459 481 498; x_wconf 91' lang='lat' dir='ltr'><strong>non</strong></span> <span class='ocrx_word' id='word_1_12' title='bbox 512 441 704 511; x_wconf 87' lang='lat' dir='ltr'><strong>possit,</strong></span> <span class='ocrx_word' id='word_1_13' title='bbox 731 446 908 491; x_wconf 87' lang='lat' dir='ltr'><strong>tamen</strong></span> <span class='ocrx_word' id='word_1_14' title='bbox 951 435 1159 489; x_wconf 75' lang='lat' dir='ltr'><strong>fallacia</strong></span> <span class='ocrx_word' id='word_1_15' title='bbox 1197 433 1432 497; x_wconf 63' lang='lat' dir='ltr'><strong>Satanae,</strong></span> <span class='ocrx_word' id='word_1_16' title='bbox 1463 443 1625 501; x_wconf 89' lang='lat' dir='ltr'><strong>atque</strong></span> <span class='ocrx_word' id='word_1_17' title='bbox 1656 433 1945 501; x_wconf 81' lang='lat' dir='ltr'><strong>imaginum</strong></span> 
     </span>
    </p>
   </div>
   <div class='ocr_carea' id='block_1_4' title="bbox 370 526 1948 595">
    <p class='ocr_par' dir='ltr' id='par_1_4' title="bbox 370 526 1948 595">
     <span class='ocr_line' id='line_1_4' title="bbox 370 526 1948 595; baseline -0.006 -6"><span class='ocrx_word' id='word_1_18' title='bbox 370 532 800 589; x_wconf 88' lang='lat' dir='ltr'><strong>simulandarurn</strong></span> <span class='ocrx_word' id='word_1_19' title='bbox 846 527 1022 583; x_wconf 91' lang='lat' dir='ltr'><strong>callidi</strong></span> <span class='ocrx_word' id='word_1_20' title='bbox 1057 527 1298 595; x_wconf 80' lang='lat' dir='ltr'><strong>operatio</strong></span> <span class='ocrx_word' id='word_1_21' title='bbox 1343 528 1672 595; x_wconf 83' lang='lat' dir='ltr'><strong>decipiendis</strong></span> <span class='ocrx_word' id='word_1_22' title='bbox 1699 526 1948 580; x_wconf 89' lang='lat' dir='ltr'><strong>sensibus</strong></span> 
     </span>
    </p>
   </div>
   <div class='ocr_carea' id='block_1_5' title="bbox 370 613 1944 684">
    <p class='ocr_par' dir='ltr' id='par_1_5' title="bbox 370 613 1944 684">
     <span class='ocr_line' id='line_1_5' title="bbox 370 613 1944 684; baseline -0.008 -8"><span class='ocrx_word' id='word_1_23' title='bbox 370 619 622 676; x_wconf 82' lang='lat' dir='ltr'><strong>humanis</strong></span> <span class='ocrx_word' id='word_1_24' title='bbox 647 615 994 672; x_wconf 80' lang='lat' dir='ltr'><strong>multiformis</strong></span> <span class='ocrx_word' id='word_1_25' title='bbox 1037 615 1296 684; x_wconf 82' lang='lat' dir='ltr'><strong>invigilat,</strong></span> <span class='ocrx_word' id='word_1_26' title='bbox 1334 614 1663 682; x_wconf 84' lang='lat' dir='ltr'><strong>pedetentim</strong></span> <span class='ocrx_word' id='word_1_27' title='bbox 1707 613 1944 681; x_wconf 84' lang='lat' dir='ltr'><strong>quidem,</strong></span> 
     </span>
    </p>
   </div>
   <div class='ocr_carea' id='block_1_6' title="bbox 372 705 1948 780">
    <p class='ocr_par' dir='ltr' id='par_1_6' title="bbox 372 705 1948 780">
     <span class='ocr_line' id='line_1_6' title="bbox 372 705 1948 780; baseline -0.006 -13"><span class='ocrx_word' id='word_1_28' title='bbox 372 728 440 767; x_wconf 90' lang='lat' dir='ltr'><strong>ne</strong></span> <span class='ocrx_word' id='word_1_29' title='bbox 465 709 906 780; x_wconf 85' lang='lat' dir='ltr'><strong>inquisitionibus</strong></span> <span class='ocrx_word' id='word_1_30' title='bbox 935 707 1360 776; x_wconf 82' lang='lat' dir='ltr'><strong>diligentioribus</strong></span> <span class='ocrx_word' id='word_1_31' title='bbox 1386 707 1819 774; x_wconf 71' lang='lat' dir='ltr'><strong>prmscribamus,</strong></span> <span class='ocrx_word' id='word_1_32' title='bbox 1853 705 1948 759; x_wconf 90' lang='lat' dir='ltr'><strong>sed</strong></span> 
     </span>
    </p>
   </div>
   <div class='ocr_carea' id='block_1_7' title="bbox 370 791 1946 868">
    <p class='ocr_par' dir='ltr' id='par_1_7' title="bbox 370 791 1946 868">
     <span class='ocr_line' id='line_1_7' title="bbox 370 791 1946 868; baseline -0.005 -16"><span class='ocrx_word' id='word_1_33' title='bbox 370 799 550 868; x_wconf 86' lang='lat' dir='ltr'><strong>potius</strong></span> <span class='ocrx_word' id='word_1_34' title='bbox 591 796 961 852; x_wconf 81' lang='lat' dir='ltr'><strong>existimemus</strong></span> <span class='ocrx_word' id='word_1_35' title='bbox 1001 793 1107 847; x_wconf 85' lang='lat' dir='ltr'><strong>tale</strong></span> <span class='ocrx_word' id='word_1_36' title='bbox 1143 792 1344 862; x_wconf 88' lang='lat' dir='ltr'><strong>aliquid</strong></span> <span class='ocrx_word' id='word_1_37' title='bbox 1391 791 1593 846; x_wconf 86' lang='lat' dir='ltr'><strong>factum</strong></span> <span class='ocrx_word' id='word_1_38' title='bbox 1627 793 1678 845; x_wconf 93' lang='lat' dir='ltr'><strong>in</strong></span> <span class='ocrx_word' id='word_1_39' title='bbox 1709 792 1946 861; x_wconf 80' lang='lat' dir='ltr'><strong>maligno</strong></span> 
     </span>
    </p>
   </div>
   <div class='ocr_carea' id='block_1_8' title="bbox 368 881 1946 958">
    <p class='ocr_par' dir='ltr' id='par_1_8' title="bbox 368 881 1946 958">
     <span class='ocr_line' id='line_1_8' title="bbox 368 881 1946 958; baseline -0.004 -16"><span class='ocrx_word' id='word_1_40' title='bbox 368 887 584 957; x_wconf 83' lang='lat' dir='ltr'><strong>spiritu,</strong></span> <span class='ocrx_word' id='word_1_41' title='bbox 613 884 942 956; x_wconf 68' lang='lat' dir='ltr'><strong>pythonissa‘,</strong></span> <span class='ocrx_word' id='word_1_42' title='bbox 975 882 1116 936; x_wconf 89' lang='lat' dir='ltr'><strong>illius</strong></span> <span class='ocrx_word' id='word_1_43' title='bbox 1143 881 1484 947; x_wconf 88' lang='lat' dir='ltr'><strong>ministerio,-</strong></span> <span class='ocrx_word' id='word_1_44' title='bbox 1510 881 1745 958; x_wconf 81' lang='lat' dir='ltr'><strong>quandiu</strong></span> <span class='ocrx_word' id='word_1_45' title='bbox 1789 881 1946 935; x_wconf 88' lang='lat' dir='ltr'><strong>nobis</strong></span> 
     </span>
    </p>
   </div>
   <div class='ocr_carea' id='block_1_9' title="bbox 367 970 1947 1045">
    <p class='ocr_par' dir='ltr' id='par_1_9' title="bbox 367 970 1947 1045">
     <span class='ocr_line' id='line_1_9' title="bbox 367 970 1947 1045; baseline -0.004 -15"><span class='ocrx_word' id='word_1_46' title='bbox 367 975 574 1045; x_wconf 84' lang='lat' dir='ltr'><strong>aliquid</strong></span> <span class='ocrx_word' id='word_1_47' title='bbox 605 973 834 1040; x_wconf 82' lang='lat' dir='ltr'><strong>amplius</strong></span> <span class='ocrx_word' id='word_1_48' title='bbox 862 971 1169 1041; x_wconf 78' lang='lat' dir='ltr'><strong>excogitare</strong></span> <span class='ocrx_word' id='word_1_49' title='bbox 1211 979 1371 1038; x_wconf 86' lang='lat' dir='ltr'><strong>atque</strong></span> <span class='ocrx_word' id='word_1_50' title='bbox 1421 970 1696 1038; x_wconf 69' lang='lat' dir='ltr'><strong>explicare&quot;</strong></span> <span class='ocrx_word' id='word_1_51' title='bbox 1723 986 1827 1024; x_wconf 90' lang='lat' dir='ltr'><strong>non</strong></span> <span class='ocrx_word' id='word_1_52' title='bbox 1857 971 1947 1024; x_wconf 89' lang='lat' dir='ltr'><strong>da-</strong></span> 
     </span>
    </p>
   </div>
   <div class='ocr_carea' id='block_1_10' title="bbox 367 1058 1946 1130">
    <p class='ocr_par' dir='ltr' id='par_1_10' title="bbox 367 1058 1946 1130">
     <span class='ocr_line' id='line_1_10' title="bbox 367 1058 1946 1130; baseline -0.004 -11"><span class='ocrx_word' id='word_1_53' title='bbox 367 1077 476 1119; x_wconf 88' lang='lat' dir='ltr'><strong>tur.</strong></span> <span class='ocrx_word' id='word_1_54' title='bbox 558 1065 681 1118; x_wconf 71' lang='lat' dir='ltr'><strong>Haec</strong></span> <span class='ocrx_word' id='word_1_55' title='bbox 708 1071 832 1116; x_wconf 90' lang='lat' dir='ltr'><strong>sunt</strong></span> <span class='ocrx_word' id='word_1_56' title='bbox 878 1076 996 1130; x_wconf 66' lang='lat' dir='ltr'><strong>quae</strong></span> <span class='ocrx_word' id='word_1_57' title='bbox 1033 1069 1162 1115; x_wconf 86' lang='lat' dir='ltr'><strong>tunc</strong></span> <span class='ocrx_word' id='word_1_58' title='bbox 1196 1061 1262 1115; x_wconf 90' lang='lat' dir='ltr'><strong>de</strong></span> <span class='ocrx_word' id='word_1_59' title='bbox 1293 1061 1601 1130; x_wconf 88' lang='lat' dir='ltr'><strong>pythouissa</strong></span> <span class='ocrx_word' id='word_1_60' title='bbox 1625 1069 1681 1114; x_wconf 89' lang='lat' dir='ltr'><strong>et</strong></span> <span class='ocrx_word' id='word_1_61' title='bbox 1700 1058 1946 1112; x_wconf 85' lang='lat' dir='ltr'><strong>Samuele</strong></span> 
     </span>
    </p>
   </div>
   <div class='ocr_carea' id='block_1_11' title="bbox 364 1148 1344 1223">
    <p class='ocr_par' dir='ltr' id='par_1_11' title="bbox 364 1148 1344 1223">
     <span class='ocr_line' id='line_1_11' title="bbox 364 1148 1344 1223; baseline -0.005 -16"><span class='ocrx_word' id='word_1_62' title='bbox 364 1154 586 1223; x_wconf 83' lang='lat' dir='ltr'><strong>scripsit</strong></span> <span class='ocrx_word' id='word_1_63' title='bbox 615 1150 961 1207; x_wconf 85' lang='lat' dir='ltr'><strong>beatissimus</strong></span> <span class='ocrx_word' id='word_1_64' title='bbox 991 1148 1344 1217; x_wconf 82' lang='lat' dir='ltr'><strong>Augustinus.</strong></span> 
     </span>
    </p>
   </div>
   <div class='ocr_carea' id='block_1_12' title="bbox 941 1276 1374 1334">
    <p class='ocr_par' dir='ltr' id='par_1_12' title="bbox 941 1276 1374 1334">
     <span class='ocr_line' id='line_1_12' title="bbox 941 1276 1374 1334; baseline -0.007 -1"><span class='ocrx_word' id='word_1_65' title='bbox 941 1277 1167 1334; x_wconf 82' lang='lat' dir='ltr'>CAPUT</span> <span class='ocrx_word' id='word_1_66' title='bbox 1205 1276 1374 1331; x_wconf 78' lang='lat' dir='ltr'><strong>XXX.</strong></span> 
     </span>
    </p>
   </div>
   <div class='ocr_carea' id='block_1_13' title="bbox 368 1406 1948 1480">
    <p class='ocr_par' dir='ltr' id='par_1_13' title="bbox 368 1406 1948 1480">
     <span class='ocr_line' id='line_1_13' title="bbox 368 1406 1948 1480; baseline -0.005 -13"><span class='ocrx_word' id='word_1_67' title='bbox 368 1413 520 1480; x_wconf 81' lang='lat' dir='ltr'><strong>Quod</strong></span> <span class='ocrx_word' id='word_1_68' title='bbox 535 1412 703 1466; x_wconf 82' lang='lat' dir='ltr'><strong>David</strong></span> <span class='ocrx_word' id='word_1_69' title='bbox 721 1410 1037 1464; x_wconf 79' lang='lat' dir='ltr'><strong>Amalecitas</strong></span> <span class='ocrx_word' id='word_1_70' title='bbox 1059 1409 1328 1480; x_wconf 67' lang='lat' dir='ltr'><strong>superavit</strong></span> <span class='ocrx_word' id='word_1_71' title='bbox 1341 1417 1389 1461; x_wconf 80' lang='lat' dir='ltr'><strong>et</strong></span> <span class='ocrx_word' id='word_1_72' title='bbox 1409 1407 1649 1480; x_wconf 65' lang='lat' dir='ltr'><strong>praedam</strong></span> <span class='ocrx_word' id='word_1_73' title='bbox 1662 1421 1819 1478; x_wconf 84' lang='lat' dir='ltr'><strong>quam</strong></span> <span class='ocrx_word' id='word_1_74' title='bbox 1834 1406 1948 1460; x_wconf 76' lang='lat' dir='ltr'><strong>abs-</strong></span> 
     </span>
    </p>
   </div>
   <div class='ocr_carea' id='block_1_14' title="bbox 741 1476 1576 1546">
    <p class='ocr_par' dir='ltr' id='par_1_14' title="bbox 741 1476 1576 1546">
     <span class='ocr_line' id='line_1_14' title="bbox 741 1476 1576 1546; baseline -0.005 -13"><span class='ocrx_word' id='word_1_75' title='bbox 741 1481 990 1545; x_wconf 82' lang='lat' dir='ltr'><strong>tulerant,</strong></span> <span class='ocrx_word' id='word_1_76' title='bbox 1030 1480 1084 1532; x_wconf 87' lang='lat' dir='ltr'><strong>in</strong></span> <span class='ocrx_word' id='word_1_77' title='bbox 1115 1476 1345 1533; x_wconf 71' lang='lat' dir='ltr'><strong>Sicelecb</strong></span> <span class='ocrx_word' id='word_1_78' title='bbox 1369 1476 1576 1546; x_wconf 77' lang='lat' dir='ltr'><strong>eripuit.</strong></span> 
     </span>
    </p>
   </div>
   <div class='ocr_carea' id='block_1_15' title="bbox 438 1587 1948 1664">
    <p class='ocr_par' dir='ltr' id='par_1_15' title="bbox 438 1587 1948 1664">
     <span class='ocr_line' id='line_1_15' title="bbox 438 1587 1948 1664; baseline -0.005 -14"><span class='ocrx_word' id='word_1_79' title='bbox 438 1595 588 1662; x_wconf 69' lang='lat' dir='ltr'><strong>(CAP.</strong></span> <span class='ocrx_word' id='word_1_80' title='bbox 621 1593 778 1664; x_wconf 80' lang='lat' dir='ltr'><strong>xxx.)</strong></span> <span class='ocrx_word' id='word_1_81' title='bbox 802 1593 1009 1647; x_wconf 86' lang='lat' dir='ltr'><strong>interea</strong></span> <span class='ocrx_word' id='word_1_82' title='bbox 1029 1591 1154 1645; x_wconf 91' lang='lat' dir='ltr'><strong>dum</strong></span> <span class='ocrx_word' id='word_1_83' title='bbox 1177 1596 1424 1661; x_wconf 82' lang='lat' dir='ltr'><strong>pergeret</strong></span> <span class='ocrx_word' id='word_1_84' title='bbox 1443 1589 1610 1644; x_wconf 86' lang='lat' dir='ltr'><strong>David</strong></span> <span class='ocrx_word' id='word_1_85' title='bbox 1632 1603 1755 1644; x_wconf 90' lang='lat' dir='ltr'><strong>cum</strong></span> <span class='ocrx_word' id='word_1_86' title='bbox 1783 1587 1948 1643; x_wconf 85' lang='lat' dir='ltr'><strong>Achis</strong></span> 
     </span>
    </p>
   </div>
   <div class='ocr_carea' id='block_1_16' title="bbox 1186 231 2791 294">
    <p class='ocr_par' dir='ltr' id='par_1_16' title="bbox 1186 231 2791 294">
     <span class='ocr_line' id='line_1_16' title="bbox 1186 231 2791 294; baseline -0.005 0"><span class='ocrx_word' id='word_1_87' title='bbox 1186 236 1538 294; x_wconf 77' lang='lat' dir='ltr'><strong>COMMENT.</strong></span> <span class='ocrx_word' id='word_1_88' title='bbox 1581 235 1652 288; x_wconf 82' lang='lat' dir='ltr'><strong>1N</strong></span> <span class='ocrx_word' id='word_1_89' title='bbox 1687 234 1930 289; x_wconf 76' lang='lat' dir='ltr'><strong>LIBROS</strong></span> <span class='ocrx_word' id='word_1_90' title='bbox 1968 235 2031 288; x_wconf 61' lang='grc' dir='ltr'><strong>ις</strong></span> <span class='ocrx_word' id='word_1_91' title='bbox 2075 233 2332 287; x_wconf 76' lang='lat' dir='ltr'><strong>llEGUM.</strong></span> <span class='ocrx_word' id='word_1_92' title='bbox 2371 258 2440 272; x_wconf 61' lang='grc' dir='ltr'><strong>-ι</strong></span> <span class='ocrx_word' id='word_1_93' title='bbox 2478 231 2542 285; x_wconf 83' lang='lat' dir='ltr'><strong>IN</strong></span> <span class='ocrx_word' id='word_1_94' title='bbox 2586 231 2711 286; x_wconf 82' lang='lat' dir='ltr'><strong>LIB.</strong></span> <span class='ocrx_word' id='word_1_95' title='bbox 2747 233 2791 286; x_wconf 73' lang='lat' dir='ltr'><strong>l.</strong></span> 
     </span>
    </p>
   </div>
   <div class='ocr_carea' id='block_1_17' title="bbox 2604 339 3439 397">
    <p class='ocr_par' dir='ltr' id='par_1_17' title="bbox 2604 339 3439 397">
     <span class='ocr_line' id='line_1_17' title="bbox 2604 339 3439 397; baseline 0.001 -1"><span class='ocrx_word' id='word_1_96' title='bbox 2604 340 2827 396; x_wconf 70' lang='lat' dir='ltr'><strong>CAPUT</strong></span> <span class='ocrx_word' id='word_1_97' title='bbox 2861 341 3046 397; x_wconf 70' lang='lat' dir='ltr'><strong>XXXI.</strong></span> <span class='ocrx_word' id='word_1_98' title='bbox 3434 339 3439 346; x_wconf 81' lang='grc'><em>’</em></span> 
     </span>
    </p>
   </div>
   <div class='ocr_carea' id='block_1_18' title="bbox 2047 447 3614 517">
    <p class='ocr_par' dir='ltr' id='par_1_18' title="bbox 2047 447 3614 517">
     <span class='ocr_line' id='line_1_18' title="bbox 2047 447 3614 517; baseline 0.004 -18"><span class='ocrx_word' id='word_1_99' title='bbox 2047 447 2234 517; x_wconf 83' lang='lat' dir='ltr'><strong>Pugna</strong></span> <span class='ocrx_word' id='word_1_100' title='bbox 2248 447 2567 501; x_wconf 82' lang='lat' dir='ltr'><strong>Philisthiim</strong></span> <span class='ocrx_word' id='word_1_101' title='bbox 2588 458 2766 500; x_wconf 83' lang='lat' dir='ltr'><strong>contra</strong></span> <span class='ocrx_word' id='word_1_102' title='bbox 2783 449 3094 514; x_wconf 80' lang='lat' dir='ltr'><strong>Jerusalem,</strong></span> <span class='ocrx_word' id='word_1_103' title='bbox 3110 459 3156 502; x_wconf 84' lang='lat' dir='ltr'><strong>el</strong></span> <span class='ocrx_word' id='word_1_104' title='bbox 3169 449 3234 503; x_wconf 80' lang='lat' dir='ltr'><strong>de</strong></span> <span class='ocrx_word' id='word_1_105' title='bbox 3250 461 3410 504; x_wconf 78' lang='lat' dir='ltr'><strong>morte</strong></span> <span class='ocrx_word' id='word_1_106' title='bbox 3431 450 3614 506; x_wconf 71' lang='lat' dir='ltr'><strong>Saulis</strong></span> 
     </span>
    </p>
   </div>
   <div class='ocr_carea' id='block_1_19' title="bbox 2604 517 3062 585">
    <p class='ocr_par' dir='ltr' id='par_1_19' title="bbox 2604 517 3062 585">
     <span class='ocr_line' id='line_1_19' title="bbox 2604 517 3062 585; baseline 0 -17"><span class='ocrx_word' id='word_1_107' title='bbox 2604 527 2650 569; x_wconf 88' lang='lat' dir='ltr'><strong>et</strong></span> <span class='ocrx_word' id='word_1_108' title='bbox 2677 517 2907 584; x_wconf 80' lang='lat' dir='ltr'><strong>ﬁliorum</strong></span> <span class='ocrx_word' id='word_1_109' title='bbox 2927 518 3062 585; x_wconf 81' lang='lat' dir='ltr'><strong>ejus.</strong></span> 
     </span>
    </p>
   </div>
   <div class='ocr_carea' id='block_1_20' title="bbox 2115 625 3619 698">
    <p class='ocr_par' dir='ltr' id='par_1_20' title="bbox 2115 625 3619 698">
     <span class='ocr_line' id='line_1_20' title="bbox 2115 625 3619 698; baseline 0.003 -17"><span class='ocrx_word' id='word_1_110' title='bbox 2115 625 2265 698; x_wconf 79' lang='lat' dir='ltr'><strong>(CAP.</strong></span> <span class='ocrx_word' id='word_1_111' title='bbox 2306 625 2478 693; x_wconf 63' lang='grc' dir='ltr'><strong>χχιι.)</strong></span> <span class='ocrx_word' id='word_1_112' title='bbox 2512 645 2529 675; x_wconf 86' lang='grc'><strong><em>‹</em></strong></span> <span class='ocrx_word' id='word_1_113' title='bbox 2565 625 2729 694; x_wconf 82' lang='lat' dir='ltr'><strong>igitur</strong></span> <span class='ocrx_word' id='word_1_114' title='bbox 2757 636 2946 680; x_wconf 76' lang='lat' dir='ltr'><strong>exorto</strong></span> <span class='ocrx_word' id='word_1_115' title='bbox 2999 627 3182 694; x_wconf 72' lang='lat' dir='ltr'><strong>prmlio</strong></span> <span class='ocrx_word' id='word_1_116' title='bbox 3235 642 3619 697; x_wconf 80' lang='lat' dir='ltr'><strong>percusserunt</strong></span> 
     </span>
    </p>
   </div>
   <div class='ocr_carea' id='block_1_21' title="bbox 2051 715 3618 788">
    <p class='ocr_par' dir='ltr' id='par_1_21' title="bbox 2051 715 3618 788">
     <span class='ocr_line' id='line_1_21' title="bbox 2051 715 3618 788; baseline 0.004 -20"><span class='ocrx_word' id='word_1_117' title='bbox 2051 736 2069 768; x_wconf 74' lang='grc' dir='ltr'>ι</span> <span class='ocrx_word' id='word_1_118' title='bbox 2098 717 2420 770; x_wconf 88' lang='lat' dir='ltr'><strong>Philisthiim</strong></span> <span class='ocrx_word' id='word_1_119' title='bbox 2451 715 2613 770; x_wconf 86' lang='lat' dir='ltr'><strong>Israel</strong></span> <span class='ocrx_word' id='word_1_120' title='bbox 2661 715 2816 784; x_wconf 83' lang='lat' dir='ltr'><strong>plaga</strong></span> <span class='ocrx_word' id='word_1_121' title='bbox 2847 732 3058 785; x_wconf 87' lang='lat' dir='ltr'><strong>magna,</strong></span> <span class='ocrx_word' id='word_1_122' title='bbox 3108 728 3531 788; x_wconf 90' lang='lat' dir='ltr'><strong>corrueruntque</strong></span> <span class='ocrx_word' id='word_1_123' title='bbox 3559 723 3618 774; x_wconf 76' lang='lat' dir='ltr'><strong>in</strong></span> 
     </span>
    </p>
   </div>
   <div class='ocr_carea' id='block_1_22' title="bbox 2050 804 3611 880">
    <p class='ocr_par' dir='ltr' id='par_1_22' title="bbox 2050 804 3611 880">
     <span class='ocr_line' id='line_1_22' title="bbox 2050 804 3611 880; baseline 0.006 -25"><span class='ocrx_word' id='word_1_124' title='bbox 2050 807 2076 855; x_wconf 72' lang='grc' dir='ltr'><strong>ι’</strong></span> <span class='ocrx_word' id='word_1_125' title='bbox 2098 805 2278 875; x_wconf 70' lang='lat' dir='ltr'><strong>prazlio</strong></span> <span class='ocrx_word' id='word_1_126' title='bbox 2301 805 2425 858; x_wconf 87' lang='lat' dir='ltr'><strong>Saul</strong></span> <span class='ocrx_word' id='word_1_127' title='bbox 2453 815 2506 859; x_wconf 89' lang='lat' dir='ltr'><strong>et</strong></span> <span class='ocrx_word' id='word_1_128' title='bbox 2533 804 2819 858; x_wconf 83' lang='lat' dir='ltr'><strong>Jonathan.</strong></span> <span class='ocrx_word' id='word_1_129' title='bbox 2849 806 3196 875; x_wconf 85' lang='lat' dir='ltr'><strong>Arripuitque</strong></span> <span class='ocrx_word' id='word_1_130' title='bbox 3222 809 3347 863; x_wconf 84' lang='lat' dir='ltr'><strong>Saul</strong></span> <span class='ocrx_word' id='word_1_131' title='bbox 3373 810 3611 880; x_wconf 80' lang='lat' dir='ltr'><strong>gladium</strong></span> 
     </span>
    </p>
   </div>
   <div class='ocr_carea' id='block_1_23' title="bbox 2050 895 3613 963">
    <p class='ocr_par' dir='ltr' id='par_1_23' title="bbox 2050 895 3613 963">
     <span class='ocr_line' id='line_1_23' title="bbox 2050 895 3613 963; baseline 0.006 -18"><span class='ocrx_word' id='word_1_132' title='bbox 2050 912 2069 944; x_wconf 74' lang='grc' dir='ltr'>ι</span> <span class='ocrx_word' id='word_1_133' title='bbox 2098 909 2272 958; x_wconf 85' lang='lat' dir='ltr'><strong>suum,</strong></span> <span class='ocrx_word' id='word_1_134' title='bbox 2305 904 2359 948; x_wconf 88' lang='lat' dir='ltr'><strong>et</strong></span> <span class='ocrx_word' id='word_1_135' title='bbox 2402 895 2559 947; x_wconf 79' lang='lat' dir='ltr'><strong>irruit</strong></span> <span class='ocrx_word' id='word_1_136' title='bbox 2586 911 2746 963; x_wconf 85' lang='lat' dir='ltr'><strong>super</strong></span> <span class='ocrx_word' id='word_1_137' title='bbox 2773 911 2913 949; x_wconf 91' lang='lat' dir='ltr'><strong>eum.</strong></span> <span class='ocrx_word' id='word_1_138' title='bbox 2948 897 3099 962; x_wconf 87' lang='lat' dir='ltr'><strong>Quod</strong></span> <span class='ocrx_word' id='word_1_139' title='bbox 3129 913 3250 952; x_wconf 92' lang='lat' dir='ltr'><strong>cum</strong></span> <span class='ocrx_word' id='word_1_140' title='bbox 3281 899 3506 954; x_wconf 84' lang='lat' dir='ltr'><strong>vidisset</strong></span> <span class='ocrx_word' id='word_1_141' title='bbox 3529 912 3613 954; x_wconf 87' lang='lat' dir='ltr'><strong>ar-</strong></span> 
     </span>
    </p>
   </div>
   <div class='ocr_carea' id='block_1_24' title="bbox 2050 984 3622 1053">
    <p class='ocr_par' dir='ltr' id='par_1_24' title="bbox 2050 984 3622 1053">
     <span class='ocr_line' id='line_1_24' title="bbox 2050 984 3622 1053; baseline 0.004 -18"><span class='ocrx_word' id='word_1_142' title='bbox 2050 984 2270 1052; x_wconf 74' lang='lat' dir='ltr'><strong>rmiger</strong></span> <span class='ocrx_word' id='word_1_143' title='bbox 2313 984 2451 1053; x_wconf 86' lang='lat' dir='ltr'><strong>ejus,</strong></span> <span class='ocrx_word' id='word_1_144' title='bbox 2503 984 2756 1038; x_wconf 75' lang='lat' dir='ltr'><strong>videlicet</strong></span> <span class='ocrx_word' id='word_1_145' title='bbox 2807 985 2946 1052; x_wconf 89' lang='lat' dir='ltr'><strong>quod</strong></span> <span class='ocrx_word' id='word_1_146' title='bbox 2993 995 3237 1040; x_wconf 88' lang='lat' dir='ltr'><strong>mortuus</strong></span> <span class='ocrx_word' id='word_1_147' title='bbox 3271 997 3414 1041; x_wconf 82' lang='lat' dir='ltr'><strong>esset</strong></span> <span class='ocrx_word' id='word_1_148' title='bbox 3463 988 3622 1051; x_wconf 62' lang='lat' dir='ltr'><strong>Saul,</strong></span> 
     </span>
    </p>
   </div>
   <div class='ocr_carea' id='block_1_25' title="bbox 2051 1073 3622 1145">
    <p class='ocr_par' dir='ltr' id='par_1_25' title="bbox 2051 1073 3622 1145">
     <span class='ocr_line' id='line_1_25' title="bbox 2051 1073 3622 1145; baseline 0.004 -20"><span class='ocrx_word' id='word_1_149' title='bbox 2051 1094 2069 1125; x_wconf 87' lang='grc'><em>‹</em></span> <span class='ocrx_word' id='word_1_150' title='bbox 2099 1073 2254 1128; x_wconf 86' lang='lat' dir='ltr'><strong>irruit</strong></span> <span class='ocrx_word' id='word_1_151' title='bbox 2284 1075 2447 1128; x_wconf 87' lang='lat' dir='ltr'><strong>etiam</strong></span> <span class='ocrx_word' id='word_1_152' title='bbox 2476 1075 2587 1143; x_wconf 89' lang='lat' dir='ltr'><strong>ipse</strong></span> <span class='ocrx_word' id='word_1_153' title='bbox 2630 1090 2790 1144; x_wconf 83' lang='lat' dir='ltr'><strong>super</strong></span> <span class='ocrx_word' id='word_1_154' title='bbox 2819 1075 3051 1145; x_wconf 82' lang='lat' dir='ltr'><strong>gladium</strong></span> <span class='ocrx_word' id='word_1_155' title='bbox 3088 1091 3266 1142; x_wconf 91' lang='lat' dir='ltr'><strong>suum,</strong></span> <span class='ocrx_word' id='word_1_156' title='bbox 3294 1087 3348 1132; x_wconf 91' lang='lat' dir='ltr'><strong>et</strong></span> <span class='ocrx_word' id='word_1_157' title='bbox 3371 1089 3622 1133; x_wconf 84' lang='lat' dir='ltr'><strong>mortuus</strong></span> 
     </span>
    </p>
   </div>
   <div class='ocr_carea' id='block_1_26' title="bbox 2053 1173 2616 1230">
    <p class='ocr_par' dir='ltr' id='par_1_26' title="bbox 2053 1173 2616 1230">
     <span class='ocr_line' id='line_1_26' title="bbox 2053 1173 2616 1230; baseline 0 -14"><span class='ocrx_word' id='word_1_158' title='bbox 2053 1185 2071 1216; x_wconf 70' lang='grc' dir='ltr'><strong>ε</strong></span> <span class='ocrx_word' id='word_1_159' title='bbox 2096 1174 2178 1219; x_wconf 89' lang='lat' dir='ltr'><strong>est</strong></span> <span class='ocrx_word' id='word_1_160' title='bbox 2203 1181 2323 1219; x_wconf 91' lang='lat' dir='ltr'><strong>cum</strong></span> <span class='ocrx_word' id='word_1_161' title='bbox 2355 1180 2439 1230; x_wconf 92' lang='lat' dir='ltr'><strong>eo,</strong></span> <span class='ocrx_word' id='word_1_162' title='bbox 2463 1185 2480 1214; x_wconf 83' lang='grc'><strong>›</strong></span> <span class='ocrx_word' id='word_1_163' title='bbox 2513 1173 2616 1218; x_wconf 90' lang='lat' dir='ltr'><strong>etc.</strong></span> 
     </span>
    </p>
   </div>
   <div class='ocr_carea' id='block_1_27' title="bbox 2117 1253 3614 1324">
    <p class='ocr_par' dir='ltr' id='par_1_27' title="bbox 2117 1253 3614 1324">
     <span class='ocr_line' id='line_1_27' title="bbox 2117 1253 3614 1324; baseline 0.003 -18"><span class='ocrx_word' id='word_1_164' title='bbox 2117 1255 2224 1323; x_wconf 77' lang='lat' dir='ltr'><strong>(Ea:</strong></span> <span class='ocrx_word' id='word_1_165' title='bbox 2247 1253 2466 1308; x_wconf 73' lang='lat' dir='ltr'><strong>Hebrum</strong></span> <span class='ocrx_word' id='word_1_166' title='bbox 2494 1253 2765 1324; x_wconf 82' lang='lat' dir='ltr'><strong>quodam.)</strong></span> <span class='ocrx_word' id='word_1_167' title='bbox 2812 1253 3152 1324; x_wconf 84' lang='lat' dir='ltr'><strong>Armigerum</strong></span> <span class='ocrx_word' id='word_1_168' title='bbox 3204 1257 3360 1310; x_wconf 90' lang='lat' dir='ltr'><strong>istum</strong></span> <span class='ocrx_word' id='word_1_169' title='bbox 3407 1255 3614 1312; x_wconf 77' lang='lat' dir='ltr'><strong>ilebnni</strong></span> 
     </span>
    </p>
   </div>
   <div class='ocr_carea' id='block_1_28' title="bbox 2046 1345 3626 1415">
    <p class='ocr_par' dir='ltr' id='par_1_28' title="bbox 2046 1345 3626 1415">
     <span class='ocr_line' id='line_1_28' title="bbox 2046 1345 3626 1415; baseline 0.002 -16"><span class='ocrx_word' id='word_1_170' title='bbox 2046 1347 2190 1414; x_wconf 88' lang='lat' dir='ltr'><strong>Doeg</strong></span> <span class='ocrx_word' id='word_1_171' title='bbox 2217 1345 2504 1398; x_wconf 69' lang='lat' dir='ltr'><strong>ldumzeum</strong></span> <span class='ocrx_word' id='word_1_172' title='bbox 2530 1346 2710 1398; x_wconf 88' lang='lat' dir='ltr'><strong>dicunt</strong></span> <span class='ocrx_word' id='word_1_173' title='bbox 2732 1345 2918 1410; x_wconf 83' lang='lat' dir='ltr'><strong>fuisse,</strong></span> <span class='ocrx_word' id='word_1_174' title='bbox 2945 1348 3034 1415; x_wconf 87' lang='lat' dir='ltr'><strong>qui</strong></span> <span class='ocrx_word' id='word_1_175' title='bbox 3065 1362 3292 1402; x_wconf 83' lang='lat' dir='ltr'><strong>cernens</strong></span> <span class='ocrx_word' id='word_1_176' title='bbox 3321 1349 3449 1402; x_wconf 84' lang='lat' dir='ltr'><strong>Saul</strong></span> <span class='ocrx_word' id='word_1_177' title='bbox 3478 1366 3626 1402; x_wconf 51' lang='lat' dir='ltr'><strong>mor»</strong></span> 
     </span>
    </p>
   </div>
   <div class='ocr_carea' id='block_1_29' title="bbox 2047 1435 3396 1503">
    <p class='ocr_par' dir='ltr' id='par_1_29' title="bbox 2047 1435 3396 1503">
     <span class='ocr_line' id='line_1_29' title="bbox 2047 1435 3396 1503; baseline 0 -14"><span class='ocrx_word' id='word_1_178' title='bbox 2047 1445 2220 1498; x_wconf 88' lang='lat' dir='ltr'><strong>tuum,</strong></span> <span class='ocrx_word' id='word_1_179' title='bbox 2254 1435 2487 1503; x_wconf 86' lang='lat' dir='ltr'><strong>seipsu&#39;m</strong></span> <span class='ocrx_word' id='word_1_180' title='bbox 2518 1435 2597 1487; x_wconf 61' lang='lat' dir='ltr'><strong>ob&quot;</strong></span> <span class='ocrx_word' id='word_1_181' title='bbox 2616 1445 2816 1488; x_wconf 87' lang='lat' dir='ltr'><strong>metum</strong></span> <span class='ocrx_word' id='word_1_182' title='bbox 2847 1435 3011 1489; x_wconf 81' lang='lat' dir='ltr'><strong>David</strong></span> <span class='ocrx_word' id='word_1_183' title='bbox 3045 1437 3396 1491; x_wconf 84' lang='lat' dir='ltr'><strong>interemerit.</strong></span> 
     </span>
    </p>
   </div>
   <div class='ocr_carea' id='block_1_30' title="bbox 2124 1525 3619 1598">
    <p class='ocr_par' dir='ltr' id='par_1_30' title="bbox 2124 1525 3619 1598">
     <span class='ocr_line' id='line_1_30' title="bbox 2124 1525 3619 1598; baseline 0.004 -22"><span class='ocrx_word' id='word_1_184' title='bbox 2124 1545 2142 1576; x_wconf 73' lang='grc' dir='ltr'>ι</span> <span class='ocrx_word' id='word_1_185' title='bbox 2172 1525 2411 1578; x_wconf 86' lang='lat' dir='ltr'><strong>Mortuus</strong></span> <span class='ocrx_word' id='word_1_186' title='bbox 2452 1533 2537 1579; x_wconf 90' lang='lat' dir='ltr'><strong>est</strong></span> <span class='ocrx_word' id='word_1_187' title='bbox 2563 1541 2691 1595; x_wconf 88' lang='lat' dir='ltr'><strong>ergo</strong></span> <span class='ocrx_word' id='word_1_188' title='bbox 2731 1525 2876 1588; x_wconf 87' lang='lat' dir='ltr'><strong>Saul,</strong></span> <span class='ocrx_word' id='word_1_189' title='bbox 2924 1536 2978 1580; x_wconf 90' lang='lat' dir='ltr'><strong>et</strong></span> <span class='ocrx_word' id='word_1_190' title='bbox 3020 1536 3130 1582; x_wconf 89' lang='lat' dir='ltr'><strong>tres</strong></span> <span class='ocrx_word' id='word_1_191' title='bbox 3162 1528 3254 1582; x_wconf 90' lang='lat' dir='ltr'><strong>ﬁlii</strong></span> <span class='ocrx_word' id='word_1_192' title='bbox 3288 1529 3422 1598; x_wconf 84' lang='lat' dir='ltr'><strong>ejus,</strong></span> <span class='ocrx_word' id='word_1_193' title='bbox 3455 1538 3507 1582; x_wconf 92' lang='lat' dir='ltr'><strong>et</strong></span> <span class='ocrx_word' id='word_1_194' title='bbox 3523 1545 3619 1582; x_wconf 83' lang='lat' dir='ltr'><strong>ar-</strong></span> 
     </span>
    </p>
   </div>
   <div class='ocr_carea' id='block_1_31' title="bbox 2055 1615 3625 1685">
    <p class='ocr_par' dir='ltr' id='par_1_31' title="bbox 2055 1615 3625 1685">
     <span class='ocr_line' id='line_1_31' title="bbox 2055 1615 3625 1685; baseline 0.004 -19"><span class='ocrx_word' id='word_1_195' title='bbox 2055 1633 2076 1666; x_wconf 89' lang='grc'><em>‹</em></span> <span class='ocrx_word' id='word_1_196' title='bbox 2105 1615 2274 1685; x_wconf 84' lang='lat' dir='ltr'><strong>miger</strong></span> <span class='ocrx_word' id='word_1_197' title='bbox 2315 1615 2456 1669; x_wconf 92' lang='lat' dir='ltr'><strong>illius</strong></span> <span class='ocrx_word' id='word_1_198' title='bbox 2487 1623 2541 1669; x_wconf 88' lang='lat' dir='ltr'><strong>et</strong></span> <span class='ocrx_word' id='word_1_199' title='bbox 2579 1616 2814 1669; x_wconf 83' lang='lat' dir='ltr'><strong>universi</strong></span> <span class='ocrx_word' id='word_1_200' title='bbox 2850 1616 2950 1669; x_wconf 83' lang='lat' dir='ltr'><strong>viri</strong></span> <span class='ocrx_word' id='word_1_201' title='bbox 2997 1616 3132 1685; x_wconf 88' lang='lat' dir='ltr'><strong>ejus,</strong></span> <span class='ocrx_word' id='word_1_202' title='bbox 3161 1624 3264 1671; x_wconf 91' lang='lat' dir='ltr'><strong>etc.</strong></span> <span class='ocrx_word' id='word_1_203' title='bbox 3292 1636 3309 1667; x_wconf 73' lang='grc' dir='ltr'><strong>ι</strong></span> <span class='ocrx_word' id='word_1_204' title='bbox 3362 1616 3475 1670; x_wconf 82' lang='lat' dir='ltr'><strong>Viri</strong></span> <span class='ocrx_word' id='word_1_205' title='bbox 3506 1619 3625 1682; x_wconf 63' lang='lat' dir='ltr'><strong>isti,</strong></span> 
     </span>
    </p>
   </div>
   <div class='ocr_carea' id='block_1_32' title="bbox 371 1675 3613 1773">
    <p class='ocr_par' dir='ltr' id='par_1_32' title="bbox 371 1675 3613 1773">
     <span class='ocr_line' id='line_1_32' title="bbox 371 1675 3613 1773; baseline -0.002 -9"><span class='ocrx_word' id='word_1_206' title='bbox 371 1684 972 1773; x_wconf 59' lang='grc' dir='ltr'><strong>τεὲθῬδίιίδὼίΠΨυω</strong></span> <span class='ocrx_word' id='word_1_207' title='bbox 999 1681 1056 1773; x_wconf 59' lang='grc' dir='ltr'><strong>ίιξ</strong></span> <span class='ocrx_word' id='word_1_208' title='bbox 1083 1679 1614 1773; x_wconf 46' lang='grc' dir='ltr'><strong>Ρτείίυωέδνξῗδίξδ</strong></span> <span class='ocrx_word' id='word_1_209' title='bbox 1641 1679 1824 1773; x_wconf 29' lang='lat' dir='ltr'><strong>(smel,</strong></span> <span class='ocrx_word' id='word_1_210' title='bbox 1857 1679 1942 1732; x_wconf 69' lang='lat' dir='ltr'><strong>in‘</strong></span> <span class='ocrx_word' id='word_1_211' title='bbox 1972 1675 2020 1734; x_wconf 83' lang='lat' dir='ltr'><strong>B</strong></span> <span class='ocrx_word' id='word_1_212' title='bbox 2048 1675 2209 1773; x_wconf 79' lang='lat' dir='ltr'><strong>pueri</strong></span> <span class='ocrx_word' id='word_1_213' title='bbox 2231 1703 2508 1758; x_wconf 86' lang='lat' dir='ltr'><strong>domestici</strong></span> <span class='ocrx_word' id='word_1_214' title='bbox 2543 1704 2657 1773; x_wconf 89' lang='lat' dir='ltr'><strong>ejus</strong></span> <span class='ocrx_word' id='word_1_215' title='bbox 2698 1675 3042 1773; x_wconf 71' lang='lat' dir='ltr'><strong>intelligendi</strong></span> <span class='ocrx_word' id='word_1_216' title='bbox 3082 1675 3225 1758; x_wconf 83' lang='lat' dir='ltr'><strong>sunt.</strong></span> <span class='ocrx_word' id='word_1_217' title='bbox 3275 1705 3340 1758; x_wconf 88' lang='lat' dir='ltr'><strong>Hi</strong></span> <span class='ocrx_word' id='word_1_218' title='bbox 3380 1713 3490 1760; x_wconf 87' lang='lat' dir='ltr'><strong>tres</strong></span> <span class='ocrx_word' id='word_1_219' title='bbox 3519 1675 3613 1759; x_wconf 82' lang='lat' dir='ltr'><strong>lilii</strong></span> 
     </span>
    </p>
   </div>
   <div class='ocr_carea' id='block_1_33' title="bbox 365 1768 1941 1844">
    <p class='ocr_par' dir='ltr' id='par_1_33' title="bbox 365 1768 1941 1844">
     <span class='ocr_line' id='line_1_33' title="bbox 365 1768 1941 1844; baseline -0.004 -14"><span class='ocrx_word' id='word_1_220' title='bbox 365 1785 651 1844; x_wconf 79' lang='lat' dir='ltr'><strong>surgentes</strong></span> <span class='ocrx_word' id='word_1_221' title='bbox 689 1771 1003 1827; x_wconf 79' lang='lat' dir='ltr'><strong>Amalecita:</strong></span> <span class='ocrx_word' id='word_1_222' title='bbox 1044 1771 1318 1824; x_wconf 86' lang='lat' dir='ltr'><strong>irruerunt</strong></span> <span class='ocrx_word' id='word_1_223' title='bbox 1342 1770 1398 1823; x_wconf 91' lang='lat' dir='ltr'><strong>in</strong></span> <span class='ocrx_word' id='word_1_224' title='bbox 1443 1768 1704 1833; x_wconf 89' lang='lat' dir='ltr'><strong>Sicelecb,</strong></span> <span class='ocrx_word' id='word_1_225' title='bbox 1733 1777 1789 1824; x_wconf 91' lang='lat' dir='ltr'><strong>et</strong></span> <span class='ocrx_word' id='word_1_226' title='bbox 1815 1785 1941 1824; x_wconf 92' lang='lat' dir='ltr'><strong>suc-</strong></span> 
     </span>
    </p>
   </div>
   <div class='ocr_carea' id='block_1_34' title="bbox 366 1859 1944 1930">
    <p class='ocr_par' dir='ltr' id='par_1_34' title="bbox 366 1859 1944 1930">
     <span class='ocr_line' id='line_1_34' title="bbox 366 1859 1944 1930; baseline -0.003 -11"><span class='ocrx_word' id='word_1_227' title='bbox 366 1866 660 1919; x_wconf 87' lang='lat' dir='ltr'><strong>cendentes</strong></span> <span class='ocrx_word' id='word_1_228' title='bbox 680 1878 821 1927; x_wconf 87' lang='lat' dir='ltr'><strong>eam,</strong></span> <span class='ocrx_word' id='word_1_229' title='bbox 858 1862 1267 1930; x_wconf 84' lang='lat' dir='ltr'><strong>captivaverunt</strong></span> <span class='ocrx_word' id='word_1_230' title='bbox 1291 1860 1472 1914; x_wconf 86' lang='lat' dir='ltr'><strong>omnia</strong></span> <span class='ocrx_word' id='word_1_231' title='bbox 1507 1875 1626 1930; x_wconf 60' lang='lat' dir='ltr'><strong>quae</strong></span> <span class='ocrx_word' id='word_1_232' title='bbox 1651 1868 1808 1915; x_wconf 90' lang='lat' dir='ltr'><strong>erant</strong></span> <span class='ocrx_word' id='word_1_233' title='bbox 1840 1859 1944 1914; x_wconf 86' lang='lat' dir='ltr'><strong>Da-</strong></span> 
     </span>
    </p>
   </div>
   <div class='ocr_carea' id='block_1_35' title="bbox 369 1950 1945 2024">
    <p class='ocr_par' dir='ltr' id='par_1_35' title="bbox 369 1950 1945 2024">
     <span class='ocr_line' id='line_1_35' title="bbox 369 1950 1945 2024; baseline 0 -19"><span class='ocrx_word' id='word_1_234' title='bbox 369 1956 453 2010; x_wconf 82' lang='lat' dir='ltr'><strong>vid</strong></span> <span class='ocrx_word' id='word_1_235' title='bbox 480 1965 537 2010; x_wconf 88' lang='lat' dir='ltr'><strong>et</strong></span> <span class='ocrx_word' id='word_1_236' title='bbox 576 1968 866 2024; x_wconf 85' lang='lat' dir='ltr'><strong>puerorum</strong></span> <span class='ocrx_word' id='word_1_237' title='bbox 891 1951 1025 2019; x_wconf 85' lang='lat' dir='ltr'><strong>ejus.</strong></span> <span class='ocrx_word' id='word_1_238' title='bbox 1066 1951 1335 2006; x_wconf 81' lang='lat' dir='ltr'><strong>Reversus</strong></span> <span class='ocrx_word' id='word_1_239' title='bbox 1361 1966 1490 2021; x_wconf 90' lang='lat' dir='ltr'><strong>ergo</strong></span> <span class='ocrx_word' id='word_1_240' title='bbox 1517 1950 1685 2005; x_wconf 86' lang='lat' dir='ltr'><strong>David</strong></span> <span class='ocrx_word' id='word_1_241' title='bbox 1713 1952 1779 2005; x_wconf 92' lang='lat' dir='ltr'><strong>ad</strong></span> <span class='ocrx_word' id='word_1_242' title='bbox 1822 1965 1945 2019; x_wconf 88' lang='lat' dir='ltr'><strong>per-</strong></span> 
     </span>
    </p>
   </div>
   <div class='ocr_carea' id='block_1_36' title="bbox 365 2040 1945 2115">
    <p class='ocr_par' dir='ltr' id='par_1_36' title="bbox 365 2040 1945 2115">
     <span class='ocr_line' id='line_1_36' title="bbox 365 2040 1945 2115; baseline -0.003 -17"><span class='ocrx_word' id='word_1_243' title='bbox 365 2046 670 2115; x_wconf 77' lang='lat' dir='ltr'><strong>sequendos</strong></span> <span class='ocrx_word' id='word_1_244' title='bbox 718 2043 1061 2108; x_wconf 79' lang='lat' dir='ltr'><strong>Amalecitas,</strong></span> <span class='ocrx_word' id='word_1_245' title='bbox 1107 2042 1314 2096; x_wconf 77' lang='lat' dir='ltr'><strong>invenit</strong></span> <span class='ocrx_word' id='word_1_246' title='bbox 1358 2040 1668 2112; x_wconf 66' lang='lat' dir='ltr'><strong>Egyptium</strong></span> <span class='ocrx_word' id='word_1_247' title='bbox 1715 2055 1945 2111; x_wconf 90' lang='lat' dir='ltr'><strong>puerum</strong></span> 
     </span>
    </p>
   </div>
   <div class='ocr_carea' id='block_1_37' title="bbox 369 2131 1945 2203">
    <p class='ocr_par' dir='ltr' id='par_1_37' title="bbox 369 2131 1945 2203">
     <span class='ocr_line' id='line_1_37' title="bbox 369 2131 1945 2203; baseline -0.005 -10"><span class='ocrx_word' id='word_1_248' title='bbox 369 2141 770 2196; x_wconf 84' lang='lat' dir='ltr'><strong>lassescentem,</strong></span> <span class='ocrx_word' id='word_1_249' title='bbox 805 2149 964 2203; x_wconf 87' lang='lat' dir='ltr'><strong>quem</strong></span> <span class='ocrx_word' id='word_1_250' title='bbox 989 2132 1300 2186; x_wconf 62' lang='lat' dir='ltr'><strong>Amalecitaa</strong></span> <span class='ocrx_word' id='word_1_251' title='bbox 1344 2141 1604 2203; x_wconf 65' lang='lat' dir='ltr'><strong>aegrotum</strong></span> <span class='ocrx_word' id='word_1_252' title='bbox 1649 2132 1704 2185; x_wconf 90' lang='lat' dir='ltr'><strong>in</strong></span> <span class='ocrx_word' id='word_1_253' title='bbox 1750 2131 1945 2186; x_wconf 86' lang='lat' dir='ltr'><strong>itinere</strong></span> 
     </span>
    </p>
   </div>
   <div class='ocr_carea' id='block_1_38' title="bbox 370 2220 1947 2296">
    <p class='ocr_par' dir='ltr' id='par_1_38' title="bbox 370 2220 1947 2296">
     <span class='ocr_line' id='line_1_38' title="bbox 370 2220 1947 2296; baseline -0.004 -15"><span class='ocrx_word' id='word_1_254' title='bbox 370 2229 722 2296; x_wconf 86' lang='lat' dir='ltr'><strong>reliquerunt.</strong></span> <span class='ocrx_word' id='word_1_255' title='bbox 755 2223 907 2278; x_wconf 77' lang='lat' dir='ltr'><strong>lianc</strong></span> <span class='ocrx_word' id='word_1_256' title='bbox 935 2223 1102 2277; x_wconf 81' lang='lat' dir='ltr'><strong>David</strong></span> <span class='ocrx_word' id='word_1_257' title='bbox 1132 2223 1411 2276; x_wconf 88' lang='lat' dir='ltr'><strong>inventum</strong></span> <span class='ocrx_word' id='word_1_258' title='bbox 1456 2223 1578 2276; x_wconf 88' lang='lat' dir='ltr'><strong>cibo</strong></span> <span class='ocrx_word' id='word_1_259' title='bbox 1625 2220 1818 2287; x_wconf 89' lang='lat' dir='ltr'><strong>reﬁcit,</strong></span> <span class='ocrx_word' id='word_1_260' title='bbox 1850 2223 1947 2276; x_wconf 83' lang='lat' dir='ltr'><strong>du-</strong></span> 
     </span>
    </p>
   </div>
   <div class='ocr_carea' id='block_1_39' title="bbox 368 2311 1948 2385">
    <p class='ocr_par' dir='ltr' id='par_1_39' title="bbox 368 2311 1948 2385">
     <span class='ocr_line' id='line_1_39' title="bbox 368 2311 1948 2385; baseline -0.005 -11"><span class='ocrx_word' id='word_1_261' title='bbox 368 2332 605 2385; x_wconf 79' lang='lat' dir='ltr'><strong>cemque</strong></span> <span class='ocrx_word' id='word_1_262' title='bbox 630 2315 714 2370; x_wconf 86' lang='lat' dir='ltr'><strong>sui</strong></span> <span class='ocrx_word' id='word_1_263' title='bbox 757 2313 966 2368; x_wconf 87' lang='lat' dir='ltr'><strong>itineris</strong></span> <span class='ocrx_word' id='word_1_264' title='bbox 995 2311 1145 2377; x_wconf 69' lang='lat' dir='ltr'><strong>fecit,</strong></span> <span class='ocrx_word' id='word_1_265' title='bbox 1187 2313 1371 2381; x_wconf 86' lang='lat' dir='ltr'><strong>sicque</strong></span> <span class='ocrx_word' id='word_1_266' title='bbox 1412 2311 1738 2366; x_wconf 81' lang='lat' dir='ltr'><strong>Amalecitas</strong></span> <span class='ocrx_word' id='word_1_267' title='bbox 1767 2327 1948 2380; x_wconf 86' lang='lat' dir='ltr'><strong>perse-</strong></span> 
     </span>
    </p>
   </div>
   <div class='ocr_carea' id='block_1_40' title="bbox 371 2400 1944 2478">
    <p class='ocr_par' dir='ltr' id='par_1_40' title="bbox 371 2400 1944 2478">
     <span class='ocr_line' id='line_1_40' title="bbox 371 2400 1944 2478; baseline -0.004 -18"><span class='ocrx_word' id='word_1_268' title='bbox 371 2408 576 2478; x_wconf 83' lang='lat' dir='ltr'><strong>quitur,</strong></span> <span class='ocrx_word' id='word_1_269' title='bbox 628 2403 912 2474; x_wconf 87' lang='lat' dir='ltr'><strong>epulantes-</strong></span> <span class='ocrx_word' id='word_1_270' title='bbox 957 2403 1186 2472; x_wconf 81' lang='lat' dir='ltr'><strong>reperit,</strong></span> <span class='ocrx_word' id='word_1_271' title='bbox 1232 2410 1290 2456; x_wconf 86' lang='lat' dir='ltr'><strong>et</strong></span> <span class='ocrx_word' id='word_1_272' title='bbox 1345 2401 1587 2456; x_wconf 76' lang='lat' dir='ltr'><strong>funditus</strong></span> <span class='ocrx_word' id='word_1_273' title='bbox 1633 2400 1944 2472; x_wconf 79' lang='lat' dir='ltr'><strong>exstinguit.</strong></span> 
     </span>
    </p>
   </div>
   <div class='ocr_carea' id='block_1_41' title="bbox 372 2495 1950 2573">
    <p class='ocr_par' dir='ltr' id='par_1_41' title="bbox 372 2495 1950 2573">
     <span class='ocr_line' id='line_1_41' title="bbox 372 2495 1950 2573; baseline -0.003 -20"><span class='ocrx_word' id='word_1_274' title='bbox 372 2499 480 2573; x_wconf 72' lang='lat' dir='ltr'><strong>(Ea:</strong></span> <span class='ocrx_word' id='word_1_275' title='bbox 518 2495 856 2567; x_wconf 75' lang='lat' dir='ltr'><strong>Augustino.)</strong></span> <span class='ocrx_word' id='word_1_276' title='bbox 899 2495 1358 2550; x_wconf 87' lang='lat' dir='ltr'><strong>Considerandum</strong></span> <span class='ocrx_word' id='word_1_277' title='bbox 1389 2505 1473 2549; x_wconf 87' lang='lat' dir='ltr'><strong>est</strong></span> <span class='ocrx_word' id='word_1_278' title='bbox 1523 2511 1672 2566; x_wconf 92' lang='lat' dir='ltr'><strong>ergo,</strong></span> <span class='ocrx_word' id='word_1_279' title='bbox 1725 2495 1852 2564; x_wconf 89' lang='lat' dir='ltr'><strong>quid</strong></span> <span class='ocrx_word' id='word_1_280' title='bbox 1881 2495 1950 2548; x_wconf 92' lang='lat' dir='ltr'><strong>sit</strong></span> 
     </span>
    </p>
   </div>
   <div class='ocr_carea' id='block_1_42' title="bbox 373 2584 1951 2658">
    <p class='ocr_par' dir='ltr' id='par_1_42' title="bbox 373 2584 1951 2658">
     <span class='ocr_line' id='line_1_42' title="bbox 373 2584 1951 2658; baseline -0.002 -16"><span class='ocrx_word' id='word_1_281' title='bbox 373 2587 522 2658; x_wconf 82' lang='lat' dir='ltr'><strong>quod</strong></span> <span class='ocrx_word' id='word_1_282' title='bbox 543 2585 868 2651; x_wconf 68' lang='lat' dir='ltr'><strong>Amalecitaz,</strong></span> <span class='ocrx_word' id='word_1_283' title='bbox 920 2587 1143 2640; x_wconf 84' lang='lat' dir='ltr'><strong>absente</strong></span> <span class='ocrx_word' id='word_1_284' title='bbox 1190 2585 1378 2651; x_wconf 86' lang='lat' dir='ltr'><strong>David,</strong></span> <span class='ocrx_word' id='word_1_285' title='bbox 1413 2584 1656 2640; x_wconf 89' lang='lat' dir='ltr'><strong>Sicelecb</strong></span> <span class='ocrx_word' id='word_1_286' title='bbox 1687 2585 1951 2639; x_wconf 86' lang='lat' dir='ltr'><strong>invadunt</strong></span> 
     </span>
    </p>
   </div>
   <div class='ocr_carea' id='block_1_43' title="bbox 375 2673 1950 2747">
    <p class='ocr_par' dir='ltr' id='par_1_43' title="bbox 375 2673 1950 2747">
     <span class='ocr_line' id='line_1_43' title="bbox 375 2673 1950 2747; baseline -0.003 -16"><span class='ocrx_word' id='word_1_287' title='bbox 375 2688 431 2732; x_wconf 88' lang='lat' dir='ltr'><strong>et</strong></span> <span class='ocrx_word' id='word_1_288' title='bbox 460 2677 694 2747; x_wconf 60' lang='lat' dir='ltr'><strong>praedam</strong></span> <span class='ocrx_word' id='word_1_289' title='bbox 721 2676 962 2746; x_wconf 85' lang='lat' dir='ltr'><strong>capiunt.</strong></span> <span class='ocrx_word' id='word_1_290' title='bbox 992 2674 1306 2730; x_wconf 69' lang='lat' dir='ltr'><strong>Amaiecitar</strong></span> <span class='ocrx_word' id='word_1_291' title='bbox 1340 2675 1537 2745; x_wconf 87' lang='lat' dir='ltr'><strong>quippe</strong></span> <span class='ocrx_word' id='word_1_292' title='bbox 1562 2674 1786 2746; x_wconf 76' lang='lat' dir='ltr'><strong>populus</strong></span> <span class='ocrx_word' id='word_1_293' title='bbox 1815 2673 1950 2727; x_wconf 88' lang='lat' dir='ltr'><strong>Iam-</strong></span> 
     </span>
    </p>
   </div>
   <div class='ocr_carea' id='block_1_44' title="bbox 379 2763 1952 2836">
    <p class='ocr_par' dir='ltr' id='par_1_44' title="bbox 379 2763 1952 2836">
     <span class='ocr_line' id='line_1_44' title="bbox 379 2763 1952 2836; baseline 0 -18"><span class='ocrx_word' id='word_1_294' title='bbox 379 2767 524 2832; x_wconf 74' lang='lat' dir='ltr'><strong>bens,</strong></span> <span class='ocrx_word' id='word_1_295' title='bbox 558 2773 799 2822; x_wconf 78' lang='lat' dir='ltr'><strong>vocatur.</strong></span> <span class='ocrx_word' id='word_1_296' title='bbox 833 2767 900 2821; x_wconf 88' lang='lat' dir='ltr'><strong>Et</strong></span> <span class='ocrx_word' id='word_1_297' title='bbox 926 2765 1063 2836; x_wconf 83' lang='lat' dir='ltr'><strong>quid</strong></span> <span class='ocrx_word' id='word_1_298' title='bbox 1082 2780 1178 2835; x_wconf 88' lang='lat' dir='ltr'><strong>per</strong></span> <span class='ocrx_word' id='word_1_299' title='bbox 1207 2765 1532 2819; x_wconf 90' lang='lat' dir='ltr'><strong>lambentem</strong></span> <span class='ocrx_word' id='word_1_300' title='bbox 1565 2764 1818 2835; x_wconf 82' lang='lat' dir='ltr'><strong>populum</strong></span> <span class='ocrx_word' id='word_1_301' title='bbox 1849 2763 1952 2818; x_wconf 89' lang='lat' dir='ltr'><strong>nisi</strong></span> 
     </span>
    </p>
   </div>
   <div class='ocr_carea' id='block_1_45' title="bbox 379 2858 1954 2928">
    <p class='ocr_par' dir='ltr' id='par_1_45' title="bbox 379 2858 1954 2928">
     <span class='ocr_line' id='line_1_45' title="bbox 379 2858 1954 2928; baseline -0.004 -14"><span class='ocrx_word' id='word_1_302' title='bbox 379 2867 587 2914; x_wconf 84' lang='lat' dir='ltr'><strong>mentes</strong></span> <span class='ocrx_word' id='word_1_303' title='bbox 609 2858 946 2915; x_wconf 62' lang='lat' dir='ltr'><strong>smeularium</strong></span> <span class='ocrx_word' id='word_1_304' title='bbox 977 2859 1348 2928; x_wconf 82' lang='lat' dir='ltr'><strong>designantur,</strong></span> <span class='ocrx_word' id='word_1_305' title='bbox 1373 2872 1492 2926; x_wconf 67' lang='lat' dir='ltr'><strong>qua:</strong></span> <span class='ocrx_word' id='word_1_306' title='bbox 1519 2864 1734 2910; x_wconf 90' lang='lat' dir='ltr'><strong>terrena</strong></span> <span class='ocrx_word' id='word_1_307' title='bbox 1763 2863 1954 2910; x_wconf 87' lang='lat' dir='ltr'><strong>cuncta</strong></span> 
     </span>
    </p>
   </div>
   <div class='ocr_carea' id='block_1_46' title="bbox 377 2946 1958 3020">
    <p class='ocr_par' dir='ltr' id='par_1_46' title="bbox 377 2946 1958 3020">
     <span class='ocr_line' id='line_1_46' title="bbox 377 2946 1958 3020; baseline -0.004 -16"><span class='ocrx_word' id='word_1_308' title='bbox 377 2952 674 3006; x_wconf 78' lang='lat' dir='ltr'><strong>ambiendo</strong></span> <span class='ocrx_word' id='word_1_309' title='bbox 717 2950 871 3020; x_wconf 88' lang='lat' dir='ltr'><strong>quasi</strong></span> <span class='ocrx_word' id='word_1_310' title='bbox 913 2950 1174 3013; x_wconf 77' lang='lat' dir='ltr'><strong>lambunt,</strong></span> <span class='ocrx_word' id='word_1_311' title='bbox 1221 2949 1348 3002; x_wconf 89' lang='lat' dir='ltr'><strong>dum</strong></span> <span class='ocrx_word' id='word_1_312' title='bbox 1397 2947 1527 3003; x_wconf 88' lang='lat' dir='ltr'><strong>solis</strong></span> <span class='ocrx_word' id='word_1_313' title='bbox 1573 2946 1958 3016; x_wconf 87' lang='lat' dir='ltr'><strong>temporalibus</strong></span> 
     </span>
    </p>
   </div>
   <div class='ocr_carea' id='block_1_47' title="bbox 377 3035 1958 3108">
    <p class='ocr_par' dir='ltr' id='par_1_47' title="bbox 377 3035 1958 3108">
     <span class='ocr_line' id='line_1_47' title="bbox 377 3035 1958 3108; baseline -0.004 -13"><span class='ocrx_word' id='word_1_314' title='bbox 377 3041 751 3098; x_wconf 88' lang='lat' dir='ltr'><strong>delectantur?</strong></span> <span class='ocrx_word' id='word_1_315' title='bbox 778 3039 940 3108; x_wconf 85' lang='lat' dir='ltr'><strong>Quasi</strong></span> <span class='ocrx_word' id='word_1_316' title='bbox 987 3039 1131 3094; x_wconf 84' lang='lat' dir='ltr'><strong>enim</strong></span> <span class='ocrx_word' id='word_1_317' title='bbox 1179 3037 1408 3108; x_wconf 81' lang='lat' dir='ltr'><strong>populus</strong></span> <span class='ocrx_word' id='word_1_318' title='bbox 1437 3037 1682 3091; x_wconf 84' lang='lat' dir='ltr'><strong>lambens</strong></span> <span class='ocrx_word' id='word_1_319' title='bbox 1720 3035 1958 3104; x_wconf 66' lang='lat' dir='ltr'><strong>prmdam</strong></span> 
     </span>
    </p>
   </div>
   <div class='ocr_carea' id='block_1_48' title="bbox 381 3124 1963 3200">
    <p class='ocr_par' dir='ltr' id='par_1_48' title="bbox 381 3124 1963 3200">
     <span class='ocr_line' id='line_1_48' title="bbox 381 3124 1963 3200; baseline -0.005 -15"><span class='ocrx_word' id='word_1_320' title='bbox 381 3131 528 3197; x_wconf 77' lang='lat' dir='ltr'><strong>facit,</strong></span> <span class='ocrx_word' id='word_1_321' title='bbox 552 3132 680 3185; x_wconf 89' lang='lat' dir='ltr'><strong>dum</strong></span> <span class='ocrx_word' id='word_1_322' title='bbox 713 3140 927 3185; x_wconf 89' lang='lat' dir='ltr'><strong>terrena</strong></span> <span class='ocrx_word' id='word_1_323' title='bbox 955 3129 1254 3200; x_wconf 83' lang='lat' dir='ltr'><strong>diligentes,</strong></span> <span class='ocrx_word' id='word_1_324' title='bbox 1281 3127 1429 3182; x_wconf 87' lang='lat' dir='ltr'><strong>lucra</strong></span> <span class='ocrx_word' id='word_1_325' title='bbox 1455 3127 1522 3182; x_wconf 92' lang='lat' dir='ltr'><strong>de</strong></span> <span class='ocrx_word' id='word_1_326' title='bbox 1540 3127 1732 3182; x_wconf 88' lang='lat' dir='ltr'><strong>alienis</strong></span> <span class='ocrx_word' id='word_1_327' title='bbox 1749 3124 1963 3180; x_wconf 84' lang='lat' dir='ltr'><strong>damnis</strong></span> 
     </span>
    </p>
   </div>
   <div class='ocr_carea' id='block_1_49' title="bbox 381 3215 1963 3292">
    <p class='ocr_par' dir='ltr' id='par_1_49' title="bbox 381 3215 1963 3292">
     <span class='ocr_line' id='line_1_49' title="bbox 381 3215 1963 3292; baseline -0.004 -18"><span class='ocrx_word' id='word_1_328' title='bbox 381 3229 728 3292; x_wconf 76' lang='lat' dir='ltr'><strong>exaggerant.</strong></span> <span class='ocrx_word' id='word_1_329' title='bbox 758 3220 826 3274; x_wconf 84' lang='lat' dir='ltr'><strong>Et</strong></span> <span class='ocrx_word' id='word_1_330' title='bbox 849 3220 951 3274; x_wconf 89' lang='lat' dir='ltr'><strong>hoc</strong></span> <span class='ocrx_word' id='word_1_331' title='bbox 985 3219 1206 3273; x_wconf 88' lang='lat' dir='ltr'><strong>absente</strong></span> <span class='ocrx_word' id='word_1_332' title='bbox 1246 3218 1413 3272; x_wconf 90' lang='lat' dir='ltr'><strong>David</strong></span> <span class='ocrx_word' id='word_1_333' title='bbox 1459 3224 1661 3288; x_wconf 90' lang='lat' dir='ltr'><strong>agunt:</strong></span> <span class='ocrx_word' id='word_1_334' title='bbox 1701 3217 1825 3286; x_wconf 87' lang='lat' dir='ltr'><strong>quia</strong></span> <span class='ocrx_word' id='word_1_335' title='bbox 1860 3215 1963 3269; x_wconf 81' lang='lat' dir='ltr'><strong>Re-</strong></span> 
     </span>
    </p>
   </div>
   <div class='ocr_carea' id='block_1_50' title="bbox 387 3306 1961 3382">
    <p class='ocr_par' dir='ltr' id='par_1_50' title="bbox 387 3306 1961 3382">
     <span class='ocr_line' id='line_1_50' title="bbox 387 3306 1961 3382; baseline -0.006 -16"><span class='ocrx_word' id='word_1_336' title='bbox 387 3313 902 3382; x_wconf 85' lang='lat' dir='ltr'><strong>demptorem.ante</strong></span> <span class='ocrx_word' id='word_1_337' title='bbox 951 3309 1134 3364; x_wconf 88' lang='lat' dir='ltr'><strong>oculos</strong></span> <span class='ocrx_word' id='word_1_338' title='bbox 1180 3311 1360 3364; x_wconf 90' lang='lat' dir='ltr'><strong>cordis</strong></span> <span class='ocrx_word' id='word_1_339' title='bbox 1417 3308 1618 3362; x_wconf 86' lang='lat' dir='ltr'><strong>habere</strong></span> <span class='ocrx_word' id='word_1_340' title='bbox 1667 3306 1961 3376; x_wconf 86' lang='lat' dir='ltr'><strong>negligunt.</strong></span> 
     </span>
    </p>
   </div>
   <div class='ocr_carea' id='block_1_51' title="bbox 382 3399 1963 3472">
    <p class='ocr_par' dir='ltr' id='par_1_51' title="bbox 382 3399 1963 3472">
     <span class='ocr_line' id='line_1_51' title="bbox 382 3399 1963 3472; baseline -0.003 -14"><span class='ocrx_word' id='word_1_341' title='bbox 382 3404 525 3471; x_wconf 84' lang='lat' dir='ltr'><strong>Quid</strong></span> <span class='ocrx_word' id='word_1_342' title='bbox 569 3412 656 3458; x_wconf 85' lang='lat' dir='ltr'><strong>est</strong></span> <span class='ocrx_word' id='word_1_343' title='bbox 693 3403 839 3458; x_wconf 88' lang='lat' dir='ltr'><strong>enim</strong></span> <span class='ocrx_word' id='word_1_344' title='bbox 886 3402 1030 3472; x_wconf 89' lang='lat' dir='ltr'><strong>quod</strong></span> <span class='ocrx_word' id='word_1_345' title='bbox 1063 3399 1349 3472; x_wconf 64' lang='lat' dir='ltr'><strong>Egyptius</strong></span> <span class='ocrx_word' id='word_1_346' title='bbox 1393 3399 1702 3454; x_wconf 75' lang='lat' dir='ltr'><strong>Amaiecita:</strong></span> <span class='ocrx_word' id='word_1_347' title='bbox 1747 3414 1883 3468; x_wconf 83' lang='lat' dir='ltr'><strong>puer</strong></span> <span class='ocrx_word' id='word_1_348' title='bbox 1907 3399 1963 3453; x_wconf 93' lang='lat' dir='ltr'><strong>in</strong></span> 
     </span>
    </p>
   </div>
   <div class='ocr_carea' id='block_1_52' title="bbox 385 3488 1963 3560">
    <p class='ocr_par' dir='ltr' id='par_1_52' title="bbox 385 3488 1963 3560">
     <span class='ocr_line' id='line_1_52' title="bbox 385 3488 1963 3560; baseline -0.004 -12"><span class='ocrx_word' id='word_1_349' title='bbox 385 3495 581 3548; x_wconf 86' lang='lat' dir='ltr'><strong>itinere</strong></span> <span class='ocrx_word' id='word_1_350' title='bbox 607 3493 856 3558; x_wconf 86' lang='lat' dir='ltr'><strong>lassatur,</strong></span> <span class='ocrx_word' id='word_1_351' title='bbox 887 3492 989 3546; x_wconf 90' lang='lat' dir='ltr'><strong>nisi</strong></span> <span class='ocrx_word' id='word_1_352' title='bbox 1030 3491 1174 3560; x_wconf 92' lang='lat' dir='ltr'><strong>quod</strong></span> <span class='ocrx_word' id='word_1_353' title='bbox 1201 3499 1410 3544; x_wconf 89' lang='lat' dir='ltr'><strong>amator</strong></span> <span class='ocrx_word' id='word_1_354' title='bbox 1437 3489 1716 3560; x_wconf 70' lang='lat' dir='ltr'><strong>praesentis</strong></span> <span class='ocrx_word' id='word_1_355' title='bbox 1761 3488 1963 3552; x_wconf 65' lang='lat' dir='ltr'><strong>saeculi,</strong></span> 
     </span>
    </p>
   </div>
   <div class='ocr_carea' id='block_1_53' title="bbox 386 3577 1968 3653">
    <p class='ocr_par' dir='ltr' id='par_1_53' title="bbox 386 3577 1968 3653">
     <span class='ocr_line' id='line_1_53' title="bbox 386 3577 1968 3653; baseline -0.004 -15"><span class='ocrx_word' id='word_1_356' title='bbox 386 3583 590 3653; x_wconf 83' lang='lat' dir='ltr'><strong>peccati</strong></span> <span class='ocrx_word' id='word_1_357' title='bbox 629 3583 715 3637; x_wconf 90' lang='lat' dir='ltr'><strong>sui</strong></span> <span class='ocrx_word' id='word_1_358' title='bbox 741 3581 1018 3652; x_wconf 79' lang='lat' dir='ltr'><strong>nigredine</strong></span> <span class='ocrx_word' id='word_1_359' title='bbox 1040 3588 1280 3649; x_wconf 81' lang='lat' dir='ltr'><strong>apertus,</strong></span> <span class='ocrx_word' id='word_1_360' title='bbox 1304 3594 1442 3649; x_wconf 72' lang='lat' dir='ltr'><strong>saepe</strong></span> <span class='ocrx_word' id='word_1_361' title='bbox 1468 3580 1536 3633; x_wconf 89' lang='lat' dir='ltr'><strong>ab</strong></span> <span class='ocrx_word' id='word_1_362' title='bbox 1558 3579 1744 3633; x_wconf 89' lang='lat' dir='ltr'><strong>eodem</strong></span> <span class='ocrx_word' id='word_1_363' title='bbox 1774 3577 1968 3633; x_wconf 73' lang='lat' dir='ltr'><strong>sacculo</strong></span> 
     </span>
    </p>
   </div>
   <div class='ocr_carea' id='block_1_54' title="bbox 389 3671 1980 3743">
    <p class='ocr_par' dir='ltr' id='par_1_54' title="bbox 389 3671 1980 3743">
     <span class='ocr_line' id='line_1_54' title="bbox 389 3671 1980 3743; baseline -0.004 -15"><span class='ocrx_word' id='word_1_364' title='bbox 389 3675 637 3729; x_wconf 86' lang='lat' dir='ltr'><strong>inﬁrmus</strong></span> <span class='ocrx_word' id='word_1_365' title='bbox 652 3671 1405 3743; x_wconf 72' lang='lat' dir='ltr'><strong>despectusquerelinquitur,</strong></span> <span class='ocrx_word' id='word_1_366' title='bbox 1435 3679 1493 3723; x_wconf 94' lang='lat' dir='ltr'><strong>ut</strong></span> <span class='ocrx_word' id='word_1_367' title='bbox 1521 3684 1643 3723; x_wconf 91' lang='lat' dir='ltr'><strong>cum</strong></span> <span class='ocrx_word' id='word_1_368' title='bbox 1670 3685 1735 3724; x_wconf 89' lang='lat' dir='ltr'><strong>eo</strong></span> <span class='ocrx_word' id='word_1_369' title='bbox 1764 3684 1980 3738; x_wconf 65' lang='lat' dir='ltr'><strong>nequa-</strong></span> 
     </span>
    </p>
   </div>
   <div class='ocr_carea' id='block_1_55' title="bbox 389 3757 1964 3833">
    <p class='ocr_par' dir='ltr' id='par_1_55' title="bbox 389 3757 1964 3833">
     <span class='ocr_line' id='line_1_55' title="bbox 389 3757 1964 3833; baseline -0.004 -17"><span class='ocrx_word' id='word_1_370' title='bbox 389 3778 552 3833; x_wconf 85' lang='lat' dir='ltr'><strong>quam</strong></span> <span class='ocrx_word' id='word_1_371' title='bbox 587 3777 811 3816; x_wconf 82' lang='lat' dir='ltr'><strong>currere</strong></span> <span class='ocrx_word' id='word_1_372' title='bbox 852 3761 1049 3826; x_wconf 85' lang='lat' dir='ltr'><strong>valeat,</strong></span> <span class='ocrx_word' id='word_1_373' title='bbox 1092 3759 1186 3814; x_wconf 91' lang='lat' dir='ltr'><strong>sed</strong></span> <span class='ocrx_word' id='word_1_374' title='bbox 1237 3759 1441 3813; x_wconf 82' lang='lat' dir='ltr'><strong>fractus</strong></span> <span class='ocrx_word' id='word_1_375' title='bbox 1472 3757 1798 3812; x_wconf 85' lang='lat' dir='ltr'><strong>adversitate</strong></span> <span class='ocrx_word' id='word_1_376' title='bbox 1845 3765 1964 3811; x_wconf 87' lang='lat' dir='ltr'><strong>tor-</strong></span> 
     </span>
    </p>
   </div>
   <div class='ocr_carea' id='block_1_56' title="bbox 391 3845 1973 3921">
    <p class='ocr_par' dir='ltr' id='par_1_56' title="bbox 391 3845 1973 3921">
     <span class='ocr_line' id='line_1_56' title="bbox 391 3845 1973 3921; baseline -0.004 -17"><span class='ocrx_word' id='word_1_377' title='bbox 391 3850 620 3921; x_wconf 83' lang='lat' dir='ltr'><strong>pescat?</strong></span> <span class='ocrx_word' id='word_1_378' title='bbox 652 3848 758 3904; x_wconf 86' lang='lat' dir='ltr'><strong>Sed</strong></span> <span class='ocrx_word' id='word_1_379' title='bbox 806 3849 948 3904; x_wconf 88' lang='lat' dir='ltr'><strong>hunc</strong></span> <span class='ocrx_word' id='word_1_380' title='bbox 997 3848 1164 3902; x_wconf 89' lang='lat' dir='ltr'><strong>David</strong></span> <span class='ocrx_word' id='word_1_381' title='bbox 1205 3847 1413 3902; x_wconf 90' lang='lat' dir='ltr'><strong>invenit</strong></span> <span class='ocrx_word' id='word_1_382' title='bbox 1437 3861 1465 3900; x_wconf 60' lang='grc' dir='ltr'><strong>ι</strong></span> <span class='ocrx_word' id='word_1_383' title='bbox 1487 3847 1612 3915; x_wconf 89' lang='lat' dir='ltr'><strong>quia</strong></span> <span class='ocrx_word' id='word_1_384' title='bbox 1642 3845 1973 3916; x_wconf 80' lang='lat' dir='ltr'><strong>Redemptor</strong></span> 
     </span>
    </p>
   </div>
   <div class='ocr_carea' id='block_1_57' title="bbox 393 3937 1982 4006">
    <p class='ocr_par' dir='ltr' id='par_1_57' title="bbox 393 3937 1982 4006">
     <span class='ocr_line' id='line_1_57' title="bbox 393 3937 1982 4006; baseline -0.003 -13"><span class='ocrx_word' id='word_1_385' title='bbox 393 3949 596 4002; x_wconf 90' lang='lat' dir='ltr'><strong>noster,</strong></span> <span class='ocrx_word' id='word_1_386' title='bbox 649 3940 914 3993; x_wconf 86' lang='lat' dir='ltr'><strong>veraciter</strong></span> <span class='ocrx_word' id='word_1_387' title='bbox 958 3953 1118 3992; x_wconf 88' lang='lat' dir='ltr'><strong>manu</strong></span> <span class='ocrx_word' id='word_1_388' title='bbox 1174 3937 1366 4002; x_wconf 63' lang='lat' dir='ltr'><strong>fortis,</strong></span> <span class='ocrx_word' id='word_1_389' title='bbox 1409 3952 1792 4006; x_wconf 84' lang='lat' dir='ltr'><strong>nonnunquam</strong></span> <span class='ocrx_word' id='word_1_390' title='bbox 1837 3951 1982 4005; x_wconf 81' lang='lat' dir='ltr'><strong>quos-</strong></span> 
     </span>
    </p>
   </div>
   <div class='ocr_carea' id='block_1_58' title="bbox 397 4027 1972 4099">
    <p class='ocr_par' dir='ltr' id='par_1_58' title="bbox 397 4027 1972 4099">
     <span class='ocr_line' id='line_1_58' title="bbox 397 4027 1972 4099; baseline -0.002 -18"><span class='ocrx_word' id='word_1_391' title='bbox 397 4029 678 4098; x_wconf 82' lang='lat' dir='ltr'><strong>despectos</strong></span> <span class='ocrx_word' id='word_1_392' title='bbox 705 4044 736 4083; x_wconf 90' lang='lat' dir='ltr'><strong>a</strong></span> <span class='ocrx_word' id='word_1_393' title='bbox 767 4029 950 4083; x_wconf 90' lang='lat' dir='ltr'><strong>mundi</strong></span> <span class='ocrx_word' id='word_1_394' title='bbox 981 4027 1150 4099; x_wconf 83' lang='lat' dir='ltr'><strong>gloria</strong></span> <span class='ocrx_word' id='word_1_395' title='bbox 1177 4028 1398 4097; x_wconf 85' lang='lat' dir='ltr'><strong>reperit,</strong></span> <span class='ocrx_word' id='word_1_396' title='bbox 1446 4027 1498 4079; x_wconf 92' lang='lat' dir='ltr'><strong>in</strong></span> <span class='ocrx_word' id='word_1_397' title='bbox 1541 4040 1696 4079; x_wconf 92' lang='lat' dir='ltr'><strong>suum</strong></span> <span class='ocrx_word' id='word_1_398' title='bbox 1735 4039 1972 4078; x_wconf 89' lang='lat' dir='ltr'><strong>amorem</strong></span> 
     </span>
    </p>
   </div>
   <div class='ocr_carea' id='block_1_59' title="bbox 397 4113 1969 4187">
    <p class='ocr_par' dir='ltr' id='par_1_59' title="bbox 397 4113 1969 4187">
     <span class='ocr_line' id='line_1_59' title="bbox 397 4113 1969 4187; baseline -0.004 -15"><span class='ocrx_word' id='word_1_399' title='bbox 397 4119 685 4173; x_wconf 75' lang='lat' dir='ltr'><strong>convertit.</strong></span> <span class='ocrx_word' id='word_1_400' title='bbox 731 4118 861 4173; x_wconf 89' lang='lat' dir='ltr'><strong>Cibo</strong></span> <span class='ocrx_word' id='word_1_401' title='bbox 905 4118 1116 4187; x_wconf 89' lang='lat' dir='ltr'><strong>pascit:</strong></span> <span class='ocrx_word' id='word_1_402' title='bbox 1148 4117 1274 4185; x_wconf 84' lang='lat' dir='ltr'><strong>quia</strong></span> <span class='ocrx_word' id='word_1_403' title='bbox 1324 4114 1551 4170; x_wconf 89' lang='lat' dir='ltr'><strong>scientia</strong></span> <span class='ocrx_word' id='word_1_404' title='bbox 1598 4113 1747 4168; x_wconf 89' lang='lat' dir='ltr'><strong>verbi</strong></span> <span class='ocrx_word' id='word_1_405' title='bbox 1779 4114 1969 4167; x_wconf 84' lang='lat' dir='ltr'><strong>reﬁcit.</strong></span> 
     </span>
    </p>
   </div>
   <div class='ocr_carea' id='block_1_60' title="bbox 400 4202 1972 4277">
    <p class='ocr_par' dir='ltr' id='par_1_60' title="bbox 400 4202 1972 4277">
     <span class='ocr_line' id='line_1_60' title="bbox 400 4202 1972 4277; baseline -0.005 -15"><span class='ocrx_word' id='word_1_406' title='bbox 400 4210 599 4262; x_wconf 89' lang='lat' dir='ltr'><strong>Ducem</strong></span> <span class='ocrx_word' id='word_1_407' title='bbox 631 4209 839 4261; x_wconf 85' lang='lat' dir='ltr'><strong>itineris</strong></span> <span class='ocrx_word' id='word_1_408' title='bbox 863 4207 1046 4277; x_wconf 90' lang='lat' dir='ltr'><strong>eligit:</strong></span> <span class='ocrx_word' id='word_1_409' title='bbox 1099 4206 1226 4274; x_wconf 87' lang='lat' dir='ltr'><strong>quia</strong></span> <span class='ocrx_word' id='word_1_410' title='bbox 1270 4220 1425 4259; x_wconf 89' lang='lat' dir='ltr'><strong>suum</strong></span> <span class='ocrx_word' id='word_1_411' title='bbox 1451 4203 1614 4257; x_wconf 90' lang='lat' dir='ltr'><strong>etiam</strong></span> <span class='ocrx_word' id='word_1_412' title='bbox 1646 4202 1972 4271; x_wconf 65' lang='lat' dir='ltr'><strong>priedicato-</strong></span> 
     </span>
    </p>
   </div>
   <div class='ocr_carea' id='block_1_61' title="bbox 402 4292 1973 4367">
    <p class='ocr_par' dir='ltr' id='par_1_61' title="bbox 402 4292 1973 4367">
     <span class='ocr_line' id='line_1_61' title="bbox 402 4292 1973 4367; baseline -0.005 -15"><span class='ocrx_word' id='word_1_413' title='bbox 402 4316 514 4354; x_wconf 71' lang='lat' dir='ltr'><strong>rem</strong></span> <span class='ocrx_word' id='word_1_414' title='bbox 562 4298 709 4352; x_wconf 82' lang='lat' dir='ltr'><strong>facit.</strong></span> <span class='ocrx_word' id='word_1_415' title='bbox 758 4299 824 4351; x_wconf 88' lang='lat' dir='ltr'><strong>Et</strong></span> <span class='ocrx_word' id='word_1_416' title='bbox 856 4299 981 4367; x_wconf 89' lang='lat' dir='ltr'><strong>quia</strong></span> <span class='ocrx_word' id='word_1_417' title='bbox 1036 4296 1385 4350; x_wconf 78' lang='lat' dir='ltr'><strong>Amalecitam</strong></span> <span class='ocrx_word' id='word_1_418' title='bbox 1431 4293 1583 4364; x_wconf 87' lang='lat' dir='ltr'><strong>sequi</strong></span> <span class='ocrx_word' id='word_1_419' title='bbox 1630 4308 1738 4347; x_wconf 90' lang='lat' dir='ltr'><strong>non</strong></span> <span class='ocrx_word' id='word_1_420' title='bbox 1780 4292 1973 4357; x_wconf 86' lang='lat' dir='ltr'><strong>valuit,</strong></span> 
     </span>
    </p>
   </div>
   <div class='ocr_carea' id='block_1_62' title="bbox 405 4385 1981 4459">
    <p class='ocr_par' dir='ltr' id='par_1_62' title="bbox 405 4385 1981 4459">
     <span class='ocr_line' id='line_1_62' title="bbox 405 4385 1981 4459; baseline -0.006 -11"><span class='ocrx_word' id='word_1_421' title='bbox 405 4394 507 4448; x_wconf 79' lang='lat' dir='ltr'><strong>dux</strong></span> <span class='ocrx_word' id='word_1_422' title='bbox 539 4392 707 4446; x_wconf 87' lang='lat' dir='ltr'><strong>David</strong></span> <span class='ocrx_word' id='word_1_423' title='bbox 738 4389 965 4446; x_wconf 77' lang='lat' dir='ltr'><strong>ellicitur</strong></span> <span class='ocrx_word' id='word_1_424' title='bbox 988 4391 1160 4459; x_wconf 88' lang='lat' dir='ltr'><strong>;.q_uia</strong></span> <span class='ocrx_word' id='word_1_425' title='bbox 1188 4390 1234 4443; x_wconf 93' lang='lat' dir='ltr'><strong>is</strong></span> <span class='ocrx_word' id='word_1_426' title='bbox 1263 4403 1424 4456; x_wconf 91' lang='lat' dir='ltr'><strong>quem</strong></span> <span class='ocrx_word' id='word_1_427' title='bbox 1451 4386 1725 4456; x_wconf 88' lang='lat' dir='ltr'><strong>indignum</strong></span> <span class='ocrx_word' id='word_1_428' title='bbox 1750 4385 1981 4438; x_wconf 91' lang='lat' dir='ltr'><strong>mundus</strong></span> 
     </span>
    </p>
   </div>
   <div class='ocr_carea' id='block_1_63' title="bbox 407 4473 1981 4546">
    <p class='ocr_par' dir='ltr' id='par_1_63' title="bbox 407 4473 1981 4546">
     <span class='ocr_line' id='line_1_63' title="bbox 407 4473 1981 4546; baseline -0.008 -8"><span class='ocrx_word' id='word_1_429' title='bbox 407 4483 766 4546; x_wconf 84' lang='lat' dir='ltr'><strong>deserit,.non</strong></span> <span class='ocrx_word' id='word_1_430' title='bbox 795 4480 966 4536; x_wconf 84' lang='lat' dir='ltr'><strong>solum</strong></span> <span class='ocrx_word' id='word_1_431' title='bbox 992 4492 1284 4534; x_wconf 87' lang='lat' dir='ltr'><strong>conversus</strong></span> <span class='ocrx_word' id='word_1_432' title='bbox 1325 4477 1378 4530; x_wconf 91' lang='lat' dir='ltr'><strong>in</strong></span> <span class='ocrx_word' id='word_1_433' title='bbox 1421 4490 1574 4529; x_wconf 88' lang='lat' dir='ltr'><strong>suam</strong></span> <span class='ocrx_word' id='word_1_434' title='bbox 1601 4482 1835 4527; x_wconf 88' lang='lat' dir='ltr'><strong>mentem</strong></span> <span class='ocrx_word' id='word_1_435' title='bbox 1873 4473 1981 4527; x_wconf 89' lang='lat' dir='ltr'><strong>Do-</strong></span> 
     </span>
    </p>
   </div>
   <div class='ocr_carea' id='block_1_64' title="bbox 412 4564 1984 4642">
    <p class='ocr_par' dir='ltr' id='par_1_64' title="bbox 412 4564 1984 4642">
     <span class='ocr_line' id='line_1_64' title="bbox 412 4564 1984 4642; baseline -0.008 -15"><span class='ocrx_word' id='word_1_436' title='bbox 412 4575 614 4628; x_wconf 85' lang='lat' dir='ltr'><strong>minum</strong></span> <span class='ocrx_word' id='word_1_437' title='bbox 641 4572 855 4642; x_wconf 86' lang='lat' dir='ltr'><strong>recipit,</strong></span> <span class='ocrx_word' id='word_1_438' title='bbox 905 4571 997 4625; x_wconf 89' lang='lat' dir='ltr'><strong>sed</strong></span> <span class='ocrx_word' id='word_1_439' title='bbox 1041 4566 1383 4639; x_wconf 64' lang='lat' dir='ltr'><strong>praidicando</strong></span> <span class='ocrx_word' id='word_1_440' title='bbox 1424 4565 1568 4619; x_wconf 86' lang='lat' dir='ltr'><strong>hunc</strong></span> <span class='ocrx_word' id='word_1_441' title='bbox 1609 4564 1772 4617; x_wconf 92' lang='lat' dir='ltr'><strong>etiam</strong></span> <span class='ocrx_word' id='word_1_442' title='bbox 1814 4576 1984 4629; x_wconf 90' lang='lat' dir='ltr'><strong>usque</strong></span> 
     </span>
    </p>
   </div>
   <div class='ocr_carea' id='block_1_65' title="bbox 414 4652 2000 4732">
    <p class='ocr_par' dir='ltr' id='par_1_65' title="bbox 414 4652 2000 4732">
     <span class='ocr_line' id='line_1_65' title="bbox 414 4652 2000 4732; baseline -0.008 -14"><span class='ocrx_word' id='word_1_443' title='bbox 414 4667 477 4718; x_wconf 85' lang='lat' dir='ltr'><strong>ad</strong></span> <span class='ocrx_word' id='word_1_444' title='bbox 511 4665 684 4718; x_wconf 90' lang='lat' dir='ltr'><strong>aliena</strong></span> <span class='ocrx_word' id='word_1_445' title='bbox 715 4664 878 4717; x_wconf 90' lang='lat' dir='ltr'><strong>corda</strong></span> <span class='ocrx_word' id='word_1_446' title='bbox 907 4660 1167 4732; x_wconf 85' lang='lat' dir='ltr'><strong>perducit.</strong></span> <span class='ocrx_word' id='word_1_447' title='bbox 1198 4658 1348 4724; x_wconf 87' lang='lat' dir='ltr'><strong>Quod</strong></span> <span class='ocrx_word' id='word_1_448' title='bbox 1374 4655 1626 4710; x_wconf 89' lang='lat' dir='ltr'><strong>videlicet</strong></span> <span class='ocrx_word' id='word_1_449' title='bbox 1654 4654 1787 4708; x_wconf 88' lang='lat' dir='ltr'><strong>duce</strong></span> <span class='ocrx_word' id='word_1_450' title='bbox 1819 4652 2000 4706; x_wconf 80' lang='lat' dir='ltr'><strong>David.</strong></span> 
     </span>
    </p>
   </div>
   <div class='ocr_carea' id='block_1_66' title="bbox 416 4740 1984 4814">
    <p class='ocr_par' dir='ltr' id='par_1_66' title="bbox 416 4740 1984 4814">
     <span class='ocr_line' id='line_1_66' title="bbox 416 4740 1984 4814; baseline -0.01 -5"><span class='ocrx_word' id='word_1_451' title='bbox 416 4754 764 4809; x_wconf 79' lang='lat' dir='ltr'><strong>Amalecitaiu</strong></span> <span class='ocrx_word' id='word_1_452' title='bbox 813 4752 1186 4806; x_wconf 83' lang='lat' dir='ltr'><strong>convivantem</strong></span> <span class='ocrx_word' id='word_1_453' title='bbox 1235 4747 1462 4814; x_wconf 77' lang='lat' dir='ltr'><strong>invenit,</strong></span> <span class='ocrx_word' id='word_1_454' title='bbox 1492 4742 1825 4813; x_wconf 82' lang='lat' dir='ltr'><strong>exstinguit:</strong></span> <span class='ocrx_word' id='word_1_455' title='bbox 1863 4740 1984 4809; x_wconf 89' lang='lat' dir='ltr'><strong>quia</strong></span> 
     </span>
    </p>
   </div>
   <div class='ocr_carea' id='block_1_67' title="bbox 419 4836 1988 4918">
    <p class='ocr_par' dir='ltr' id='par_1_67' title="bbox 419 4836 1988 4918">
     <span class='ocr_line' id='line_1_67' title="bbox 419 4836 1988 4918; baseline -0.01 -15"><span class='ocrx_word' id='word_1_456' title='bbox 419 4849 546 4918; x_wconf 84' lang='lat' dir='ltr'><strong>ipsis</strong></span> <span class='ocrx_word' id='word_1_457' title='bbox 589 4848 866 4903; x_wconf 88' lang='lat' dir='ltr'><strong>Christum</strong></span> <span class='ocrx_word' id='word_1_458' title='bbox 912 4843 1326 4915; x_wconf 58' lang='lat' dir='ltr'><strong>praedicantibus</strong></span> <span class='ocrx_word' id='word_1_459' title='bbox 1373 4839 1557 4894; x_wconf 90' lang='lat' dir='ltr'><strong>mundi</strong></span> <span class='ocrx_word' id='word_1_460' title='bbox 1606 4837 1843 4890; x_wconf 52' lang='lat' dir='ltr'><strong>laetitiam</strong></span> <span class='ocrx_word' id='word_1_461' title='bbox 1896 4836 1988 4889; x_wconf 90' lang='lat' dir='ltr'><strong>de-</strong></span> 
     </span>
    </p>
   </div>
   <div class='ocr_carea' id='block_1_68' title="bbox 422 4924 1990 5008">
    <p class='ocr_par' dir='ltr' id='par_1_68' title="bbox 422 4924 1990 5008">
     <span class='ocr_line' id='line_1_68' title="bbox 422 4924 1990 5008; baseline -0.008 -16"><span class='ocrx_word' id='word_1_462' title='bbox 422 4941 600 5002; x_wconf 85' lang='lat' dir='ltr'><strong>struit,</strong></span> <span class='ocrx_word' id='word_1_463' title='bbox 633 4954 770 5008; x_wconf 91' lang='lat' dir='ltr'><strong>quos</strong></span> <span class='ocrx_word' id='word_1_464' title='bbox 812 4936 1038 4991; x_wconf 88' lang='lat' dir='ltr'><strong>comites</strong></span> <span class='ocrx_word' id='word_1_465' title='bbox 1068 4933 1297 4989; x_wconf 91' lang='lat' dir='ltr'><strong>mundus</strong></span> <span class='ocrx_word' id='word_1_466' title='bbox 1339 4931 1542 4986; x_wconf 88' lang='lat' dir='ltr'><strong>habere</strong></span> <span class='ocrx_word' id='word_1_467' title='bbox 1582 4929 1843 4998; x_wconf 79' lang='lat' dir='ltr'><strong>despexit.</strong></span> <span class='ocrx_word' id='word_1_468' title='bbox 1872 4924 1990 4980; x_wconf 90' lang='lat' dir='ltr'><strong>Ple-</strong></span> 
     </span>
    </p>
   </div>
   <div class='ocr_carea' id='block_1_69' title="bbox 426 5017 1988 5099">
    <p class='ocr_par' dir='ltr' id='par_1_69' title="bbox 426 5017 1988 5099">
     <span class='ocr_line' id='line_1_69' title="bbox 426 5017 1988 5099; baseline -0.011 -14"><span class='ocrx_word' id='word_1_469' title='bbox 426 5046 645 5099; x_wconf 87' lang='lat' dir='ltr'><strong>rumque</strong></span> <span class='ocrx_word' id='word_1_470' title='bbox 685 5045 813 5098; x_wconf 88' lang='lat' dir='ltr'><strong>ergo</strong></span> <span class='ocrx_word' id='word_1_471' title='bbox 862 5027 961 5096; x_wconf 91' lang='lat' dir='ltr'><strong>ipsi</strong></span> <span class='ocrx_word' id='word_1_472' title='bbox 1011 5024 1347 5096; x_wconf 64' lang='lat' dir='ltr'><strong>praadicando</strong></span> <span class='ocrx_word' id='word_1_473' title='bbox 1400 5029 1608 5075; x_wconf 84' lang='lat' dir='ltr'><strong>mentes</strong></span> <span class='ocrx_word' id='word_1_474' title='bbox 1657 5017 1988 5073; x_wconf 65' lang='lat' dir='ltr'><strong>saecularium</strong></span> 
     </span>
    </p>
   </div>
   <div class='ocr_carea' id='block_1_70' title="bbox 426 5108 1992 5189">
    <p class='ocr_par' dir='ltr' id='par_1_70' title="bbox 426 5108 1992 5189">
     <span class='ocr_line' id='line_1_70' title="bbox 426 5108 1992 5189; baseline -0.007 -15"><span class='ocrx_word' id='word_1_475' title='bbox 426 5129 696 5189; x_wconf 81' lang='lat' dir='ltr'><strong>superant,</strong></span> <span class='ocrx_word' id='word_1_476' title='bbox 721 5119 810 5187; x_wconf 92' lang='lat' dir='ltr'><strong>qui</strong></span> <span class='ocrx_word' id='word_1_477' title='bbox 855 5119 1002 5187; x_wconf 88' lang='lat' dir='ltr'><strong>prius</strong></span> <span class='ocrx_word' id='word_1_478' title='bbox 1030 5131 1152 5170; x_wconf 88' lang='lat' dir='ltr'><strong>cum</strong></span> <span class='ocrx_word' id='word_1_479' title='bbox 1192 5113 1538 5171; x_wconf 57' lang='lat' dir='ltr'><strong>saecularibus</strong></span> <span class='ocrx_word' id='word_1_480' title='bbox 1572 5111 1626 5164; x_wconf 90' lang='lat' dir='ltr'><strong>in</strong></span> <span class='ocrx_word' id='word_1_481' title='bbox 1661 5111 1764 5164; x_wconf 89' lang='lat' dir='ltr'><strong>hoc</strong></span> <span class='ocrx_word' id='word_1_482' title='bbox 1793 5108 1992 5163; x_wconf 90' lang='lat' dir='ltr'><strong>mundo</strong></span> 
     </span>
    </p>
   </div>
   <div class='ocr_carea' id='block_1_71' title="bbox 425 5208 1095 5265">
    <p class='ocr_par' dir='ltr' id='par_1_71' title="bbox 425 5208 1095 5265">
     <span class='ocr_line' id='line_1_71' title="bbox 425 5208 1095 5265; baseline -0.007 0"><span class='ocrx_word' id='word_1_483' title='bbox 425 5224 644 5265; x_wconf 70' lang='lat' dir='ltr'><strong>currere</strong></span> <span class='ocrx_word' id='word_1_484' title='bbox 682 5224 787 5263; x_wconf 92' lang='lat' dir='ltr'><strong>non</strong></span> <span class='ocrx_word' id='word_1_485' title='bbox 814 5208 1095 5262; x_wconf 61' lang='lat' dir='ltr'><strong>valebant.</strong></span> 
     </span>
    </p>
   </div>
   <div class='ocr_carea' id='block_1_72' title="bbox 2045 1788 3628 1864">
    <p class='ocr_par' dir='ltr' id='par_1_72' title="bbox 2045 1788 3628 1864">
     <span class='ocr_line' id='line_1_72' title="bbox 2045 1788 3628 1864; baseline -0.001 -16"><span class='ocrx_word' id='word_1_486' title='bbox 2045 1792 2172 1848; x_wconf 90' lang='lat' dir='ltr'><strong>Saul</strong></span> <span class='ocrx_word' id='word_1_487' title='bbox 2195 1809 2316 1847; x_wconf 89' lang='lat' dir='ltr'><strong>cum</strong></span> <span class='ocrx_word' id='word_1_488' title='bbox 2337 1809 2402 1848; x_wconf 89' lang='lat' dir='ltr'><strong>eo</strong></span> <span class='ocrx_word' id='word_1_489' title='bbox 2425 1792 2694 1848; x_wconf 82' lang='lat' dir='ltr'><strong>interfecti</strong></span> <span class='ocrx_word' id='word_1_490' title='bbox 2726 1803 2868 1860; x_wconf 91' lang='lat' dir='ltr'><strong>sunt,</strong></span> <span class='ocrx_word' id='word_1_491' title='bbox 2892 1793 3178 1859; x_wconf 80' lang='lat' dir='ltr'><strong>Jonatban,</strong></span> <span class='ocrx_word' id='word_1_492' title='bbox 3205 1795 3500 1860; x_wconf 88' lang='lat' dir='ltr'><strong>Abinadab,</strong></span> <span class='ocrx_word' id='word_1_493' title='bbox 3526 1788 3628 1864; x_wconf 83' lang='lat' dir='ltr'><strong>qui</strong></span> 
     </span>
    </p>
   </div>
   <div class='ocr_carea' id='block_1_73' title="bbox 2044 1883 3624 1952">
    <p class='ocr_par' dir='ltr' id='par_1_73' title="bbox 2044 1883 3624 1952">
     <span class='ocr_line' id='line_1_73' title="bbox 2044 1883 3624 1952; baseline 0.001 -14"><span class='ocrx_word' id='word_1_494' title='bbox 2044 1891 2100 1938; x_wconf 85' lang='lat' dir='ltr'><strong>et</strong></span> <span class='ocrx_word' id='word_1_495' title='bbox 2120 1883 2283 1947; x_wconf 83' lang='lat' dir='ltr'><strong>Jesui,</strong></span> <span class='ocrx_word' id='word_1_496' title='bbox 2319 1893 2372 1938; x_wconf 89' lang='lat' dir='ltr'><strong>et</strong></span> <span class='ocrx_word' id='word_1_497' title='bbox 2399 1883 2680 1939; x_wconf 84' lang='lat' dir='ltr'><strong>Melcisua.</strong></span> <span class='ocrx_word' id='word_1_498' title='bbox 2715 1885 2928 1939; x_wconf 87' lang='lat' dir='ltr'><strong>lsbosed</strong></span> <span class='ocrx_word' id='word_1_499' title='bbox 2971 1895 3148 1938; x_wconf 88' lang='lat' dir='ltr'><strong>autem</strong></span> <span class='ocrx_word' id='word_1_500' title='bbox 3179 1885 3320 1939; x_wconf 86' lang='lat' dir='ltr'><strong>domi</strong></span> <span class='ocrx_word' id='word_1_501' title='bbox 3350 1894 3484 1940; x_wconf 88' lang='lat' dir='ltr'><strong>erat.</strong></span> <span class='ocrx_word' id='word_1_502' title='bbox 3515 1886 3624 1952; x_wconf 56' lang='lat' dir='ltr'><strong>Qui:</strong></span> 
     </span>
    </p>
   </div>
   <div class='ocr_carea' id='block_1_74' title="bbox 2044 1971 3620 2048">
    <p class='ocr_par' dir='ltr' id='par_1_74' title="bbox 2044 1971 3620 2048">
     <span class='ocr_line' id='line_1_74' title="bbox 2044 1971 3620 2048; baseline 0.001 -21"><span class='ocrx_word' id='word_1_503' title='bbox 2044 1988 2187 2027; x_wconf 87' lang='lat' dir='ltr'><strong>anno</strong></span> <span class='ocrx_word' id='word_1_504' title='bbox 2217 1973 2361 2042; x_wconf 87' lang='lat' dir='ltr'><strong>quod</strong></span> <span class='ocrx_word' id='word_1_505' title='bbox 2414 1973 2544 2028; x_wconf 89' lang='lat' dir='ltr'><strong>Saul</strong></span> <span class='ocrx_word' id='word_1_506' title='bbox 2601 1989 2696 2028; x_wconf 82' lang='lat' dir='ltr'><strong>rex</strong></span> <span class='ocrx_word' id='word_1_507' title='bbox 2743 1976 3066 2030; x_wconf 86' lang='lat' dir='ltr'><strong>constitutus</strong></span> <span class='ocrx_word' id='word_1_508' title='bbox 3102 1983 3200 2038; x_wconf 89' lang='lat' dir='ltr'><strong>est,</strong></span> <span class='ocrx_word' id='word_1_509' title='bbox 3249 1983 3405 2028; x_wconf 91' lang='lat' dir='ltr'><strong>natus</strong></span> <span class='ocrx_word' id='word_1_510' title='bbox 3452 1971 3620 2048; x_wconf 81' lang='lat' dir='ltr'><strong>fuisse</strong></span> 
     </span>
    </p>
   </div>
   <div class='ocr_carea' id='block_1_75' title="bbox 2046 2064 3621 2136">
    <p class='ocr_par' dir='ltr' id='par_1_75' title="bbox 2046 2064 3621 2136">
     <span class='ocr_line' id='line_1_75' title="bbox 2046 2064 3621 2136; baseline 0.001 -18"><span class='ocrx_word' id='word_1_511' title='bbox 2046 2064 2264 2131; x_wconf 87' lang='lat' dir='ltr'><strong>dicitur,</strong></span> <span class='ocrx_word' id='word_1_512' title='bbox 2293 2067 2382 2134; x_wconf 81' lang='lat' dir='ltr'><strong>qui</strong></span> <span class='ocrx_word' id='word_1_513' title='bbox 2411 2067 2572 2119; x_wconf 89' lang='lat' dir='ltr'><strong>etiam</strong></span> <span class='ocrx_word' id='word_1_514' title='bbox 2601 2067 2954 2136; x_wconf 86' lang='lat' dir='ltr'><strong>quadraginta</strong></span> <span class='ocrx_word' id='word_1_515' title='bbox 2985 2079 3245 2120; x_wconf 89' lang='lat' dir='ltr'><strong>annorum</strong></span> <span class='ocrx_word' id='word_1_516' title='bbox 3291 2064 3456 2120; x_wconf 80' lang='lat' dir='ltr'><strong>fuisse</strong></span> <span class='ocrx_word' id='word_1_517' title='bbox 3491 2065 3621 2135; x_wconf 80' lang='lat' dir='ltr'><strong>legi—</strong></span> 
     </span>
    </p>
   </div>
   <div class='ocr_carea' id='block_1_76' title="bbox 2046 2155 3628 2228">
    <p class='ocr_par' dir='ltr' id='par_1_76' title="bbox 2046 2155 3628 2228">
     <span class='ocr_line' id='line_1_76' title="bbox 2046 2155 3628 2228; baseline -0.001 -18"><span class='ocrx_word' id='word_1_518' title='bbox 2046 2165 2157 2220; x_wconf 90' lang='lat' dir='ltr'><strong>tur,</strong></span> <span class='ocrx_word' id='word_1_519' title='bbox 2212 2171 2334 2210; x_wconf 89' lang='lat' dir='ltr'><strong>cum</strong></span> <span class='ocrx_word' id='word_1_520' title='bbox 2384 2172 2623 2227; x_wconf 78' lang='lat' dir='ltr'><strong>regnare</strong></span> <span class='ocrx_word' id='word_1_521' title='bbox 2658 2159 2929 2227; x_wconf 79' lang='lat' dir='ltr'><strong>coepisset.</strong></span> <span class='ocrx_word' id='word_1_522' title='bbox 2986 2155 3137 2212; x_wconf 86' lang='lat' dir='ltr'><strong>Unde</strong></span> <span class='ocrx_word' id='word_1_523' title='bbox 3189 2156 3458 2228; x_wconf 83' lang='lat' dir='ltr'><strong>colligitur</strong></span> <span class='ocrx_word' id='word_1_524' title='bbox 3491 2155 3628 2210; x_wconf 82' lang='lat' dir='ltr'><strong>Sani</strong></span> 
     </span>
    </p>
   </div>
   <div class='ocr_carea' id='block_1_77' title="bbox 2046 2244 3626 2315">
    <p class='ocr_par' dir='ltr' id='par_1_77' title="bbox 2046 2244 3626 2315">
     <span class='ocr_line' id='line_1_77' title="bbox 2046 2244 3626 2315; baseline 0.003 -17"><span class='ocrx_word' id='word_1_525' title='bbox 2046 2245 2399 2315; x_wconf 78' lang='lat' dir='ltr'><strong>quadraginta</strong></span> <span class='ocrx_word' id='word_1_526' title='bbox 2445 2261 2614 2300; x_wconf 86' lang='lat' dir='ltr'><strong>annos</strong></span> <span class='ocrx_word' id='word_1_527' title='bbox 2658 2261 2931 2315; x_wconf 85' lang='lat' dir='ltr'><strong>regnasse.</strong></span> <span class='ocrx_word' id='word_1_528' title='bbox 2974 2247 3328 2311; x_wconf 73' lang='lat' dir='ltr'><strong>Quaerendum</strong></span> <span class='ocrx_word' id='word_1_529' title='bbox 3369 2261 3466 2299; x_wconf 89' lang='lat' dir='ltr'><strong>cur</strong></span> <span class='ocrx_word' id='word_1_530' title='bbox 3494 2244 3626 2302; x_wconf 85' lang='lat' dir='ltr'><strong>alibi</strong></span> 
     </span>
    </p>
   </div>
   <div class='ocr_carea' id='block_1_78' title="bbox 2047 2333 3623 2404">
    <p class='ocr_par' dir='ltr' id='par_1_78' title="bbox 2047 2333 3623 2404">
     <span class='ocr_line' id='line_1_78' title="bbox 2047 2333 3623 2404; baseline 0.002 -15"><span class='ocrx_word' id='word_1_531' title='bbox 2047 2333 2256 2404; x_wconf 85' lang='lat' dir='ltr'><strong>legatur</strong></span> <span class='ocrx_word' id='word_1_532' title='bbox 2284 2335 2451 2400; x_wconf 79' lang='lat' dir='ltr'><strong>Jesui,</strong></span> <span class='ocrx_word' id='word_1_533' title='bbox 2489 2344 2542 2390; x_wconf 91' lang='lat' dir='ltr'><strong>et</strong></span> <span class='ocrx_word' id='word_1_534' title='bbox 2569 2335 2693 2390; x_wconf 84' lang='lat' dir='ltr'><strong>alibi</strong></span> <span class='ocrx_word' id='word_1_535' title='bbox 2733 2336 3046 2391; x_wconf 81' lang='lat' dir='ltr'><strong>Abinadab?</strong></span> <span class='ocrx_word' id='word_1_536' title='bbox 3079 2336 3225 2391; x_wconf 84' lang='lat' dir='ltr'><strong>Jesui</strong></span> <span class='ocrx_word' id='word_1_537' title='bbox 3264 2338 3407 2391; x_wconf 87' lang='lat' dir='ltr'><strong>enim</strong></span> <span class='ocrx_word' id='word_1_538' title='bbox 3454 2339 3623 2392; x_wconf 88' lang='lat' dir='ltr'><strong>inter-</strong></span> 
     </span>
    </p>
   </div>
   <div class='ocr_carea' id='block_1_79' title="bbox 2047 2427 3634 2499">
    <p class='ocr_par' dir='ltr' id='par_1_79' title="bbox 2047 2427 3634 2499">
     <span class='ocr_line' id='line_1_79' title="bbox 2047 2427 3634 2499; baseline 0.004 -19"><span class='ocrx_word' id='word_1_539' title='bbox 2047 2435 2294 2498; x_wconf 88' lang='lat' dir='ltr'><strong>pretatur</strong></span> <span class='ocrx_word' id='word_1_540' title='bbox 2317 2428 2557 2497; x_wconf 69' lang='lat' dir='ltr'><strong>aqualis.</strong></span> <span class='ocrx_word' id='word_1_541' title='bbox 2588 2427 2837 2497; x_wconf 64' lang='lat' dir='ltr'><strong>IEqualis</strong></span> <span class='ocrx_word' id='word_1_542' title='bbox 2867 2429 2986 2484; x_wconf 91' lang='lat' dir='ltr'><strong>ideo</strong></span> <span class='ocrx_word' id='word_1_543' title='bbox 3012 2429 3228 2494; x_wconf 89' lang='lat' dir='ltr'><strong>dicitur,</strong></span> <span class='ocrx_word' id='word_1_544' title='bbox 3256 2431 3380 2498; x_wconf 88' lang='lat' dir='ltr'><strong>quia</strong></span> <span class='ocrx_word' id='word_1_545' title='bbox 3403 2431 3634 2499; x_wconf 68' lang='lat' dir='ltr'><strong>:equalisi</strong></span> 
     </span>
    </p>
   </div>
   <div class='ocr_carea' id='block_1_80' title="bbox 2050 2516 3634 2588">
    <p class='ocr_par' dir='ltr' id='par_1_80' title="bbox 2050 2516 3634 2588">
     <span class='ocr_line' id='line_1_80' title="bbox 2050 2516 3634 2588; baseline 0.003 -17"><span class='ocrx_word' id='word_1_546' title='bbox 2050 2518 2229 2571; x_wconf 90' lang='lat' dir='ltr'><strong>meriti</strong></span> <span class='ocrx_word' id='word_1_547' title='bbox 2268 2516 2432 2572; x_wconf 86' lang='lat' dir='ltr'><strong>fuisse</strong></span> <span class='ocrx_word' id='word_1_548' title='bbox 2463 2517 2601 2572; x_wconf 89' lang='lat' dir='ltr'><strong>ﬁlius</strong></span> <span class='ocrx_word' id='word_1_549' title='bbox 2625 2533 2746 2572; x_wconf 90' lang='lat' dir='ltr'><strong>cum</strong></span> <span class='ocrx_word' id='word_1_550' title='bbox 2775 2527 3304 2588; x_wconf 78' lang='lat' dir='ltr'><strong>patre&#39;memoratur.</strong></span> <span class='ocrx_word' id='word_1_551' title='bbox 3346 2521 3634 2575; x_wconf 74' lang='lat' dir='ltr'><strong>Abinadab-</strong></span> 
     </span>
    </p>
   </div>
   <div class='ocr_carea' id='block_1_81' title="bbox 2051 2609 3636 2679">
    <p class='ocr_par' dir='ltr' id='par_1_81' title="bbox 2051 2609 3636 2679">
     <span class='ocr_line' id='line_1_81' title="bbox 2051 2609 3636 2679; baseline 0.001 -16"><span class='ocrx_word' id='word_1_552' title='bbox 2051 2609 2439 2678; x_wconf 84' lang='lat' dir='ltr'><strong>interpretatur</strong></span> <span class='ocrx_word' id='word_1_553' title='bbox 2469 2619 2618 2679; x_wconf 80' lang='lat' dir='ltr'><strong>pater</strong></span> <span class='ocrx_word' id='word_1_554' title='bbox 2653 2625 2798 2663; x_wconf 76' lang='lat' dir='ltr'><strong>meus</strong></span> <span class='ocrx_word' id='word_1_555' title='bbox 2838 2620 3036 2679; x_wconf 80' lang='lat' dir='ltr'><strong>sponte.</strong></span> <span class='ocrx_word' id='word_1_556' title='bbox 3070 2609 3271 2679; x_wconf 87' lang='lat' dir='ltr'><strong>Sponte</strong></span> <span class='ocrx_word' id='word_1_557' title='bbox 3297 2611 3494 2664; x_wconf 87' lang='lat' dir='ltr'><strong>etenim</strong></span> <span class='ocrx_word' id='word_1_558' title='bbox 3530 2627 3636 2664; x_wconf 59' lang='lat' dir='ltr'><strong>sua&#39;</strong></span> 
     </span>
    </p>
   </div>
   <div class='ocr_carea' id='block_1_82' title="bbox 2054 2698 3630 2769">
    <p class='ocr_par' dir='ltr' id='par_1_82' title="bbox 2054 2698 3630 2769">
     <span class='ocr_line' id='line_1_82' title="bbox 2054 2698 3630 2769; baseline 0.001 -17"><span class='ocrx_word' id='word_1_559' title='bbox 2054 2707 2209 2768; x_wconf 90' lang='lat' dir='ltr'><strong>pater</strong></span> <span class='ocrx_word' id='word_1_560' title='bbox 2234 2699 2352 2767; x_wconf 83' lang='lat' dir='ltr'><strong>eius</strong></span> <span class='ocrx_word' id='word_1_561' title='bbox 2399 2698 2526 2753; x_wconf 89' lang='lat' dir='ltr'><strong>Saul</strong></span> <span class='ocrx_word' id='word_1_562' title='bbox 2575 2699 2715 2754; x_wconf 79' lang='lat' dir='ltr'><strong>male</strong></span> <span class='ocrx_word' id='word_1_563' title='bbox 2761 2700 2975 2769; x_wconf 87' lang='lat' dir='ltr'><strong>agendo</strong></span> <span class='ocrx_word' id='word_1_564' title='bbox 2997 2700 3300 2768; x_wconf 84' lang='lat' dir='ltr'><strong>acquisivit,</strong></span> <span class='ocrx_word' id='word_1_565' title='bbox 3350 2708 3408 2752; x_wconf 92' lang='lat' dir='ltr'><strong>ut</strong></span> <span class='ocrx_word' id='word_1_566' title='bbox 3451 2701 3630 2754; x_wconf 80' lang='lat' dir='ltr'><strong>taliter</strong></span> 
     </span>
    </p>
   </div>
   <div class='ocr_carea' id='block_1_83' title="bbox 2054 2788 3639 2858">
    <p class='ocr_par' dir='ltr' id='par_1_83' title="bbox 2054 2788 3639 2858">
     <span class='ocr_line' id='line_1_83' title="bbox 2054 2788 3639 2858; baseline 0 -16"><span class='ocrx_word' id='word_1_567' title='bbox 2054 2805 2160 2842; x_wconf 90' lang='lat' dir='ltr'><strong>una</strong></span> <span class='ocrx_word' id='word_1_568' title='bbox 2189 2805 2310 2844; x_wconf 91' lang='lat' dir='ltr'><strong>cum</strong></span> <span class='ocrx_word' id='word_1_569' title='bbox 2340 2789 2466 2843; x_wconf 91' lang='lat' dir='ltr'><strong>ﬁliis</strong></span> <span class='ocrx_word' id='word_1_570' title='bbox 2496 2789 2872 2858; x_wconf 89' lang='lat' dir='ltr'><strong>perimeretur.</strong></span> <span class='ocrx_word' id='word_1_571' title='bbox 2907 2789 3150 2856; x_wconf 86' lang='lat' dir='ltr'><strong>Denique</strong></span> <span class='ocrx_word' id='word_1_572' title='bbox 3190 2789 3338 2856; x_wconf 88' lang='lat' dir='ltr'><strong>prius</strong></span> <span class='ocrx_word' id='word_1_573' title='bbox 3366 2788 3639 2858; x_wconf 73' lang='lat' dir='ltr'><strong>propheta</strong></span> 
     </span>
    </p>
   </div>
   <div class='ocr_carea' id='block_1_84' title="bbox 2056 2876 3642 2950">
    <p class='ocr_par' dir='ltr' id='par_1_84' title="bbox 2056 2876 3642 2950">
     <span class='ocr_line' id='line_1_84' title="bbox 2056 2876 3642 2950; baseline -0.001 -19"><span class='ocrx_word' id='word_1_574' title='bbox 2056 2877 2227 2932; x_wconf 81' lang='lat' dir='ltr'><strong>David</strong></span> <span class='ocrx_word' id='word_1_575' title='bbox 2252 2878 2549 2950; x_wconf 87' lang='lat' dir='ltr'><strong>ﬁguraliter</strong></span> <span class='ocrx_word' id='word_1_576' title='bbox 2578 2876 2737 2933; x_wconf 89' lang='lat' dir='ltr'><strong>deﬁet</strong></span> <span class='ocrx_word' id='word_1_577' title='bbox 2789 2877 2917 2931; x_wconf 89' lang='lat' dir='ltr'><strong>Saul</strong></span> <span class='ocrx_word' id='word_1_578' title='bbox 2959 2886 3013 2931; x_wconf 89' lang='lat' dir='ltr'><strong>et</strong></span> <span class='ocrx_word' id='word_1_579' title='bbox 3047 2877 3332 2941; x_wconf 83' lang='lat' dir='ltr'><strong>Jonatban,</strong></span> <span class='ocrx_word' id='word_1_580' title='bbox 3368 2879 3460 2946; x_wconf 91' lang='lat' dir='ltr'><strong>qui</strong></span> <span class='ocrx_word' id='word_1_581' title='bbox 3507 2894 3642 2932; x_wconf 64' lang='lat' dir='ltr'><strong>cum&#39;</strong></span> 
     </span>
    </p>
   </div>
   <div class='ocr_carea' id='block_1_85' title="bbox 2061 2968 3644 3038">
    <p class='ocr_par' dir='ltr' id='par_1_85' title="bbox 2061 2968 3644 3038">
     <span class='ocr_line' id='line_1_85' title="bbox 2061 2968 3644 3038; baseline -0.001 -16"><span class='ocrx_word' id='word_1_582' title='bbox 2061 2977 2309 3038; x_wconf 88' lang='lat' dir='ltr'><strong>potentes</strong></span> <span class='ocrx_word' id='word_1_583' title='bbox 2341 2976 2542 3032; x_wconf 83' lang='lat' dir='ltr'><strong>essent,</strong></span> <span class='ocrx_word' id='word_1_584' title='bbox 2600 2977 2654 3021; x_wconf 88' lang='lat' dir='ltr'><strong>et</strong></span> <span class='ocrx_word' id='word_1_585' title='bbox 2702 2983 2914 3037; x_wconf 89' lang='lat' dir='ltr'><strong>semper</strong></span> <span class='ocrx_word' id='word_1_586' title='bbox 2957 2968 3204 3022; x_wconf 85' lang='lat' dir='ltr'><strong>hostibus</strong></span> <span class='ocrx_word' id='word_1_587' title='bbox 3252 2969 3644 3036; x_wconf 78' lang='lat' dir='ltr'><strong>praevalerent,-</strong></span> 
     </span>
    </p>
   </div>
   <div class='ocr_carea' id='block_1_86' title="bbox 2065 3057 3647 3128">
    <p class='ocr_par' dir='ltr' id='par_1_86' title="bbox 2065 3057 3647 3128">
     <span class='ocr_line' id='line_1_86' title="bbox 2065 3057 3647 3128; baseline 0 -15"><span class='ocrx_word' id='word_1_588' title='bbox 2065 3059 2292 3114; x_wconf 88' lang='lat' dir='ltr'><strong>sauciati</strong></span> <span class='ocrx_word' id='word_1_589' title='bbox 2324 3058 2466 3113; x_wconf 82' lang='lat' dir='ltr'><strong>illico</strong></span> <span class='ocrx_word' id='word_1_590' title='bbox 2492 3073 2556 3113; x_wconf 85' lang='lat' dir='ltr'><strong>ae</strong></span> <span class='ocrx_word' id='word_1_591' title='bbox 2585 3057 2851 3112; x_wconf 86' lang='lat' dir='ltr'><strong>vulnerati</strong></span> <span class='ocrx_word' id='word_1_592' title='bbox 2893 3058 2948 3112; x_wconf 91' lang='lat' dir='ltr'><strong>in</strong></span> <span class='ocrx_word' id='word_1_593' title='bbox 2990 3057 3176 3113; x_wconf 84' lang='lat' dir='ltr'><strong>medio‘</strong></span> <span class='ocrx_word' id='word_1_594' title='bbox 3197 3057 3385 3128; x_wconf 82' lang='lat' dir='ltr'><strong>pra:lio</strong></span> <span class='ocrx_word' id='word_1_595' title='bbox 3409 3073 3647 3113; x_wconf 82' lang='lat' dir='ltr'><strong>corrue-</strong></span> 
     </span>
    </p>
   </div>
   <div class='ocr_carea' id='block_1_87' title="bbox 2063 3161 2208 3206">
    <p class='ocr_par' dir='ltr' id='par_1_87' title="bbox 2063 3161 2208 3206">
     <span class='ocr_line' id='line_1_87' title="bbox 2063 3161 2208 3206; baseline -0.007 0"><span class='ocrx_word' id='word_1_596' title='bbox 2063 3161 2208 3206; x_wconf 77' lang='lat' dir='ltr'><strong>runt.</strong></span> 
     </span>
    </p>
   </div>
   <div class='ocr_carea' id='block_1_88' title="bbox 2137 3242 3650 3312">
    <p class='ocr_par' dir='ltr' id='par_1_88' title="bbox 2137 3242 3650 3312">
     <span class='ocr_line' id='line_1_88' title="bbox 2137 3242 3650 3312; baseline 0.001 -18"><span class='ocrx_word' id='word_1_597' title='bbox 2137 3262 2156 3294; x_wconf 83' lang='lat'><strong>(</strong></span> <span class='ocrx_word' id='word_1_598' title='bbox 2184 3243 2480 3310; x_wconf 86' lang='lat' dir='ltr'><strong>Quomodo,</strong></span> <span class='ocrx_word' id='word_1_599' title='bbox 2510 3243 2703 3311; x_wconf 88' lang='lat' dir='ltr'><strong>inquit,</strong></span> <span class='ocrx_word' id='word_1_600' title='bbox 2751 3242 3062 3297; x_wconf 80' lang='lat' dir='ltr'><strong>ceciderunt</strong></span> <span class='ocrx_word' id='word_1_601' title='bbox 3101 3249 3346 3312; x_wconf 89' lang='lat' dir='ltr'><strong>potentes</strong></span> <span class='ocrx_word' id='word_1_602' title='bbox 3374 3243 3426 3296; x_wconf 94' lang='lat' dir='ltr'><strong>in</strong></span> <span class='ocrx_word' id='word_1_603' title='bbox 3461 3242 3650 3296; x_wconf 71' lang='lat' dir='ltr'><strong>medio</strong></span> 
     </span>
    </p>
   </div>
   <div class='ocr_carea' id='block_1_89' title="bbox 2069 3331 3633 3405">
    <p class='ocr_par' dir='ltr' id='par_1_89' title="bbox 2069 3331 3633 3405">
     <span class='ocr_line' id='line_1_89' title="bbox 2069 3331 3633 3405; baseline -0.001 -19"><span class='ocrx_word' id='word_1_604' title='bbox 2069 3353 2087 3386; x_wconf 79' lang='grc' dir='ltr'>ι</span> <span class='ocrx_word' id='word_1_605' title='bbox 2117 3334 2351 3405; x_wconf 58' lang='lat' dir='ltr'><strong>pugna?</strong></span> <span class='ocrx_word' id='word_1_606' title='bbox 2392 3351 2410 3383; x_wconf 77' lang='grc' dir='ltr'><strong><em>ι</em></strong></span> <span class='ocrx_word' id='word_1_607' title='bbox 2452 3331 2565 3386; x_wconf 83' lang='lat' dir='ltr'><strong>Hoc</strong></span> <span class='ocrx_word' id='word_1_608' title='bbox 2608 3334 2770 3387; x_wconf 91' lang='lat' dir='ltr'><strong>etiam</strong></span> <span class='ocrx_word' id='word_1_609' title='bbox 2815 3333 2974 3387; x_wconf 88' lang='lat' dir='ltr'><strong>modo</strong></span> <span class='ocrx_word' id='word_1_610' title='bbox 3017 3333 3165 3401; x_wconf 91' lang='lat' dir='ltr'><strong>pium</strong></span> <span class='ocrx_word' id='word_1_611' title='bbox 3205 3331 3633 3386; x_wconf 85' lang='lat' dir='ltr'><strong>Christianorum</strong></span> 
     </span>
    </p>
   </div>
   <div class='ocr_carea' id='block_1_90' title="bbox 2064 3422 3644 3495">
    <p class='ocr_par' dir='ltr' id='par_1_90' title="bbox 2064 3422 3644 3495">
     <span class='ocr_line' id='line_1_90' title="bbox 2064 3422 3644 3495; baseline -0.001 -16"><span class='ocrx_word' id='word_1_612' title='bbox 2064 3439 2251 3495; x_wconf 88' lang='lat' dir='ltr'><strong>genus,</strong></span> <span class='ocrx_word' id='word_1_613' title='bbox 2281 3439 2420 3478; x_wconf 91' lang='lat' dir='ltr'><strong>nunc</strong></span> <span class='ocrx_word' id='word_1_614' title='bbox 2449 3422 2608 3478; x_wconf 88' lang='lat' dir='ltr'><strong>deﬁet</strong></span> <span class='ocrx_word' id='word_1_615' title='bbox 2647 3439 2741 3478; x_wconf 91' lang='lat' dir='ltr'><strong>eos</strong></span> <span class='ocrx_word' id='word_1_616' title='bbox 2785 3424 2876 3493; x_wconf 91' lang='lat' dir='ltr'><strong>qui</strong></span> <span class='ocrx_word' id='word_1_617' title='bbox 2923 3432 3280 3493; x_wconf 87' lang='lat' dir='ltr'><strong>repugnantes</strong></span> <span class='ocrx_word' id='word_1_618' title='bbox 3309 3424 3644 3478; x_wconf 63' lang='lat' dir='ltr'><strong>dremonibus-</strong></span> 
     </span>
    </p>
   </div>
   <div class='ocr_carea' id='block_1_91' title="bbox 2066 3514 3653 3584">
    <p class='ocr_par' dir='ltr' id='par_1_91' title="bbox 2066 3514 3653 3584">
     <span class='ocr_line' id='line_1_91' title="bbox 2066 3514 3653 3584; baseline 0 -16"><span class='ocrx_word' id='word_1_619' title='bbox 2066 3515 2320 3569; x_wconf 90' lang='lat' dir='ltr'><strong>labuntur</strong></span> <span class='ocrx_word' id='word_1_620' title='bbox 2367 3515 2420 3568; x_wconf 92' lang='lat' dir='ltr'><strong>in</strong></span> <span class='ocrx_word' id='word_1_621' title='bbox 2477 3515 2696 3580; x_wconf 69' lang='lat' dir='ltr'><strong>saaculo,</strong></span> <span class='ocrx_word' id='word_1_622' title='bbox 2751 3517 2895 3584; x_wconf 91' lang='lat' dir='ltr'><strong>quod</strong></span> <span class='ocrx_word' id='word_1_623' title='bbox 2946 3523 3029 3569; x_wconf 89' lang='lat' dir='ltr'><strong>est</strong></span> <span class='ocrx_word' id='word_1_624' title='bbox 3077 3514 3359 3580; x_wconf 89' lang='lat' dir='ltr'><strong>lubricum,</strong></span> <span class='ocrx_word' id='word_1_625' title='bbox 3420 3514 3653 3584; x_wconf 70' lang='lat' dir='ltr'><strong>(Gelboe&#39;</strong></span> 
     </span>
    </p>
   </div>
   <div class='ocr_carea' id='block_1_92' title="bbox 2065 3603 3648 3674">
    <p class='ocr_par' dir='ltr' id='par_1_92' title="bbox 2065 3603 3648 3674">
     <span class='ocr_line' id='line_1_92' title="bbox 2065 3603 3648 3674; baseline -0.004 -13"><span class='ocrx_word' id='word_1_626' title='bbox 2065 3607 2209 3660; x_wconf 88' lang='lat' dir='ltr'><strong>enim</strong></span> <span class='ocrx_word' id='word_1_627' title='bbox 2237 3615 2434 3658; x_wconf 77' lang='lat' dir='ltr'><strong>montes</strong></span> <span class='ocrx_word' id='word_1_628' title='bbox 2478 3604 2666 3658; x_wconf 81' lang='lat' dir='ltr'><strong>lubrici</strong></span> <span class='ocrx_word' id='word_1_629' title='bbox 2716 3603 3184 3674; x_wconf 89' lang='lat' dir='ltr'><strong>interpretantur,)</strong></span> <span class='ocrx_word' id='word_1_630' title='bbox 3216 3611 3265 3658; x_wconf 90' lang='lat' dir='ltr'><strong>et</strong></span> <span class='ocrx_word' id='word_1_631' title='bbox 3312 3613 3460 3671; x_wconf 87' lang='lat' dir='ltr'><strong>spem</strong></span> <span class='ocrx_word' id='word_1_632' title='bbox 3491 3618 3648 3656; x_wconf 89' lang='lat' dir='ltr'><strong>recu-—</strong></span> 
     </span>
    </p>
   </div>
   <div class='ocr_carea' id='block_1_93' title="bbox 2066 3692 3646 3768">
    <p class='ocr_par' dir='ltr' id='par_1_93' title="bbox 2066 3692 3646 3768">
     <span class='ocr_line' id='line_1_93' title="bbox 2066 3692 3646 3768; baseline -0.003 -18"><span class='ocrx_word' id='word_1_633' title='bbox 2066 3697 2362 3768; x_wconf 89' lang='lat' dir='ltr'><strong>peratiouis</strong></span> <span class='ocrx_word' id='word_1_634' title='bbox 2394 3711 2506 3750; x_wconf 71' lang='lat' dir='ltr'><strong>suae</strong></span> <span class='ocrx_word' id='word_1_635' title='bbox 2531 3695 2866 3760; x_wconf 91' lang='lat' dir='ltr'><strong>omittentes,</strong></span> <span class='ocrx_word' id='word_1_636' title='bbox 2897 3694 3117 3763; x_wconf 91' lang='lat' dir='ltr'><strong>proprio</strong></span> <span class='ocrx_word' id='word_1_637' title='bbox 3146 3704 3422 3756; x_wconf 86' lang='lat' dir='ltr'><strong>mucrone,</strong></span> <span class='ocrx_word' id='word_1_638' title='bbox 3457 3692 3646 3760; x_wconf 89' lang='lat' dir='ltr'><strong>despe—</strong></span> 
     </span>
    </p>
   </div>
   <div class='ocr_carea' id='block_1_94' title="bbox 2069 3780 3643 3854">
    <p class='ocr_par' dir='ltr' id='par_1_94' title="bbox 2069 3780 3643 3854">
     <span class='ocr_line' id='line_1_94' title="bbox 2069 3780 3643 3854; baseline -0.007 -12"><span class='ocrx_word' id='word_1_639' title='bbox 2069 3788 2279 3842; x_wconf 89' lang='lat' dir='ltr'><strong>ratione</strong></span> <span class='ocrx_word' id='word_1_640' title='bbox 2316 3786 2562 3840; x_wconf 88' lang='lat' dir='ltr'><strong>videlicet</strong></span> <span class='ocrx_word' id='word_1_641' title='bbox 2603 3785 2904 3854; x_wconf 86' lang='lat' dir='ltr'><strong>pernieiosa</strong></span> <span class='ocrx_word' id='word_1_642' title='bbox 2943 3781 3207 3838; x_wconf 88' lang='lat' dir='ltr'><strong>evadendi</strong></span> <span class='ocrx_word' id='word_1_643' title='bbox 3249 3781 3458 3834; x_wconf 88' lang='lat' dir='ltr'><strong>hostem</strong></span> <span class='ocrx_word' id='word_1_644' title='bbox 3501 3780 3643 3832; x_wconf 90' lang='lat' dir='ltr'><strong>anti-</strong></span> 
     </span>
    </p>
   </div>
   <div class='ocr_carea' id='block_1_95' title="bbox 2069 3867 3659 3947">
    <p class='ocr_par' dir='ltr' id='par_1_95' title="bbox 2069 3867 3659 3947">
     <span class='ocr_line' id='line_1_95' title="bbox 2069 3867 3659 3947; baseline -0.004 -15"><span class='ocrx_word' id='word_1_645' title='bbox 2069 3893 2254 3947; x_wconf 90' lang='lat' dir='ltr'><strong>quum,</strong></span> <span class='ocrx_word' id='word_1_646' title='bbox 2305 3878 2638 3947; x_wconf 82' lang='lat' dir='ltr'><strong>semetipsos-</strong></span> <span class='ocrx_word' id='word_1_647' title='bbox 2669 3877 3018 3939; x_wconf 87' lang='lat' dir='ltr'><strong>interﬁciunt,</strong></span> <span class='ocrx_word' id='word_1_648' title='bbox 3069 3875 3209 3928; x_wconf 89' lang='lat' dir='ltr'><strong>sicut</strong></span> <span class='ocrx_word' id='word_1_649' title='bbox 3250 3867 3379 3927; x_wconf 81' lang='lat' dir='ltr'><strong>Saul</strong></span> <span class='ocrx_word' id='word_1_650' title='bbox 3432 3873 3659 3926; x_wconf 91' lang='lat' dir='ltr'><strong>irruens-</strong></span> 
     </span>
    </p>
   </div>
   <div class='ocr_carea' id='block_1_96' title="bbox 2073 3963 3659 4038">
    <p class='ocr_par' dir='ltr' id='par_1_96' title="bbox 2073 3963 3659 4038">
     <span class='ocr_line' id='line_1_96' title="bbox 2073 3963 3659 4038; baseline -0.006 -13"><span class='ocrx_word' id='word_1_651' title='bbox 2073 3985 2233 4038; x_wconf 89' lang='lat' dir='ltr'><strong>super</strong></span> <span class='ocrx_word' id='word_1_652' title='bbox 2264 3969 2498 4038; x_wconf 87' lang='lat' dir='ltr'><strong>gladium</strong></span> <span class='ocrx_word' id='word_1_653' title='bbox 2539 3983 2694 4022; x_wconf 90' lang='lat' dir='ltr'><strong>suum</strong></span> <span class='ocrx_word' id='word_1_654' title='bbox 2734 3976 2978 4021; x_wconf 87' lang='lat' dir='ltr'><strong>mortuus</strong></span> <span class='ocrx_word' id='word_1_655' title='bbox 3017 3975 3120 4021; x_wconf 89' lang='lat' dir='ltr'><strong>est.</strong></span> <span class='ocrx_word' id='word_1_656' title='bbox 3165 3963 3328 4032; x_wconf 87' lang='lat' dir='ltr'><strong>Cujus</strong></span> <span class='ocrx_word' id='word_1_657' title='bbox 3364 3965 3440 4018; x_wconf 90' lang='lat' dir='ltr'><strong>rei</strong></span> <span class='ocrx_word' id='word_1_658' title='bbox 3481 3964 3659 4018; x_wconf 83' lang='lat' dir='ltr'><strong>Phili--</strong></span> 
     </span>
    </p>
   </div>
   <div class='ocr_carea' id='block_1_97' title="bbox 2076 4054 3656 4127">
    <p class='ocr_par' dir='ltr' id='par_1_97' title="bbox 2076 4054 3656 4127">
     <span class='ocr_line' id='line_1_97' title="bbox 2076 4054 3656 4127; baseline -0.007 -10"><span class='ocrx_word' id='word_1_659' title='bbox 2076 4061 2251 4123; x_wconf 72' lang='lat' dir='ltr'><strong>stha3i,</strong></span> <span class='ocrx_word' id='word_1_660' title='bbox 2285 4061 2389 4114; x_wconf 90' lang='lat' dir='ltr'><strong>hoc</strong></span> <span class='ocrx_word' id='word_1_661' title='bbox 2419 4058 2774 4127; x_wconf 57' lang='lat' dir='ltr'><strong>est,.maligni</strong></span> <span class='ocrx_word' id='word_1_662' title='bbox 2799 4057 3020 4126; x_wconf 91' lang='lat' dir='ltr'><strong>spiritus</strong></span> <span class='ocrx_word' id='word_1_663' title='bbox 3047 4057 3111 4110; x_wconf 92' lang='lat' dir='ltr'><strong>de</strong></span> <span class='ocrx_word' id='word_1_664' title='bbox 3143 4054 3439 4110; x_wconf 81' lang='lat' dir='ltr'><strong>interfectis</strong></span> <span class='ocrx_word' id='word_1_665' title='bbox 3472 4054 3656 4122; x_wconf 39' lang='lat' dir='ltr'><strong>spolia.)</strong></span> 
     </span>
    </p>
   </div>
   <div class='ocr_carea' id='block_1_98' title="bbox 2078 4145 3661 4222">
    <p class='ocr_par' dir='ltr' id='par_1_98' title="bbox 2078 4145 3661 4222">
     <span class='ocr_line' id='line_1_98' title="bbox 2078 4145 3661 4222; baseline -0.005 -17"><span class='ocrx_word' id='word_1_666' title='bbox 2078 4153 2335 4222; x_wconf 89' lang='lat' dir='ltr'><strong>virtutum</strong></span> <span class='ocrx_word' id='word_1_667' title='bbox 2383 4151 2708 4214; x_wconf 81' lang='lat' dir='ltr'><strong>auferentes,</strong></span> <span class='ocrx_word' id='word_1_668' title='bbox 2757 4148 2987 4218; x_wconf 63' lang='lat' dir='ltr'><strong>propriae</strong></span> <span class='ocrx_word' id='word_1_669' title='bbox 3033 4145 3329 4200; x_wconf 81' lang='lat' dir='ltr'><strong>fortitudini</strong></span> <span class='ocrx_word' id='word_1_670' title='bbox 3371 4145 3661 4199; x_wconf 64' lang='lat' dir='ltr'><strong>ascribunt!</strong></span> 
     </span>
    </p>
   </div>
   <div class='ocr_carea' id='block_1_99' title="bbox 2075 4233 3664 4309">
    <p class='ocr_par' dir='ltr' id='par_1_99' title="bbox 2075 4233 3664 4309">
     <span class='ocr_line' id='line_1_99' title="bbox 2075 4233 3664 4309; baseline -0.007 -12"><span class='ocrx_word' id='word_1_671' title='bbox 2075 4243 2379 4306; x_wconf 88' lang='lat' dir='ltr'><strong>victoriam,</strong></span> <span class='ocrx_word' id='word_1_672' title='bbox 2432 4233 2744 4309; x_wconf 60' lang='lat' dir='ltr'><strong>qute&#39;justa</strong></span> <span class='ocrx_word' id='word_1_673' title='bbox 2793 4237 3147 4306; x_wconf 87' lang='lat' dir='ltr'><strong>permissione</strong></span> <span class='ocrx_word' id='word_1_674' title='bbox 3196 4233 3289 4288; x_wconf 92' lang='lat' dir='ltr'><strong>Dei</strong></span> <span class='ocrx_word' id='word_1_675' title='bbox 3347 4235 3400 4287; x_wconf 88' lang='lat' dir='ltr'><strong>in</strong></span> <span class='ocrx_word' id='word_1_676' title='bbox 3453 4233 3664 4287; x_wconf 62' lang='lat' dir='ltr'><strong>talibus?</strong></span> 
     </span>
    </p>
   </div>
   <div class='ocr_carea' id='block_1_100' title="bbox 2003 4325 3666 4402">
    <p class='ocr_par' dir='ltr' id='par_1_100' title="bbox 2003 4325 3666 4402">
     <span class='ocr_line' id='line_1_100' title="bbox 2003 4325 3666 4402; baseline -0.009 -14"><span class='ocrx_word' id='word_1_677' title='bbox 2003 4345 2056 4402; x_wconf 85' lang='lat'><strong>1)</strong></span> <span class='ocrx_word' id='word_1_678' title='bbox 2081 4333 2276 4388; x_wconf 90' lang='lat' dir='ltr'><strong>evenit.</strong></span> <span class='ocrx_word' id='word_1_679' title='bbox 2312 4330 2419 4385; x_wconf 89' lang='lat' dir='ltr'><strong>Sed</strong></span> <span class='ocrx_word' id='word_1_680' title='bbox 2463 4329 2632 4383; x_wconf 89' lang='lat' dir='ltr'><strong>David</strong></span> <span class='ocrx_word' id='word_1_681' title='bbox 2679 4337 2866 4381; x_wconf 89' lang='lat' dir='ltr'><strong>noster</strong></span> <span class='ocrx_word' id='word_1_682' title='bbox 2892 4327 2945 4380; x_wconf 92' lang='lat' dir='ltr'><strong>in</strong></span> <span class='ocrx_word' id='word_1_683' title='bbox 2972 4325 3390 4388; x_wconf 78' lang='lat' dir='ltr'><strong>membris‘suis,</strong></span> <span class='ocrx_word' id='word_1_684' title='bbox 3418 4325 3521 4378; x_wconf 88' lang='lat' dir='ltr'><strong>hoc</strong></span> <span class='ocrx_word' id='word_1_685' title='bbox 3544 4333 3666 4386; x_wconf 90' lang='lat' dir='ltr'><strong>est,.</strong></span> 
     </span>
    </p>
   </div>
   <div class='ocr_carea' id='block_1_101' title="bbox 2081 4413 3663 4482">
    <p class='ocr_par' dir='ltr' id='par_1_101' title="bbox 2081 4413 3663 4482">
     <span class='ocr_line' id='line_1_101' title="bbox 2081 4413 3663 4482; baseline -0.011 -5"><span class='ocrx_word' id='word_1_686' title='bbox 2081 4425 2135 4477; x_wconf 94' lang='lat' dir='ltr'><strong>in</strong></span> <span class='ocrx_word' id='word_1_687' title='bbox 2165 4422 2350 4476; x_wconf 87' lang='lat' dir='ltr'><strong>electis</strong></span> <span class='ocrx_word' id='word_1_688' title='bbox 2377 4432 2433 4474; x_wconf 89' lang='lat' dir='ltr'><strong>et</strong></span> <span class='ocrx_word' id='word_1_689' title='bbox 2457 4419 2656 4474; x_wconf 86' lang='lat' dir='ltr'><strong>sanctis</strong></span> <span class='ocrx_word' id='word_1_690' title='bbox 2683 4418 2833 4480; x_wconf 82' lang='lat' dir='ltr'><strong>viris,</strong></span> <span class='ocrx_word' id='word_1_691' title='bbox 2857 4415 3221 4470; x_wconf 90' lang='lat' dir='ltr'><strong>corruentium</strong></span> <span class='ocrx_word' id='word_1_692' title='bbox 3245 4426 3428 4468; x_wconf 84' lang='lat' dir='ltr'><strong>casum</strong></span> <span class='ocrx_word' id='word_1_693' title='bbox 3450 4413 3614 4482; x_wconf 89' lang='lat' dir='ltr'><strong>gemit</strong></span> <span class='ocrx_word' id='word_1_694' title='bbox 3631 4422 3663 4476; x_wconf 83' lang='lat'><strong>;;</strong></span> 
     </span>
    </p>
   </div>
   <div class='ocr_carea' id='block_1_102' title="bbox 2081 4502 3666 4578">
    <p class='ocr_par' dir='ltr' id='par_1_102' title="bbox 2081 4502 3666 4578">
     <span class='ocr_line' id='line_1_102' title="bbox 2081 4502 3666 4578; baseline -0.011 -8"><span class='ocrx_word' id='word_1_695' title='bbox 2081 4530 2184 4570; x_wconf 88' lang='lat' dir='ltr'><strong>nee</strong></span> <span class='ocrx_word' id='word_1_696' title='bbox 2216 4514 2428 4568; x_wconf 68' lang='lat' dir='ltr'><strong>lietatur</strong></span> <span class='ocrx_word' id='word_1_697' title='bbox 2456 4513 2509 4564; x_wconf 92' lang='lat' dir='ltr'><strong>in</strong></span> <span class='ocrx_word' id='word_1_698' title='bbox 2546 4509 2844 4578; x_wconf 88' lang='lat' dir='ltr'><strong>perditione</strong></span> <span class='ocrx_word' id='word_1_699' title='bbox 2891 4505 3252 4570; x_wconf 86' lang='lat' dir='ltr'><strong>morientium,</strong></span> <span class='ocrx_word' id='word_1_700' title='bbox 3299 4502 3393 4557; x_wconf 91' lang='lat' dir='ltr'><strong>sed</strong></span> <span class='ocrx_word' id='word_1_701' title='bbox 3435 4510 3666 4556; x_wconf 53' lang='lat' dir='ltr'><strong>contra,</strong></span> 
     </span>
    </p>
   </div>
   <div class='ocr_carea' id='block_1_103' title="bbox 2085 4589 3664 4667">
    <p class='ocr_par' dir='ltr' id='par_1_103' title="bbox 2085 4589 3664 4667">
     <span class='ocr_line' id='line_1_103' title="bbox 2085 4589 3664 4667; baseline -0.011 -7"><span class='ocrx_word' id='word_1_702' title='bbox 2085 4604 2234 4667; x_wconf 89' lang='lat' dir='ltr'><strong>dicit,</strong></span> <span class='ocrx_word' id='word_1_703' title='bbox 2264 4618 2331 4657; x_wconf 88' lang='lat' dir='ltr'><strong>ne</strong></span> <span class='ocrx_word' id='word_1_704' title='bbox 2356 4603 2410 4655; x_wconf 91' lang='lat' dir='ltr'><strong>in</strong></span> <span class='ocrx_word' id='word_1_705' title='bbox 2446 4599 2668 4655; x_wconf 53' lang='lat' dir='ltr'><strong>urbibus</strong></span> <span class='ocrx_word' id='word_1_706' title='bbox 2691 4595 3094 4665; x_wconf 85' lang='lat' dir='ltr'><strong>Allophyiorum</strong></span> <span class='ocrx_word' id='word_1_707' title='bbox 3130 4591 3254 4646; x_wconf 88' lang='lat' dir='ltr'><strong>talis</strong></span> <span class='ocrx_word' id='word_1_708' title='bbox 3283 4590 3422 4644; x_wconf 84' lang='lat' dir='ltr'><strong>fama</strong></span> <span class='ocrx_word' id='word_1_709' title='bbox 3451 4589 3664 4658; x_wconf 47' lang='lat' dir='ltr'><strong>praedia</strong></span> 
     </span>
    </p>
   </div>
   <div class='ocr_carea' id='block_1_104' title="bbox 2081 4683 3740 4758">
    <p class='ocr_par' dir='ltr' id='par_1_104' title="bbox 2081 4683 3740 4758">
     <span class='ocr_line' id='line_1_104' title="bbox 2081 4683 3740 4758; baseline -0.01 -8"><span class='ocrx_word' id='word_1_710' title='bbox 2081 4703 2256 4758; x_wconf 75' lang='lat' dir='ltr'><strong>eetur,</strong></span> <span class='ocrx_word' id='word_1_711' title='bbox 2299 4694 2401 4746; x_wconf 90' lang='lat' dir='ltr'><strong>hoc</strong></span> <span class='ocrx_word' id='word_1_712' title='bbox 2439 4698 2545 4754; x_wconf 77' lang='lat' dir='ltr'><strong>est,</strong></span> <span class='ocrx_word' id='word_1_713' title='bbox 2574 4686 2815 4756; x_wconf 68' lang='lat' dir='ltr'><strong>prmeipit</strong></span> <span class='ocrx_word' id='word_1_714' title='bbox 2846 4683 3089 4737; x_wconf 87' lang='lat' dir='ltr'><strong>ﬁdelibus</strong></span> <span class='ocrx_word' id='word_1_715' title='bbox 3113 4689 3173 4735; x_wconf 93' lang='lat' dir='ltr'><strong>ut</strong></span> <span class='ocrx_word' id='word_1_716' title='bbox 3205 4688 3361 4734; x_wconf 73' lang='lat' dir='ltr'><strong>caute</strong></span> <span class='ocrx_word' id='word_1_717' title='bbox 3389 4693 3447 4732; x_wconf 91' lang='lat' dir='ltr'><strong>se</strong></span> <span class='ocrx_word' id='word_1_718' title='bbox 3473 4685 3672 4732; x_wconf 55' lang='lat' dir='ltr'><strong>custor</strong></span> <span class='ocrx_word' id='word_1_719' title='bbox 3735 4729 3740 4734; x_wconf 93' lang='lat'><strong>.</strong></span> 
     </span>
    </p>
   </div>
   <div class='ocr_carea' id='block_1_105' title="bbox 2091 4767 3668 4846">
    <p class='ocr_par' dir='ltr' id='par_1_105' title="bbox 2091 4767 3668 4846">
     <span class='ocr_line' id='line_1_105' title="bbox 2091 4767 3668 4846; baseline -0.011 -7"><span class='ocrx_word' id='word_1_720' title='bbox 2091 4785 2257 4846; x_wconf 89' lang='lat' dir='ltr'><strong>diant,</strong></span> <span class='ocrx_word' id='word_1_721' title='bbox 2287 4789 2341 4837; x_wconf 91' lang='lat' dir='ltr'><strong>et</strong></span> <span class='ocrx_word' id='word_1_722' title='bbox 2370 4791 2522 4835; x_wconf 88' lang='lat' dir='ltr'><strong>scuto</strong></span> <span class='ocrx_word' id='word_1_723' title='bbox 2545 4778 2667 4832; x_wconf 90' lang='lat' dir='ltr'><strong>ﬁdei</strong></span> <span class='ocrx_word' id='word_1_724' title='bbox 2695 4775 2942 4843; x_wconf 87' lang='lat' dir='ltr'><strong>undique</strong></span> <span class='ocrx_word' id='word_1_725' title='bbox 2979 4788 3037 4827; x_wconf 90' lang='lat' dir='ltr'><strong>se</strong></span> <span class='ocrx_word' id='word_1_726' title='bbox 3078 4772 3340 4833; x_wconf 85' lang='lat' dir='ltr'><strong>muniant,</strong></span> <span class='ocrx_word' id='word_1_727' title='bbox 3374 4769 3544 4822; x_wconf 79' lang='lat' dir='ltr'><strong>induti</strong></span> <span class='ocrx_word' id='word_1_728' title='bbox 3572 4767 3668 4822; x_wconf 71' lang='lat' dir='ltr'><strong>lo~~</strong></span> 
     </span>
    </p>
   </div>
   <div class='ocr_carea' id='block_1_106' title="bbox 2091 4857 3668 4943">
    <p class='ocr_par' dir='ltr' id='par_1_106' title="bbox 2091 4857 3668 4943">
     <span class='ocr_line' id='line_1_106' title="bbox 2091 4857 3668 4943; baseline -0.013 -13"><span class='ocrx_word' id='word_1_729' title='bbox 2091 4877 2203 4930; x_wconf 86' lang='lat' dir='ltr'><strong>rica</strong></span> <span class='ocrx_word' id='word_1_730' title='bbox 2225 4872 2467 4943; x_wconf 64' lang='lat' dir='ltr'><strong>justitim,</strong></span> <span class='ocrx_word' id='word_1_731' title='bbox 2497 4870 2756 4924; x_wconf 88' lang='lat' dir='ltr'><strong>habentes</strong></span> <span class='ocrx_word' id='word_1_732' title='bbox 2791 4864 2994 4935; x_wconf 87' lang='lat' dir='ltr'><strong>galeam</strong></span> <span class='ocrx_word' id='word_1_733' title='bbox 3026 4863 3233 4927; x_wconf 81' lang='lat' dir='ltr'><strong>salutis,</strong></span> <span class='ocrx_word' id='word_1_734' title='bbox 3264 4870 3317 4915; x_wconf 91' lang='lat' dir='ltr'><strong>et</strong></span> <span class='ocrx_word' id='word_1_735' title='bbox 3347 4859 3522 4929; x_wconf 86' lang='lat' dir='ltr'><strong>gladio</strong></span> <span class='ocrx_word' id='word_1_736' title='bbox 3546 4857 3668 4926; x_wconf 62' lang='lat' dir='ltr'><strong>spir</strong></span> 
     </span>
    </p>
   </div>
   <div class='ocr_carea' id='block_1_107' title="bbox 2094 4948 3670 5029">
    <p class='ocr_par' dir='ltr' id='par_1_107' title="bbox 2094 4948 3670 5029">
     <span class='ocr_line' id='line_1_107' title="bbox 2094 4948 3670 5029; baseline -0.012 -9"><span class='ocrx_word' id='word_1_737' title='bbox 2094 4967 2250 5029; x_wconf 90' lang='lat' dir='ltr'><strong>ritus,</strong></span> <span class='ocrx_word' id='word_1_738' title='bbox 2281 4963 2381 5016; x_wconf 90' lang='lat' dir='ltr'><strong>hoc</strong></span> <span class='ocrx_word' id='word_1_739' title='bbox 2407 4969 2514 5024; x_wconf 81' lang='lat' dir='ltr'><strong>est,</strong></span> <span class='ocrx_word' id='word_1_740' title='bbox 2553 4959 2716 5013; x_wconf 83' lang='lat' dir='ltr'><strong>verbo</strong></span> <span class='ocrx_word' id='word_1_741' title='bbox 2754 4957 2849 5010; x_wconf 91' lang='lat' dir='ltr'><strong>Dei</strong></span> <span class='ocrx_word' id='word_1_742' title='bbox 2874 4953 3197 5008; x_wconf 88' lang='lat' dir='ltr'><strong>adversariis</strong></span> <span class='ocrx_word' id='word_1_743' title='bbox 3226 4951 3337 5005; x_wconf 93' lang='lat' dir='ltr'><strong>suis</strong></span> <span class='ocrx_word' id='word_1_744' title='bbox 3377 4948 3670 5002; x_wconf 57' lang='lat' dir='ltr'><strong>resistant:</strong></span> 
     </span>
    </p>
   </div>
   <div class='ocr_carea' id='block_1_108' title="bbox 2093 5031 3666 5118">
    <p class='ocr_par' dir='ltr' id='par_1_108' title="bbox 2093 5031 3666 5118">
     <span class='ocr_line' id='line_1_108' title="bbox 2093 5031 3666 5118; baseline -0.016 -8"><span class='ocrx_word' id='word_1_745' title='bbox 2093 5070 2162 5110; x_wconf 89' lang='lat' dir='ltr'><strong>ne</strong></span> <span class='ocrx_word' id='word_1_746' title='bbox 2199 5054 2336 5108; x_wconf 84' lang='lat' dir='ltr'><strong>forte</strong></span> <span class='ocrx_word' id='word_1_747' title='bbox 2365 5050 2590 5104; x_wconf 89' lang='lat' dir='ltr'><strong>ulterius</strong></span> <span class='ocrx_word' id='word_1_748' title='bbox 2617 5045 2972 5118; x_wconf 86' lang='lat' dir='ltr'><strong>ignominiose</strong></span> <span class='ocrx_word' id='word_1_749' title='bbox 3015 5039 3250 5111; x_wconf 88' lang='lat' dir='ltr'><strong>superati</strong></span> <span class='ocrx_word' id='word_1_750' title='bbox 3280 5036 3530 5109; x_wconf 72' lang='lat' dir='ltr'><strong>gaudium</strong></span> <span class='ocrx_word' id='word_1_751' title='bbox 3557 5031 3666 5088; x_wconf 58' lang='lat' dir='ltr'><strong>init</strong></span> 
     </span>
    </p>
   </div>
   <div class='ocr_carea' id='block_1_109' title="bbox 2093 5142 2656 5202">
    <p class='ocr_par' dir='ltr' id='par_1_109' title="bbox 2093 5142 2656 5202">
     <span class='ocr_line' id='line_1_109' title="bbox 2093 5142 2656 5202; baseline -0.018 0"><span class='ocrx_word' id='word_1_752' title='bbox 2093 5148 2244 5202; x_wconf 87' lang='lat' dir='ltr'><strong>micis</strong></span> <span class='ocrx_word' id='word_1_753' title='bbox 2282 5144 2394 5198; x_wconf 85' lang='lat' dir='ltr'><strong>suis</strong></span> <span class='ocrx_word' id='word_1_754' title='bbox 2422 5142 2656 5196; x_wconf 78' lang='lat' dir='ltr'><strong>faciant.-</strong></span> 
     </span>
    </p>
   </div>
  </div>
