4010 6194
415 240 482 301 tt
580 216 589 219 ’
1085 248 1146 304 Β.
1186 238 1438 302 ΒΑΒΑΜ
1475 236 1693 304 uAun.
1728 246 2045 305 anetum).
2086 248 2391 308 uocum.
2433 252 2713 309 opsum
2754 250 2931 310 PARS
2965 254 3004 309 ι.
3591 258 3664 319 72

1681 510 1785 589 IN
1851 509 2233 587 IIBBUM
2309 513 2413 589 II.

920 743 1145 800 CAPUT
1182 740 1469 803 PRIMUM.

415 880 569 945 Quod
597 879 769 955 David
792 881 1037 934 nuntium
1065 880 1275 955 sceleris
1303 882 1640 955 Amalecitem
1667 885 1830 955 jussit
1868 872 1991 939 ante

480 967 536 1026 se
568 949 769 1026 percuti
805 965 904 1026 pro
930 960 1095 1026 morte
1123 949 1324 1026 Sgulis.
1372 953 1448 1026 De
1479 953 1623 1026 luctu
1667 949 1840 1010 David
1884 972 1986 1026 quo

479 1018 1096 1096 plangebat‘interfectps
1135 1019 1288 1096 βω
1333 1032 1377 1075 et
1412 1022 1705 1090 Jonathan,
1752 1034 1799 1078 et
1846 1018 1987 1096 quod

476 1088 718 1157 prwcepit
744 1088 906 1157 ﬁliios
933 1088 1081 1143 Iuda
1110 1090 1288 1144 doceri
1318 1107 1523 1147 arcum.
1692 1088 1698 1090 V
1856 1088 1877 1115 "

483 1240 634 1314 (Car.
673 1240 739 1315 ι.)
785 1259 803 1293 ι
838 1241 1062 1298 Factum
1088 1251 1172 1298 est
1199 1253 1403 1309 autem,
1432 1254 1715 1314 postquam
1744 1254 1988 1302 mortuus

419 1353 435 1384 α
482 1341 566 1387 est
593 1332 742 1398 Sani,
776 1341 837 1387 ut
861 1332 1029 1387 David
1059 1342 1424 1389 reverteretur
1444 1350 1478 1388 a
1505 1334 1650 1391 caede
1673 1335 1912 1399 Amalec,
1933 1345 1990 1391 et

416 1443 432 1470 ς
483 1428 732 1476 maneret
763 1422 817 1476 in
851 1420 1062 1493 Siceleg
1091 1422 1208 1477 dies
1237 1424 1393 1479 duos.
1421 1424 1480 1478 In
1510 1425 1595 1479 die
1624 1433 1803 1479 autem
1830 1427 1984 1481 tertia

418 1533 435 1564 ι
485 1514 739 1584 apparuit.
788 1514 951 1569 homo
997 1514 1221 1569 veniens
1272 1514 1341 1570 de
1392 1516 1587 1570 castris
1632 1515 1792 1579 Saul,
1835 1527 1989 1572 veste

417 1624 434 1653 ‹
482 1603 779 1664 conscissa,
811 1612 865 1657 et
890 1604 1112 1674 pulvere
1153 1620 1409 1675 aspersus
1437 1614 1629 1675 caput;
1666 1615 1722 1659 et
1750 1614 1811 1660 ut
1838 1607 1987 1662 venit

418 1713 436 1744 ι
484 1693 551 1748 ad
579 1693 767 1758 David,
796 1694 990 1748 cecidit
1024 1709 1189 1764 super
1214 1694 1407 1749 faciem
1435 1709 1609 1760 suam,
1636 1703 1692 1749 et
1719 1696 1983 1752 adoravit.

417 1800 434 1832 t
482 1781 734 1850 Dixitque
762 1782 830 1836 ad
860 1797 983 1836 eum
1016 1782 1189 1837 David
1217 1801 1232 1835 :
1282 1782 1435 1838 Unde
1461 1784 1650 1838 venis?
1677 1783 1777 1850 Qui
1812 1784 1889 1840 ait
1917 1786 1986 1840 ad

418 1890 436 1922 ι
478 1888 601 1929 eum
629 1889 641 1926 :
674 1870 749 1930 De
773 1871 967 1927 castris
994 1871 1159 1927 Israel
1186 1870 1317 1943 fugi.
1348 1872 1497 1926 Dixit
1526 1872 1597 1927 ad
1625 1888 1748 1927 eum
1775 1874 1983 1929 David:

417 1981 435 2013 ι
483 1962 635 2029 Quod
663 1969 746 2016 est
774 1962 1018 2027 verbum,
1050 1961 1193 2032 quod
1223 1961 1421 2016 factum
1463 1962 1583 2017 est?
1610 1962 1785 2019 indica
1829 1963 1984 2021 mihi.

420 2068 439 2100 ι
486 2050 586 2118 Qui
622 2049 739 2105 ait:
772 2049 932 2121 Fugit
958 2051 1186 2121 populus
1234 2050 1300 2107 de
1346 2051 1554 2122 proelio,
1585 2060 1642 2105 et
1682 2051 1835 2106 multi
1859 2066 1985 2108 cor-

422 2166 441 2198 ‹
488 2156 705 2202 ruentes
737 2148 805 2201 de
844 2146 1041 2217 populo
1088 2147 1287 2200 mortui
1322 2153 1465 2201 sunt.
1520 2144 1628 2201 Sed
1659 2153 1715 2203 et
1760 2144 1888 2200 Saul
1928 2155 1987 2201 et

419 2255 437 2287 ι
481 2234 749 2291 Jonathan
798 2235 940 2291 ﬁlius
983 2235 1100 2303 ejus
1130 2236 1470 2299 interierunt,
1511 2245 1616 2291 etc.
1667 2254 1689 2299 ι
1723 2235 1833 2305 (Ea:
1872 2233 1985 2289 He-

404 2326 550 2378 orwo
574 2324 847 2395 quodam.)
876 2324 1167 2392 ,Ilominem
1196 2325 1359 2380 istum
1396 2325 1745 2391 Amalecitem
1772 2324 1985 2381 Hebraei

405 2415 580 2470 ﬁlium
630 2415 776 2486 Doeg
803 2413 971 2470 fuisse
995 2416 1200 2471 dicunt.
1233 2415 1558 2471 Amalecites
1586 2415 1730 2471 enim
1761 2423 1817 2470 et
1862 2415 1987 2472 Idu-

414 2522 582 2561 maeus
608 2521 775 2560 unum
804 2515 910 2570 est,
940 2506 1068 2576 quia
1100 2504 1239 2560 ﬁlius
1264 2506 1655 2576 primogenitus
1679 2505 1843 2570 Esau,
1871 2505 1985 2560 Eli—

412 2602 548 2667 phaz
563 2598 757 2667 fuir,et
791 2597 952 2667 hujus
979 2597 1120 2652 ﬁlius
1142 2596 1381 2652 Amalec.
1412 2597 1666 2652 Diadema
1710 2607 1891 2651 autem
1929 2603 1987 2653 et

413 2685 679 2757 armillam
709 2702 828 2755 qua:
868 2686 1038 2743 David
1068 2687 1275 2753 detulit,
1303 2702 1333 2741 a
1359 2696 1510 2757 patre
1538 2687 1683 2756 Doeg
1708 2701 1987 2742 commen-

424 2747 567 2831 data.
584 2776 686 2831 sibi
714 2747 879 2831 fuisse
926 2776 1136 2831 Hebraei
1174 2747 1476 2848 perhibent.
1508 2747 1775 2845 Quidvest
1803 2786 1987 2833 autem

416 2868 558 2936 quod
606 2867 694 2922 ille
746 2867 1091 2934 Amalecites,
1142 2868 1235 2937 qui
1282 2884 1341 2925 se
1389 2867 1543 2923 ﬁnxit
1581 2884 1765 2927 eorum
1818 2869 1987 2926 David

419 2954 545 3010 Saul
577 2972 753 3028 regem
781 2957 1137 3023 interfecisse,
1163 2958 1230 3012 ab
1255 2973 1321 3012 eo
1335 2956 1497 3028 justre
1519 2959 1737 3015 ultionis
1768 2973 1985 3029 prauam

413 3061 443 3099 a
470 3061 702 3117 superno
724 3047 906 3118 judice
936 3049 1196 3119 recipiet?
1218 3047 1373 3117 juxta
1399 3048 1528 3105 illud
1556 3051 1700 3119 quod
1722 3050 1985 3120 scriptum

411 3144 536 3190 est:
583 3154 602 3186 ι
641 3134 827 3191 Omnis
862 3140 1029 3204 enim,
1085 3140 1176 3208 qui
1229 3139 1363 3194 fodit
1410 3138 1640 3206 foveam,
1685 3141 1884 3197 incidet
1929 3142 1985 3197 in

416 3244 436 3277 ι
459 3225 791 3298 eam(Eche.
826 3242 880 3282 ι.
922 3227 980 3299 )›
1005 3229 1070 3283 Et
1093 3245 1107 3282 :
1127 3248 1145 3280 ‹
1167 3229 1267 3296 Qui
1289 3231 1656 3301 percusserint
1673 3232 1849 3301 gladio
1862 3247 1987 3302 pen-

410 3314 566 3373 ibunt
612 3317 823 3390 (Matth.
847 3320 1016 3392 xxvi).
1051 3320 1115 3374 Et
1143 3321 1270 3375 item
1315 3338 1329 3374 :
1372 3338 1391 3372 ι
1425 3321 1501 3379 Os
1524 3323 1667 3392 quod
1704 3322 1987 3389 mentitur,

408 3408 610 3462 occidit
632 3409 887 3475 animam,
921 3410 1210 3466 mulctatus
1238 3412 1465 3481 accepit,
1496 3412 1600 3467 nisi
1631 3414 1773 3482 quod
1806 3413 1984 3468 omnis

350 3510 361 3517 κ
408 3496 502 3567 qui
528 3497 775 3567 proximo
795 3513 892 3553 Suo
915 3500 1257 3553 machinatur
1280 3500 1501 3572 malum,
1521 3499 1605 3555 vel
1626 3500 1693 3556 de
1715 3502 1831 3571 ejus
1853 3516 1983 3572 gau-

411 3588 503 3642 det
529 3589 770 3650 interitu,
796 3589 955 3660 justae
980 3590 1353 3645 retributionis
1374 3571 1589 3660 pinnam
1614 3589 1765 3663 (Sap.
1804 3571 1869 3661 r).
1902 3611 1923 3644 ι

488 3697 508 3730 ‹
552 3680 977 3751 Apprehendens
1027 3691 1207 3739 autem
1265 3683 1435 3740 David
1502 3683 1827 3739 vestimenta
1884 3698 1983 3740 sua

419 3786 436 3817 ε
484 3771 663 3838 scidit,
685 3786 982 3843 omnesque
1000 3773 1106 3828 viri
1142 3773 1234 3844 qui
1260 3782 1418 3829 erant
1436 3788 1557 3828 cum
1579 3788 1664 3829 eo.
1681 3773 1748 3827 Et
1767 3772 1986 3842 planxe-

418 3880 436 3923 ς
483 3872 610 3918 runt
634 3871 687 3917 et
716 3864 979 3920 fleverunt
1006 3874 1060 3920 et
1090 3864 1473 3934 jejunaverunt
1498 3879 1669 3934 usque
1698 3864 1767 3919 ad
1792 3878 1984 3935 vespe-

416 3969 435 4001 ι
481 3965 596 4005 ram
619 3967 782 4022 super
799 3953 948 4019 Saul,
979 3970 1142 4025 super
1165 3954 1433 4011 Jonathan
1455 3953 1624 4008 ﬁlium
1649 3952 1794 4022 ejus;
1825 3963 1880 4009 et
1893 3969 1985 4009 su-

418 4056 437 4090 ι
479 4055 577 4109 per
589 4042 843 4111 populum
873 4044 1101 4109 Domini,
1126 4054 1181 4100 et
1206 4060 1367 4114 super
1383 4045 1599 4099 domum
1618 4044 1802 4110 Israel,
1826 4064 1845 4097 ι
1872 4054 1979 4100 etc.

481 4133 589 4204 (Ea:
603 4134 827 4205 eodem.)
847 4135 1109 4206 Populum
1128 4137 1337 4193 Domini
1361 4138 1671 4193 sacerdotes
1684 4144 1740 4192 et
1762 4137 1985 4195 domum

412 4220 598 4288 Israel,
628 4226 950 4294 generaliter
977 4243 1190 4282 omnem
1220 4228 1473 4298 pupulum
1500 4228 1667 4284 Israel
1687 4229 1839 4284 dicit.

485 4330 504 4362 ι
548 4311 765 4369 Planxit
822 4325 1002 4371 autem
1058 4316 1225 4372 David
1271 4318 1545 4388 planctum
1612 4318 1984 4389 hujuscemodi

412 4418 433 4452 ι
478 4418 643 4473 super
693 4403 842 4474 Saul,
883 4417 938 4462 et
978 4423 1140 4478 super
1185 4407 1454 4464 Jonathan
1508 4410 1680 4464 ﬁlium
1723 4410 1871 4480 ejus,
1927 4418 1986 4463 et

414 4508 433 4543 ι
475 4495 735 4565 praecepit
787 4506 845 4552 ut
895 4499 1155 4555 docerent
1205 4500 1344 4556 ﬁlios
1385 4498 1522 4555 Juda
1572 4516 1759 4556 areum
1784 4536 1801 4566 ,
1843 4501 1985 4556 sicut

411 4602 430 4634 ι
479 4586 740 4655 scriptum
771 4596 859 4643 est
885 4588 939 4642 in
970 4589 1107 4644 libro
1135 4588 1431 4655 Justorum,
1464 4609 1484 4642 ι
1525 4600 1631 4646 etc.
1671 4590 1825 4658 Quod
1848 4592 1984 4646 scri-

406 4683 560 4745 ptum
604 4687 691 4732 est
735 4678 805 4733 de
838 4678 1028 4743 David,
1079 4680 1298 4749 quando
1337 4679 1625 4750 plangebat
1668 4681 1982 4736 interfectos

324 4792 325 4795 η
404 4764 539 4819 Saul
573 4774 627 4820 et
659 4765 950 4836 Jonathan,
981 4770 1107 4838 quia
1134 4771 1453 4841 prmeeperit
1477 4780 1536 4826 ut
1560 4772 1818 4828 docerent
1844 4772 1981 4829 ﬁlios

402 4856 543 4915 Juda
579 4873 784 4924 areum,
824 4859 948 4916 ideo
978 4858 1129 4925 fecit,
1163 4871 1225 4916 ut
1269 4861 1395 4932 quia
1432 4859 1775 4921 Philistlueos
1815 4866 1983 4935 sagit-

406 4949 561 5004 Iariis
593 4950 867 5006 abundare
902 4951 1014 5021 jam
1054 4959 1300 5017 noverat,
1326 4953 1467 5008 unde
1501 4962 1555 5008 et
1589 4951 1717 5010 Saul
1747 4956 1982 5012 maxime

406 5045 597 5095 horum
627 5041 823 5098 ictibus
849 5046 1109 5112 perierat,
1154 5046 1402 5101 eamdem
1432 5047 1668 5104 bellandi
1705 5059 1878 5107 artem
1922 5060 1978 5107 et

405 5133 488 5187 sui
517 5132 718 5187 milites
747 5135 814 5188 ad
843 5135 1195 5191 revincendos
1232 5152 1327 5192 eos
1353 5138 1642 5194 discerent.
1673 5140 1847 5196 Aliter
1870 5142 1979 5214 (Ea:

410 5223 694 5296 Hebrum):
744 5224 1010 5297 Prmcepit
1063 5227 1232 5283 David
1277 5236 1339 5282 ut
1385 5229 1644 5286 docerent
1679 5232 1816 5287 ﬁlios
1840 5233 1977 5289 Juda

405 5330 615 5380 arcum,
644 5316 750 5372 hoc
768 5325 870 5383 est,
893 5327 951 5372 ut
977 5334 1131 5390 reges
1154 5318 1292 5375 Iuda
1305 5320 1563 5378 docerent
1583 5323 1976 5392 fortitudinem,

405 5406 616 5461 scilicet
657 5417 718 5460 ut
744 5406 913 5464 fortes
937 5418 992 5464 et
1017 5410 1213 5466 intenti
1239 5420 1423 5466 essent
1460 5414 1516 5467 in
1544 5416 1737 5470 timore
1763 5415 1977 5473 Domini

405 5504 459 5550 et
485 5498 536 5552 in
560 5501 845 5569 praeceptis
888 5501 1002 5568 Dei,
1032 5518 1100 5559 ne
1123 5520 1221 5574 per
1257 5504 1678 5563 inobedientiam
1706 5525 1738 5565 a
1768 5512 1978 5568 fortitu-

408 5587 533 5641 .Iinc
560 5596 615 5641 et
642 5589 834 5646 timore
877 5590 1087 5647 Domini
1117 5593 1259 5649 sicut
1294 5594 1421 5650 Saul
1453 5597 1786 5667 recederent,
1815 5615 1870 5658 et
1894 5586 1974 5661 'eo

2005 4824 2058 4888 Ι)

2016 731 2068 809 Α
2095 747 2253 802 modo
2276 766 2383 820 quo
2404 750 2490 807 ille
2509 750 2762 822 perierat,
2782 753 3038 825 perirem.
3060 758 3215 826 Quod
3234 772 3362 818 vero
3383 767 3656 835 sequitur:

2097 855 2115 887 ι
2161 836 2315 892 Sicut
2367 842 2626 913 scriptum
2687 852 2772 899 est
2822 845 2878 899 in
2935 847 3077 902 libro
3122 848 3434 918 Justorum,
3472 876 3492 906 ι
3542 866 3664 916 etc.

2090 927 2266 1016 Ipsum
2293 930 2489 987 librum
2515 934 2675 990 hodie
2698 951 2973 1006 nunquam
3002 956 3177 1011 neque
3207 946 3349 1008 apud
3377 946 3523 1016 ipsos
3566 949 3671 1003 He~

2092 1014 2266 1069 bra-os
2299 1017 2530 1073 inveniri
2567 1036 2725 1087 posse
2758 1037 3097 1092 asseverant,
3134 1029 3279 1085 sicut
3321 1014 3423 1086 nec
3458 1033 3659 1088 librum

2092 1103 2363 1160 Bellorum
2397 1109 2636 1178 Domini,
2661 1114 2819 1183 cujus
2851 1117 2903 1173 in
2933 1119 3077 1174 libro
3104 1119 3662 1183 Numerorum'rnen-

2090 1194 2166 1249 tio
2192 1203 2276 1250 est
2307 1196 2497 1267 (Num,
2537 1203 2671 1270 χχι),
2702 1220 2876 1275 neque
2907 1212 3147 1265 carmina
3173 1209 3502 1280 Salomonis,
3560 1232 3660 1270 ne-

2090 1302 2197 1356 que
2228 1289 2625 1359 disputationes
2648 1297 2768 1366 ejus
2807 1301 3245 1368 sapientissimae
3280 1306 3346 1359 de
3390 1307 3662 1380 lingorum

2089 1388 2309 1445 natura,
2350 1382 2762 1456 herbarumque
2805 1393 3076 1453 ciuilium,
3108 1395 3350 1468 itemque
3377 1399 3661 1468 jumentoa

2090 1485 2232 1561 rum,
2262 1473 2579 1542 volucrum,
2604 1480 2903 1548 replilium,
2932 1494 2985 1538 et
3014 1485 3271 1554 piscium.
3306 1487 3400 1545 Vel
3430 1493 3575 1561 quod
3600 1492 3655 1548 in

2090 1555 2228 1612 libro
2263 1557 2562 1615 Verborum
2609 1562 2829 1621 Dierurn
2878 1567 3079 1622 dicitur
3119 1586 3139 1623 :
3193 1587 3217 1622 ι
3256 1555 3484 1643 Reliqua
3531 1592 3661 1630 vero

2094 1663 2113 1695 ι
2158 1661 2323 1716 opera
2352 1647 2658 1707 Salomonis
2686 1653 2928 1723 priorum
2955 1665 3015 1712 et
3038 1655 3477 1726 novissimorum,
3526 1666 3663 1719 seri-

2094 1754 2112 1785 ι
2158 1745 2255 1805 pta
2281 1739 2488 1793 suntin
2515 1741 2694 1798 verbis
2724 1741 2935 1801 Nathan
2977 1749 3274 1817 prophetae,
3320 1761 3376 1806 et
3417 1754 3471 1807 in
3510 1754 3664 1811 libris

2095 1844 2114 1877 ι
2158 1827 2313 1883 Abite
2336 1828 2599 1897 Silonitis,
2639 1833 2695 1888 in
2729 1835 2937 1892 visione
2961 1853 3177 1909 quoque
3202 1841 3356 1896 Addo
3387 1844 3657 1910 videntis,

2092 1933 2111 1966 ι
2158 1924 2344 1972 contra
2378 1917 2666 1976 Jeroboam
2708 1923 2877 1979 ﬁlium
2904 1926 3084 1982 Nubat
3106 1928 3193 1998 (11
3230 1930 3360 1986 Par.
3399 1935 3510 2003 rx);
3548 1954 3567 1987 ι
3601 1946 3654 1989 et

2085 2008 2257 2063 multa
2290 2010 2595 2080 hujusmodi
2624 2014 2921 2083 volumina,
2957 2034 3077 2089 quae
3111 2018 3392 2091 Scriptura
3437 2024 3659 2094 quidem

2012 2121 2057 2178 Β
2085 2098 2252 2155 fuisse
2296 2103 2489 2171 probat
2531 2105 2752 2173 scripta,
2781 2106 2875 2161 sed
2914 2108 3074 2163 hodie
3112 2121 3329 2166 constat
3368 2127 3475 2167 non
3516 2129 3658 2169 esse.

2086 2190 2308 2246 Vastata
2345 2209 2578 2264 namque
2616 2211 2648 2249 a
2685 2197 2951 2254 Chaldaeis
2992 2198 3201 2266 Iudaea,
3242 2211 3297 2256 et
3330 2204 3659 2261 bibliotheca

2086 2281 2382 2350 antiquitus
2413 2296 2735 2355 congregata
2767 2289 2909 2345 inter
2932 2290 3065 2345 alias
3091 2292 3381 2362 provinciae
3408 2309 3540 2364 opes
3561 2298 3659 2351 ho-

2084 2372 2193 2427 stili
2217 2385 2302 2428 est
2326 2376 2447 2446 igne
2487 2387 2838 2449 consumpta;
2875 2396 2941 2435 ex
2965 2397 3073 2451 qua
3097 2385 3274 2453 pauci,
3302 2387 3395 2455 qui
3432 2403 3576 2444 nunc
3605 2389 3659 2444 in

2084 2469 2273 2519 sancta
2300 2461 2583 2535 Scriptura
2611 2467 2958 2525 continentur
2979 2469 3481 2541 Iibri,postmodum
3506 2475 3661 2532 Ezrre

2084 2550 2356 2621 pontiﬁcis
2387 2554 2663 2624 prephetm
2697 2566 2822 2615 sunt
2850 2560 3119 2616 industria
3154 2567 3464 2620 restaurati.
3505 2566 3661 2625 Unde

2086 2639 2349 2709 scriptum
2374 2650 2461 2696 est
2485 2643 2552 2698 de
2579 2659 2646 2698 eo
2678 2663 2691 2698 :
2737 2664 2757 2697 ι
2790 2646 3050 2704 Ascendit
3071 2652 3240 2708 Eurus
3266 2654 3333 2709 de
3362 2656 3657 2728 Babylone,

2084 2740 2143 2787 et
2165 2732 2276 2803 ipse
2299 2734 2478 2789 scriba
2512 2736 2667 2791 velox
2695 2737 2747 2793 in
2770 2737 2884 2809 lege
2906 2738 3141 2812 Moysi“
3155 2739 3476 2815 ἐκώ-,νειμ
3492 2748 3657 2805 Velox

2083 2821 2355 2888 videlicet,
2385 2823 2511 2893 quia
2536 2828 2897 2896 promptiores
2916 2829 3223 2888 litterarum
3255 2834 3471 2907 ﬁguras,
3495 2854 3661 2909 quam

2085 2918 2312 2967 eatenus
2358 2910 2570 2968 Hebraei
2614 2916 2903 2983 habebant,
2953 2922 3175 2991 reperit.
3221 2923 3291 2978 Et
3331 2926 3384 2980 in
3429 2928 3659 2996 epistola

2090 3000 2236 3070 regis
2283 3002 2572 3058 Persarum
2625 3004 2699 3061 ita
2743 3008 3004 3078 scriptum
3053 3021 3141 3067 est
3188 3031 3204 3067 :
3254 3032 3274 3066 ι
3307 3015 3631 3074 Artaxerses

2087 3103 2184 3144 rex
2223 3106 2443 3162 regum,
2484 3093 2638 3150 Eme
2693 3099 2957 3154 sacerdoti
3017 3103 3209 3158 scribto
3263 3103 3397 3176 legis
3449 3105 3661 3163 Domini

2087 3178 2209 3232 coeli
2243 3180 2556 3255 doctissimo
2584 3184 2813 3241 salutem
2850 3187 3064 3260 (lbid.).
3105 3210 3124 3244 ι
3171 3191 3311 3248 Sunt
3353 3202 3534 3251 tamen
3564 3198 3661 3268 qui

2087 3268 2277 3323 dicunt
2305 3271 2451 3327 hunc
2477 3273 2674 3329 librum
2706 3276 2986 3337 Justorum
3009 3282 3236 3355 intelligi
3263 3286 3461 3342 debere
3481 3288 3661 3358 ipsum

2084 3357 2281 3415 librum
2312 3362 2541 3434 Regum,
2574 3368 2664 3422 ubi
2694 3370 3041 3429 continentur
3066 3376 3341 3445 prophetae
3366 3357 3517 3447 justi,
3562 3380 3665 3436 Sm-

2009 3482 2055 3545 C
2090 3452 2235 3507 muel
2260 3453 2533 3522 videlicet,
2551 3457 2669 3514 Gad
2693 3468 2749 3514 et
2769 3460 3003 3518 Nathan.
3020 3464 3081 3518 in
3105 3481 3334 3536 quorum
3364 3469 3505 3525 libro
3526 3474 3651 3527 scri-

2082 3550 2235 3612 ptum
2267 3553 2349 3598 est
2377 3546 2613 3615 qualiter
2641 3548 2792 3613 Saul,
2819 3554 3078 3611 recedens
3118 3572 3151 3611 a
3189 3557 3383 3614 timore
3413 3561 3660 3629 Domini,

2084 3646 2185 3701 per
2207 3633 2631 3692 inohedientiam
2662 3655 2816 3696 suam
2844 3645 3022 3712 periit.

2159 3761 2178 3795 ι
2211 3744 2401 3817 Inclyti
2443 3748 2543 3814 tui,
2581 3749 2766 3817 Israel,
2794 3767 2959 3824 super
2985 3766 3197 3813 montes
3239 3767 3360 3815 tuos
3387 3760 3661 3818 interfecti

2084 3842 2229 3901 sunt,
2268 3855 2288 3888 ι
2326 3845 2430 3893 etc.
2466 3837 2574 3908 (Ea:
2601 3838 2866 3913 Hebraeo).
2906 3842 2965 3897 In
2997 3843 3222 3901 Hebrzeo
3245 3844 3472 3903 habetur
3505 3867 3660 3921 super

2084 3923 2291 3979 excelsa
2317 3937 2427 3981 tua.
2470 3927 2538 3981 Et
2580 3938 2665 3983 est
2700 3946 2892 3988 sensus
2920 3951 2933 3986 :
2976 3934 3021 3990 Ο
3055 3935 3207 4002 Saul,
3242 3938 3461 4009 gloriosi
3492 3941 3659 3996 lslael

2083 4028 2247 4083 super
2277 4016 2489 4072 excelsa
2518 4024 2609 4073 tua
2635 4019 2904 4076 interfecti
2930 4030 3076 4087 sunt,
3099 4027 3221 4095 quia
3251 4028 3303 4081 in
3326 4042 3543 4098 peccata
3569 4030 3654 4084 in-

2083 4107 2405 4161 obedientiae
2440 4116 2545 4162 tuae
2590 4125 2697 4163 una
2740 4120 2913 4166 tecum
2957 4117 3253 4184 perierunt.
3286 4119 3655 4178 Inobedientia

2083 4379 2412 4444 obedientia,
2474 4396 2635 4450 quam
2697 4384 3072 4453 vietimaz;'et
3122 4393 3427 4449 auscultare
3485 4399 3661 4469 magis

2084 4484 2245 4538 quam
2314 4472 2512 4529 offerre
2566 4476 2779 4547 adipem
2857 4481 3087 4536 arietum
3137 4502 3150 4536 :
3192 4488 3447 4554 quoniam
3503 4492 3659 4561 quasi

2085 4569 2366 4628 peccatum
2406 4564 2666 4618 ariolandi
2698 4576 2782 4621 est
2826 4584 3148 4641 repugnare,
3191 4584 3247 4629 et
3281 4577 3436 4644 quasi
3481 4579 3660 4634 scelus

2082 4651 2403 4711 idololatria:
2442 4657 2583 4711 nolle
2624 4659 3047 4733 acquiescere(1
3080 4662 3203 4735 Reg.
3235 4667 3346 4739 xv).
3383 4687 3400 4720 ι

2159 4781 2178 4814 ι
2217 4765 2495 4832 Quomodo
2526 4768 2838 4823 ceciderunt
2874 4769 3078 4828 fortes?
3120 4773 3295 4831 Nolite
3334 4778 3661 4835 annuntiare

2094 4873 2112 4905 ι
2160 4855 2215 4910 in
2244 4855 2404 4922 Geth,
2432 4870 2605 4927 neque
2629 4861 2959 4915 annuntietis
2989 4862 3041 4916 in
3068 4866 3317 4934 compitis
3341 4867 3658 4934 Ascalonis,

2092 4961 2112 4994 ε
2158 4960 2226 4999 ne
2256 4942 2395 5000 forte
2438 4945 2684 5001 laetentur
2714 4949 2837 5003 ﬁlia:
2884 4948 3231 5019 Philisthiim,
3272 4969 3341 5010 ne
3387 4958 3662 5014 exsultent

2093 5054 2111 5086 ι
2157 5036 2280 5091 ﬁlia:
2311 5038 2838 5108 incircumcisorum,
2878 5062 2896 5094 ι
2936 5052 3042 5099 etc.
3079 5044 3479 5116 Obstupescens
3528 5060 3657 5118 pro-

2083 5127 2245 5196 pheta
2303 5128 2470 5198 gemit
2522 5129 2862 5184 subitaneum
2909 5148 3098 5187 casum
3137 5135 3439 5205 principum
3479 5138 3657 5208 populi

2083 5219 2187 5284 sui,
2217 5228 2272 5272 et
2299 5220 2548 5288 prohibet
2573 5235 2641 5274 ne
2679 5221 2816 5278 ullus
2848 5222 3059 5279 lmtetnr
3098 5227 3152 5280 in
3181 5226 3273 5281 tali
3302 5243 3452 5294 casu,
3482 5244 3660 5297 neque

2085 5307 2228 5363 fama
2262 5311 2366 5365 hoc
2421 5310 2657 5381 divulget
2703 5312 2756 5366 in
2806 5313 3055 5370 civitates
3101 5316 3461 5372 inimicorum.
3514 5316 3657 5373 Geth

2082 5400 2229 5455 enim
2260 5412 2316 5454 et
2354 5398 2586 5454 Ascalon
2620 5401 2869 5458 civitates
2896 5412 3023 5458 sunt
3051 5405 3475 5475 Allophylorum.

2159 5530 2178 5562 ι
2220 5510 2428 5566 Montes
2456 5510 2677 5580 Gelboe,
2714 5529 2816 5568 nec
2843 5529 2953 5581 ros,
2985 5530 3086 5570 nec
3114 5515 3292 5585 pluvia
3323 5518 3543 5572 veniant
3565 5533 3658 5573 su-

2085 5625 2102 5657 r
2145 5621 2241 5675 per
2278 5618 2394 5669 vos,
2434 5619 2605 5674 neque
2648 5606 2757 5661 sint
2804 5606 2916 5677 agri
2965 5607 3352 5675 primitiarum;
3407 5610 3531 5678 quia
3581 5611 3655 5665 ibi
