4026 6202
318 325 386 378 73
1129 324 1482 382 COMMENT.
1523 323 1589 379 IN
1628 321 1874 380 LlBROS
1909 325 1974 381 IV
2017 326 2275 383 REGE-Nl.
2316 358 2385 369 -—-
2420 327 2487 383 ΙΝ
2525 328 2652 385 LIB.
2694 330 2758 387 ll.

312 453 331 483 ι
384 429 631 500 abjectus
649 439 734 487 est
760 431 979 503 elypeus
1009 431 1160 498 Saul,
1205 435 1358 505 quasi
1388 449 1492 490 non
1523 442 1668 489 esset
1694 443 1886 490 unctus
1914 441 1965 497 Α

311 543 333 575 ι
373 523 520 587 oleo,
566 541 588 576 ι
635 533 742 578 etc.
785 523 1014 592 Propter
1065 539 1249 580 casum
1293 525 1510 580 fortium
1569 533 1625 579 et
1677 526 1886 582 ruinam

306 612 491 686 populi
521 613 628 677 sui,
666 613 822 682 quasi
876 614 1160 683 indignans
1203 613 1440 684 loquitur
1474 615 1539 668 ad
1581 614 1756 684 ipsum
1806 614 1886 668 lo-

309 720 434 760 cum
471 703 890 769 interfectionis,
927 703 1248 760 abominatis
1299 704 1501 762 factum
1538 706 1680 774 quod
1723 707 1780 760 in
1822 721 1889 762 eo

306 794 484 848 fuerat
513 803 760 863 gestum;
796 802 975 850 tamen
1010 809 1116 849 non
1142 795 1261 850 sine
1283 796 1471 865 grandi
1502 798 1757 867 mysterio
1781 797 1889 853 sic-

305 894 370 943 ut
395 885 557 955 paulo
586 893 709 954 post
734 886 1059 946 ostenditur.

385 991 406 1025 ι
449 973 661 1044 Sagitta
687 972 956 1032 Jonatban
992 989 1265 1044 nunquam
1296 975 1456 1030 rediit
1482 986 1799 1042 retrorsum,
1833 987 1889 1032 et

309 1082 328 1115 ι
374 1063 592 1135 gladius
621 1063 749 1122 Saul
798 1080 904 1122 non
933 1073 1017 1120 est
1063 1081 1315 1120 reversus
1341 1067 1538 1132 inanis,
1567 1087 1588 1119 ι
1624 1077 1727 1122 etc.
1776 1068 1888 1130 Hoc

299 1156 420 1216 vult
468 1157 750 1215 insinuare
797 1157 940 1227 quod
991 1155 1256 1212 Jonatlias
1285 1168 1341 1212 et
1385 1159 1512 1213 Saul
1559 1161 1890 1230 temporibus

299 1248 419 1305 suis
446 1247 846 1301 bellicosissimi
871 1256 926 1300 et
957 1246 1236 1301 fortissimi
1271 1247 1488 1303 fuerunt
1516 1251 1569 1310 in
1595 1251 1814 1321 praelits.

377 1376 402 1408 ρ
449 1358 582 1412 Saul
630 1368 684 1412 et
729 1356 1001 1412 Jonathan
1039 1358 1301 1413 amabiles
1334 1369 1392 1414 ct
1437 1363 1620 1416 decori
1683 1364 1736 1418 in
1776 1363 1888 1418 vita

303 1468 326 1497 ο
374 1465 494 1512 sua,
532 1451 586 1502 in
646 1460 824 1504 morte
867 1463 1082 1519 quoque
1128 1465 1238 1504 non
1286 1461 1414 1506 sunt
1453 1453 1631 1506 divisi.
1680 1454 1889 1523 Aquilis

304 1559 326 1592 s
374 1540 697 1603 velociores,
733 1539 979 1594 leonibus
1012 1539 1285 1604 fortiores,
1325 1550 1430 1596 etc.
1482 1561 1501 1593 ι
1546 1542 1756 1597 Laudat
1795 1543 1891 1598 de-

298 1647 488 1686 corem
513 1630 722 1696 formae,
764 1629 948 1686 laudat
981 1639 1034 1686 et
1069 1632 1434 1692 constantiam
1472 1633 1662 1697 animi,
1695 1634 1890 1704 adjun-

3483 341 3556 400 ⁸74

2620 443 2843 501 CAPUT
2884 445 2947 501 ll.

1992 553 2146 636 Quod
2169 555 2439 638 'Davidnin.
2457 575 2623 638 regem
2661 572 2848 638 unctus
2877 580 3034 635 super
3045 567 3268 638 domum
3291 567 3459 638 Iuda,
3482 573 3559 628 vi.

2058 625 2311 713 λεια
2340 625 2669 713 (έναιαςιᾷρεῃ
2689 633 2896 713 nuntios
2918 625 3117 713 g'ratt'as
3146 639 3401 713 referebat

2057 695 2324 777 sepultura
2355 695 2488 777 Sani
2518 695 2821 777 “ﬁliorum
2845 695 2980 777 eju's.
3013 705 3097 777 De
3118 724 3178 762 eo
3199 695 3339 777 quod
3361 695 3556 776 Ab'rier.

2055 763 2200 832 ﬁlius
2231 764 2359 838 Ner,
2392 763 2656 838 lsbpsefh,
2686 763 3040 838 ﬁlium'Saul,
3087 763 3256 838 regent

2057 849 2214 903 super
2242 834 2430 916 Israel,
2463 836 2634 891 David
2676 834 2920 909 regnante
2948 843 3002 894 in
3030 834 3248 900 Ἠεένοη
3288 865 3444 917 super
3467 867 3555 905 so-

2057 902 2164 956 lam
2216 906 2406 958 tribum
2456 905 2623 961 Iuda.
2674 909 2752 962 De
2798 928 2856 962 eo
2897 914 3036 962 quod
3090 916 3264 962 Abner
3310 928 3359 962 et
3408 922 3558 962 stupri

2057 914 2164 956 tam
2216 914 2406 958 tribum
2456 914 2623 961 Iuda.
2674 914 2752 963 De
2798 928 2856 964 eo
2897 914 3036 981 quod
3090 916 3264 968 Abner
3310 914 3360 970 et
3408 922 3558 988 pueri

2057 971 2294 1060 labenti:
2333 987 2528 1060 contra.
2569 977 2704 1060 ⁸ζοᾳὺ
2726 991 2782 1060 et
2807 997 2995 1060 pueros
3030 983 3198 1060 David
3246 988 3303 1060 in
3340 986 3560 1060 (ἱρραοη

2057 1053 2402 1110 certaverunt,
2425 1056 2470 1099 et
2492 1046 2556 1100 de
2581 1046 2937 1118 interfatione
2957 1053 3132 1117 Asael,
3149 1057 3332 1124 fratris
3361 1058 3555 1113 Abner.

2059 1154 2209 1227 (Car.
2252 1158 2337 1229 ιι.)
2382 1178 2400 1210 ‹
2435 1160 2693 1217 Ascendit
2727 1178 2858 1235 ergo
2890 1166 3081 1232 David,
3113 1179 3168 1224 et
3193 1172 3312 1226 dua:
3361 1191 3560 1230 uxores

1993 1264 2012 1296 ι
2053 1245 2192 1314 eius,
2227 1248 2492 1304 Achinom
2515 1249 2843 1319 chraelitis,
2875 1265 2931 1310 et
2974 1258 3182 1328 Abigail
3209 1278 3347 1318 uxor
3389 1264 3558 1320 Nabal

1993 1354 2013 1387 ‹
2058 1337 2310 1393 Carmeli.
2352 1340 2456 1395 Sed
2494 1351 2550 1396 et
2591 1343 2737 1399 viros
2777 1346 2870 1415 qui
2911 1357 3068 1402 erant
3111 1365 3232 1404 cum
3273 1369 3362 1418 eo,
3405 1355 3562 1411 duxit

1993 1445 2012 1478 ι
2060 1429 2228 1484 David
2257 1431 2498 1502 singulos
2523 1448 2644 1488 cum
2691 1435 2852 1492 domo
2891 1454 3021 1503 sua,
3063 1449 3118 1494 et
3151 1453 3466 1498 manserunt
3505 1445 3561 1502 ln

1992 1536 2010 1566 ι
2054 1519 2268 1588 oppidis
2300 1519 2533 1576 Hebron.
2563 1541 2582 1573 ι
2611 1523 2884 1582 Ascensus
2905 1528 3006 1582 istc
3028 1529 3330 1588 Davidcutn
3355 1535 3564 1594 duabus

1985 1610 2249 1664 uxoribus
2297 1611 2410 1666 suis
2461 1612 2513 1666 in
2565 1613 2778 1670 Hebron
2830 1618 3098 1688 significat
3141 1625 3561 1684 convocationes

297 1737 458 1792 gens,
493 1736 591 1792 per
631 1721 943 1792 hyperbolis
985 1729 1218 1791 "opum.
1245 1721 1651 1778 similitudinem
1693 1700 1887 1796 ηὶηιε
1916 1753 1953 1796 ._
1988 1700 2215 1796 duarum
2258 1702 2492 1773 plebium
2526 1705 2580 1761 in
2607 1707 2903 1765 Ecclesiam
2949 1714 3289 1770 catholicam.
3342 1718 3559 1778 Hebron

296 1820 465 1879 atque
496 1811 687 1868 leonis.

375 1923 397 1954 ι
443 1903 600 1957 Filia:
627 1903 810 1966 Israel,
839 1918 1001 1974 super
1031 1903 1162 1960 Saul
1191 1903 1331 1968 cte,
1363 1905 1453 1975 qui
1480 1906 1748 1961 vestiebat
1789 1922 1886 1963 vos

300 2013 325 2049 ι
372 1995 602 2050 coccino
622 1995 675 2048 in
704 1995 934 2059 deliciis,
959 1996 1050 2064 qui
1076 1995 1350 2065 pmbebat
1375 2005 1696 2051 ornamenta
1722 2011 1885 2052 aurea

299 2107 323 2139 ι
371 2086 547 2142 cultui
589 2095 794 2151 vestro,
846 2106 866 2141 ν
905 2095 1012 2142 etc.
1045 2086 1153 2158 (Ea-
1182 2086 1454 2157 Hebraro.)
1494 2086 1773 2144 Vestiebat
1793 2103 1888 2146 eas

290 2177 549 2242 coccino,
581 2185 637 2232 et
662 2177 938 2246 praebebat
958 2185 1277 2232 ornamenta
1305 2191 1468 2231 aurea
1499 2178 1668 2232 cultui
1699 2194 1886 2235 eamm

293 2269 370 2324 de
393 2269 593 2338 przedis
627 2269 862 2324 hostium
893 2283 1028 2338 quas
1056 2269 1271 2338 agebat.
1308 2288 1326 2319 ι
1355 2269 1637 2336 Quomodo
1669 2271 1886 2328 cecide-

292 2368 432 2415 runt
462 2358 632 2414 fortes
655 2361 708 2415 in
736 2359 961 2430 praelio:
997 2379 1017 2413 ι
1052 2360 1369 2415 subauditur
1414 2362 1470 2415 in
1495 2371 1708 2431 peccato
1751 2371 1884 2418 tuo:

300 2466 323 2500 ι
365 2449 646 2504 Jonatban
672 2451 727 2504 in
759 2450 992 2508 excelsis
1015 2451 1123 2506 tuis
1145 2451 1358 2510 occisus
1382 2460 1488 2506 est.
1526 2471 1544 2505 ι
1577 2451 1634 2506 ln
1659 2452 1886 2508 Bebrteo

293 2553 408 2594 non
435 2539 664 2593 habetur
685 2548 778 2593 est.
803 2537 902 2594 Est
923 2540 1067 2594 enim
1088 2554 1312 2595 sensus:
1337 2540 1382 2597 0
1412 2540 1563 2608 Saul,
1591 2540 1882 2609 Jonathan,

289 2630 354 2684 in
387 2629 622 2685 excelsis
649 2631 778 2695 tuis,
795 2631 862 2697 id
889 2639 993 2697 est,
1023 2632 1078 2686 in
1107 2641 1331 2701 peccato
1356 2632 1734 2690 inobedientiae
1753 2644 1883 2700 tuae,

289 2720 548 2785 occisus;
577 2720 915 2788 subauditur,
946 2734 1044 2778 est.
1071 2723 1210 2780 Ecce
1244 2740 1342 2780 rex
1371 2733 1427 2780 et
1464 2727 1730 2796 propheta
1781 2726 1885 2782 Da-

288 2811 412 2874 vid,
439 2813 532 2880 qui
559 2811 984 2868 retribuentibus
1007 2813 1149 2868 mala
1177 2829 1283 2872 non
1305 2815 1560 2882 reddidit,
1603 2832 1726 2872 cum
1755 2816 1885 2874 Saul

291 2910 353 2954 et
379 2900 642 2956 innathas
669 2901 812 2956 bello
839 2903 1257 2971 occumberent,
1289 2905 1344 2960 in
1370 2905 1756 2962 lamentatione
1785 2922 1881 2962 sua

287 2992 500 3048 Gelboe
528 2993 804 3049 montibus
840 2994 1136 3060 maledicit,
1173 2996 1404 3051 dicens:

1914 1791 1962 1850 Β
1988 1792 2132 1846 enim
2169 1793 2554 1862 interpretatur
2594 1799 2918 1870 conjugium.
2954 1803 3020 1859 Et
3051 1805 3188 1861 bene
3219 1808 3330 1863 sola
3373 1821 3560 1870 sancta

1988 1882 2226 1938 Ecclesia
2274 1885 2582 1958 conjugium
2633 1892 2988 1948 nominatur:
3027 1896 3141 1952 sola
3193 1907 3250 1953 et
3292 1898 3431 1956 bona
3475 1913 3562 1965 est

1986 1989 2184 2045 sponsa
2220 1976 2470 2038 videlicet
2512 1979 2752 2037 caelestis
2782 1983 2942 2052 regis,
2971 1985 3037 2041 de
3063 2001 3171 2056 qua
3218 1989 3273 2043 in
3319 1990 3562 2050 Canticis

1987 2065 2322 2125 canticorum
2364 2067 2566 2124 dicitur
2607 2087 2620 2124 :
2681 2089 2700 2122 ‹
2735 2071 3027 2144 Sexaginta
3067 2087 3196 2133 sunt
3242 2082 3458 2152 reginas,
3505 2094 3563 2141 et

1987 2157 2259 2226 octoginta
2287 2159 2630 2226 concubinae.
2678 2171 2734 2220 et
2759 2164 3281 2225 adolescentularum
3326 2186 3559 2243 quarum

1987 2260 2097 2305 non
2126 2256 2210 2302 est
2255 2263 2534 2305 numerus.
2590 2250 2705 2308 Una
2749 2263 2835 2309 est
2873 2256 3119 2313 mlumba
3171 2275 3290 2316 mea
3319 2263 3560 2332 perfecta

1987 2352 2107 2392 mea
2158 2357 2172 2392 :
2213 2355 2320 2394 una
2375 2349 2460 2396 est
2511 2343 2672 2398 matri
2716 2359 2862 2413 suae,
2919 2348 3090 2404 electa
3140 2353 3393 2420 genitrici
3446 2370 3560 2411 sua:

1987 2425 2164 2499 (Cant.
2202 2430 2300 2499 vt).
2342 2448 2362 2482 ι
2408 2429 2540 2488 llluc
2571 2430 2728 2492 duxit
2771 2434 2940 2496 David
2981 2439 3222 2510 singulos
3259 2444 3406 2499 vinos
3433 2460 3558 2500 cum

1987 2518 2146 2572 domo
2176 2533 2271 2573 sua
2303 2538 2316 2572 :
2349 2520 2476 2589 quia
2516 2525 2885 2596 unusquisque
2925 2529 3164 2586 fidelium
3211 2533 3266 2586 in
3298 2534 3442 2590 illam
3471 2552 3562 2591 so-

1984 2610 2238 2667 cietatem
2267 2626 2366 2681 per
2402 2614 2838 2682 praedicationem
2881 2617 3158 2690 Evangelii
3205 2638 3554 2681 convocatur.

1991 2718 2010 2751 ι
2053 2700 2166 2757 Nec
2192 2711 2276 2757 est
2305 2703 2380 2758 ibi
2426 2704 2702 2762 distinctio
2727 2705 2896 2764 Judmi
2923 2720 2978 2764 et
3004 2711 3198 2778 Gnaei,
3227 2714 3453 2772 Barbari
3501 2729 3559 2774 et

1986 2789 2224 2862 Scythae,
2271 2795 2417 2858 servi
2445 2802 2502 2850 et
2541 2795 2695 2852 liberi
2738 2816 2751 2852 :
2788 2799 2894 2854 sed
2921 2803 3101 2857 omnia
3129 2813 3185 2860 et
3215 2806 3269 2860 in
3304 2810 3558 2868 omnibus.

1983 2882 2231 2946 Christus
2260 2883 2437 2956 (Rom.
2469 2902 2538 2952 x;
2570 2885 2748 2944 Galat.
2776 2891 2879 2962 ιιι).
2919 2911 2940 2945 ι

2060 3013 2080 3046 ‹
2118 2995 2502 3069 Veneruntque
2525 3001 2628 3056 viri
2657 3000 2813 3068 Juda,
2855 3012 2910 3059 et
2940 3017 3212 3062 unxerunt
3241 3007 3312 3065 ibi
3359 3012 3551 3082 David,

373 3101 392 3132 ι
431 3082 643 3137 Montes
687 3081 908 3148 Gelboe,
939 3099 1038 3142 nec
1065 3101 1173 3150 ros,
1206 3101 1304 3142 nec
1327 3085 1504 3156 pluvia
1529 3086 1768 3152 veniant,
1791 3103 1883 3144 ne-
1911 3153 1950 3170 Α
1984 3096 2043 3142 ut
2060 3103 2311 3160 regnaret
2341 3108 2506 3162 super
2536 3094 2749 3150 domum
2779 3095 2937 3151 Iuda.
2976 3117 2996 3151 ι
3029 3099 3244 3170 Ungunt
3273 3103 3378 3160 viri
3411 3081 3551 3166 Juda

291 3192 317 3226 ι
368 3189 476 3244 que
509 3175 623 3256 sint.
661 3175 774 3244 agri
825 3175 1210 3246 primitiarum,
1242 3153 1368 3246 quia
1409 3177 1480 3232 ibi
1522 3178 1764 3249 abiectus
1795 3186 1880 3235 est
1907 3153 1953 3218 (ἶ
1983 3153 2150 3234 David
2171 3181 2225 3236 in
2257 3153 2458 3252 regem,
2495 3193 2554 3236 ut
2575 3195 2762 3255 regnet
2786 3200 2950 3256 super
2974 3153 3390 3260 domum-inda;

295 3282 318 3316 s
367 3263 590 3334 clypeus
623 3262 772 3328 Saul,
805 3264 959 3332 quasi
987 3280 1094 3320 non
1120 3275 1265 3322 esset
1293 3275 1489 3321 unctus
1517 3267 1658 3332 oleo,
1702 3285 1722 3321 ι
1759 3275 1870 3324 etc.

368 3369 511 3438 Quid
561 3387 690 3443 ergo
739 3379 952 3427 montes
1000 3372 1223 3438 Gelboe,
1257 3373 1386 3430 Saul
1432 3377 1715 3444 moriente,
1745 3376 1880 3433 deli-

288 3470 556 3532 querunt,
591 3471 859 3531 quatenus
891 3463 942 3516 in
971 3463 1052 3518 eis
1079 3478 1182 3519 nec
1212 3479 1322 3529 ros,
1361 3479 1462 3520 nec
1491 3466 1669 3536 pluvia
1713 3468 1876 3524 cade-

291 3562 397 3618 ret,
431 3560 493 3606 et
537 3554 607 3606 ab
659 3552 806 3607 omni
853 3566 950 3608 eos
993 3553 1284 3608 viriditatis
1312 3556 1556 3625 germine
1596 3559 1878 3614 sententia:

291 3659 485 3700 sermo
507 3644 773 3699 siccaret?
793 3645 1030 3713 sedquia
1055 3643 1257 3700 Gelboe
1285 3646 1675 3716 interpretatur
1694 3647 1881 3702 decur-

293 3753 412 3801 sus,
440 3751 540 3806 per
577 3734 705 3789 Saul
739 3743 920 3790 autem
961 3743 1181 3791 unctum
1207 3746 1264 3791 et
1292 3745 1564 3791 mortuum
1603 3753 1753 3794 mors
1777 3754 1876 3794 no-

293 3827 396 3881 stri
429 3826 743 3880 mediatoris
769 3826 1115 3896 exprimitur,
1153 3841 1260 3881 non
1309 3827 1582 3882 immerito
1609 3842 1709 3897 per
1745 3828 1873 3884 Gel-

291 3918 396 3972 boe
424 3926 641 3972 mutes
671 3917 900 3986 superba
929 3915 1237 3972 Iudaeorum
1268 3918 1432 3973 corda
1479 3919 1872 3991 designantur:

287 4024 412 4077 qua:
440 4009 570 4062 dum
611 4009 665 4061 in
720 4005 879 4077 hujus
929 4009 1115 4062 mundi
1170 4008 1455 4064 desideriis
1505 4010 1767 4076 deﬂuunt,
1818 4012 1873 4067 in

285 4099 514 4163 Christi,
546 4097 600 4153 id
633 4107 718 4153 est
750 4098 924 4162 uncti,
960 4113 1018 4158 se
1053 4108 1226 4154 morte
1254 4100 1609 4154 miscuerunt.
1640 4101 1706 4155 Et
1745 4102 1872 4171 quia

284 4189 342 4242 in
366 4191 454 4246 eis
479 4195 676 4242 unctus
703 4200 800 4242 rex
827 4188 1179 4256 corporaliter
1207 4188 1457 4253 moritur,
1493 4189 1592 4258 ipsi
1619 4190 1687 4244 ab
1724 4191 1872 4246 omni

282 4285 478 4354 gratias
528 4297 652 4338 rore
696 4284 989 4338 siccantur.
1024 4283 1100 4337 De
1146 4284 1341 4352 quibus
1370 4293 1426 4338 et
1453 4285 1588 4339 bene
1629 4285 1868 4340 dicitur:

289 4396 307 4428 ι
345 4377 421 4434 Ut
453 4378 570 4448 agri
601 4377 962 4446 primitiarum
995 4391 1122 4431 esse
1159 4391 1265 4430 non
1301 4386 1520 4446 possent
1563 4377 1696 4449 (Isa.
1728 4379 1806 4450 χ).
1841 4399 1862 4432 ι

1981 3271 2228 3342 superbis
2248 3285 2311 3327 ac
2325 3275 2786 3344 contemptoribus
2800 3279 3175 3345 spernentibus
3189 3282 3416 3351 gratiam
3433 3285 3548 3351 Dei,

1979 3363 2136 3417 electi
2159 3363 2357 3432 quique
2373 3363 2524 3418 bona
2557 3364 2699 3419 fama
2741 3380 2911 3421 sacrae
2936 3369 3336 3438 praedicationis
3361 3381 3416 3428 et
3443 3375 3554 3430 vir-

1981 3461 2152 3508 tutum
2183 3455 2361 3510 studio
2406 3455 2510 3510 rite
2539 3457 2864 3512 confitentur
2889 3458 3166 3515 Christum
3211 3477 3329 3518 esse
3368 3478 3550 3536 regem

1977 3546 2033 3600 in
2063 3545 2315 3602 universo
2337 3548 2533 3618 populo
2570 3564 2688 3616 suo,
2726 3565 2790 3605 ac
2823 3551 2996 3621 ipsum
3032 3567 3172 3617 esse,
3211 3555 3295 3610 cui
3326 3573 3345 3607 σ
3372 3557 3551 3613 omnis

1977 3646 2219 3707 potestas
2251 3653 2282 3692 a
2322 3638 2485 3694 Patre
2525 3640 2650 3694 data
2696 3651 2779 3696 est
2818 3642 2872 3696 in
2910 3643 3050 3699 emlo
3081 3654 3138 3700 et
3179 3645 3235 3701 in
3279 3653 3455 3713 terra,
3489 3657 3552 3709 ut

1978 3733 2033 3784 in
2087 3730 2304 3785 nomine
2348 3728 2475 3786 Jesu
2513 3746 2674 3788 omne
2720 3748 2859 3804 genu
2909 3734 3176 3802 flectatur,
3220 3737 3546 3802 cmlestium,

1977 3823 2317 3876 terrestrium
2351 3830 2408 3877 et
2444 3823 2777 3880 infernorum
2815 3824 3035 3897 (Philip.
3074 3828 3156 3900 li).
3202 3849 3221 3881 ι

2053 3931 2073 3962 ‹
2109 3913 2175 3967 Et
2215 3914 2521 3968 nuntiatum
2569 3924 2654 3971 est
2697 3915 2863 3970 David
2911 3918 3054 3986 quod
3092 3918 3195 3972 viri
3235 3916 3398 3976 Iabes
3440 3919 3552 3976 Ga-

1981 4021 2002 4053 ‹
2049 4003 2168 4057 laad
2197 4005 2514 4074 sepelissent
2543 4005 2690 4068 Saul,
2748 4026 2767 4059 ι
2804 4016 2910 4061 etc.
2955 4007 3066 4061 Hoc
3101 4007 3311 4077 plenius
3342 4011 3394 4065 in
3443 4011 3551 4065 Pa-

1974 4094 2345 4164 ralipomenon
2380 4095 2541 4161 libro,
2585 4097 2855 4166 quomodo
2885 4106 3090 4168 gestum
3122 4099 3212 4164 sit,
3253 4110 3544 4155 narratur:

1981 4200 1999 4233 ι
2044 4183 2178 4238 Cum
2210 4184 2506 4250 audissent,
2544 4185 2738 4254 inquit,
2780 4187 2882 4240 viri
2911 4185 3074 4243 labes
3114 4187 3314 4244 Galaad
3341 4192 3544 4257 omnia,

1973 4275 2184 4330 scilicet
2223 4289 2346 4344 qlia:
2379 4276 2703 4330 Philisthiim
2751 4277 3000 4333 fecerunt
3030 4295 3193 4350 super
3221 4280 3373 4348 Saul,
3414 4299 3546 4339 con—

1965 4362 2263 4432 junxerunt
2293 4364 2489 4436 singuli
2519 4365 2761 4421 virorum
2801 4367 3043 4433 fortium,
3078 4379 3134 4424 et
3167 4371 3408 4427 tulerunt
3447 4389 3542 4428 ca-

281 4467 552 4537 Superha:
599 4467 798 4535 quippe
828 4465 1176 4520 Hebraeorum
1211 4474 1418 4520 mentes
1452 4466 1709 4538 primitivi
1755 4469 1868 4523 fru-

1974 4457 2170 4510 davera
2228 4455 2358 4511 Saul
2405 4465 2461 4513 et
2517 4457 2749 4513 filiorum
2814 4458 2973 4528 ejus,
3025 4462 3429 4536 attuleruntque
3476 4481 3539 4520 ea

277 4566 404 4609 ctus
441 4569 550 4608 non
591 4552 828 4616 fuerunt,
867 4553 958 4623 qui
1002 4553 1058 4607 in
1102 4553 1478 4624 Redemptoris
1519 4555 1753 4610 adventu
1795 4570 1864 4612 ex

277 4653 442 4715 parte
463 4644 700 4698 maxima
730 4644 782 4696 in
808 4642 1032 4711 perfidia
1045 4651 1405 4708 remanentes,
1431 4643 1724 4714 primordia
1742 4645 1866 4701 fidei

277 4736 442 4806 sequi
473 4735 782 4790 noluerunt.
813 4734 1012 4788 Sancta
1037 4749 1274 4804 namque
1303 4733 1546 4790 Ecclesia
1591 4737 1642 4790 in
1673 4738 1865 4807 primi-

279 4826 373 4879 tiis
389 4823 511 4879 suis
533 4822 877 4878 multitudine
898 4824 1135 4894 gentium
1157 4823 1466 4890 fecundata,
1492 4825 1582 4880 vix
1601 4826 1656 4882 in
1679 4829 1864 4884 mundi

274 4916 390 4971 ﬁne
441 4914 682 4981 Judaios,
727 4929 866 4985 quos
904 4915 1193 4980 invenerit,
1229 4916 1484 4986 suscipit;
1515 4925 1572 4971 et
1619 4927 1862 4974 extrema

267 5007 568 5076 colligens,
613 5020 707 5061 eos
737 5004 892 5074 quasi
920 5004 1174 5074 reliquias
1202 5005 1412 5076 frugum
1443 5007 1614 5077 ponit.
1640 5007 1715 5064 De
1735 5011 1862 5079 qui-

268 5099 378 5154 bus
407 5097 670 5152 nimirum
701 5094 943 5163 reliquiis
988 5093 1155 5150 Isaias
1179 5095 1312 5150 dicit
1347 5114 1360 5149 :
1406 5114 1426 5146 ι
1467 5095 1524 5150 Si
1556 5097 1719 5156 fuerit
1760 5115 1862 5155 nn-

270 5203 470 5244 merus
514 5187 747 5255 filiorum
794 5186 957 5240 Israel
989 5187 1142 5255 quasi
1179 5198 1343 5242 arena
1387 5188 1574 5252 maris,
1616 5189 1859 5259 reliquias

267 5279 450 5333 salva:
467 5275 621 5330 fient.
647 5294 667 5326 ι
686 5274 916 5330 Possunt
930 5284 1107 5329 tamen
1119 5277 1323 5332 idcirco
1335 5275 1536 5333 Gelboe
1562 5289 1770 5334 montes
1788 5295 1856 5334 ex

266 5386 368 5424 ore
399 5367 686 5438 prophetas
722 5367 990 5431 maledici,
1018 5375 1078 5422 ut
1112 5368 1238 5424 dum
1272 5368 1479 5422 fructus
1509 5377 1860 5424 cxarescente

265 5472 426 5516 terra
451 5473 564 5512 non
584 5457 773 5520 oritur,
789 5471 1135 5526 possessores
1162 5467 1319 5518 terrae
1345 5460 1645 5514 sterilitatis
1659 5460 1858 5515 damno

261 5551 569 5613 feriantur,
591 5555 859 5617 quatenus
885 5549 986 5617 ipsi
1005 5548 1399 5603 maledictionis
1425 5550 1749 5604 sententiam
1773 5565 1858 5605 ac-

261 5647 550 5714 ciperent,
599 5640 724 5710 quia
755 5641 892 5709 apud
935 5655 995 5694 se
1043 5648 1269 5695 mortem
1302 5641 1444 5712 regis
1485 5659 1503 5693 ‹
1540 5642 1852 5711 suscipere,

261 5734 570 5807 iniquitate
597 5747 697 5786 sua
723 5733 994 5802 exigente,
1023 5733 1368 5788 meruissent.
1408 5754 1424 5785 ι

651 5825 914 5892 Panos.
962 5823 1125 5884 CIX.

1969 4549 2024 4602 in
2054 4547 2246 4614 labes,
2281 4559 2338 4604 et
2382 4550 2710 4618 sepelierunt
2756 4565 2876 4605 ossa
2907 4564 3095 4606 eorum
3145 4554 3333 4609 subter
3382 4571 3542 4625 qucr-

1965 4657 2087 4696 cum
2114 4658 2236 4712 quae
2262 4651 2383 4696 erat
2409 4643 2463 4696 in
2491 4641 2671 4706 labes,
2698 4651 2753 4698 et
2775 4641 3156 4711 jejunaverunt
3185 4654 3390 4715 septem
3425 4648 3540 4702 die-

1962 4735 2085 4788 bus.
2118 4733 2362 4790 Mortuus
2385 4742 2471 4788 est
2494 4748 2623 4804 ergo
2638 4731 2765 4787 Saul
2791 4742 3014 4803 propter
3046 4733 3360 4804 iniquitates
3377 4751 3534 4800 suas;

1961 4838 2028 4878 eo
2055 4823 2198 4893 quod
2249 4825 2637 4894 praevaricatus
2685 4825 2756 4878 sit
2784 4825 3097 4878 mandatum
3147 4825 3360 4880 Domini
3393 4829 3538 4896 quod

1964 4919 2314 4980 praeceperat,
2344 4918 2400 4966 et
2427 4925 2534 4966 nou
2580 4913 2899 4967 custodierit
2944 4913 3090 4966 illud.
3125 4912 3232 4968 Sed
3261 4915 3424 4969 etiam
3455 4917 3538 4970 in-

1965 5016 2129 5072 super
2178 5002 2548 5071 pythonissam
2603 5002 2950 5067 consuluerit,
3003 5019 3103 5060 nec
3137 5005 3432 5074 speraverit
3480 5007 3534 5062 in

1965 5094 2210 5156 Domino,
2242 5102 2466 5161 propter
2489 5094 2631 5162 quod
2657 5101 2712 5148 et
2739 5092 3010 5149 interfecit
3035 5111 3182 5160 eum,
3209 5105 3264 5150 et
3294 5106 3534 5151 transtu-

1963 5185 2024 5239 lit
2051 5199 2272 5254 regnum
2301 5183 2415 5252 ejus
2439 5183 2505 5238 ad
2531 5184 2698 5238 David
2719 5183 2885 5238 filium
2913 5185 3016 5239 lsai
3044 5184 3098 5257 (I
3125 5185 3253 5240 Par.
3269 5189 3342 5259 κ).
3359 5187 3533 5254 iQuid

1924 5313 1926 5316 μ
1962 5283 2046 5332 est
2075 5276 2220 5346 quod
2247 5276 2378 5330 viris
2407 5273 2573 5330 Iabes
2605 5274 2813 5330 Galaad
2840 5275 3004 5330 David
3037 5277 3240 5345 gratias
3270 5277 3435 5332 refert
3464 5293 3532 5334 eo

1959 5369 2103 5438 quod
2175 5367 2504 5436 sepelierunt
2572 5381 2694 5421 ossa
2759 5365 2888 5421 Saul
2945 5376 2998 5421 et
3060 5367 3290 5422 filiorum
3361 5367 3476 5436 ejus
3513 5409 3529 5434 ,

1959 5460 2063 5514 nisi
2091 5460 2232 5528 quod
2261 5458 2603 5528 Redemptori
2633 5465 2817 5512 nostro
2839 5457 3064 5511 multum
3092 5457 3285 5527 placet,
3313 5458 3528 5526 Quando

1961 5551 2082 5621 quis
2104 5565 2266 5621 prava
2287 5563 2450 5619 opera
2483 5549 2769 5613 malorum,
2795 5548 2886 5619 qui
2916 5548 2968 5602 in
2993 5549 3229 5617 peccatis
3243 5549 3354 5601 suis
3378 5561 3528 5599 mor-

1960 5643 2034 5695 tui
2065 5649 2213 5707 sunt,
2243 5641 2499 5696 oblivioni
2531 5640 2835 5694 damnando
2865 5639 3048 5700 tradit,
3094 5653 3192 5691 nec
3220 5652 3280 5690 ea
3310 5635 3526 5690 actione

1960 5735 2223 5790 imitatur.
2241 5749 2362 5801 qure
2384 5733 2481 5786 scit
2517 5732 2739 5785 Domino
2765 5729 3122 5798 displicuisse,
3149 5727 3241 5780 sed
3265 5741 3329 5779 ea
3352 5727 3525 5807 magis

3013 5816 3050 5884 3
